3904 6224
204 246 310 301 825

1404 259 1840 319 THESAURUS.
1883 267 2032 325 CAP.
2074 272 2299 329 CLXXI.

3353 288 3456 339 826

199 375 388 427 nasse,
433 378 492 418 se
547 374 722 420 autem
776 380 928 419 usum
979 383 1084 422 non
1131 385 1279 439 esse,
1314 375 1498 445 utique
1541 378 1778 431 ostendit
1806 385 1852 439 A
1883 384 2052 438 uuilta
2081 387 2322 454 iterassc,
2355 405 2470 457 quae
2500 391 2625 446 alibi
2652 392 2764 462 jam
2795 394 3026 462 dixerat,
3059 413 3125 452 ne
3155 397 3288 451 forte
3319 401 3454 468 ipso.

199 455 380 508 utendi
413 466 728 525 potestatem
763 459 942 532 datam
968 500 983 523 ,
1015 477 1119 516 nou
1163 463 1467 534 impositam
1511 470 1778 524 serviendi

198 548 598 602 necessitatem.
633 550 744 603 lloc
765 566 892 619 ergo
921 552 1178 610 ordinans
1212 558 1465 615 Dominus
1488 562 1629 631 quod
1653 577 1776 616 eum

194 635 478 691 ordinasse
509 639 639 692 dicit
686 642 970 707 Apostolus
995 685 1010 709 ,
1041 648 1126 715 qui
1177 647 1518 717 Evangeliutn
1571 669 1778 706 annun-

201 728 330 779 tiant
359 727 427 780 de
461 728 748 796 Evangelio
784 732 976 798 vivere,
1012 738 1096 791 illa
1131 742 1402 808 Apostolis
1435 744 1772 813 loquebatur,

202 823 263 864 ut
310 816 485 869 securi
537 833 643 871 non
695 823 1054 892 possiderent,
1108 845 1280 896 neque
1329 840 1602 899 portarent
1654 835 1776 889 huic

204 903 329 956 viue
356 909 676 968 necessaria,
699 925 795 963 nec
819 928 1006 983 magna
1038 932 1134 971 nec
1152 919 1390 973 minima.
1423 921 1545 976 ideo
1575 925 1770 992 posuit,

199 1006 301 1085 nec
331 996 527 1063 virgam
555 1015 566 1048 :
602 1001 885 1056 ostcmlens
915 1020 944 1056 a
979 1006 1224 1062 ﬁdelibus
1252 1011 1383 1073 suis,
1408 1013 1584 1065 munia
1617 1017 1770 1085 111

196 1079 383 1136 deberi
416 1087 668 1143 ministris
695 1093 804 1146 suis
851 1096 995 1150 nulla
1045 1099 1312 1166 superﬂua
1345 1079 1772 1171 requirenti—hiis:

196 1185 260 1224 ac
295 1187 387 1240 per
417 1173 511 1231 hoc
532 1179 775 1235 addendo
804 1200 815 1235 :
851 1185 1047 1254 Dignus
1077 1199 1160 1242 est
1182 1191 1322 1243 enim
1355 1193 1631 1260 operarius
1656 1194 1775 1248 cibo

195 1276 334 1326 suo,
392 1281 603 1333 prorsus
649 1275 859 1341 aperuit
901 1286 953 1329 et
985 1275 1301 1344 illustravit,
1335 1282 1476 1337 unde
1517 1292 1571 1338 ct
1610 1300 1775 1352 quare

198 1353 317 1409 haec
345 1360 519 1412 omnia
551 1362 878 1432 loqueretur.
941 1368 1089 1424 Hanc
1120 1386 1246 1439 ergo
1279 1382 1592 1440 potestatem
1614 1377 1775 1445 virga:

193 1448 416 1501 nomine
463 1451 800 1521 signiﬁcavit,
856 1472 974 1511 cum
1006 1459 1160 1526 dixit,
1194 1477 1259 1515 nc
1289 1463 1412 1531 quid
1445 1465 1694 1520 tollerent
1722 1468 1772 1521 in

191 1537 301 1600 via,
336 1537 438 1592 nisi
487 1543 684 1611 virgam
715 1555 942 1608 tantum.
977 1551 1314 1615 potuitenim
1345 1554 1505 1606 etiam
1548 1556 1627 1608 sic
1655 1556 1776 1610 bre-

189 1629 334 1682 viter
360 1629 483 1694 dici,
522 1633 660 1687 Nihil
687 1638 1107 1692 necessariorum
1137 1643 1412 1697 Vobiscum
1444 1645 1645 1711 feratis,
1678 1663 1774 1702 nec

1881 489 1997 526 rum
2029 476 2261 532 locorum
2286 482 2436 546 ordo,
2473 498 2589 536 cum
2613 485 2741 557 [vel]
2775 503 2836 541 ex
2861 488 2966 541 alio
2991 490 3316 559 evangelista
3346 506 3450 543 non

1878 569 2210 634 convenerit,
2237 569 2390 622 alicui
2417 585 2597 626 eorum
2624 574 2747 629 hinc
2781 587 2925 645 putet
2954 594 3074 634 esse
3097 583 3446 642 contrarium.

1877 668 1996 707 cum
2047 657 2344 726 intelligere
2388 660 2578 716 debeat
2620 665 2808 721 iterum
2858 668 2982 724 alibi
3013 670 3141 736 dici,
3175 673 3315 740 quod
3343 673 3454 742 jam

1876 748 2003 800 alibi
2036 749 2236 803 dictum
2267 762 2402 818 erat,
2431 769 2528 808 nec
2560 763 2760 811 tantum
2801 759 2868 813 de
2887 761 3062 827 dictis,
3099 766 3448 819 verumetiam

1875 840 1944 894 de
1973 840 2124 895 factis
2153 843 2430 898 observari
2458 845 2676 900 debere.
2723 849 2865 903 Nihil
2904 853 3044 905 enim
3079 854 3325 920 prohibet
3349 857 3450 910 hoc

1876 931 2016 986 idem
2043 933 2232 986 iterum
2259 934 2451 988 factum
2480 936 2723 1004 credere,
2748 938 3058 996 calumniari
3082 953 3255 997 autem
3278 945 3450 998 Evan-

1876 1024 2039 1093 gelio;
2053 1024 2178 1078 dum
2202 1041 2306 1080 non
2318 1027 2508 1091 credit,
2530 1028 2720 1083 iterum
2738 1030 2952 1096 factum,
2968 1034 3109 1102 quod
3124 1034 3314 1090 iterum
3333 1037 3448 1092 ﬁeri

1877 1131 1980 1170 non
2009 1117 2242 1185 potuisse
2267 1134 2426 1173 nemo
2448 1121 2736 1186 convincit,
2763 1123 3036 1193 sacrilegae
3066 1126 3313 1182 vanitatis
3343 1137 3446 1182 est.

2421 1219 2649 1275 CAPUT
2687 1219 2897 1275 CLXX.

1878 1308 1955 1362 De
1977 1326 2032 1360 co
2061 1311 2197 1378 quod
2222 1309 2498 1365 Matt/imus
2522 1323 2568 1366 et
2595 1312 2800 1366 Marcus
2830 1315 3007 1367 dicunt
3035 1331 3053 1368 :
3089 1316 3210 1369 Post
3234 1333 3320 1369 sea:
3341 1319 3448 1372 dies

1950 1380 2171 1444 factum;
2201 1381 2362 1434 Lucas
2391 1383 2534 1447 dicit,
2567 1396 2677 1447 post
2699 1399 2848 1450 octo;
2873 1401 2936 1438 ea:
2957 1386 3133 1439 eodem
3161 1389 3288 1440 libro
3319 1403 3356 1440 ιι
3387 1391 3450 1441 de

1947 1450 2206 1504 Commisit
2234 1450 2695 1522 Evangelistarum.

1949 1540 2199 1610 Sequitur
2238 1543 2750 1600 MattlneuszAmen
2792 1547 2914 1602 dico
2958 1548 3130 1614 vobis,
3176 1561 3301 1603 sunt
3329 1551 3448 1619 qui-

1878 1633 1998 1686 dam
2021 1635 2087 1687 de
2116 1635 2197 1688 hic
2225 1636 2511 1703 stantibus,
2542 1639 2632 1706 qui
2653 1654 2756 1692 non
2787 1643 3074 1709 gustabunt
3107 1655 3330 1697 mortem
3352 1643 3448 1696 do-

189 1717 396 1787 virgam
431 1730 628 1774 tantum
659 1722 781 1793 [nec
813 1726 1036 1793 virgam,
1067 1729 1165 1783 nisi
1193 1731 1393 1801 virgam
1421 1733 1646 1798 mnium]
1673 1753 1686 1788 ς
1722 1745 1772 1789 ul
1811 1744 1852 1799 ῃ
1881 1741 1978 1779 nec
2001 1726 2213 1779 videant
2237 1727 2426 1781 Filium
2457 1729 2685 1784 hominis
2712 1733 3013 1787 venientem
3045 1734 3097 1788 in
3129 1749 3291 1802 regno
3325 1750 3444 1787 suo.

187 1806 320 1862 illud
367 1810 506 1876 quod
538 1812 734 1866 dictum
776 1825 877 1878 est,
912 1832 1010 1872 uec
1037 1819 1260 1888 virgam,
1297 1822 1641 1892 intelligatur,
1676 1841 1774 1879 nec

188 1897 445 1953 minimas
475 1902 688 1970 quidem
721 1919 806 1958 res
837 1923 849 1958 :
882 1908 1022 1975 quod
1057 1925 1182 1963 vero
1213 1910 1522 1980 adjunctum
1549 1925 1648 1980 est,
1674 1917 1772 1969 nisi

188 1987 396 2056 virgam
451 1998 680 2058 tantum,
730 1994 1078 2065 intelligatur,
1111 2000 1230 2068 quia
1264 2017 1356 2069 per
1403 2012 1713 2070 potestatem
1744 2021 1771 2058 a

186 2075 424 2132 Dom‘no
454 2091 745 2150 acceptam,
778 2100 895 2154 quae
921 2088 1080 2158 virga:
1110 2091 1326 2146 nomine
1352 2093 1641 2161 signiﬁcata
1667 2105 1769 2159 est,

185 2168 352 2222 etiam
401 2184 521 2238 qua:
571 2188 674 2227 non
709 2185 987 2245 portantur
1026 2194 1130 2234 non
1180 2180 1425 2236 deerunt.
1481 2184 1774 2255 Utrumque

185 2272 319 2326 ergo
364 2259 617 2316 Dominus
663 2264 932 2332 dixit,sed
982 2269 1103 2337 quia
1158 2285 1262 2324 non
1316 2281 1599 2342 utrumque
1639 2259 1773 2330 unus

184 2353 518 2420 evangelista
548 2359 989 2412 commemoravit
1030 2403 1044 2426 ,
1069 2371 1285 2430 putatur
1318 2364 1404 2418 ille
1452 2367 1541 2434 qui
1573 2368 1772 2434 virgam

185 2439 287 2492 sub
315 2441 416 2494 alia
448 2443 835 2511 signiﬁcatione
859 2447 1086 2516 positam
1113 2451 1400 2506 tollendam
1426 2457 1576 2519 dixit,
1610 2456 1657 2509 ei
1684 2457 1771 2525 qui

185 2530 392 2599 virgam
430 2549 616 2588 rursus
645 2535 788 2590 aliud
820 2538 1207 2608 signiﬁcantem
1243 2558 1343 2596 non
1378 2545 1662 2599 tollendam
1695 2548 1774 2600 di-

186 2621 298 2685 xit,
355 2636 476 2677 esse
522 2627 851 2693 contrarius;
893 2629 987 2684 sed
1031 2628 1142 2700 jam
1193 2632 1399 2688 ratiooe
1428 2636 1631 2690 reddita
1666 2653 1770 2692 nou

186 2720 421 2778 putetur.
476 2714 564 2770 Sic
587 2727 640 2772 et
668 2719 1040 2788 calciamenta,
1065 2737 1184 2777 cum
1215 2724 1347 2779 dicit
1370 2727 1649 2780 Matthaeus
1671 2770 1685 2794 ,
1720 2730 1771 2783 in

184 2805 271 2858 via
303 2821 410 2860 non
444 2823 561 2864 esse
610 2812 870 2879 portanda
899 2857 914 2882 ,
964 2829 1143 2870 curam
1179 2817 1459 2885 prohibet,
1502 2835 1605 2888 qua
1653 2822 1772 2876 ideo

187 2898 452 2963 portanda
503 2899 800 2966 cogitantur
828 2918 894 2956 ne
937 2903 1111 2960 desint
1163 2907 1244 2979 [ut
1274 2924 1375 2962 non
1405 2909 1619 2980 desint].
1661 2912 1772 2966 lluc

183 2996 240 3040 ct
265 2985 333 3040 de
363 2987 571 3042 duabus
600 2991 792 3046 tunicis
825 2992 1228 3064 intelligendum
1278 3008 1379 3059 est.
1413 3015 1479 3053 ne
1533 3003 1772 3071 quisquis

183 3092 372 3131 eorum
407 3088 600 3147 prazter
627 3095 743 3135 eam
772 3099 930 3153 quam
961 3085 1111 3158 [qua]
1163 3098 1307 3143 esset
1337 3091 1573 3154 indutus,
1606 3093 1766 3145 aliam
1797 3114 1840 3173 ρ

183 3169 505 3235 portandam
563 3181 773 3240 putaret
817 3175 1114 3244 sollicitus,
1168 3195 1234 3234 ne
1286 3195 1417 3250 opus
1467 3191 1609 3236 esset
1646 3198 1766 3237 eum

184 3263 278 3315 illa
295 3279 358 3317 ex
376 3274 639 3332 potestate
677 3284 831 3334 posse
849 3270 1090 3339 accipere
1120 3271 1298 3343 [aliam
1331 3274 1639 3341 portandum
1669 3290 1768 3343 pu-

183 3363 360 3418 taret,
389 3356 651 3411 sollicitus
678 3374 742 3411 ne
773 3375 910 3428 Opus
935 3371 1080 3416 esset
1109 3379 1229 3417 cum
1263 3380 1326 3418 ex
1376 3365 1460 3418 illa
1508 3374 1768 3432 potestate

182 3453 364 3510 posset
388 3446 676 3518 accipere].
718 3449 949 3506 Proinde
980 3452 1230 3517 Marcus,
1278 3455 1507 3509 dicendo
1551 3457 1764 3511 calciari

179 3551 276 3590 eos
305 3537 562 3592 sandaliis
603 3540 687 3593 vel
717 3542 875 3594 soleis
902 3583 916 3606 ,
969 3543 1168 3613 aliquid
1209 3543 1310 3599 lioc
1360 3545 1762 3601 calciamentum

181 3629 425 3699 mystica)
454 3630 857 3702 significationis
887 3635 1086 3690 habere
1133 3637 1385 3692 admonet
1411 3678 1425 3701 ,
1471 3648 1528 3692 nt
1555 3655 1648 3708 pes
1680 3655 1768 3693 ne—

177 3735 283 3788 que
317 3729 490 3774 tectus
535 3720 626 3787 sit,
672 3737 842 3792 neque
890 3725 1062 3778 nudus
1089 3726 1154 3778 ad
1204 3735 1424 3792 terram,
1459 3728 1508 3781 id
1557 3739 1641 3783 est
1698 3745 1765 3784 ne

177 3811 479 3865 occultetur
506 3812 878 3882 Evangelium,
912 3831 1010 3870 nec
1055 3819 1284 3871 terrenis
1310 3819 1605 3883 Commodis
1629 3820 1765 3873 inni-

177 3911 345 3957 tatur.
379 3905 443 3958 Et
471 3905 610 3970 quod
642 3921 744 3958 non
777 3911 999 3974 portari,
1032 3908 1113 3962 vel
1148 3909 1332 3964 haberi
1361 3910 1490 3964 duas
1523 3911 1759 3978 tunicas;

175 3997 271 4050 sed
299 3996 603 4064 expressius
627 3980 767 4050 indui
801 4000 1076 4066 prohibet,
1123 4001 1329 4068 dicens,
1392 4001 1455 4054 Et
1486 4017 1550 4055 ne
1576 4002 1765 4055 indue-

175 4094 363 4139 rentur
388 4086 593 4140 duabus
626 4088 816 4142 tunicis
841 4104 856 4153 ;
884 4088 1008 4158 quid
1041 4104 1132 4144 eos
1161 4101 1364 4156 monet,
1396 4093 1494 4145 nisi
1541 4107 1644 4145 non
1671 4093 1762 4146 du-

177 4177 434 4244 pliciter,
477 4176 570 4230 sed
616 4179 929 4244 simpliciter
978 4179 1296 4234 ambulare?
1347 4183 1419 4234 lta
1474 4181 1757 4236 Dominum

176 4265 406 4338 [omnia]
431 4268 626 4322 dixisse
657 4269 805 4323 nullo
834 4269 994 4325 modo
1021 4271 1369 4326 dubitandum
1414 4282 1530 4340 est,
1563 4275 1756 4328 nartim

175 4359 396 4424 proprie
417 4401 432 4423 ,
468 4359 656 4426 partim
674 4358 929 4429 ﬁgurate;
959 4361 1053 4416 sed
1075 4363 1430 4433 evangelistas
1447 4366 1547 4423 alia
1577 4365 1737 4418 istum

175 4448 278 4502 alia
328 4449 478 4503 illum
524 4450 815 4507 inseruisse
877 4453 1091 4522 scriptis
1136 4455 1279 4518 suis,
1338 4457 1580 4524 quaedam
1632 4473 1756 4511 vero
1790 4477 1834 4534 ς)

172 4541 381 4605 eadem,
415 4542 668 4607 velduos,
703 4544 783 4598 vel
808 4553 914 4599 tres
941 4559 1125 4598 corum
1147 4546 1436 4613 quoslibet,
1457 4547 1541 4602 vel
1562 4563 1751 4604 omnes

171 4645 400 4700 quatuor
443 4633 714 4700 posuisse;
779 4647 879 4688 nec
924 4633 1004 4688 sic
1056 4644 1230 4690 tamen
1271 4637 1448 4690 omnia
1488 4652 1606 4692 esse
1635 4653 1754 4692 con-

171 4725 390 4790 scripta,
423 4737 542 4789 quae
586 4723 652 4777 ab
685 4724 775 4779 illo
804 4738 899 4778 seu
933 4725 1108 4788 dicta,
1140 4739 1233 4780 seu
1266 4726 1400 4780 facta
1427 4735 1568 4782 sunt.
1597 4728 1754 4793 Quis-

171 4815 289 4882 quis
340 4821 516 4866 autem
571 4823 718 4880 putat
771 4828 875 4867 non
927 4816 1168 4883 potuisse
1222 4817 1502 4872 Dominum
1552 4820 1602 4872 in
1648 4835 1752 4873 uno

171 4920 423 4960 sermone
452 4905 694 4973 quaedam
726 4906 978 4975 ﬁgurate,
1014 4907 1257 4975 quasdam
1291 4909 1503 4977 proprie
1555 4925 1752 4977 ponere

171 4998 412 5066 eloquia,
453 5008 646 5050 cmtera
714 4996 830 5066 ejus
896 4998 1158 5066 inspectet
1212 4999 1524 5070 [inspiciat],
1557 5002 1753 5056 videbit

170 5105 328 5158 quam
376 5088 476 5142 hoc
509 5089 708 5148 temere
735 5098 897 5158 atque
939 5090 1202 5144 inerudite
1229 5092 1538 5148 arbitretur.
1573 5093 1752 5149 Potest

171 5181 312 5234 enim
342 5181 466 5244 iste,
499 5191 556 5234 ut
586 5197 747 5234 unum
791 5181 990 5249 aliquid
1029 5181 1201 5235 dicam
1239 5184 1380 5252 quod
1411 5187 1588 5238 animo
1615 5188 1748 5240 iule-

172 5271 270 5322 rim
300 5271 575 5332 occurrit,
616 5269 866 5340 quoniam
915 5283 1095 5325 monet
1123 5281 1178 5324 ut
1207 5288 1310 5327 non
1352 5268 1744 5330 sciat'sinistra

169 5358 289 5426 quid
315 5359 472 5412 faciat
499 5359 709 5424 dextra,
741 5372 794 5414 ct
819 5361 959 5428 ipsas
979 5361 1370 5431 eleemosynas,
1403 5373 1454 5417 et
1487 5365 1745 5433 quidquid

171 5451 274 5505 illic
332 5451 472 5504 aliud
533 5451 772 5521 praecipit
841 5451 1062 5522 ﬁgurate
1114 5454 1480 5522 accipiendum
1541 5468 1745 5526 putare.

170 5545 304 5597 Sane
323 5557 510 5596 rursus
536 5543 800 5598 admoneo
832 5544 971 5614 quod
1007 5553 1218 5612 Oportet
1243 5548 1551 5601 meminisse
1585 5549 1750 5602 let-to-

173 5647 300 5694 rem,
334 5647 400 5684 ne
444 5631 536 5684 tali
585 5631 945 5686 admonitione
981 5633 1274 5701 smpissimc
1325 5634 1574 5703 indigeat,
1632 5638 1749 5689 aliis

175 5733 326 5792 atque
401 5723 519 5776 aliis
592 5737 898 5776 sermonum
969 5739 1186 5778 suorum
1265 5725 1392 5779 locis
1472 5726 1748 5781 Dominum

1881 1817 1942 1870 Et
1971 1824 2088 1884 post
2130 1816 2245 1870 dies
2286 1831 2407 1882 sex,
2441 1823 2730 1887 assumpsit
2764 1820 2920 1876 Jesus
2953 1823 3187 1888 Petrum,
3218 1835 3270 1879 et
3297 1826 3449 1878 lacn.

1877 1905 2023 1971 bum,
2053 1915 2108 1960 et
2129 1905 2389 1961 Joannem
2421 1907 2640 1962 fratrem
2668 1911 2804 1980 ejus,
2834 1912 3055 1966 etduxit
3079 1914 3200 1967 illos
3227 1916 3275 1967 in
3300 1931 3449 1968 mon-

1877 2003 1982 2048 tem
2015 1997 2286 2051 excelsum
2315 2013 2581 2064 seorsum,
2607 2011 2736 2065 etc.,
2765 2018 2932 2072 usque
2962 2004 3025 2058 ad
3055 2005 3206 2069 illud,
3237 2007 3325 2059 ubi
3348 2008 3446 2061 ait:

1875 2085 2082 2140 Nemini
2115 2087 2355 2142 dixeritis
2405 2089 2692 2160 visionem,
2734 2091 2904 2146 donec
2954 2092 3118 2146 Filius
3150 2094 3380 2148 hominis
3417 2112 3447 2149 a

1876 2178 2100 2231 mortuis
2133 2188 2397 2246 resurgat.
2434 2179 2555 2233 Haec
2585 2180 2721 2233 visio
2757 2182 2962 2236 Domini
2995 2185 3046 2249 in
3077 2199 3256 2238 monte
3285 2203 3446 2240 oran-

1877 2267 2017 2320 tibus
2053 2267 2232 2337 Petro,
2262 2267 2462 2322 Jacobo
2505 2278 2559 2322 et
2588 2268 2815 2336 Joanne,
2857 2272 2946 2325 ubi
2977 2273 3137 2326 etiam
3180 2273 3246 2328 de
3284 2276 3442 2338 oculo,

1875 2356 1960 2410 isti
1988 2357 2106 2429 [illi]
2151 2358 2515 2412 testimonium
2550 2370 2782 2426 paterna:
2813 2362 2957 2416 vocis
2989 2363 3310 2430 perhibitutn
3342 2376 3443 2429 i-st,

1876 2460 1903 2496 a
1931 2447 2099 2499 tribus
2127 2447 2466 2512 evangelistis
2511 2449 2699 2502 eodem
2724 2451 2911 2504 ordine
2933 2462 3274 2517 memoratur,
3304 2463 3359 2508 et
3378 2455 3445 2514 ad

1876 2537 2092 2590 easdem
2116 2537 2335 2591 omnino
2355 2540 2648 2592 sententias
2672 2559 2685 2593 :
2709 2541 2802 2595 sed
2821 2553 3016 2596 caetera
3044 2548 3330 2599 secundum
3350 2563 3446 2615 ge-

1879 2643 2004 2680 nera
2023 2630 2344 2682 locutionum
2363 2630 2598 2694 diversa,
2615 2631 2731 2685 sine
2747 2633 2846 2685 ulla
2863 2635 3249 2688 sententiarum
3271 2636 3446 2690 diver-

1877 2717 2054 2780 sitate,
2075 2734 2191 2785 qua:
2215 2719 2394 2772 multis
2418 2717 2549 2772 locis
2569 2721 2815 2788 superius
2836 2720 3339 2791 demonstravimus,
3365 2725 3446 2779 vi-

1877 2809 1991 2861 deri
2023 2824 2051 2861 a
2078 2810 2377 2875 legentibus
2406 2820 2646 2878 possunt.
2680 2810 2831 2876 Quod
2847 2815 3034 2867 'autem
3083 2815 3291 2868 Marcus
3331 2826 3448 2884 post

1875 2913 1966 2951 sex
1999 2898 2114 2951 dies
2145 2897 2336 2951 farttim
2368 2899 2514 2964 dicit,
2543 2899 2680 2953 sicut
2711 2900 3012 2968 Mattbzens,
3057 2903 3225 2957 Lucas
3268 2915 3446 2959 autem

1878 3001 1996 3059 post
2019 3002 2161 3054 octo,
2188 3007 2289 3043 non
2320 2992 2696 3047 contemnendi
2724 3002 2866 3059 sunt,
2898 2995 2940 3048 si
2967 3011 3100 3064 quos
3129 3008 3324 3062 movet,
3351 2999 3443 3051 sed

1877 3083 2085 3137 ratione
2115 3083 2318 3137 reddita
2350 3083 2671 3138 instruendi.
2708 3086 2830 3138 Dies
2859 3086 3004 3140 enim
3036 3087 3246 3151 quando
3274 3104 3444 3165 enun-

1874 3175 2067 3229 tiamus
2093 3175 2350 3240 dicentes,
2391 3176 2516 3230 Post
2547 3185 2625 3230 tot
2651 3177 2796 3242 dies;
2827 3176 3111 3246 aliquando
3139 3193 3241 3233 non
3272 3195 3443 3232 annu-

1873 3282 2141 3321 meramus
2160 3283 2279 3322 eum
2311 3270 2363 3323 in
2394 3285 2501 3337 quo
2529 3269 2816 3337 loquimur,
2849 3278 2902 3324 et
2925 3285 3044 3324 eum
3074 3285 3178 3339 quo
3214 3286 3256 3324 ro
3277 3286 3302 3324 s
3332 3271 3442 3338 ipsa

1869 3361 2042 3412 futura
2072 3370 2156 3413 est
2195 3376 2352 3427 quam
2393 3363 2812 3430 praenuntiamus
2853 3362 2931 3415 vel
2965 3362 3312 3431 pollicemur;
3350 3365 3443 3417 sed

1869 3450 2072 3504 medios
2105 3461 2224 3519 post
2249 3467 2383 3519 quos
2415 3466 2601 3506 revera
2630 3451 2815 3518 plenos
2837 3460 2998 3520 atque
3029 3452 3284 3521 integros,
3315 3452 3442 3505 illud

1868 3540 2101 3596 futurum
2131 3555 2231 3597 est.
2267 3543 2374 3598 lloc
2400 3545 2523 3598 fecit
2555 3544 2836 3598 Mattbmus
2876 3552 2928 3596 et
2959 3544 3188 3608 Marcus,
3214 3555 3443 3612 excepto

1867 3646 1933 3685 eo
1962 3633 2047 3685 die
2077 3648 2180 3700 quo
2221 3634 2335 3688 haec
2378 3635 2695 3702 loquebatur
2723 3630 2918 3705 [Jesu],
2952 3644 3004 3687 et
3037 3634 3127 3687 illo
3155 3649 3262 3702 quo
3292 3633 3443 3688 exhi-

1869 3723 1984 3777 buit
2015 3737 2367 3777 memoratam
2393 3726 2444 3777 in
2476 3733 2658 3780 monte
2685 3725 2967 3787 visionem,
3001 3725 3205 3778 medios
3231 3724 3343 3778 dies
3368 3727 3442 3779 in-

1867 3825 2077 3870 tuentes
2106 3817 2391 3869 dixerunt:
2420 3815 2545 3869 POSI
2576 3832 2668 3869 sex
2701 3816 2837 3882 dies,
2879 3817 3019 3882 quod
3054 3817 3144 3870 ille
3187 3832 3442 3870 annume-

1865 3905 1994 3958 ratis
2040 3904 2308 3969 ﬁnalibus,
2341 3905 2394 3978 id
2440 3913 2540 3968 est,
2592 3905 2763 3972 primo
2810 3915 2968 3972 atque
3016 3905 3225 3968 ultimo,
3264 3906 3439 3971 dixit,

1865 3996 1991 4050 Post
2016 4005 2139 4049 octo
2169 3995 2302 4060 dies,
2335 4010 2401 4049 eo
2424 3995 2674 4063 loquendi
2707 3995 2887 4058 modo,
2929 4010 3034 4064 quo
3065 4011 3186 4061 pars
3211 4011 3305 4062 pro
3327 4006 3439 4048 toto

1862 4095 2341 4140 commemoratur.
2383 4085 2515 4140 Item
2557 4085 2696 4152 quod
2741 4084 2910 4139 Lucas
2956 4085 3031 4138 ait
3057 4086 3123 4138 do.
3157 4086 3340 4156 Moyse
3383 4097 3437 4141 et

1864 4177 1978 4229 Elia
2012 4193 2025 4229 :
2055 4175 2271 4230 Factum
2296 4185 2378 4230 est
2403 4192 2524 4230 cum
2547 4175 2889 4229 discederent
2919 4177 2986 4228 ab
3009 4177 3120 4237 illo,
3153 4178 3438 4251 ait_l’etrus

1862 4267 1924 4320 ad
1953 4267 2135 4321 Jcsum
2162 4284 2176 4322 :
2202 4267 2528 4338 Praeceptor,
2556 4268 2752 4322 bonum
2775 4277 2857 4322 est
2880 4269 3046 4322 nobis
3063 4269 3148 4322 hic
3171 4285 3310 4332 esse,
3329 4281 3435 4325 etc.

1865 4356 1979 4413 Neo
2010 4358 2169 4413 debet
2189 4360 2361 4427 putari
2385 4361 2711 4413 contrarium
2743 4360 2812 4420 ci,
2843 4363 2980 4426 quod
3010 4360 3286 4414 Matthaeus
3312 4362 3444 4416 Mar-

1861 4466 2061 4520 cusque
2105 4451 2177 4505 ita
2226 4451 2618 4518 conjunxerunt
2673 4449 2884 4506 Petrum
2935 4453 3036 4506 hoc
3080 4455 3431 4523 snggessisse,

1859 4545 2009 4612 quasi
2037 4545 2211 4597 adhuc
2243 4544 2454 4613 Moyses
2483 4554 2538 4599 et
2567 4545 2706 4598 Elias
2747 4560 2868 4598 cum
2901 4545 3124 4598 Domino
3155 4545 3436 4615 loqueren-

1863 4641 1968 4686 tur.
2007 4633 2121 4686 Non
2153 4634 2294 4688 enim
2338 4645 2715 4701 expresserunt
2744 4634 2881 4700 quod
2925 4641 3068 4697 tunc,
3102 4633 3196 4687 sed
3248 4643 3432 4688 tacue-

1861 4732 1983 4777 runt
2022 4724 2215 4793 potius,
2270 4725 2411 4794 quod
2445 4726 2544 4778 iste
2575 4725 2802 4786 addidit,
2856 4724 2963 4777 illis
3011 4725 3430 4790 discedentibus,

1860 4816 1961 4871 hoc
1997 4818 2209 4871 Petrum
2239 4817 2305 4870 de
2337 4819 2505 4871 tribus
2529 4818 2886 4871 tabernaculis
2921 4817 3175 4872 faciendis
3207 4817 3429 4872 Domino
3479 4877 3486 4884 ,

1858 4910 2205 4977 suggessisse.
2252 4908 2469 4962 Addidit
2515 4909 2673 4961 etiam
2716 4908 2912 4973 Lucas,
2958 4909 3280 4963 intrantibus
3325 4909 3428 4963 illis

1857 4997 1908 5050 in
1933 5000 2122 5051 nubem
2153 4997 2344 5052 factam
2372 5013 2494 5052 esse
2524 5013 2710 5053 vocem
2743 5000 2810 5053 de
2852 5000 3014 5067 nube,
3041 5000 3183 5069 quod
3216 5001 3288 5053 illi
3319 5016 3424 5056 non

1857 5090 2123 5152 dixerunt,
2147 5090 2236 5143 sed
2269 5105 2368 5145 nec
2392 5091 2856 5146 contradixerunt.

2388 5200 2616 5255 CAPUT
2647 5200 2880 5255 CLXXI.

1861 5309 1932 5360 De
1960 5308 2524 5381 nlabaSIrogungueuti;
2562 5314 2816 5375 quomodo
2859 5328 2956 5363 non
2988 5321 3230 5381 repugnet
3279 5311 3416 5364 ιιαι-

1930 5379 2059 5431 lineo
2107 5391 2151 5432 et
2194 5379 2372 5433 Marco
2408 5384 2726 5436 dicentibus:
2754 5388 2877 5434 Ante
2919 5379 3126 5431 biduum
3171 5380 3417 5447 Paschw;

1925 5448 2148 5501 Joannes
2169 5452 2254 5516 qui
2280 5452 2400 5503 dicit
2426 5468 2443 5504 :
2469 5457 2594 5504 Ante
2629 5471 2716 5505 sea:
2753 5454 2890 5515 dies;
2920 5467 2982 5503 ex
3008 5451 3180 5502 eodem
3218 5453 3346 5505 libro
3377 5469 3418 5506 tt

1927 5525 1988 5572 de
2011 5521 2268 5573 Causettsu
2298 5521 2636 5593 Evangelistai
2653 5541 2755 5576 um.

1925 5631 2056 5684 Cum
2107 5642 2250 5685 esset
2295 5633 2451 5688 Jesus
2495 5637 2543 5688 in
2592 5635 2863 5698 Bethania,
2906 5634 2958 5684 in
2999 5634 3158 5686 domo
3189 5635 3423 5690 Simonis

1860 5724 2102 5794 chrosi,
2127 5725 2353 5780 accessit
2395 5728 2457 5780 ad
2487 5742 2606 5781 eum
2641 5726 2828 5781 mulier
2857 5724 3058 5781 habens
3097 5726 3426 5787 alabaStrum
