  <div class='ocr_page' id='page_1' title='image "/cluster/home/n/w/nwhite01/storage/ocr_20150623/61-62/uva.x000827102/1001.png"; bbox 0 0 3904 6224; ppageno 0'>
   <div class='ocr_carea' id='block_1_1' title="bbox 537 232 642 289">
    <p class='ocr_par' dir='ltr' id='par_1_1' title="bbox 537 232 642 289">
     <span class='ocr_line' id='line_1_1' title="bbox 537 232 642 289; baseline 0 -1"><span class='ocrx_word' id='word_1_1' title='bbox 537 232 642 289; x_wconf 77' lang='lat'><strong>82.7</strong></span> 
     </span>
    </p>
   </div>
   <div class='ocr_carea' id='block_1_2' title="bbox 1595 221 2090 287">
    <p class='ocr_par' dir='ltr' id='par_1_2' title="bbox 1595 223 2090 287">
     <span class='ocr_line' id='line_1_2' title="bbox 1595 223 2090 287; baseline -0.016 0"><span class='ocrx_word' id='word_1_2' title='bbox 1595 235 1655 287; x_wconf 91' lang='lat' dir='ltr'><strong>D.</strong></span> <span class='ocrx_word' id='word_1_3' title='bbox 1698 223 2015 285; x_wconf 72' lang='lat' dir='ltr'><strong>EUGYPPII</strong></span> <span class='ocrx_word' id='word_1_4' title='bbox 2057 225 2090 280; x_wconf 73' lang='grc' dir='ltr'><strong>Α</strong></span> 
     </span>
    </p>
   </div>
   <div class='ocr_carea' id='block_1_3' title="bbox 2192 221 3786 287">
    <p class='ocr_par' dir='ltr' id='par_1_3' title="bbox 2199 221 3786 282">
     <span class='ocr_line' id='line_1_3' title="bbox 2199 221 3786 282; baseline -0.005 -2"><span class='ocrx_word' id='word_1_5' title='bbox 2199 226 2349 282; x_wconf 80' lang='grc' dir='ltr'>Ατιε</span> <span class='ocrx_word' id='word_1_6' title='bbox 2389 226 2709 281; x_wconf 73' lang='lat' dir='ltr'><strong>AFRICAN!</strong></span> <span class='ocrx_word' id='word_1_7' title='bbox 3698 221 3786 275; x_wconf 69' lang='lat'><strong>8‘38</strong></span> 
     </span>
    </p>
   </div>
   <div class='ocr_carea' id='block_1_4' title="bbox 537 331 3783 412">
    <p class='ocr_par' dir='ltr' id='par_1_4' title="bbox 537 331 3783 412">
     <span class='ocr_line' id='line_1_4' title="bbox 537 331 3783 412; baseline -0.006 -13"><span class='ocrx_word' id='word_1_8' title='bbox 537 345 790 412; x_wconf 72' lang='lat' dir='ltr'><strong>unguenti</strong></span> <span class='ocrx_word' id='word_1_9' title='bbox 832 345 1066 411; x_wconf 76' lang='lat' dir='ltr'><strong>pretiosi,</strong></span> <span class='ocrx_word' id='word_1_10' title='bbox 1098 349 1150 395; x_wconf 92' lang='lat' dir='ltr'><strong>et</strong></span> <span class='ocrx_word' id='word_1_11' title='bbox 1176 340 1361 396; x_wconf 81' lang='lat' dir='ltr'><strong>eii‘udit</strong></span> <span class='ocrx_word' id='word_1_12' title='bbox 1397 354 1556 406; x_wconf 88' lang='lat' dir='ltr'><strong>super</strong></span> <span class='ocrx_word' id='word_1_13' title='bbox 1594 347 1752 404; x_wconf 90' lang='lat' dir='ltr'><strong>caput</strong></span> <span class='ocrx_word' id='word_1_14' title='bbox 1791 336 1959 404; x_wconf 85' lang='lat' dir='ltr'><strong>ipsius</strong></span> <span class='ocrx_word' id='word_1_15' title='bbox 2004 347 2090 387; x_wconf 82' lang='lat' dir='ltr'><strong>re-</strong></span> <span class='ocrx_word' id='word_1_16' title='bbox 2125 336 2168 390; x_wconf 85' lang='lat' dir='ltr'><strong>A</strong></span> <span class='ocrx_word' id='word_1_17' title='bbox 2199 334 2343 389; x_wconf 86' lang='lat' dir='ltr'><strong>disse</strong></span> <span class='ocrx_word' id='word_1_18' title='bbox 2386 337 2688 399; x_wconf 88' lang='lat' dir='ltr'><strong>mulierem,</strong></span> <span class='ocrx_word' id='word_1_19' title='bbox 2743 335 2843 388; x_wconf 86' lang='lat' dir='ltr'><strong>nisi</strong></span> <span class='ocrx_word' id='word_1_20' title='bbox 2877 335 3029 399; x_wconf 89' lang='lat' dir='ltr'><strong>forte,</strong></span> <span class='ocrx_word' id='word_1_21' title='bbox 3061 336 3315 406; x_wconf 88' lang='lat' dir='ltr'><strong>quonia</strong></span> <span class='ocrx_word' id='word_1_22' title='bbox 3367 335 3589 390; x_wconf 68' lang='lat' dir='ltr'><strong>Marcus</strong></span> <span class='ocrx_word' id='word_1_23' title='bbox 3623 331 3783 385; x_wconf 81' lang='lat' dir='ltr'><strong>frartn</strong></span> 
     </span>
    </p>
   </div>
   <div class='ocr_carea' id='block_1_5' title="bbox 537 427 2100 500">
    <p class='ocr_par' dir='ltr' id='par_1_5' title="bbox 537 427 2100 500">
     <span class='ocr_line' id='line_1_5' title="bbox 537 427 2100 500; baseline -0.006 -14"><span class='ocrx_word' id='word_1_24' title='bbox 537 434 860 498; x_wconf 87' lang='lat' dir='ltr'><strong>cumbentis,</strong></span> <span class='ocrx_word' id='word_1_25' title='bbox 893 447 1020 495; x_wconf 91' lang='lat' dir='ltr'><strong>etc.,</strong></span> <span class='ocrx_word' id='word_1_26' title='bbox 1065 447 1229 500; x_wconf 84' lang='lat' dir='ltr'><strong>usque</strong></span> <span class='ocrx_word' id='word_1_27' title='bbox 1264 431 1329 483; x_wconf 92' lang='lat' dir='ltr'><strong>ad</strong></span> <span class='ocrx_word' id='word_1_28' title='bbox 1359 429 1506 493; x_wconf 90' lang='lat' dir='ltr'><strong>illud,</strong></span> <span class='ocrx_word' id='word_1_29' title='bbox 1536 429 1623 480; x_wconf 92' lang='lat' dir='ltr'><strong>ubi</strong></span> <span class='ocrx_word' id='word_1_30' title='bbox 1662 429 1773 482; x_wconf 91' lang='lat' dir='ltr'><strong>ait:</strong></span> <span class='ocrx_word' id='word_1_31' title='bbox 1803 427 2017 480; x_wconf 76' lang='lat' dir='ltr'><strong>Dicetur</strong></span> <span class='ocrx_word' id='word_1_32' title='bbox 2043 431 2100 478; x_wconf 90' lang='lat' dir='ltr'><strong>et</strong></span> 
     </span>
    </p>
   </div>
   <div class='ocr_carea' id='block_1_6' title="bbox 537 517 2097 592">
    <p class='ocr_par' dir='ltr' id='par_1_6' title="bbox 537 517 2097 592">
     <span class='ocr_line' id='line_1_6' title="bbox 537 517 2097 592; baseline -0.008 -12"><span class='ocrx_word' id='word_1_33' title='bbox 537 525 682 592; x_wconf 79' lang='lat' dir='ltr'><strong>quod</strong></span> <span class='ocrx_word' id='word_1_34' title='bbox 705 526 816 578; x_wconf 66' lang='lat' dir='ltr'><strong>haec</strong></span> <span class='ocrx_word' id='word_1_35' title='bbox 837 523 960 576; x_wconf 90' lang='lat' dir='ltr'><strong>fecit</strong></span> <span class='ocrx_word' id='word_1_36' title='bbox 987 521 1038 573; x_wconf 86' lang='lat' dir='ltr'><strong>in</strong></span> <span class='ocrx_word' id='word_1_37' title='bbox 1067 520 1374 574; x_wconf 88' lang='lat' dir='ltr'><strong>memoriam</strong></span> <span class='ocrx_word' id='word_1_38' title='bbox 1401 517 1539 587; x_wconf 80' lang='lat' dir='ltr'><strong>ejus.</strong></span> <span class='ocrx_word' id='word_1_39' title='bbox 1584 518 1732 571; x_wconf 81' lang='lat' dir='ltr'><strong>Nunc</strong></span> <span class='ocrx_word' id='word_1_40' title='bbox 1750 517 1860 585; x_wconf 85' lang='lat' dir='ltr'><strong>jam</strong></span> <span class='ocrx_word' id='word_1_41' title='bbox 1889 517 1955 569; x_wconf 90' lang='lat' dir='ltr'><strong>de</strong></span> <span class='ocrx_word' id='word_1_42' title='bbox 1982 530 2097 567; x_wconf 82' lang='lat' dir='ltr'><strong>mu-</strong></span> 
     </span>
    </p>
   </div>
   <div class='ocr_carea' id='block_1_7' title="bbox 537 607 2096 680">
    <p class='ocr_par' dir='ltr' id='par_1_7' title="bbox 537 607 2096 680">
     <span class='ocr_line' id='line_1_7' title="bbox 537 607 2096 680; baseline -0.008 -10"><span class='ocrx_word' id='word_1_43' title='bbox 537 614 672 670; x_wconf 68' lang='lat' dir='ltr'><strong>itere</strong></span> <span class='ocrx_word' id='word_1_44' title='bbox 720 625 876 680; x_wconf 88' lang='lat' dir='ltr'><strong>atque</strong></span> <span class='ocrx_word' id='word_1_45' title='bbox 923 618 1189 680; x_wconf 85' lang='lat' dir='ltr'><strong>unguento</strong></span> <span class='ocrx_word' id='word_1_46' title='bbox 1236 611 1508 680; x_wconf 78' lang='lat' dir='ltr'><strong>pretioso,</strong></span> <span class='ocrx_word' id='word_1_47' title='bbox 1549 607 1690 678; x_wconf 87' lang='lat' dir='ltr'><strong>quod</strong></span> <span class='ocrx_word' id='word_1_48' title='bbox 1740 609 1792 660; x_wconf 92' lang='lat' dir='ltr'><strong>in</strong></span> <span class='ocrx_word' id='word_1_49' title='bbox 1842 607 2096 660; x_wconf 88' lang='lat' dir='ltr'><strong>Bethania</strong></span> 
     </span>
    </p>
   </div>
   <div class='ocr_carea' id='block_1_8' title="bbox 531 696 2098 770">
    <p class='ocr_par' dir='ltr' id='par_1_8' title="bbox 531 696 2098 770">
     <span class='ocr_line' id='line_1_8' title="bbox 531 696 2098 770; baseline -0.003 -15"><span class='ocrx_word' id='word_1_50' title='bbox 531 711 740 770; x_wconf 78' lang='lat' dir='ltr'><strong>gestum</strong></span> <span class='ocrx_word' id='word_1_51' title='bbox 787 711 869 754; x_wconf 88' lang='lat' dir='ltr'><strong>est</strong></span> <span class='ocrx_word' id='word_1_52' title='bbox 909 699 1330 754; x_wconf 63' lang='lat' dir='ltr'><strong>consideremus.</strong></span> <span class='ocrx_word' id='word_1_53' title='bbox 1372 698 1727 762; x_wconf 83' lang='lat' dir='ltr'><strong>Lucas&#39;enim,</strong></span> <span class='ocrx_word' id='word_1_54' title='bbox 1758 697 1998 763; x_wconf 78' lang='lat' dir='ltr'><strong>quamvis</strong></span> <span class='ocrx_word' id='word_1_55' title='bbox 2025 696 2098 751; x_wconf 87' lang='lat' dir='ltr'><strong>si-</strong></span> 
     </span>
    </p>
   </div>
   <div class='ocr_carea' id='block_1_9' title="bbox 537 787 2096 857">
    <p class='ocr_par' dir='ltr' id='par_1_9' title="bbox 537 787 2096 857">
     <span class='ocr_line' id='line_1_9' title="bbox 537 787 2096 857; baseline -0.003 -13"><span class='ocrx_word' id='word_1_56' title='bbox 537 791 664 844; x_wconf 72' lang='lat' dir='ltr'><strong>mile</strong></span> <span class='ocrx_word' id='word_1_57' title='bbox 691 790 883 845; x_wconf 85' lang='lat' dir='ltr'><strong>factum</strong></span> <span class='ocrx_word' id='word_1_58' title='bbox 912 799 1312 853; x_wconf 90' lang='lat' dir='ltr'><strong>commemoret,</strong></span> <span class='ocrx_word' id='word_1_59' title='bbox 1345 803 1642 857; x_wconf 85' lang='lat' dir='ltr'><strong>nomenque</strong></span> <span class='ocrx_word' id='word_1_60' title='bbox 1672 787 1954 842; x_wconf 78' lang='lat' dir='ltr'><strong>conveniat</strong></span> <span class='ocrx_word' id='word_1_61' title='bbox 1981 787 2096 856; x_wconf 84' lang='lat' dir='ltr'><strong>rjus</strong></span> 
     </span>
    </p>
   </div>
   <div class='ocr_carea' id='block_1_10' title="bbox 533 877 2096 948">
    <p class='ocr_par' dir='ltr' id='par_1_10' title="bbox 533 877 2096 948">
     <span class='ocr_line' id='line_1_10' title="bbox 533 877 2096 948; baseline -0.002 -15"><span class='ocrx_word' id='word_1_62' title='bbox 533 877 673 948; x_wconf 73' lang='lat' dir='ltr'><strong>apud</strong></span> <span class='ocrx_word' id='word_1_63' title='bbox 701 895 856 948; x_wconf 61' lang='lat' dir='ltr'><strong>tinem</strong></span> <span class='ocrx_word' id='word_1_64' title='bbox 877 879 1258 933; x_wconf 80' lang='lat' dir='ltr'><strong>convivabatur</strong></span> <span class='ocrx_word' id='word_1_65' title='bbox 1285 880 1539 934; x_wconf 88' lang='lat' dir='ltr'><strong>Dominus</strong></span> <span class='ocrx_word' id='word_1_66' title='bbox 1563 881 1712 943; x_wconf 86' lang='lat' dir='ltr'><strong>(nam</strong></span> <span class='ocrx_word' id='word_1_67' title='bbox 1733 887 1787 931; x_wconf 94' lang='lat' dir='ltr'><strong>et</strong></span> <span class='ocrx_word' id='word_1_68' title='bbox 1817 878 1986 944; x_wconf 89' lang='lat' dir='ltr'><strong>ipsum</strong></span> <span class='ocrx_word' id='word_1_69' title='bbox 2013 877 2096 931; x_wconf 87' lang='lat' dir='ltr'><strong>Si-</strong></span> 
     </span>
    </p>
   </div>
   <div class='ocr_carea' id='block_1_11' title="bbox 475 968 2093 1042">
    <p class='ocr_par' dir='ltr' id='par_1_11' title="bbox 475 968 2093 1042">
     <span class='ocr_line' id='line_1_11' title="bbox 475 968 2093 1042; baseline 0 -19"><span class='ocrx_word' id='word_1_70' title='bbox 475 1018 481 1023; x_wconf 94' lang='lat'><strong>.</strong></span> <span class='ocrx_word' id='word_1_71' title='bbox 533 983 746 1032; x_wconf 75' lang='lat' dir='ltr'><strong>nionem</strong></span> <span class='ocrx_word' id='word_1_72' title='bbox 774 968 964 1038; x_wconf 85' lang='lat' dir='ltr'><strong>dicit);</strong></span> <span class='ocrx_word' id='word_1_73' title='bbox 989 982 1160 1025; x_wconf 90' lang='lat' dir='ltr'><strong>tamen</strong></span> <span class='ocrx_word' id='word_1_74' title='bbox 1189 969 1352 1042; x_wconf 83' lang='lat' dir='ltr'><strong>[quia]</strong></span> <span class='ocrx_word' id='word_1_75' title='bbox 1385 986 1487 1023; x_wconf 89' lang='lat' dir='ltr'><strong>non</strong></span> <span class='ocrx_word' id='word_1_76' title='bbox 1522 978 1604 1024; x_wconf 91' lang='lat' dir='ltr'><strong>est</strong></span> <span class='ocrx_word' id='word_1_77' title='bbox 1625 980 1807 1025; x_wconf 65' lang='lat' dir='ltr'><strong>contra</strong></span> <span class='ocrx_word' id='word_1_78' title='bbox 1853 978 2093 1024; x_wconf 88' lang='lat' dir='ltr'><strong>naturant</strong></span> 
     </span>
    </p>
   </div>
   <div class='ocr_carea' id='block_1_12' title="bbox 536 1057 2093 1126">
    <p class='ocr_par' dir='ltr' id='par_1_12' title="bbox 536 1057 2093 1126">
     <span class='ocr_line' id='line_1_12' title="bbox 536 1057 2093 1126; baseline -0.001 -12"><span class='ocrx_word' id='word_1_79' title='bbox 536 1057 620 1125; x_wconf 58' lang='lat' dir='ltr'><strong>vel</strong></span> <span class='ocrx_word' id='word_1_80' title='bbox 642 1067 819 1114; x_wconf 89' lang='lat' dir='ltr'><strong>contra</strong></span> <span class='ocrx_word' id='word_1_81' title='bbox 845 1074 1043 1112; x_wconf 90' lang='lat' dir='ltr'><strong>morem</strong></span> <span class='ocrx_word' id='word_1_82' title='bbox 1071 1061 1370 1126; x_wconf 87' lang='lat' dir='ltr'><strong>horninnm,</strong></span> <span class='ocrx_word' id='word_1_83' title='bbox 1415 1069 1493 1124; x_wconf 91' lang='lat' dir='ltr'><strong>ut,</strong></span> <span class='ocrx_word' id='word_1_84' title='bbox 1515 1059 1560 1112; x_wconf 91' lang='lat' dir='ltr'><strong>si</strong></span> <span class='ocrx_word' id='word_1_85' title='bbox 1585 1070 1755 1126; x_wconf 82' lang='lat' dir='ltr'><strong>potest</strong></span> <span class='ocrx_word' id='word_1_86' title='bbox 1781 1075 1914 1113; x_wconf 90' lang='lat' dir='ltr'><strong>unus</strong></span> <span class='ocrx_word' id='word_1_87' title='bbox 1935 1060 2093 1113; x_wconf 88' lang='lat' dir='ltr'><strong>homo</strong></span> 
     </span>
    </p>
   </div>
   <div class='ocr_carea' id='block_1_13' title="bbox 535 1143 2091 1218">
    <p class='ocr_par' dir='ltr' id='par_1_13' title="bbox 535 1143 2091 1218">
     <span class='ocr_line' id='line_1_13' title="bbox 535 1143 2091 1218; baseline 0.004 -20"><span class='ocrx_word' id='word_1_88' title='bbox 535 1143 737 1201; x_wconf 83' lang='lat' dir='ltr'><strong>habere</strong></span> <span class='ocrx_word' id='word_1_89' title='bbox 767 1150 977 1201; x_wconf 89' lang='lat' dir='ltr'><strong>nomina</strong></span> <span class='ocrx_word' id='word_1_90' title='bbox 1007 1148 1132 1215; x_wconf 90' lang='lat' dir='ltr'><strong>duo,</strong></span> <span class='ocrx_word' id='word_1_91' title='bbox 1168 1149 1334 1201; x_wconf 70' lang='lat' dir='ltr'><strong>multo</strong></span> <span class='ocrx_word' id='word_1_92' title='bbox 1373 1148 1540 1218; x_wconf 90' lang='lat' dir='ltr'><strong>magis</strong></span> <span class='ocrx_word' id='word_1_93' title='bbox 1571 1149 1799 1216; x_wconf 89' lang='lat' dir='ltr'><strong>possint,</strong></span> <span class='ocrx_word' id='word_1_94' title='bbox 1848 1159 1901 1201; x_wconf 90' lang='lat' dir='ltr'><strong>et</strong></span> <span class='ocrx_word' id='word_1_95' title='bbox 1932 1166 2091 1204; x_wconf 91' lang='lat' dir='ltr'><strong>unum</strong></span> 
     </span>
    </p>
   </div>
   <div class='ocr_carea' id='block_1_14' title="bbox 535 1235 2094 1292">
    <p class='ocr_par' dir='ltr' id='par_1_14' title="bbox 535 1235 2094 1292">
     <span class='ocr_line' id='line_1_14' title="bbox 535 1235 2094 1292; baseline 0.001 -4"><span class='ocrx_word' id='word_1_96' title='bbox 535 1250 729 1290; x_wconf 82' lang='lat' dir='ltr'><strong>nomen</strong></span> <span class='ocrx_word' id='word_1_97' title='bbox 774 1236 968 1291; x_wconf 87' lang='lat' dir='ltr'><strong>habere</strong></span> <span class='ocrx_word' id='word_1_98' title='bbox 1009 1238 1246 1292; x_wconf 79' lang='lat' dir='ltr'><strong>homines</strong></span> <span class='ocrx_word' id='word_1_99' title='bbox 1293 1235 1420 1290; x_wconf 93' lang='lat' dir='ltr'><strong>duo.</strong></span> <span class='ocrx_word' id='word_1_100' title='bbox 1471 1236 1651 1291; x_wconf 80' lang='lat' dir='ltr'><strong>Potius</strong></span> <span class='ocrx_word' id='word_1_101' title='bbox 1705 1237 1960 1292; x_wconf 85' lang='lat' dir='ltr'><strong>credibile</strong></span> <span class='ocrx_word' id='word_1_102' title='bbox 2011 1246 2094 1292; x_wconf 84' lang='lat' dir='ltr'><strong>est</strong></span> 
     </span>
    </p>
   </div>
   <div class='ocr_carea' id='block_1_15' title="bbox 498 1324 2091 1394">
    <p class='ocr_par' dir='ltr' id='par_1_15' title="bbox 498 1324 2091 1394">
     <span class='ocr_line' id='line_1_15' title="bbox 498 1324 2091 1394; baseline 0.004 -19"><span class='ocrx_word' id='word_1_103' title='bbox 498 1372 501 1374; x_wconf 92' lang='lat'><em>_</em></span> <span class='ocrx_word' id='word_1_104' title='bbox 534 1325 697 1378; x_wconf 90' lang='lat' dir='ltr'><strong>alium</strong></span> <span class='ocrx_word' id='word_1_105' title='bbox 726 1324 888 1381; x_wconf 80' lang='lat' dir='ltr'><strong>fuisse</strong></span> <span class='ocrx_word' id='word_1_106' title='bbox 913 1327 1056 1382; x_wconf 92' lang='lat' dir='ltr'><strong>illum</strong></span> <span class='ocrx_word' id='word_1_107' title='bbox 1087 1326 1382 1390; x_wconf 87' lang='lat' dir='ltr'><strong>Simonem,</strong></span> <span class='ocrx_word' id='word_1_108' title='bbox 1411 1341 1516 1380; x_wconf 90' lang='lat' dir='ltr'><strong>non</strong></span> <span class='ocrx_word' id='word_1_109' title='bbox 1546 1326 1839 1394; x_wconf 90' lang='lat' dir='ltr'><strong>leprosum,</strong></span> <span class='ocrx_word' id='word_1_110' title='bbox 1865 1329 1917 1380; x_wconf 90' lang='lat' dir='ltr'><strong>in</strong></span> <span class='ocrx_word' id='word_1_111' title='bbox 1938 1327 2091 1394; x_wconf 88' lang='lat' dir='ltr'><strong>cujus</strong></span> 
     </span>
    </p>
   </div>
   <div class='ocr_carea' id='block_1_16' title="bbox 535 1413 2088 1483">
    <p class='ocr_par' dir='ltr' id='par_1_16' title="bbox 535 1413 2088 1483">
     <span class='ocr_line' id='line_1_16' title="bbox 535 1413 2088 1483; baseline 0.002 -16"><span class='ocrx_word' id='word_1_112' title='bbox 535 1415 714 1478; x_wconf 89' lang='lat' dir='ltr'><strong>domo,</strong></span> <span class='ocrx_word' id='word_1_113' title='bbox 739 1414 838 1467; x_wconf 86' lang='lat' dir='ltr'><strong>hoc</strong></span> <span class='ocrx_word' id='word_1_114' title='bbox 863 1415 914 1468; x_wconf 92' lang='lat' dir='ltr'><strong>in</strong></span> <span class='ocrx_word' id='word_1_115' title='bbox 961 1413 1212 1468; x_wconf 79' lang='lat' dir='ltr'><strong>Bethania</strong></span> <span class='ocrx_word' id='word_1_116' title='bbox 1251 1415 1554 1483; x_wconf 73' lang='lat' dir='ltr'><strong>gerebatur.</strong></span> <span class='ocrx_word' id='word_1_117' title='bbox 1595 1413 1728 1468; x_wconf 84' lang='lat' dir='ltr'><strong>Nam</strong></span> <span class='ocrx_word' id='word_1_118' title='bbox 1756 1430 1853 1468; x_wconf 90' lang='lat' dir='ltr'><strong>nec</strong></span> <span class='ocrx_word' id='word_1_119' title='bbox 1891 1414 2088 1483; x_wconf 89' lang='lat' dir='ltr'><strong>Lucas,</strong></span> 
     </span>
    </p>
   </div>
   <div class='ocr_carea' id='block_1_17' title="bbox 535 1502 2089 1571">
    <p class='ocr_par' dir='ltr' id='par_1_17' title="bbox 535 1502 2089 1571">
     <span class='ocr_line' id='line_1_17' title="bbox 535 1502 2089 1571; baseline 0 -16"><span class='ocrx_word' id='word_1_120' title='bbox 535 1503 588 1555; x_wconf 92' lang='lat' dir='ltr'><strong>in</strong></span> <span class='ocrx_word' id='word_1_121' title='bbox 614 1502 862 1557; x_wconf 68' lang='lat' dir='ltr'><strong>Danaeia</strong></span> <span class='ocrx_word' id='word_1_122' title='bbox 894 1517 1004 1556; x_wconf 92' lang='lat' dir='ltr'><strong>rem</strong></span> <span class='ocrx_word' id='word_1_123' title='bbox 1031 1511 1234 1571; x_wconf 87' lang='lat' dir='ltr'><strong>gestam</strong></span> <span class='ocrx_word' id='word_1_124' title='bbox 1255 1502 1384 1556; x_wconf 88' lang='lat' dir='ltr'><strong>dicit</strong></span> <span class='ocrx_word' id='word_1_125' title='bbox 1409 1516 1566 1570; x_wconf 88' lang='lat' dir='ltr'><strong>quam</strong></span> <span class='ocrx_word' id='word_1_126' title='bbox 1594 1512 1806 1568; x_wconf 90' lang='lat' dir='ltr'><strong>narrat;</strong></span> <span class='ocrx_word' id='word_1_127' title='bbox 1831 1511 1884 1556; x_wconf 93' lang='lat' dir='ltr'><strong>et</strong></span> <span class='ocrx_word' id='word_1_128' title='bbox 1905 1507 2089 1570; x_wconf 83' lang='lat' dir='ltr'><strong>qnam-</strong></span> 
     </span>
    </p>
   </div>
   <div class='ocr_carea' id='block_1_18' title="bbox 536 1591 2088 1647">
    <p class='ocr_par' dir='ltr' id='par_1_18' title="bbox 536 1591 2088 1647">
     <span class='ocr_line' id='line_1_18' title="bbox 536 1591 2088 1647; baseline 0.002 -4"><span class='ocrx_word' id='word_1_129' title='bbox 536 1591 615 1645; x_wconf 90' lang='lat' dir='ltr'><strong>vis</strong></span> <span class='ocrx_word' id='word_1_130' title='bbox 661 1605 765 1646; x_wconf 83' lang='lat' dir='ltr'><strong>non</strong></span> <span class='ocrx_word' id='word_1_131' title='bbox 815 1601 1197 1646; x_wconf 80' lang='lat' dir='ltr'><strong>commemoret</strong></span> <span class='ocrx_word' id='word_1_132' title='bbox 1244 1591 1513 1647; x_wconf 82' lang='lat' dir='ltr'><strong>civitatem</strong></span> <span class='ocrx_word' id='word_1_133' title='bbox 1550 1599 1643 1647; x_wconf 88' lang='lat' dir='ltr'><strong>aut</strong></span> <span class='ocrx_word' id='word_1_134' title='bbox 1683 1591 1957 1647; x_wconf 77' lang='lat' dir='ltr'><strong>castellum</strong></span> <span class='ocrx_word' id='word_1_135' title='bbox 1999 1591 2088 1646; x_wconf 91' lang='lat' dir='ltr'><strong>ubi</strong></span> 
     </span>
    </p>
   </div>
   <div class='ocr_carea' id='block_1_19' title="bbox 2197 425 3776 495">
    <p class='ocr_par' dir='ltr' id='par_1_19' title="bbox 2197 425 3776 495">
     <span class='ocr_line' id='line_1_19' title="bbox 2197 425 3776 495; baseline 0 -17"><span class='ocrx_word' id='word_1_136' title='bbox 2197 425 2464 480; x_wconf 84' lang='lat' dir='ltr'><strong>alabastro</strong></span> <span class='ocrx_word' id='word_1_137' title='bbox 2491 425 2756 493; x_wconf 90' lang='lat' dir='ltr'><strong>perfusum</strong></span> <span class='ocrx_word' id='word_1_138' title='bbox 2786 437 2946 495; x_wconf 90' lang='lat' dir='ltr'><strong>caput</strong></span> <span class='ocrx_word' id='word_1_139' title='bbox 2971 438 3380 488; x_wconf 83' lang='lat' dir='ltr'><strong>commemorat,</strong></span> <span class='ocrx_word' id='word_1_140' title='bbox 3403 437 3516 479; x_wconf 88' lang='lat' dir='ltr'><strong>tam</strong></span> <span class='ocrx_word' id='word_1_141' title='bbox 3547 425 3776 490; x_wconf 65' lang='lat' dir='ltr'><strong>quisqui</strong></span> 
     </span>
    </p>
   </div>
   <div class='ocr_carea' id='block_1_20' title="bbox 2199 511 3775 588">
    <p class='ocr_par' dir='ltr' id='par_1_20' title="bbox 2199 511 3775 588">
     <span class='ocr_line' id='line_1_20' title="bbox 2199 511 3775 588; baseline -0.002 -21"><span class='ocrx_word' id='word_1_142' title='bbox 2199 515 2465 570; x_wconf 88' lang='lat' dir='ltr'><strong>absurdus</strong></span> <span class='ocrx_word' id='word_1_143' title='bbox 2495 526 2549 570; x_wconf 90' lang='lat' dir='ltr'><strong>et</strong></span> <span class='ocrx_word' id='word_1_144' title='bbox 2573 516 2935 572; x_wconf 87' lang='lat' dir='ltr'><strong>calumniosus</strong></span> <span class='ocrx_word' id='word_1_145' title='bbox 2965 529 3068 584; x_wconf 88' lang='lat' dir='ltr'><strong>est,</strong></span> <span class='ocrx_word' id='word_1_146' title='bbox 3098 528 3156 573; x_wconf 89' lang='lat' dir='ltr'><strong>ut</strong></span> <span class='ocrx_word' id='word_1_147' title='bbox 3181 517 3383 588; x_wconf 86' lang='lat' dir='ltr'><strong>aliquid</strong></span> <span class='ocrx_word' id='word_1_148' title='bbox 3415 518 3470 570; x_wconf 92' lang='lat' dir='ltr'><strong>in</strong></span> <span class='ocrx_word' id='word_1_149' title='bbox 3511 528 3644 567; x_wconf 85' lang='lat' dir='ltr'><strong>vase</strong></span> <span class='ocrx_word' id='word_1_150' title='bbox 3675 511 3775 564; x_wconf 86' lang='lat' dir='ltr'><strong>fra-</strong></span> 
     </span>
    </p>
   </div>
   <div class='ocr_carea' id='block_1_21' title="bbox 2195 605 3768 676">
    <p class='ocr_par' dir='ltr' id='par_1_21' title="bbox 2195 605 3768 676">
     <span class='ocr_line' id='line_1_21' title="bbox 2195 605 3768 676; baseline -0.001 -16"><span class='ocrx_word' id='word_1_151' title='bbox 2195 615 2282 660; x_wconf 89' lang='lat' dir='ltr'><strong>cto</strong></span> <span class='ocrx_word' id='word_1_152' title='bbox 2312 617 2467 674; x_wconf 89' lang='lat' dir='ltr'><strong>neget</strong></span> <span class='ocrx_word' id='word_1_153' title='bbox 2492 622 2769 662; x_wconf 88' lang='lat' dir='ltr'><strong>remanere</strong></span> <span class='ocrx_word' id='word_1_154' title='bbox 2799 608 3054 676; x_wconf 74' lang='lat' dir='ltr'><strong>potuisse,</strong></span> <span class='ocrx_word' id='word_1_155' title='bbox 3088 610 3232 666; x_wconf 90' lang='lat' dir='ltr'><strong>unde</strong></span> <span class='ocrx_word' id='word_1_156' title='bbox 3269 612 3432 664; x_wconf 89' lang='lat' dir='ltr'><strong>etiam</strong></span> <span class='ocrx_word' id='word_1_157' title='bbox 3463 605 3632 672; x_wconf 74' lang='lat' dir='ltr'><strong>pedes</strong></span> <span class='ocrx_word' id='word_1_158' title='bbox 3657 617 3768 670; x_wconf 76' lang='lat' dir='ltr'><strong>per-</strong></span> 
     </span>
    </p>
   </div>
   <div class='ocr_carea' id='block_1_22' title="bbox 2198 692 3762 768">
    <p class='ocr_par' dir='ltr' id='par_1_22' title="bbox 2198 692 3762 768">
     <span class='ocr_line' id='line_1_22' title="bbox 2198 692 3762 768; baseline -0.003 -22"><span class='ocrx_word' id='word_1_159' title='bbox 2198 695 2459 750; x_wconf 73' lang='lat' dir='ltr'><strong>funderet.</strong></span> <span class='ocrx_word' id='word_1_160' title='bbox 2499 695 2604 749; x_wconf 88' lang='lat' dir='ltr'><strong>Sed</strong></span> <span class='ocrx_word' id='word_1_161' title='bbox 2661 711 2783 750; x_wconf 84' lang='lat' dir='ltr'><strong>eunt</strong></span> <span class='ocrx_word' id='word_1_162' title='bbox 2815 695 2958 768; x_wconf 87' lang='lat' dir='ltr'><strong>[iste]</strong></span> <span class='ocrx_word' id='word_1_163' title='bbox 3003 701 3340 754; x_wconf 79' lang='lat' dir='ltr'><strong>contenderit</strong></span> <span class='ocrx_word' id='word_1_164' title='bbox 3386 698 3467 751; x_wconf 89' lang='lat' dir='ltr'><strong>sic</strong></span> <span class='ocrx_word' id='word_1_165' title='bbox 3509 709 3636 751; x_wconf 59' lang='lat' dir='ltr'><strong>esse</strong></span> <span class='ocrx_word' id='word_1_166' title='bbox 3666 692 3762 746; x_wconf 88' lang='lat' dir='ltr'><strong>fra-</strong></span> 
     </span>
    </p>
   </div>
   <div class='ocr_carea' id='block_1_23' title="bbox 2194 784 3763 854">
    <p class='ocr_par' dir='ltr' id='par_1_23' title="bbox 2194 784 3763 854">
     <span class='ocr_line' id='line_1_23' title="bbox 2194 784 3763 854; baseline 0 -17"><span class='ocrx_word' id='word_1_167' title='bbox 2194 795 2354 849; x_wconf 90' lang='lat' dir='ltr'><strong>ctum,</strong></span> <span class='ocrx_word' id='word_1_168' title='bbox 2389 795 2446 838; x_wconf 92' lang='lat' dir='ltr'><strong>ut</strong></span> <span class='ocrx_word' id='word_1_169' title='bbox 2474 785 2602 839; x_wconf 87' lang='lat' dir='ltr'><strong>nihil</strong></span> <span class='ocrx_word' id='word_1_170' title='bbox 2634 787 2702 838; x_wconf 93' lang='lat' dir='ltr'><strong>ibi</strong></span> <span class='ocrx_word' id='word_1_171' title='bbox 2735 787 2933 839; x_wconf 84' lang='lat' dir='ltr'><strong>residui</strong></span> <span class='ocrx_word' id='word_1_172' title='bbox 2961 797 3284 854; x_wconf 81' lang='lat' dir='ltr'><strong>remaneret,</strong></span> <span class='ocrx_word' id='word_1_173' title='bbox 3313 788 3491 840; x_wconf 76' lang='lat' dir='ltr'><strong>nitens</strong></span> <span class='ocrx_word' id='word_1_174' title='bbox 3509 784 3763 838; x_wconf 64' lang='lat' dir='ltr'><strong>ads-erm</strong></span> 
     </span>
    </p>
   </div>
   <div class='ocr_carea' id='block_1_24' title="bbox 2195 869 3762 943">
    <p class='ocr_par' dir='ltr' id='par_1_24' title="bbox 2195 869 3762 943">
     <span class='ocr_line' id='line_1_24' title="bbox 2195 869 3762 943; baseline -0.003 -16"><span class='ocrx_word' id='word_1_175' title='bbox 2195 875 2472 929; x_wconf 75' lang='lat' dir='ltr'><strong>veritatem</strong></span> <span class='ocrx_word' id='word_1_176' title='bbox 2514 874 2826 943; x_wconf 74' lang='lat' dir='ltr'><strong>Evangelii,</strong></span> <span class='ocrx_word' id='word_1_177' title='bbox 2883 886 3084 942; x_wconf 87' lang='lat' dir='ltr'><strong>quanto</strong></span> <span class='ocrx_word' id='word_1_178' title='bbox 3135 877 3327 930; x_wconf 87' lang='lat' dir='ltr'><strong>melius</strong></span> <span class='ocrx_word' id='word_1_179' title='bbox 3361 885 3417 930; x_wconf 83' lang='lat' dir='ltr'><strong>et</strong></span> <span class='ocrx_word' id='word_1_180' title='bbox 3463 869 3762 939; x_wconf 65' lang='lat' dir='ltr'><strong>religiosius</strong></span> 
     </span>
    </p>
   </div>
   <div class='ocr_carea' id='block_1_25' title="bbox 2193 960 3758 1030">
    <p class='ocr_par' dir='ltr' id='par_1_25' title="bbox 2193 960 3758 1030">
     <span class='ocr_line' id='line_1_25' title="bbox 2193 960 3758 1030; baseline -0.002 -14"><span class='ocrx_word' id='word_1_181' title='bbox 2193 966 2471 1019; x_wconf 82' lang='lat' dir='ltr'><strong>contendit</strong></span> <span class='ocrx_word' id='word_1_182' title='bbox 2498 966 2635 1020; x_wconf 90' lang='lat' dir='ltr'><strong>alius</strong></span> <span class='ocrx_word' id='word_1_183' title='bbox 2659 1006 2675 1030; x_wconf 97' lang='lat'><strong>,</strong></span> <span class='ocrx_word' id='word_1_184' title='bbox 2718 980 2824 1020; x_wconf 90' lang='lat' dir='ltr'><strong>non</strong></span> <span class='ocrx_word' id='word_1_185' title='bbox 2855 980 2978 1020; x_wconf 74' lang='lat' dir='ltr'><strong>esse</strong></span> <span class='ocrx_word' id='word_1_186' title='bbox 3007 968 3076 1018; x_wconf 87' lang='lat' dir='ltr'><strong>ita</strong></span> <span class='ocrx_word' id='word_1_187' title='bbox 3109 966 3358 1029; x_wconf 88' lang='lat' dir='ltr'><strong>fractum,</strong></span> <span class='ocrx_word' id='word_1_188' title='bbox 3391 975 3449 1020; x_wconf 88' lang='lat' dir='ltr'><strong>ut</strong></span> <span class='ocrx_word' id='word_1_189' title='bbox 3491 974 3659 1018; x_wconf 79' lang='lat' dir='ltr'><strong>totum</strong></span> <span class='ocrx_word' id='word_1_190' title='bbox 3685 960 3758 1013; x_wconf 84' lang='lat' dir='ltr'><strong>ef-</strong></span> 
     </span>
    </p>
   </div>
   <div class='ocr_carea' id='block_1_26' title="bbox 2193 1052 3755 1123">
    <p class='ocr_par' dir='ltr' id='par_1_26' title="bbox 2193 1052 3755 1123">
     <span class='ocr_line' id='line_1_26' title="bbox 2193 1052 3755 1123; baseline -0.002 -17"><span class='ocrx_word' id='word_1_191' title='bbox 2193 1052 2440 1108; x_wconf 87' lang='lat' dir='ltr'><strong>funderet</strong></span> <span class='ocrx_word' id='word_1_192' title='bbox 2480 1056 2656 1109; x_wconf 89' lang='lat' dir='ltr'><strong>nitens</strong></span> <span class='ocrx_word' id='word_1_193' title='bbox 2687 1070 2785 1122; x_wconf 86' lang='lat' dir='ltr'><strong>pro</strong></span> <span class='ocrx_word' id='word_1_194' title='bbox 2823 1057 3048 1110; x_wconf 81' lang='lat' dir='ltr'><strong>veritate</strong></span> <span class='ocrx_word' id='word_1_195' title='bbox 3088 1057 3401 1123; x_wconf 66' lang='lat' dir='ltr'><strong>Etangelii;</strong></span> <span class='ocrx_word' id='word_1_196' title='bbox 3452 1057 3541 1110; x_wconf 85' lang='lat' dir='ltr'><strong>ille</strong></span> <span class='ocrx_word' id='word_1_197' title='bbox 3587 1062 3755 1106; x_wconf 73' lang='lat' dir='ltr'><strong>autem</strong></span> 
     </span>
    </p>
   </div>
   <div class='ocr_carea' id='block_1_27' title="bbox 2193 1133 3752 1212">
    <p class='ocr_par' dir='ltr' id='par_1_27' title="bbox 2193 1133 3752 1212">
     <span class='ocr_line' id='line_1_27' title="bbox 2193 1133 3752 1212; baseline -0.003 -16"><span class='ocrx_word' id='word_1_198' title='bbox 2193 1143 2546 1197; x_wconf 85' lang='lat' dir='ltr'><strong>calumniator</strong></span> <span class='ocrx_word' id='word_1_199' title='bbox 2573 1144 2618 1198; x_wconf 88' lang='lat' dir='ltr'><strong>si</strong></span> <span class='ocrx_word' id='word_1_200' title='bbox 2653 1153 2758 1198; x_wconf 91' lang='lat' dir='ltr'><strong>tam</strong></span> <span class='ocrx_word' id='word_1_201' title='bbox 2793 1133 3134 1212; x_wconf 80' lang='lat' dir='ltr'><strong>pertinaciter</strong></span> <span class='ocrx_word' id='word_1_202' title='bbox 3155 1161 3332 1200; x_wconf 62' lang='lat' dir='ltr'><strong>caecus</strong></span> <span class='ocrx_word' id='word_1_203' title='bbox 3376 1155 3482 1207; x_wconf 80' lang='lat' dir='ltr'><strong>est,</strong></span> <span class='ocrx_word' id='word_1_204' title='bbox 3510 1153 3565 1196; x_wconf 92' lang='lat' dir='ltr'><strong>nt</strong></span> <span class='ocrx_word' id='word_1_205' title='bbox 3594 1158 3752 1196; x_wconf 60' lang='lat' dir='ltr'><strong>evan.</strong></span> 
     </span>
    </p>
   </div>
   <div class='ocr_carea' id='block_1_28' title="bbox 2191 1233 3752 1301">
    <p class='ocr_par' dir='ltr' id='par_1_28' title="bbox 2191 1233 3752 1301">
     <span class='ocr_line' id='line_1_28' title="bbox 2191 1233 3752 1301; baseline -0.003 -16"><span class='ocrx_word' id='word_1_206' title='bbox 2191 1233 2500 1301; x_wconf 87' lang='lat' dir='ltr'><strong>gelistarum</strong></span> <span class='ocrx_word' id='word_1_207' title='bbox 2530 1233 2872 1288; x_wconf 87' lang='lat' dir='ltr'><strong>concordiam</strong></span> <span class='ocrx_word' id='word_1_208' title='bbox 2902 1235 2969 1289; x_wconf 90' lang='lat' dir='ltr'><strong>de</strong></span> <span class='ocrx_word' id='word_1_209' title='bbox 3019 1235 3290 1289; x_wconf 82' lang='lat' dir='ltr'><strong>alabastro</strong></span> <span class='ocrx_word' id='word_1_210' title='bbox 3319 1236 3488 1288; x_wconf 89' lang='lat' dir='ltr'><strong>fracto</strong></span> <span class='ocrx_word' id='word_1_211' title='bbox 3518 1233 3752 1300; x_wconf 83' lang='lat' dir='ltr'><strong>frangere</strong></span> 
     </span>
    </p>
   </div>
   <div class='ocr_carea' id='block_1_29' title="bbox 2191 1311 3748 1393">
    <p class='ocr_par' dir='ltr' id='par_1_29' title="bbox 2191 1311 3748 1393">
     <span class='ocr_line' id='line_1_29' title="bbox 2191 1311 3748 1393; baseline -0.002 -20"><span class='ocrx_word' id='word_1_212' title='bbox 2191 1331 2448 1386; x_wconf 89' lang='lat' dir='ltr'><strong>conetur;</strong></span> <span class='ocrx_word' id='word_1_213' title='bbox 2502 1311 2649 1390; x_wconf 87' lang='lat' dir='ltr'><strong>prius</strong></span> <span class='ocrx_word' id='word_1_214' title='bbox 2696 1323 2942 1391; x_wconf 14' lang='lat' dir='ltr'><strong>accipiat,</strong></span> <span class='ocrx_word' id='word_1_215' title='bbox 2969 1324 3211 1393; x_wconf 86' lang='lat' dir='ltr'><strong>perfusos</strong></span> <span class='ocrx_word' id='word_1_216' title='bbox 3249 1323 3432 1393; x_wconf 88' lang='lat' dir='ltr'><strong>pedes,</strong></span> <span class='ocrx_word' id='word_1_217' title='bbox 3477 1331 3748 1388; x_wconf 80' lang='lat' dir='ltr'><strong>antequam</strong></span> 
     </span>
    </p>
   </div>
   <div class='ocr_carea' id='block_1_30' title="bbox 2190 1408 3748 1484">
    <p class='ocr_par' dir='ltr' id='par_1_30' title="bbox 2190 1408 3748 1484">
     <span class='ocr_line' id='line_1_30' title="bbox 2190 1408 3748 1484; baseline -0.004 -18"><span class='ocrx_word' id='word_1_218' title='bbox 2190 1411 2318 1466; x_wconf 92' lang='lat' dir='ltr'><strong>illud</strong></span> <span class='ocrx_word' id='word_1_219' title='bbox 2351 1413 2576 1467; x_wconf 89' lang='lat' dir='ltr'><strong>fractum</strong></span> <span class='ocrx_word' id='word_1_220' title='bbox 2625 1423 2789 1478; x_wconf 82' lang='lat' dir='ltr'><strong>esset,</strong></span> <span class='ocrx_word' id='word_1_221' title='bbox 2831 1423 2888 1468; x_wconf 90' lang='lat' dir='ltr'><strong>ut</strong></span> <span class='ocrx_word' id='word_1_222' title='bbox 2935 1415 2986 1467; x_wconf 91' lang='lat' dir='ltr'><strong>in</strong></span> <span class='ocrx_word' id='word_1_223' title='bbox 3016 1414 3224 1484; x_wconf 78' lang='lat' dir='ltr'><strong>integro</strong></span> <span class='ocrx_word' id='word_1_224' title='bbox 3253 1421 3586 1474; x_wconf 82' lang='lat' dir='ltr'><strong>remaneret;</strong></span> <span class='ocrx_word' id='word_1_225' title='bbox 3621 1408 3748 1460; x_wconf 84' lang='lat' dir='ltr'><strong>unde</strong></span> 
     </span>
    </p>
   </div>
   <div class='ocr_carea' id='block_1_31' title="bbox 2191 1500 3745 1572">
    <p class='ocr_par' dir='ltr' id='par_1_31' title="bbox 2191 1500 3745 1572">
     <span class='ocr_line' id='line_1_31' title="bbox 2191 1500 3745 1572; baseline -0.005 -16"><span class='ocrx_word' id='word_1_226' title='bbox 2191 1504 2352 1556; x_wconf 89' lang='lat' dir='ltr'><strong>etiam</strong></span> <span class='ocrx_word' id='word_1_227' title='bbox 2399 1513 2557 1572; x_wconf 85' lang='lat' dir='ltr'><strong>caput</strong></span> <span class='ocrx_word' id='word_1_228' title='bbox 2588 1504 3021 1572; x_wconf 78' lang='lat' dir='ltr'><strong>perfunderetur,</strong></span> <span class='ocrx_word' id='word_1_229' title='bbox 3065 1504 3154 1557; x_wconf 89' lang='lat' dir='ltr'><strong>ubi</strong></span> <span class='ocrx_word' id='word_1_230' title='bbox 3207 1503 3440 1559; x_wconf 86' lang='lat' dir='ltr'><strong>fractura</strong></span> <span class='ocrx_word' id='word_1_231' title='bbox 3470 1500 3555 1554; x_wconf 91' lang='lat' dir='ltr'><strong>illa</strong></span> <span class='ocrx_word' id='word_1_232' title='bbox 3587 1507 3745 1551; x_wconf 82' lang='lat' dir='ltr'><strong>totum</strong></span> 
     </span>
    </p>
   </div>
   <div class='ocr_carea' id='block_1_32' title="bbox 2192 1589 3745 1665">
    <p class='ocr_par' dir='ltr' id='par_1_32' title="bbox 2192 1589 3745 1665">
     <span class='ocr_line' id='line_1_32' title="bbox 2192 1589 3745 1665; baseline -0.004 -17"><span class='ocrx_word' id='word_1_233' title='bbox 2192 1593 2513 1650; x_wconf 78' lang='lat' dir='ltr'><strong>eﬂ&#39;underet.</strong></span> <span class='ocrx_word' id='word_1_234' title='bbox 2545 1597 2586 1649; x_wconf 79' lang='grc' dir='ltr'>Α</span> <span class='ocrx_word' id='word_1_235' title='bbox 2615 1594 2790 1663; x_wconf 87' lang='lat' dir='ltr'><strong>capite</strong></span> <span class='ocrx_word' id='word_1_236' title='bbox 2826 1595 3028 1665; x_wconf 85' lang='lat' dir='ltr'><strong>quippe</strong></span> <span class='ocrx_word' id='word_1_237' title='bbox 3069 1596 3227 1650; x_wconf 86' lang='lat' dir='ltr'><strong>nobis</strong></span> <span class='ocrx_word' id='word_1_238' title='bbox 3267 1594 3512 1650; x_wconf 84' lang='lat' dir='ltr'><strong>ordinate</strong></span> <span class='ocrx_word' id='word_1_239' title='bbox 3551 1589 3745 1646; x_wconf 76' lang='lat' dir='ltr'><strong>consuli</strong></span> 
     </span>
    </p>
   </div>
   <div class='ocr_carea' id='block_1_33' title="bbox 535 1679 3743 1755">
    <p class='ocr_par' dir='ltr' id='par_1_33' title="bbox 535 1679 3743 1755">
     <span class='ocr_line' id='line_1_33' title="bbox 535 1679 3743 1755; baseline 0 -20"><span class='ocrx_word' id='word_1_240' title='bbox 535 1679 730 1735; x_wconf 80' lang='lat' dir='ltr'><strong>factum</strong></span> <span class='ocrx_word' id='word_1_241' title='bbox 754 1681 844 1745; x_wconf 89' lang='lat' dir='ltr'><strong>sit,</strong></span> <span class='ocrx_word' id='word_1_242' title='bbox 870 1689 1046 1736; x_wconf 83' lang='lat' dir='ltr'><strong>tamen</strong></span> <span class='ocrx_word' id='word_1_243' title='bbox 1075 1697 1181 1735; x_wconf 86' lang='lat' dir='ltr'><strong>non</strong></span> <span class='ocrx_word' id='word_1_244' title='bbox 1204 1681 1414 1737; x_wconf 88' lang='lat' dir='ltr'><strong>videtur</strong></span> <span class='ocrx_word' id='word_1_245' title='bbox 1443 1683 1496 1736; x_wconf 91' lang='lat' dir='ltr'><strong>in</strong></span> <span class='ocrx_word' id='word_1_246' title='bbox 1521 1681 1710 1736; x_wconf 87' lang='lat' dir='ltr'><strong>eodem</strong></span> <span class='ocrx_word' id='word_1_247' title='bbox 1743 1681 1861 1735; x_wconf 90' lang='lat' dir='ltr'><strong>loco</strong></span> <span class='ocrx_word' id='word_1_248' title='bbox 1885 1683 2082 1737; x_wconf 85' lang='lat' dir='ltr'><strong>versari</strong></span> <span class='ocrx_word' id='word_1_249' title='bbox 2118 1680 2158 1737; x_wconf 89' lang='grc' dir='ltr'><strong>Β</strong></span> <span class='ocrx_word' id='word_1_250' title='bbox 2186 1688 2548 1755; x_wconf 73' lang='lat' dir='ltr'><strong>agnoscimus,</strong></span> <span class='ocrx_word' id='word_1_251' title='bbox 2599 1687 2695 1742; x_wconf 88' lang='lat' dir='ltr'><strong>sed</strong></span> <span class='ocrx_word' id='word_1_252' title='bbox 2744 1689 2992 1743; x_wconf 89' lang='lat' dir='ltr'><strong>ordinato</strong></span> <span class='ocrx_word' id='word_1_253' title='bbox 3036 1689 3198 1742; x_wconf 91' lang='lat' dir='ltr'><strong>etiam</strong></span> <span class='ocrx_word' id='word_1_254' title='bbox 3243 1702 3342 1741; x_wconf 86' lang='lat' dir='ltr'><strong>nos</strong></span> <span class='ocrx_word' id='word_1_255' title='bbox 3385 1701 3419 1739; x_wconf 91' lang='lat' dir='ltr'><strong>a</strong></span> <span class='ocrx_word' id='word_1_256' title='bbox 3446 1684 3660 1753; x_wconf 76' lang='lat' dir='ltr'><strong>pedibus</strong></span> <span class='ocrx_word' id='word_1_257' title='bbox 3687 1680 3743 1732; x_wconf 78' lang='lat' dir='ltr'><strong>ad</strong></span> 
     </span>
    </p>
   </div>
   <div class='ocr_carea' id='block_1_34' title="bbox 535 1769 2089 1840">
    <p class='ocr_par' dir='ltr' id='par_1_34' title="bbox 535 1769 2089 1840">
     <span class='ocr_line' id='line_1_34' title="bbox 535 1769 2089 1840; baseline 0 -16"><span class='ocrx_word' id='word_1_258' title='bbox 535 1769 654 1839; x_wconf 81' lang='lat' dir='ltr'><strong>ejus</strong></span> <span class='ocrx_word' id='word_1_259' title='bbox 683 1772 932 1825; x_wconf 85' lang='lat' dir='ltr'><strong>narratio.</strong></span> <span class='ocrx_word' id='word_1_260' title='bbox 962 1771 1100 1826; x_wconf 81' lang='lat' dir='ltr'><strong>Nihil</strong></span> <span class='ocrx_word' id='word_1_261' title='bbox 1130 1772 1304 1839; x_wconf 82' lang='lat' dir='ltr'><strong>itaque</strong></span> <span class='ocrx_word' id='word_1_262' title='bbox 1342 1771 1482 1826; x_wconf 84' lang='lat' dir='ltr'><strong>aliud</strong></span> <span class='ocrx_word' id='word_1_263' title='bbox 1519 1771 1917 1840; x_wconf 87' lang='lat' dir='ltr'><strong>intelligendum</strong></span> <span class='ocrx_word' id='word_1_264' title='bbox 1945 1771 2089 1826; x_wconf 81' lang='lat' dir='ltr'><strong>arbi-</strong></span> 
     </span>
    </p>
   </div>
   <div class='ocr_carea' id='block_1_35' title="bbox 535 1861 2091 1932">
    <p class='ocr_par' dir='ltr' id='par_1_35' title="bbox 535 1861 2091 1932">
     <span class='ocr_line' id='line_1_35' title="bbox 535 1861 2091 1932; baseline 0.003 -18"><span class='ocrx_word' id='word_1_265' title='bbox 535 1871 669 1929; x_wconf 87' lang='lat' dir='ltr'><strong>tror,</strong></span> <span class='ocrx_word' id='word_1_266' title='bbox 714 1861 812 1916; x_wconf 84' lang='lat' dir='ltr'><strong>nisi</strong></span> <span class='ocrx_word' id='word_1_267' title='bbox 855 1877 958 1916; x_wconf 91' lang='lat' dir='ltr'><strong>non</strong></span> <span class='ocrx_word' id='word_1_268' title='bbox 989 1863 1199 1932; x_wconf 91' lang='lat' dir='ltr'><strong>quidem</strong></span> <span class='ocrx_word' id='word_1_269' title='bbox 1246 1863 1404 1917; x_wconf 89' lang='lat' dir='ltr'><strong>aliam</strong></span> <span class='ocrx_word' id='word_1_270' title='bbox 1450 1862 1615 1918; x_wconf 85' lang='lat' dir='ltr'><strong>fuisse</strong></span> <span class='ocrx_word' id='word_1_271' title='bbox 1643 1863 1941 1927; x_wconf 82' lang='lat' dir='ltr'><strong>mulierem,</strong></span> <span class='ocrx_word' id='word_1_272' title='bbox 1971 1878 2091 1932; x_wconf 76' lang='lat' dir='ltr'><strong>qua:</strong></span> 
     </span>
    </p>
   </div>
   <div class='ocr_carea' id='block_1_36' title="bbox 538 1951 2090 2020">
    <p class='ocr_par' dir='ltr' id='par_1_36' title="bbox 538 1951 2090 2020">
     <span class='ocr_line' id='line_1_36' title="bbox 538 1951 2090 2020; baseline 0.001 -15"><span class='ocrx_word' id='word_1_273' title='bbox 538 1951 801 2018; x_wconf 80' lang='lat' dir='ltr'><strong>peccatrix</strong></span> <span class='ocrx_word' id='word_1_274' title='bbox 829 1959 978 2006; x_wconf 77' lang='lat' dir='ltr'><strong>tunc</strong></span> <span class='ocrx_word' id='word_1_275' title='bbox 1003 1952 1227 2006; x_wconf 59' lang='lat' dir='ltr'><strong>accessit</strong></span> <span class='ocrx_word' id='word_1_276' title='bbox 1268 1951 1332 2006; x_wconf 88' lang='lat' dir='ltr'><strong>ad</strong></span> <span class='ocrx_word' id='word_1_277' title='bbox 1374 1953 1538 2020; x_wconf 83' lang='lat' dir='ltr'><strong>pedes</strong></span> <span class='ocrx_word' id='word_1_278' title='bbox 1564 1953 1714 2017; x_wconf 86' lang='lat' dir='ltr'><strong>Jesu,</strong></span> <span class='ocrx_word' id='word_1_279' title='bbox 1759 1961 1814 2006; x_wconf 90' lang='lat' dir='ltr'><strong>et</strong></span> <span class='ocrx_word' id='word_1_280' title='bbox 1855 1953 2090 2006; x_wconf 90' lang='lat' dir='ltr'><strong>osculata</strong></span> 
     </span>
    </p>
   </div>
   <div class='ocr_carea' id='block_1_37' title="bbox 536 2043 2090 2113">
    <p class='ocr_par' dir='ltr' id='par_1_37' title="bbox 536 2043 2090 2113">
     <span class='ocr_line' id='line_1_37' title="bbox 536 2043 2090 2113; baseline -0.001 -16"><span class='ocrx_word' id='word_1_281' title='bbox 536 2053 640 2101; x_wconf 85' lang='lat' dir='ltr'><strong>est.</strong></span> <span class='ocrx_word' id='word_1_282' title='bbox 671 2050 727 2096; x_wconf 92' lang='lat' dir='ltr'><strong>et</strong></span> <span class='ocrx_word' id='word_1_283' title='bbox 774 2044 899 2096; x_wconf 75' lang='lat' dir='ltr'><strong>lavit</strong></span> <span class='ocrx_word' id='word_1_284' title='bbox 927 2043 1194 2113; x_wconf 83' lang='lat' dir='ltr'><strong>lacrymis,</strong></span> <span class='ocrx_word' id='word_1_285' title='bbox 1238 2052 1292 2098; x_wconf 88' lang='lat' dir='ltr'><strong>et</strong></span> <span class='ocrx_word' id='word_1_286' title='bbox 1323 2043 1472 2098; x_wconf 86' lang='lat' dir='ltr'><strong>tersit</strong></span> <span class='ocrx_word' id='word_1_287' title='bbox 1498 2044 1723 2111; x_wconf 84' lang='lat' dir='ltr'><strong>capillis,</strong></span> <span class='ocrx_word' id='word_1_288' title='bbox 1755 2053 1807 2097; x_wconf 93' lang='lat' dir='ltr'><strong>et</strong></span> <span class='ocrx_word' id='word_1_289' title='bbox 1833 2046 1980 2098; x_wconf 85' lang='lat' dir='ltr'><strong>unxit</strong></span> <span class='ocrx_word' id='word_1_290' title='bbox 2001 2059 2090 2097; x_wconf 87' lang='lat' dir='ltr'><strong>un-</strong></span> 
     </span>
    </p>
   </div>
   <div class='ocr_carea' id='block_1_38' title="bbox 534 2129 2093 2199">
    <p class='ocr_par' dir='ltr' id='par_1_38' title="bbox 534 2129 2093 2199">
     <span class='ocr_line' id='line_1_38' title="bbox 534 2129 2093 2199; baseline 0.003 -17"><span class='ocrx_word' id='word_1_291' title='bbox 534 2141 757 2197; x_wconf 81' lang='lat' dir='ltr'><strong>guento;</strong></span> <span class='ocrx_word' id='word_1_292' title='bbox 780 2129 933 2199; x_wconf 90' lang='lat' dir='ltr'><strong>cujus</strong></span> <span class='ocrx_word' id='word_1_293' title='bbox 956 2131 1232 2194; x_wconf 81' lang='lat' dir='ltr'><strong>Dominus,</strong></span> <span class='ocrx_word' id='word_1_294' title='bbox 1251 2131 1484 2186; x_wconf 89' lang='lat' dir='ltr'><strong>adhibita</strong></span> <span class='ocrx_word' id='word_1_295' title='bbox 1507 2133 1853 2188; x_wconf 89' lang='lat' dir='ltr'><strong>similitudine</strong></span> <span class='ocrx_word' id='word_1_296' title='bbox 1879 2135 1945 2188; x_wconf 87' lang='lat' dir='ltr'><strong>de</strong></span> <span class='ocrx_word' id='word_1_297' title='bbox 1968 2133 2093 2187; x_wconf 87' lang='lat' dir='ltr'><strong>duo-</strong></span> 
     </span>
    </p>
   </div>
   <div class='ocr_carea' id='block_1_39' title="bbox 535 2218 2088 2291">
    <p class='ocr_par' dir='ltr' id='par_1_39' title="bbox 535 2218 2088 2291">
     <span class='ocr_line' id='line_1_39' title="bbox 535 2218 2088 2291; baseline 0.002 -18"><span class='ocrx_word' id='word_1_298' title='bbox 535 2220 632 2273; x_wconf 88' lang='lat' dir='ltr'><strong>bus</strong></span> <span class='ocrx_word' id='word_1_299' title='bbox 680 2218 1029 2285; x_wconf 86' lang='lat' dir='ltr'><strong>debitoribus,</strong></span> <span class='ocrx_word' id='word_1_300' title='bbox 1083 2223 1161 2275; x_wconf 85' lang='lat' dir='ltr'><strong>ait</strong></span> <span class='ocrx_word' id='word_1_301' title='bbox 1211 2221 1431 2276; x_wconf 86' lang='lat' dir='ltr'><strong>dimissa</strong></span> <span class='ocrx_word' id='word_1_302' title='bbox 1473 2236 1592 2277; x_wconf 87' lang='lat' dir='ltr'><strong>esse</strong></span> <span class='ocrx_word' id='word_1_303' title='bbox 1636 2233 1850 2291; x_wconf 83' lang='lat' dir='ltr'><strong>peccata</strong></span> <span class='ocrx_word' id='word_1_304' title='bbox 1901 2225 2088 2291; x_wconf 81' lang='lat' dir='ltr'><strong>multa,</strong></span> 
     </span>
    </p>
   </div>
   <div class='ocr_carea' id='block_1_40' title="bbox 532 2315 2092 2382">
    <p class='ocr_par' dir='ltr' id='par_1_40' title="bbox 532 2315 2092 2382">
     <span class='ocr_line' id='line_1_40' title="bbox 532 2315 2092 2382; baseline 0.003 -14"><span class='ocrx_word' id='word_1_305' title='bbox 532 2315 782 2382; x_wconf 88' lang='lat' dir='ltr'><strong>quoniam</strong></span> <span class='ocrx_word' id='word_1_306' title='bbox 813 2316 997 2370; x_wconf 75' lang='lat' dir='ltr'><strong>dilexit</strong></span> <span class='ocrx_word' id='word_1_307' title='bbox 1043 2316 1299 2379; x_wconf 84' lang='lat' dir='ltr'><strong>multum;</strong></span> <span class='ocrx_word' id='word_1_308' title='bbox 1349 2315 1445 2371; x_wconf 90' lang='lat' dir='ltr'><strong>sed</strong></span> <span class='ocrx_word' id='word_1_309' title='bbox 1490 2316 1731 2372; x_wconf 85' lang='lat' dir='ltr'><strong>eamdem</strong></span> <span class='ocrx_word' id='word_1_310' title='bbox 1765 2317 1981 2371; x_wconf 74' lang='lat' dir='ltr'><strong>Mariam</strong></span> <span class='ocrx_word' id='word_1_311' title='bbox 2008 2318 2092 2372; x_wconf 88' lang='lat' dir='ltr'><strong>bis</strong></span> 
     </span>
    </p>
   </div>
   <div class='ocr_carea' id='block_1_41' title="bbox 537 2405 2088 2474">
    <p class='ocr_par' dir='ltr' id='par_1_41' title="bbox 537 2405 2088 2474">
     <span class='ocr_line' id='line_1_41' title="bbox 537 2405 2088 2474; baseline 0.001 -18"><span class='ocrx_word' id='word_1_312' title='bbox 537 2405 640 2458; x_wconf 84' lang='lat' dir='ltr'><strong>huc</strong></span> <span class='ocrx_word' id='word_1_313' title='bbox 689 2405 905 2470; x_wconf 84' lang='lat' dir='ltr'><strong>fecisse,</strong></span> <span class='ocrx_word' id='word_1_314' title='bbox 946 2405 1113 2460; x_wconf 87' lang='lat' dir='ltr'><strong>semel</strong></span> <span class='ocrx_word' id='word_1_315' title='bbox 1158 2406 1380 2472; x_wconf 87' lang='lat' dir='ltr'><strong>scilicet,</strong></span> <span class='ocrx_word' id='word_1_316' title='bbox 1428 2407 1570 2474; x_wconf 88' lang='lat' dir='ltr'><strong>quod</strong></span> <span class='ocrx_word' id='word_1_317' title='bbox 1621 2407 1790 2461; x_wconf 90' lang='lat' dir='ltr'><strong>Lucas</strong></span> <span class='ocrx_word' id='word_1_318' title='bbox 1830 2408 2088 2474; x_wconf 89' lang='lat' dir='ltr'><strong>narravit,</strong></span> 
     </span>
    </p>
   </div>
   <div class='ocr_carea' id='block_1_42' title="bbox 531 2496 2092 2568">
    <p class='ocr_par' dir='ltr' id='par_1_42' title="bbox 531 2496 2092 2568">
     <span class='ocr_line' id='line_1_42' title="bbox 531 2496 2092 2568; baseline 0.002 -21"><span class='ocrx_word' id='word_1_319' title='bbox 531 2510 660 2548; x_wconf 80' lang='lat' dir='ltr'><strong>cum</strong></span> <span class='ocrx_word' id='word_1_320' title='bbox 694 2496 865 2562; x_wconf 85' lang='lat' dir='ltr'><strong>primo</strong></span> <span class='ocrx_word' id='word_1_321' title='bbox 903 2496 1163 2550; x_wconf 90' lang='lat' dir='ltr'><strong>accedens</strong></span> <span class='ocrx_word' id='word_1_322' title='bbox 1190 2511 1309 2550; x_wconf 89' lang='lat' dir='ltr'><strong>cum</strong></span> <span class='ocrx_word' id='word_1_323' title='bbox 1355 2497 1441 2550; x_wconf 91' lang='lat' dir='ltr'><strong>illa</strong></span> <span class='ocrx_word' id='word_1_324' title='bbox 1491 2497 1787 2551; x_wconf 83' lang='lat' dir='ltr'><strong>humilitate</strong></span> <span class='ocrx_word' id='word_1_325' title='bbox 1822 2507 1876 2551; x_wconf 92' lang='lat' dir='ltr'><strong>et</strong></span> <span class='ocrx_word' id='word_1_326' title='bbox 1922 2499 2092 2568; x_wconf 83' lang='lat' dir='ltr'><strong>lacry-</strong></span> 
     </span>
    </p>
   </div>
   <div class='ocr_carea' id='block_1_43' title="bbox 532 2584 2088 2653">
    <p class='ocr_par' dir='ltr' id='par_1_43' title="bbox 532 2584 2088 2653">
     <span class='ocr_line' id='line_1_43' title="bbox 532 2584 2088 2653; baseline 0.004 -16"><span class='ocrx_word' id='word_1_327' title='bbox 532 2584 638 2638; x_wconf 87' lang='lat' dir='ltr'><strong>mis</strong></span> <span class='ocrx_word' id='word_1_328' title='bbox 667 2587 860 2638; x_wconf 88' lang='lat' dir='ltr'><strong>meruit</strong></span> <span class='ocrx_word' id='word_1_329' title='bbox 895 2596 1231 2653; x_wconf 86' lang='lat' dir='ltr'><strong>peccatorum</strong></span> <span class='ocrx_word' id='word_1_330' title='bbox 1262 2587 1651 2643; x_wconf 85' lang='lat' dir='ltr'><strong>remissionem.</strong></span> <span class='ocrx_word' id='word_1_331' title='bbox 1677 2587 1804 2642; x_wconf 86' lang='lat' dir='ltr'><strong>Nam</strong></span> <span class='ocrx_word' id='word_1_332' title='bbox 1847 2598 1898 2643; x_wconf 90' lang='lat' dir='ltr'><strong>et</strong></span> <span class='ocrx_word' id='word_1_333' title='bbox 1925 2588 2088 2645; x_wconf 84' lang='lat' dir='ltr'><strong>Joan-</strong></span> 
     </span>
    </p>
   </div>
   <div class='ocr_carea' id='block_1_44' title="bbox 536 2665 2089 2748">
    <p class='ocr_par' dir='ltr' id='par_1_44' title="bbox 536 2665 2089 2748">
     <span class='ocr_line' id='line_1_44' title="bbox 536 2665 2089 2748; baseline 0.005 -22"><span class='ocrx_word' id='word_1_334' title='bbox 536 2690 638 2728; x_wconf 85' lang='lat' dir='ltr'><strong>nes</strong></span> <span class='ocrx_word' id='word_1_335' title='bbox 662 2676 900 2744; x_wconf 86' lang='lat' dir='ltr'><strong>quamvis</strong></span> <span class='ocrx_word' id='word_1_336' title='bbox 925 2691 1026 2730; x_wconf 89' lang='lat' dir='ltr'><strong>non</strong></span> <span class='ocrx_word' id='word_1_337' title='bbox 1056 2677 1190 2731; x_wconf 90' lang='lat' dir='ltr'><strong>sicut</strong></span> <span class='ocrx_word' id='word_1_338' title='bbox 1221 2665 1389 2732; x_wconf 81' lang='lat' dir='ltr'><strong>Lucas</strong></span> <span class='ocrx_word' id='word_1_339' title='bbox 1428 2679 1872 2748; x_wconf 88' lang='lat' dir='ltr'><strong>quemadmodum</strong></span> <span class='ocrx_word' id='word_1_340' title='bbox 1898 2679 2089 2734; x_wconf 90' lang='lat' dir='ltr'><strong>factum</strong></span> 
     </span>
    </p>
   </div>
   <div class='ocr_carea' id='block_1_45' title="bbox 533 2765 2090 2835">
    <p class='ocr_par' dir='ltr' id='par_1_45' title="bbox 533 2765 2090 2835">
     <span class='ocr_line' id='line_1_45' title="bbox 533 2765 2090 2835; baseline 0.005 -19"><span class='ocrx_word' id='word_1_341' title='bbox 533 2773 679 2817; x_wconf 87' lang='lat' dir='ltr'><strong>esset</strong></span> <span class='ocrx_word' id='word_1_342' title='bbox 709 2765 1021 2829; x_wconf 90' lang='lat' dir='ltr'><strong>narraverit,</strong></span> <span class='ocrx_word' id='word_1_343' title='bbox 1053 2776 1223 2820; x_wconf 88' lang='lat' dir='ltr'><strong>tamen</strong></span> <span class='ocrx_word' id='word_1_344' title='bbox 1253 2765 1421 2835; x_wconf 82' lang='lat' dir='ltr'><strong>ipsam</strong></span> <span class='ocrx_word' id='word_1_345' title='bbox 1457 2769 1670 2823; x_wconf 75' lang='lat' dir='ltr'><strong>Mariam</strong></span> <span class='ocrx_word' id='word_1_346' title='bbox 1712 2771 2090 2824; x_wconf 89' lang='lat' dir='ltr'><strong>commendans</strong></span> 
     </span>
    </p>
   </div>
   <div class='ocr_carea' id='block_1_46' title="bbox 533 2853 2092 2928">
    <p class='ocr_par' dir='ltr' id='par_1_46' title="bbox 533 2853 2092 2928">
     <span class='ocr_line' id='line_1_46' title="bbox 533 2853 2092 2928; baseline 0.004 -22"><span class='ocrx_word' id='word_1_347' title='bbox 533 2855 988 2919; x_wconf 82' lang='lat' dir='ltr'><strong>commemoravit,</strong></span> <span class='ocrx_word' id='word_1_348' title='bbox 1020 2871 1138 2910; x_wconf 91' lang='lat' dir='ltr'><strong>cum</strong></span> <span class='ocrx_word' id='word_1_349' title='bbox 1181 2855 1331 2928; x_wconf 90' lang='lat' dir='ltr'><strong>[jam]</strong></span> <span class='ocrx_word' id='word_1_350' title='bbox 1377 2856 1444 2911; x_wconf 90' lang='lat' dir='ltr'><strong>de</strong></span> <span class='ocrx_word' id='word_1_351' title='bbox 1489 2857 1691 2912; x_wconf 78' lang='lat' dir='ltr'><strong>Lazaro</strong></span> <span class='ocrx_word' id='word_1_352' title='bbox 1729 2853 2092 2914; x_wconf 86' lang='lat' dir='ltr'><strong>resuscitando</strong></span> 
     </span>
    </p>
   </div>
   <div class='ocr_carea' id='block_1_47' title="bbox 534 2943 2091 3018">
    <p class='ocr_par' dir='ltr' id='par_1_47' title="bbox 534 2943 2091 3018">
     <span class='ocr_line' id='line_1_47' title="bbox 534 2943 2091 3018; baseline 0.003 -23"><span class='ocrx_word' id='word_1_353' title='bbox 534 2943 787 3011; x_wconf 73' lang='lat' dir='ltr'><strong>ccepisset</strong></span> <span class='ocrx_word' id='word_1_354' title='bbox 822 2945 986 3012; x_wconf 85' lang='lat' dir='ltr'><strong>loqui,</strong></span> <span class='ocrx_word' id='word_1_355' title='bbox 1032 2955 1313 3014; x_wconf 85' lang='lat' dir='ltr'><strong>antequam</strong></span> <span class='ocrx_word' id='word_1_356' title='bbox 1357 2946 1565 3000; x_wconf 86' lang='lat' dir='ltr'><strong>veniret</strong></span> <span class='ocrx_word' id='word_1_357' title='bbox 1611 2949 1768 3018; x_wconf 66' lang='lat'><strong>113</strong></span> <span class='ocrx_word' id='word_1_358' title='bbox 1811 2947 1865 3001; x_wconf 91' lang='lat' dir='ltr'><strong>in</strong></span> <span class='ocrx_word' id='word_1_359' title='bbox 1899 2948 2091 3002; x_wconf 85' lang='lat' dir='ltr'><strong>Betha-</strong></span> 
     </span>
    </p>
   </div>
   <div class='ocr_carea' id='block_1_48' title="bbox 2190 1771 3729 1846">
    <p class='ocr_par' dir='ltr' id='par_1_48' title="bbox 2190 1771 3729 1846">
     <span class='ocr_line' id='line_1_48' title="bbox 2190 1771 3729 1846; baseline -0.007 -15"><span class='ocrx_word' id='word_1_360' title='bbox 2190 1786 2350 1845; x_wconf 89' lang='lat' dir='ltr'><strong>caput</strong></span> <span class='ocrx_word' id='word_1_361' title='bbox 2383 1778 2738 1833; x_wconf 85' lang='lat' dir='ltr'><strong>ascendimus.</strong></span> <span class='ocrx_word' id='word_1_362' title='bbox 2778 1777 2984 1833; x_wconf 62' lang='lat' dir='ltr'><strong>Caetera</strong></span> <span class='ocrx_word' id='word_1_363' title='bbox 3031 1780 3152 1833; x_wconf 88' lang='lat' dir='ltr'><strong>facti</strong></span> <span class='ocrx_word' id='word_1_364' title='bbox 3191 1779 3348 1846; x_wconf 85' lang='lat' dir='ltr'><strong>hujus</strong></span> <span class='ocrx_word' id='word_1_365' title='bbox 3391 1776 3584 1830; x_wconf 87' lang='lat' dir='ltr'><strong>nullam</strong></span> <span class='ocrx_word' id='word_1_366' title='bbox 3611 1771 3729 1823; x_wconf 84' lang='lat' dir='ltr'><strong>mihi</strong></span> 
     </span>
    </p>
   </div>
   <div class='ocr_carea' id='block_1_49' title="bbox 2189 1863 3745 1940">
    <p class='ocr_par' dir='ltr' id='par_1_49' title="bbox 2189 1863 3745 1940">
     <span class='ocr_line' id='line_1_49' title="bbox 2189 1863 3745 1940; baseline -0.008 -16"><span class='ocrx_word' id='word_1_367' title='bbox 2189 1871 2445 1924; x_wconf 71' lang='lat' dir='ltr'><strong>videntur</strong></span> <span class='ocrx_word' id='word_1_368' title='bbox 2472 1871 2670 1925; x_wconf 83' lang='lat' dir='ltr'><strong>habere</strong></span> <span class='ocrx_word' id='word_1_369' title='bbox 2698 1871 3066 1940; x_wconf 67' lang='lat' dir='ltr'><strong>qumstionem.</strong></span> <span class='ocrx_word' id='word_1_370' title='bbox 3096 1869 3245 1933; x_wconf 87' lang='lat' dir='ltr'><strong>Quod</strong></span> <span class='ocrx_word' id='word_1_371' title='bbox 3277 1867 3418 1922; x_wconf 86' lang='lat' dir='ltr'><strong>enim</strong></span> <span class='ocrx_word' id='word_1_372' title='bbox 3454 1866 3542 1918; x_wconf 89' lang='lat' dir='ltr'><strong>alii</strong></span> <span class='ocrx_word' id='word_1_373' title='bbox 3569 1863 3745 1916; x_wconf 75' lang='lat' dir='ltr'><strong>dicunt</strong></span> 
     </span>
    </p>
   </div>
   <div class='ocr_carea' id='block_1_50' title="bbox 2189 1955 3740 2026">
    <p class='ocr_par' dir='ltr' id='par_1_50' title="bbox 2189 1955 3740 2026">
     <span class='ocr_line' id='line_1_50' title="bbox 2189 1955 3740 2026; baseline -0.005 -14"><span class='ocrx_word' id='word_1_374' title='bbox 2189 1958 2478 2026; x_wconf 88' lang='lat' dir='ltr'><strong>discipulos</strong></span> <span class='ocrx_word' id='word_1_375' title='bbox 2527 1973 2915 2022; x_wconf 88' lang='lat' dir='ltr'><strong>murmurasse,</strong></span> <span class='ocrx_word' id='word_1_376' title='bbox 2947 1958 3014 2011; x_wconf 91' lang='lat' dir='ltr'><strong>de</strong></span> <span class='ocrx_word' id='word_1_377' title='bbox 3043 1957 3302 2024; x_wconf 75' lang='lat' dir='ltr'><strong>unguenti</strong></span> <span class='ocrx_word' id='word_1_378' title='bbox 3343 1955 3599 2009; x_wconf 79' lang='lat' dir='ltr'><strong>eﬂusione</strong></span> <span class='ocrx_word' id='word_1_379' title='bbox 3630 1964 3740 2017; x_wconf 85' lang='lat' dir='ltr'><strong>pre-</strong></span> 
     </span>
    </p>
   </div>
   <div class='ocr_carea' id='block_1_51' title="bbox 2190 2041 3738 2114">
    <p class='ocr_par' dir='ltr' id='par_1_51' title="bbox 2190 2041 3738 2114">
     <span class='ocr_line' id='line_1_51' title="bbox 2190 2041 3738 2114; baseline -0.008 -10"><span class='ocrx_word' id='word_1_380' title='bbox 2190 2050 2342 2114; x_wconf 84' lang='lat' dir='ltr'><strong>tiosi,</strong></span> <span class='ocrx_word' id='word_1_381' title='bbox 2374 2050 2607 2104; x_wconf 79' lang='lat' dir='ltr'><strong>Joannes</strong></span> <span class='ocrx_word' id='word_1_382' title='bbox 2651 2057 2833 2103; x_wconf 87' lang='lat' dir='ltr'><strong>autem</strong></span> <span class='ocrx_word' id='word_1_383' title='bbox 2859 2049 3047 2103; x_wconf 72' lang='lat' dir='ltr'><strong>Judam</strong></span> <span class='ocrx_word' id='word_1_384' title='bbox 3093 2056 3494 2106; x_wconf 71' lang='lat' dir='ltr'><strong>comrnemurat,</strong></span> <span class='ocrx_word' id='word_1_385' title='bbox 3539 2051 3590 2096; x_wconf 87' lang='lat' dir='ltr'><strong>et</strong></span> <span class='ocrx_word' id='word_1_386' title='bbox 3631 2041 3738 2092; x_wconf 79' lang='lat' dir='ltr'><strong>ideo</strong></span> 
     </span>
    </p>
   </div>
   <div class='ocr_carea' id='block_1_52' title="bbox 2188 2133 3733 2207">
    <p class='ocr_par' dir='ltr' id='par_1_52' title="bbox 2188 2133 3733 2207">
     <span class='ocr_line' id='line_1_52' title="bbox 2188 2133 3733 2207; baseline -0.008 -17"><span class='ocrx_word' id='word_1_387' title='bbox 2188 2138 2310 2206; x_wconf 91' lang='lat' dir='ltr'><strong>quia</strong></span> <span class='ocrx_word' id='word_1_388' title='bbox 2339 2137 2424 2192; x_wconf 89' lang='lat' dir='ltr'><strong>fur</strong></span> <span class='ocrx_word' id='word_1_389' title='bbox 2474 2148 2613 2205; x_wconf 90' lang='lat' dir='ltr'><strong>erat,</strong></span> <span class='ocrx_word' id='word_1_390' title='bbox 2661 2139 3003 2193; x_wconf 85' lang='lat' dir='ltr'><strong>manifestum</strong></span> <span class='ocrx_word' id='word_1_391' title='bbox 3027 2147 3159 2207; x_wconf 85' lang='lat' dir='ltr'><strong>puto</strong></span> <span class='ocrx_word' id='word_1_392' title='bbox 3204 2149 3328 2189; x_wconf 88' lang='lat' dir='ltr'><strong>esse</strong></span> <span class='ocrx_word' id='word_1_393' title='bbox 3371 2133 3733 2201; x_wconf 82' lang='lat' dir='ltr'><strong>discipulorum</strong></span> 
     </span>
    </p>
   </div>
   <div class='ocr_carea' id='block_1_53' title="bbox 2190 2220 3732 2298">
    <p class='ocr_par' dir='ltr' id='par_1_53' title="bbox 2190 2220 3732 2298">
     <span class='ocr_line' id='line_1_53' title="bbox 2190 2220 3732 2298; baseline -0.009 -14"><span class='ocrx_word' id='word_1_394' title='bbox 2190 2232 2408 2284; x_wconf 84' lang='lat' dir='ltr'><strong>nomine</strong></span> <span class='ocrx_word' id='word_1_395' title='bbox 2429 2231 2675 2284; x_wconf 84' lang='lat' dir='ltr'><strong>eumdem</strong></span> <span class='ocrx_word' id='word_1_396' title='bbox 2703 2230 2892 2284; x_wconf 72' lang='lat' dir='ltr'><strong>ludam</strong></span> <span class='ocrx_word' id='word_1_397' title='bbox 2923 2229 3294 2298; x_wconf 76' lang='lat' dir='ltr'><strong>signiﬁcatum,</strong></span> <span class='ocrx_word' id='word_1_398' title='bbox 3342 2224 3596 2279; x_wconf 79' lang='lat' dir='ltr'><strong>locutione</strong></span> <span class='ocrx_word' id='word_1_399' title='bbox 3632 2220 3732 2280; x_wconf 68' lang='lat' dir='ltr'><strong>ila,</strong></span> 
     </span>
    </p>
   </div>
   <div class='ocr_carea' id='block_1_54' title="bbox 2190 2314 3729 2392">
    <p class='ocr_par' dir='ltr' id='par_1_54' title="bbox 2190 2314 3729 2392">
     <span class='ocr_line' id='line_1_54' title="bbox 2190 2314 3729 2392; baseline -0.008 -18"><span class='ocrx_word' id='word_1_400' title='bbox 2190 2337 2348 2392; x_wconf 40' lang='lat' dir='ltr'><strong>quam</strong></span> <span class='ocrx_word' id='word_1_401' title='bbox 2379 2322 2447 2377; x_wconf 91' lang='lat' dir='ltr'><strong>de</strong></span> <span class='ocrx_word' id='word_1_402' title='bbox 2469 2321 2713 2390; x_wconf 73' lang='lat' dir='ltr'><strong>Phil-Wo</strong></span> <span class='ocrx_word' id='word_1_403' title='bbox 2738 2321 2790 2375; x_wconf 87' lang='lat' dir='ltr'><strong>in</strong></span> <span class='ocrx_word' id='word_1_404' title='bbox 2821 2320 3054 2390; x_wconf 90' lang='lat' dir='ltr'><strong>quinque</strong></span> <span class='ocrx_word' id='word_1_405' title='bbox 3084 2319 3309 2386; x_wconf 87' lang='lat' dir='ltr'><strong>panibus</strong></span> <span class='ocrx_word' id='word_1_406' title='bbox 3349 2314 3729 2370; x_wconf 75' lang='lat' dir='ltr'><strong>insinuatimus.</strong></span> 
     </span>
    </p>
   </div>
   <div class='ocr_carea' id='block_1_55' title="bbox 2194 2403 3727 2480">
    <p class='ocr_par' dir='ltr' id='par_1_55' title="bbox 2194 2403 3727 2480">
     <span class='ocr_line' id='line_1_55' title="bbox 2194 2403 3727 2480; baseline -0.008 -16"><span class='ocrx_word' id='word_1_407' title='bbox 2194 2413 2381 2480; x_wconf 77' lang='lat' dir='ltr'><strong>plurali</strong></span> <span class='ocrx_word' id='word_1_408' title='bbox 2412 2427 2634 2466; x_wconf 89' lang='lat' dir='ltr'><strong>numero</strong></span> <span class='ocrx_word' id='word_1_409' title='bbox 2662 2427 2757 2479; x_wconf 88' lang='lat' dir='ltr'><strong>pro</strong></span> <span class='ocrx_word' id='word_1_410' title='bbox 2780 2409 3036 2479; x_wconf 77' lang='lat' dir='ltr'><strong>singulari</strong></span> <span class='ocrx_word' id='word_1_411' title='bbox 3063 2418 3340 2476; x_wconf 90' lang='lat' dir='ltr'><strong>usurpato.</strong></span> <span class='ocrx_word' id='word_1_412' title='bbox 3375 2407 3544 2459; x_wconf 82' lang='lat' dir='ltr'><strong>Potest</strong></span> <span class='ocrx_word' id='word_1_413' title='bbox 3580 2403 3727 2455; x_wconf 70' lang='lat' dir='ltr'><strong>etis:</strong></span> 
     </span>
    </p>
   </div>
   <div class='ocr_carea' id='block_1_56' title="bbox 2194 2491 3724 2569">
    <p class='ocr_par' dir='ltr' id='par_1_56' title="bbox 2194 2491 3724 2569">
     <span class='ocr_line' id='line_1_56' title="bbox 2194 2491 3724 2569; baseline -0.011 -15"><span class='ocrx_word' id='word_1_414' title='bbox 2194 2501 2435 2569; x_wconf 76' lang='lat' dir='ltr'><strong>in&#39;elligi,</strong></span> <span class='ocrx_word' id='word_1_415' title='bbox 2466 2501 2606 2569; x_wconf 92' lang='lat' dir='ltr'><strong>quod</strong></span> <span class='ocrx_word' id='word_1_416' title='bbox 2636 2510 2689 2553; x_wconf 92' lang='lat' dir='ltr'><strong>et</strong></span> <span class='ocrx_word' id='word_1_417' title='bbox 2712 2500 2800 2552; x_wconf 90' lang='lat' dir='ltr'><strong>alii</strong></span> <span class='ocrx_word' id='word_1_418' title='bbox 2830 2498 3073 2565; x_wconf 89' lang='lat' dir='ltr'><strong>discipuli</strong></span> <span class='ocrx_word' id='word_1_419' title='bbox 3103 2505 3196 2550; x_wconf 91' lang='lat' dir='ltr'><strong>aut</strong></span> <span class='ocrx_word' id='word_1_420' title='bbox 3221 2494 3479 2549; x_wconf 81' lang='lat' dir='ltr'><strong>senserint</strong></span> <span class='ocrx_word' id='word_1_421' title='bbox 3509 2491 3615 2546; x_wconf 87' lang='lat' dir='ltr'><strong>huc.</strong></span> <span class='ocrx_word' id='word_1_422' title='bbox 3644 2497 3724 2539; x_wconf 83' lang='lat' dir='ltr'><strong>aut</strong></span> 
     </span>
    </p>
   </div>
   <div class='ocr_carea' id='block_1_57' title="bbox 2191 2581 3722 2653">
    <p class='ocr_par' dir='ltr' id='par_1_57' title="bbox 2191 2581 3722 2653">
     <span class='ocr_line' id='line_1_57' title="bbox 2191 2581 3722 2653; baseline -0.009 -11"><span class='ocrx_word' id='word_1_423' title='bbox 2191 2590 2446 2653; x_wconf 72' lang='lat' dir='ltr'><strong>direrint,</strong></span> <span class='ocrx_word' id='word_1_424' title='bbox 2491 2601 2581 2642; x_wconf 90' lang='lat' dir='ltr'><strong>aut</strong></span> <span class='ocrx_word' id='word_1_425' title='bbox 2609 2588 2691 2642; x_wconf 92' lang='lat' dir='ltr'><strong>eis</strong></span> <span class='ocrx_word' id='word_1_426' title='bbox 2719 2588 2854 2642; x_wconf 89' lang='lat' dir='ltr'><strong>Juda</strong></span> <span class='ocrx_word' id='word_1_427' title='bbox 2883 2586 3093 2640; x_wconf 88' lang='lat' dir='ltr'><strong>dicente</strong></span> <span class='ocrx_word' id='word_1_428' title='bbox 3121 2597 3430 2653; x_wconf 85' lang='lat' dir='ltr'><strong>persuasum</strong></span> <span class='ocrx_word' id='word_1_429' title='bbox 3461 2581 3553 2643; x_wconf 85' lang='lat' dir='ltr'><strong>sit,</strong></span> <span class='ocrx_word' id='word_1_430' title='bbox 3579 2587 3722 2641; x_wconf 77' lang='lat' dir='ltr'><strong>atque</strong></span> 
     </span>
    </p>
   </div>
   <div class='ocr_carea' id='block_1_58' title="bbox 2192 2673 3719 2734">
    <p class='ocr_par' dir='ltr' id='par_1_58' title="bbox 2192 2673 3719 2734">
     <span class='ocr_line' id='line_1_58' title="bbox 2192 2673 3719 2734; baseline -0.007 -1"><span class='ocrx_word' id='word_1_431' title='bbox 2192 2680 2428 2734; x_wconf 90' lang='lat' dir='ltr'><strong>omnium</strong></span> <span class='ocrx_word' id='word_1_432' title='bbox 2460 2680 2788 2734; x_wconf 84' lang='lat' dir='ltr'><strong>voluntatem</strong></span> <span class='ocrx_word' id='word_1_433' title='bbox 2823 2678 3105 2732; x_wconf 70' lang='lat' dir='ltr'><strong>ilattltucus</strong></span> <span class='ocrx_word' id='word_1_434' title='bbox 3141 2688 3196 2731; x_wconf 92' lang='lat' dir='ltr'><strong>et</strong></span> <span class='ocrx_word' id='word_1_435' title='bbox 3229 2677 3436 2730; x_wconf 71' lang='lat' dir='ltr'><strong>Marcus</strong></span> <span class='ocrx_word' id='word_1_436' title='bbox 3461 2673 3600 2726; x_wconf 82' lang='lat' dir='ltr'><strong>etiam</strong></span> <span class='ocrx_word' id='word_1_437' title='bbox 3623 2683 3719 2720; x_wconf 76' lang='lat' dir='ltr'><strong>vrr-</strong></span> 
     </span>
    </p>
   </div>
   <div class='ocr_carea' id='block_1_59' title="bbox 2193 2757 3713 2839">
    <p class='ocr_par' dir='ltr' id='par_1_59' title="bbox 2193 2757 3713 2839">
     <span class='ocr_line' id='line_1_59' title="bbox 2193 2757 3713 2839; baseline -0.009 -17"><span class='ocrx_word' id='word_1_438' title='bbox 2193 2767 2276 2822; x_wconf 84' lang='lat' dir='ltr'><strong>bis</strong></span> <span class='ocrx_word' id='word_1_439' title='bbox 2304 2769 2699 2836; x_wconf 82' lang='lat' dir='ltr'><strong>expresserim;</strong></span> <span class='ocrx_word' id='word_1_440' title='bbox 2731 2766 2872 2839; x_wconf 83' lang='lat' dir='ltr'><strong>[sed]</strong></span> <span class='ocrx_word' id='word_1_441' title='bbox 2892 2767 3056 2821; x_wconf 91' lang='lat' dir='ltr'><strong>Judas</strong></span> <span class='ocrx_word' id='word_1_442' title='bbox 3085 2776 3363 2836; x_wconf 84' lang='lat' dir='ltr'><strong>propterea</strong></span> <span class='ocrx_word' id='word_1_443' title='bbox 3388 2762 3579 2820; x_wconf 78' lang='lat' dir='ltr'><strong>dixerit,</strong></span> <span class='ocrx_word' id='word_1_444' title='bbox 3606 2757 3713 2824; x_wconf 86' lang='lat' dir='ltr'><strong>quia</strong></span> 
     </span>
    </p>
   </div>
   <div class='ocr_carea' id='block_1_60' title="bbox 2193 2857 3706 2926">
    <p class='ocr_par' dir='ltr' id='par_1_60' title="bbox 2193 2857 3706 2926">
     <span class='ocr_line' id='line_1_60' title="bbox 2193 2857 3706 2926; baseline -0.004 -16"><span class='ocrx_word' id='word_1_445' title='bbox 2193 2857 2276 2911; x_wconf 91' lang='lat' dir='ltr'><strong>fur</strong></span> <span class='ocrx_word' id='word_1_446' title='bbox 2312 2867 2462 2922; x_wconf 87' lang='lat' dir='ltr'><strong>erat,</strong></span> <span class='ocrx_word' id='word_1_447' title='bbox 2519 2857 2697 2912; x_wconf 62' lang='lat' dir='ltr'><strong>caeteri</strong></span> <span class='ocrx_word' id='word_1_448' title='bbox 2753 2871 2882 2913; x_wconf 87' lang='lat' dir='ltr'><strong>vero</strong></span> <span class='ocrx_word' id='word_1_449' title='bbox 2935 2866 3152 2926; x_wconf 87' lang='lat' dir='ltr'><strong>propter</strong></span> <span class='ocrx_word' id='word_1_450' title='bbox 3207 2870 3480 2924; x_wconf 85' lang='lat' dir='ltr'><strong>pauperum</strong></span> <span class='ocrx_word' id='word_1_451' title='bbox 3522 2863 3706 2904; x_wconf 72' lang='lat' dir='ltr'><strong>curam</strong></span> 
     </span>
    </p>
   </div>
   <div class='ocr_carea' id='block_1_61' title="bbox 2192 2947 3697 3022">
    <p class='ocr_par' dir='ltr' id='par_1_61' title="bbox 2192 2947 3697 3022">
     <span class='ocr_line' id='line_1_61' title="bbox 2192 2947 3697 3022; baseline -0.007 -18"><span class='ocrx_word' id='word_1_452' title='bbox 2192 2949 2447 3004; x_wconf 77' lang='lat' dir='ltr'><strong>Joannem</strong></span> <span class='ocrx_word' id='word_1_453' title='bbox 2478 2947 2701 3022; x_wconf 75' lang='lat' dir='ltr'><strong>[autem]</strong></span> <span class='ocrx_word' id='word_1_454' title='bbox 2727 2949 2795 3004; x_wconf 87' lang='lat' dir='ltr'><strong>de</strong></span> <span class='ocrx_word' id='word_1_455' title='bbox 2841 2951 2956 3004; x_wconf 91' lang='lat' dir='ltr'><strong>solo</strong></span> <span class='ocrx_word' id='word_1_456' title='bbox 2987 2949 3080 3005; x_wconf 93' lang='lat' dir='ltr'><strong>illo</strong></span> <span class='ocrx_word' id='word_1_457' title='bbox 3119 2948 3167 3003; x_wconf 89' lang='lat' dir='ltr'><strong>id</strong></span> <span class='ocrx_word' id='word_1_458' title='bbox 3197 2955 3588 3002; x_wconf 84' lang='lat' dir='ltr'><strong>commemorare</strong></span> <span class='ocrx_word' id='word_1_459' title='bbox 3621 2954 3697 2990; x_wconf 84' lang='lat' dir='ltr'><strong>vo-</strong></span> 
     </span>
    </p>
   </div>
   <div class='ocr_carea' id='block_1_62' title="bbox 529 3027 3709 3108">
    <p class='ocr_par' dir='ltr' id='par_1_62' title="bbox 529 3027 3709 3108">
     <span class='ocr_line' id='line_1_62' title="bbox 529 3027 3709 3108; baseline 0.001 -25"><span class='ocrx_word' id='word_1_460' title='bbox 529 3033 702 3096; x_wconf 78' lang='lat' dir='ltr'><strong>niam,</strong></span> <span class='ocrx_word' id='word_1_461' title='bbox 743 3033 884 3101; x_wconf 90' lang='lat' dir='ltr'><strong>quod</strong></span> <span class='ocrx_word' id='word_1_462' title='bbox 932 3033 1070 3088; x_wconf 90' lang='lat' dir='ltr'><strong>idem</strong></span> <span class='ocrx_word' id='word_1_463' title='bbox 1114 3033 1184 3087; x_wconf 91' lang='lat' dir='ltr'><strong>ibi</strong></span> <span class='ocrx_word' id='word_1_464' title='bbox 1227 3033 1296 3088; x_wconf 92' lang='lat' dir='ltr'><strong>ita</strong></span> <span class='ocrx_word' id='word_1_465' title='bbox 1339 3037 1520 3090; x_wconf 87' lang='lat' dir='ltr'><strong>narrat</strong></span> <span class='ocrx_word' id='word_1_466' title='bbox 1547 3051 1562 3090; x_wconf 89' lang='lat'><strong>:</strong></span> <span class='ocrx_word' id='word_1_467' title='bbox 1588 3035 1718 3090; x_wconf 83' lang='lat' dir='ltr'><strong>Erat</strong></span> <span class='ocrx_word' id='word_1_468' title='bbox 1757 3045 1935 3091; x_wconf 90' lang='lat' dir='ltr'><strong>autem</strong></span> <span class='ocrx_word' id='word_1_469' title='bbox 1972 3037 2086 3106; x_wconf 83' lang='lat' dir='ltr'><strong>qui-</strong></span> <span class='ocrx_word' id='word_1_470' title='bbox 2119 3042 2166 3104; x_wconf 85' lang='lat' dir='ltr'><strong><em>C</em></strong></span> <span class='ocrx_word' id='word_1_471' title='bbox 2200 3040 2382 3108; x_wconf 90' lang='lat' dir='ltr'><strong>luisse,</strong></span> <span class='ocrx_word' id='word_1_472' title='bbox 2431 3040 2582 3108; x_wconf 86' lang='lat' dir='ltr'><strong>cujus</strong></span> <span class='ocrx_word' id='word_1_473' title='bbox 2626 3054 2694 3095; x_wconf 92' lang='lat' dir='ltr'><strong>ex</strong></span> <span class='ocrx_word' id='word_1_474' title='bbox 2727 3040 2824 3094; x_wconf 88' lang='lat' dir='ltr'><strong>hac</strong></span> <span class='ocrx_word' id='word_1_475' title='bbox 2855 3040 3137 3096; x_wconf 90' lang='lat' dir='ltr'><strong>occasione</strong></span> <span class='ocrx_word' id='word_1_476' title='bbox 3163 3036 3372 3092; x_wconf 83' lang='lat' dir='ltr'><strong>iurandi</strong></span> <span class='ocrx_word' id='word_1_477' title='bbox 3417 3027 3709 3091; x_wconf 82' lang='lat' dir='ltr'><strong>consuetudi-</strong></span> 
     </span>
    </p>
   </div>
   <div class='ocr_carea' id='block_1_63' title="bbox 530 3120 2092 3191">
    <p class='ocr_par' dir='ltr' id='par_1_63' title="bbox 530 3120 2092 3191">
     <span class='ocr_line' id='line_1_63' title="bbox 530 3120 2092 3191; baseline 0.005 -18"><span class='ocrx_word' id='word_1_478' title='bbox 530 3121 682 3180; x_wconf 84' lang='lat' dir='ltr'><strong>dam,</strong></span> <span class='ocrx_word' id='word_1_479' title='bbox 723 3120 909 3189; x_wconf 88' lang='lat' dir='ltr'><strong>inquit,</strong></span> <span class='ocrx_word' id='word_1_480' title='bbox 963 3122 1218 3191; x_wconf 83' lang='lat' dir='ltr'><strong>languens</strong></span> <span class='ocrx_word' id='word_1_481' title='bbox 1258 3123 1491 3178; x_wconf 73' lang='lat' dir='ltr'><strong>Lazarus</strong></span> <span class='ocrx_word' id='word_1_482' title='bbox 1537 3137 1567 3176; x_wconf 92' lang='lat' dir='ltr'><strong>a</strong></span> <span class='ocrx_word' id='word_1_483' title='bbox 1599 3124 1869 3189; x_wconf 79' lang='lat' dir='ltr'><strong>Bethania,</strong></span> <span class='ocrx_word' id='word_1_484' title='bbox 1899 3125 1967 3181; x_wconf 90' lang='lat' dir='ltr'><strong>de</strong></span> <span class='ocrx_word' id='word_1_485' title='bbox 2003 3140 2092 3180; x_wconf 87' lang='lat' dir='ltr'><strong>ea-</strong></span> 
     </span>
    </p>
   </div>
   <div class='ocr_carea' id='block_1_64' title="bbox 539 3209 2088 3283">
    <p class='ocr_par' dir='ltr' id='par_1_64' title="bbox 539 3209 2088 3283">
     <span class='ocr_line' id='line_1_64' title="bbox 539 3209 2088 3283; baseline 0.006 -23"><span class='ocrx_word' id='word_1_486' title='bbox 539 3209 700 3262; x_wconf 78' lang='lat' dir='ltr'><strong>stcllo</strong></span> <span class='ocrx_word' id='word_1_487' title='bbox 730 3210 905 3264; x_wconf 71' lang='lat' dir='ltr'><strong>Maria:</strong></span> <span class='ocrx_word' id='word_1_488' title='bbox 945 3220 1000 3264; x_wconf 92' lang='lat' dir='ltr'><strong>et</strong></span> <span class='ocrx_word' id='word_1_489' title='bbox 1027 3211 1264 3279; x_wconf 51' lang='lat' dir='ltr'><strong>Martha»,</strong></span> <span class='ocrx_word' id='word_1_490' title='bbox 1303 3215 1504 3268; x_wconf 86' lang='lat' dir='ltr'><strong>sororis</strong></span> <span class='ocrx_word' id='word_1_491' title='bbox 1530 3215 1645 3283; x_wconf 90' lang='lat' dir='ltr'><strong>ejus</strong></span> <span class='ocrx_word' id='word_1_492' title='bbox 1675 3231 1689 3280; x_wconf 92' lang='lat'><strong>;</strong></span> <span class='ocrx_word' id='word_1_493' title='bbox 1723 3215 1884 3270; x_wconf 78' lang='lat' dir='ltr'><strong>Maria</strong></span> <span class='ocrx_word' id='word_1_494' title='bbox 1913 3224 2088 3270; x_wconf 89' lang='lat' dir='ltr'><strong>autem</strong></span> 
     </span>
    </p>
   </div>
   <div class='ocr_carea' id='block_1_65' title="bbox 539 3297 2090 3372">
    <p class='ocr_par' dir='ltr' id='par_1_65' title="bbox 539 3297 2090 3372">
     <span class='ocr_line' id='line_1_65' title="bbox 539 3297 2090 3372; baseline 0.008 -25"><span class='ocrx_word' id='word_1_495' title='bbox 539 3306 652 3348; x_wconf 88' lang='lat' dir='ltr'><strong>erat</strong></span> <span class='ocrx_word' id='word_1_496' title='bbox 683 3310 800 3364; x_wconf 68' lang='lat' dir='ltr'><strong>qua</strong></span> <span class='ocrx_word' id='word_1_497' title='bbox 848 3298 996 3352; x_wconf 86' lang='lat' dir='ltr'><strong>unxit</strong></span> <span class='ocrx_word' id='word_1_498' title='bbox 1024 3297 1304 3354; x_wconf 89' lang='lat' dir='ltr'><strong>Dominum</strong></span> <span class='ocrx_word' id='word_1_499' title='bbox 1335 3312 1628 3370; x_wconf 90' lang='lat' dir='ltr'><strong>unguento,</strong></span> <span class='ocrx_word' id='word_1_500' title='bbox 1667 3310 1723 3358; x_wconf 91' lang='lat' dir='ltr'><strong>et</strong></span> <span class='ocrx_word' id='word_1_501' title='bbox 1749 3304 1902 3358; x_wconf 89' lang='lat' dir='ltr'><strong>tersit</strong></span> <span class='ocrx_word' id='word_1_502' title='bbox 1928 3304 2090 3372; x_wconf 86' lang='lat' dir='ltr'><strong>pedes</strong></span> 
     </span>
    </p>
   </div>
   <div class='ocr_carea' id='block_1_66' title="bbox 545 3387 2088 3460">
    <p class='ocr_par' dir='ltr' id='par_1_66' title="bbox 545 3387 2088 3460">
     <span class='ocr_line' id='line_1_66' title="bbox 545 3387 2088 3460; baseline 0.006 -21"><span class='ocrx_word' id='word_1_503' title='bbox 545 3387 662 3452; x_wconf 86' lang='lat' dir='ltr'><strong>ejus</strong></span> <span class='ocrx_word' id='word_1_504' title='bbox 688 3387 893 3456; x_wconf 80' lang='lat' dir='ltr'><strong>capillis</strong></span> <span class='ocrx_word' id='word_1_505' title='bbox 921 3388 1054 3456; x_wconf 79' lang='lat' dir='ltr'><strong>suis,</strong></span> <span class='ocrx_word' id='word_1_506' title='bbox 1085 3388 1237 3460; x_wconf 85' lang='lat' dir='ltr'><strong>cujus</strong></span> <span class='ocrx_word' id='word_1_507' title='bbox 1263 3390 1426 3446; x_wconf 80' lang='lat' dir='ltr'><strong>frater</strong></span> <span class='ocrx_word' id='word_1_508' title='bbox 1453 3392 1680 3447; x_wconf 81' lang='lat' dir='ltr'><strong>Lazarus</strong></span> <span class='ocrx_word' id='word_1_509' title='bbox 1703 3393 2088 3448; x_wconf 85' lang='lat' dir='ltr'><strong>infirmabatur.</strong></span> 
     </span>
    </p>
   </div>
   <div class='ocr_carea' id='block_1_67' title="bbox 542 3477 2089 3556">
    <p class='ocr_par' dir='ltr' id='par_1_67' title="bbox 542 3477 2089 3556">
     <span class='ocr_line' id='line_1_67' title="bbox 542 3477 2089 3556; baseline 0.005 -25"><span class='ocrx_word' id='word_1_510' title='bbox 542 3477 650 3531; x_wconf 83' lang='lat' dir='ltr'><strong>lloc</strong></span> <span class='ocrx_word' id='word_1_511' title='bbox 695 3477 877 3531; x_wconf 88' lang='lat' dir='ltr'><strong>dicens</strong></span> <span class='ocrx_word' id='word_1_512' title='bbox 906 3479 1138 3535; x_wconf 86' lang='lat' dir='ltr'><strong>Joannes</strong></span> <span class='ocrx_word' id='word_1_513' title='bbox 1182 3489 1458 3537; x_wconf 85' lang='lat' dir='ltr'><strong>attestatur</strong></span> <span class='ocrx_word' id='word_1_514' title='bbox 1505 3483 1689 3549; x_wconf 74' lang='lat' dir='ltr'><strong>Luem,</strong></span> <span class='ocrx_word' id='word_1_515' title='bbox 1731 3485 1819 3554; x_wconf 90' lang='lat' dir='ltr'><strong>qui</strong></span> <span class='ocrx_word' id='word_1_516' title='bbox 1853 3484 1996 3556; x_wconf 89' lang='lat' dir='ltr'><strong>[hoc]</strong></span> <span class='ocrx_word' id='word_1_517' title='bbox 2039 3486 2089 3538; x_wconf 91' lang='lat' dir='ltr'><strong>in</strong></span> 
     </span>
    </p>
   </div>
   <div class='ocr_carea' id='block_1_68' title="bbox 543 3566 2093 3635">
    <p class='ocr_par' dir='ltr' id='par_1_68' title="bbox 543 3566 2093 3635">
     <span class='ocr_line' id='line_1_68' title="bbox 543 3566 2093 3635; baseline 0.003 -16"><span class='ocrx_word' id='word_1_518' title='bbox 543 3566 703 3620; x_wconf 87' lang='lat' dir='ltr'><strong>domo</strong></span> <span class='ocrx_word' id='word_1_519' title='bbox 731 3566 980 3620; x_wconf 74' lang='lat' dir='ltr'><strong>Pharismi</strong></span> <span class='ocrx_word' id='word_1_520' title='bbox 1003 3568 1276 3635; x_wconf 85' lang='lat' dir='ltr'><strong>cujusdam</strong></span> <span class='ocrx_word' id='word_1_521' title='bbox 1301 3569 1532 3624; x_wconf 85' lang='lat' dir='ltr'><strong>Simonis</strong></span> <span class='ocrx_word' id='word_1_522' title='bbox 1557 3573 1748 3625; x_wconf 84' lang='lat' dir='ltr'><strong>factum</strong></span> <span class='ocrx_word' id='word_1_523' title='bbox 1769 3586 1886 3626; x_wconf 91' lang='lat' dir='ltr'><strong>esse</strong></span> <span class='ocrx_word' id='word_1_524' title='bbox 1911 3587 2093 3626; x_wconf 86' lang='lat' dir='ltr'><strong>narra-</strong></span> 
     </span>
    </p>
   </div>
   <div class='ocr_carea' id='block_1_69' title="bbox 543 3655 2092 3728">
    <p class='ocr_par' dir='ltr' id='par_1_69' title="bbox 543 3655 2092 3728">
     <span class='ocr_line' id='line_1_69' title="bbox 543 3655 2092 3728; baseline 0.005 -19"><span class='ocrx_word' id='word_1_525' title='bbox 543 3659 635 3710; x_wconf 88' lang='lat' dir='ltr'><strong>vit.</strong></span> <span class='ocrx_word' id='word_1_526' title='bbox 679 3655 794 3711; x_wconf 88' lang='lat' dir='ltr'><strong>Jam</strong></span> <span class='ocrx_word' id='word_1_527' title='bbox 842 3656 999 3710; x_wconf 74' lang='lat' dir='ltr'><strong>Maria</strong></span> <span class='ocrx_word' id='word_1_528' title='bbox 1029 3657 1204 3727; x_wconf 72' lang='lat' dir='ltr'><strong>itaque</strong></span> <span class='ocrx_word' id='word_1_529' title='bbox 1252 3659 1354 3713; x_wconf 92' lang='lat' dir='ltr'><strong>hoe</strong></span> <span class='ocrx_word' id='word_1_530' title='bbox 1381 3659 1596 3714; x_wconf 89' lang='lat' dir='ltr'><strong>fecerat.</strong></span> <span class='ocrx_word' id='word_1_531' title='bbox 1637 3662 1788 3728; x_wconf 86' lang='lat' dir='ltr'><strong>Quod</strong></span> <span class='ocrx_word' id='word_1_532' title='bbox 1836 3672 2010 3716; x_wconf 86' lang='lat' dir='ltr'><strong>autem</strong></span> <span class='ocrx_word' id='word_1_533' title='bbox 2043 3663 2092 3717; x_wconf 92' lang='lat' dir='ltr'><strong>in</strong></span> 
     </span>
    </p>
   </div>
   <div class='ocr_carea' id='block_1_70' title="bbox 535 3745 2092 3818">
    <p class='ocr_par' dir='ltr' id='par_1_70' title="bbox 535 3745 2092 3818">
     <span class='ocr_line' id='line_1_70' title="bbox 535 3745 2092 3818; baseline 0.001 -18"><span class='ocrx_word' id='word_1_534' title='bbox 535 3745 795 3800; x_wconf 81' lang='lat' dir='ltr'><strong>Bethania</strong></span> <span class='ocrx_word' id='word_1_535' title='bbox 826 3761 1008 3800; x_wconf 87' lang='lat' dir='ltr'><strong>rursus</strong></span> <span class='ocrx_word' id='word_1_536' title='bbox 1033 3746 1159 3801; x_wconf 89' lang='lat' dir='ltr'><strong>fecit</strong></span> <span class='ocrx_word' id='word_1_537' title='bbox 1183 3747 1322 3802; x_wconf 89' lang='lat' dir='ltr'><strong>aliud</strong></span> <span class='ocrx_word' id='word_1_538' title='bbox 1352 3759 1455 3812; x_wconf 89' lang='lat' dir='ltr'><strong>est,</strong></span> <span class='ocrx_word' id='word_1_539' title='bbox 1486 3749 1626 3818; x_wconf 92' lang='lat' dir='ltr'><strong>quod</strong></span> <span class='ocrx_word' id='word_1_540' title='bbox 1672 3750 1736 3803; x_wconf 88' lang='lat' dir='ltr'><strong>ad</strong></span> <span class='ocrx_word' id='word_1_541' title='bbox 1770 3749 1924 3804; x_wconf 69' lang='lat' dir='ltr'><strong>Luca:</strong></span> <span class='ocrx_word' id='word_1_542' title='bbox 1968 3766 2092 3804; x_wconf 82' lang='lat' dir='ltr'><strong>nar-</strong></span> 
     </span>
    </p>
   </div>
   <div class='ocr_carea' id='block_1_71' title="bbox 543 3837 2089 3908">
    <p class='ocr_par' dir='ltr' id='par_1_71' title="bbox 543 3837 2089 3908">
     <span class='ocr_line' id='line_1_71' title="bbox 543 3837 2089 3908; baseline 0.003 -18"><span class='ocrx_word' id='word_1_543' title='bbox 543 3837 799 3890; x_wconf 85' lang='lat' dir='ltr'><strong>rationem</strong></span> <span class='ocrx_word' id='word_1_544' title='bbox 829 3849 932 3889; x_wconf 91' lang='lat' dir='ltr'><strong>non</strong></span> <span class='ocrx_word' id='word_1_545' title='bbox 964 3837 1211 3904; x_wconf 85' lang='lat' dir='ltr'><strong>pertinet,</strong></span> <span class='ocrx_word' id='word_1_546' title='bbox 1241 3839 1333 3893; x_wconf 91' lang='lat' dir='ltr'><strong>sed</strong></span> <span class='ocrx_word' id='word_1_547' title='bbox 1359 3840 1558 3908; x_wconf 88' lang='lat' dir='ltr'><strong>pariter</strong></span> <span class='ocrx_word' id='word_1_548' title='bbox 1577 3850 1821 3894; x_wconf 85' lang='lat' dir='ltr'><strong>narratur</strong></span> <span class='ocrx_word' id='word_1_549' title='bbox 1848 3857 1877 3895; x_wconf 94' lang='lat' dir='ltr'><strong>a</strong></span> <span class='ocrx_word' id='word_1_550' title='bbox 1903 3842 2089 3906; x_wconf 87' lang='lat' dir='ltr'><strong>tribus,</strong></span> 
     </span>
    </p>
   </div>
   <div class='ocr_carea' id='block_1_72' title="bbox 477 3925 2092 3998">
    <p class='ocr_par' dir='ltr' id='par_1_72' title="bbox 477 3925 2092 3998">
     <span class='ocr_line' id='line_1_72' title="bbox 477 3925 2092 3998; baseline 0.004 -19"><span class='ocrx_word' id='word_1_551' title='bbox 477 3943 485 3949; x_wconf 83' lang='lat'><strong>&#39;</strong></span> <span class='ocrx_word' id='word_1_552' title='bbox 541 3926 744 3980; x_wconf 79' lang='lat' dir='ltr'><strong>Joanne</strong></span> <span class='ocrx_word' id='word_1_553' title='bbox 765 3926 984 3990; x_wconf 90' lang='lat' dir='ltr'><strong>scilicet,</strong></span> <span class='ocrx_word' id='word_1_554' title='bbox 1005 3925 1270 3993; x_wconf 68' lang='lat' dir='ltr'><strong>Ilattbato,</strong></span> <span class='ocrx_word' id='word_1_555' title='bbox 1289 3928 1486 3983; x_wconf 76' lang='lat' dir='ltr'><strong>Marco.</strong></span> <span class='ocrx_word' id='word_1_556' title='bbox 1506 3929 1647 3984; x_wconf 87' lang='lat' dir='ltr'><strong>Inter</strong></span> <span class='ocrx_word' id='word_1_557' title='bbox 1665 3930 1792 3984; x_wconf 86' lang='lat' dir='ltr'><strong>istos</strong></span> <span class='ocrx_word' id='word_1_558' title='bbox 1815 3931 1971 3998; x_wconf 89' lang='lat' dir='ltr'><strong>igitur</strong></span> <span class='ocrx_word' id='word_1_559' title='bbox 1985 3943 2092 3986; x_wconf 90' lang='lat' dir='ltr'><strong>tres</strong></span> 
     </span>
    </p>
   </div>
   <div class='ocr_carea' id='block_1_73' title="bbox 541 4014 2093 4088">
    <p class='ocr_par' dir='ltr' id='par_1_73' title="bbox 541 4014 2093 4088">
     <span class='ocr_line' id='line_1_73' title="bbox 541 4014 2093 4088; baseline 0.005 -20"><span class='ocrx_word' id='word_1_560' title='bbox 541 4014 862 4082; x_wconf 71' lang='lat' dir='ltr'><strong>Nattlneum,</strong></span> <span class='ocrx_word' id='word_1_561' title='bbox 895 4015 1124 4068; x_wconf 71' lang='lat' dir='ltr'><strong>Marcum</strong></span> <span class='ocrx_word' id='word_1_562' title='bbox 1149 4025 1203 4070; x_wconf 92' lang='lat' dir='ltr'><strong>et</strong></span> <span class='ocrx_word' id='word_1_563' title='bbox 1221 4017 1478 4072; x_wconf 89' lang='lat' dir='ltr'><strong>Joannem</strong></span> <span class='ocrx_word' id='word_1_564' title='bbox 1514 4019 1811 4088; x_wconf 71' lang='lat' dir='ltr'><strong>quemadmv</strong></span> <span class='ocrx_word' id='word_1_565' title='bbox 1833 4019 1960 4073; x_wconf 91' lang='lat' dir='ltr'><strong>dum</strong></span> <span class='ocrx_word' id='word_1_566' title='bbox 1991 4021 2093 4076; x_wconf 90' lang='lat' dir='ltr'><strong>hoc</strong></span> 
     </span>
    </p>
   </div>
   <div class='ocr_carea' id='block_1_74' title="bbox 533 4103 2087 4177">
    <p class='ocr_par' dir='ltr' id='par_1_74' title="bbox 533 4103 2087 4177">
     <span class='ocr_line' id='line_1_74' title="bbox 533 4103 2087 4177; baseline 0.002 -19"><span class='ocrx_word' id='word_1_567' title='bbox 533 4106 822 4158; x_wconf 83' lang='lat' dir='ltr'><strong>conveniat</strong></span> <span class='ocrx_word' id='word_1_568' title='bbox 848 4103 1201 4170; x_wconf 87' lang='lat' dir='ltr'><strong>attendamus,</strong></span> <span class='ocrx_word' id='word_1_569' title='bbox 1240 4105 1308 4160; x_wconf 91' lang='lat' dir='ltr'><strong>de</strong></span> <span class='ocrx_word' id='word_1_570' title='bbox 1332 4105 1520 4174; x_wconf 85' lang='lat' dir='ltr'><strong>quibus</strong></span> <span class='ocrx_word' id='word_1_571' title='bbox 1565 4122 1669 4161; x_wconf 92' lang='lat' dir='ltr'><strong>non</strong></span> <span class='ocrx_word' id='word_1_572' title='bbox 1692 4106 1815 4177; x_wconf 77' lang='lat' dir='ltr'><strong>[est]</strong></span> <span class='ocrx_word' id='word_1_573' title='bbox 1849 4107 2087 4173; x_wconf 91' lang='lat' dir='ltr'><strong>dubium,</strong></span> 
     </span>
    </p>
   </div>
   <div class='ocr_carea' id='block_1_75' title="bbox 538 4197 2090 4266">
    <p class='ocr_par' dir='ltr' id='par_1_75' title="bbox 538 4197 2090 4266">
     <span class='ocr_line' id='line_1_75' title="bbox 538 4197 2090 4266; baseline 0.003 -18"><span class='ocrx_word' id='word_1_574' title='bbox 538 4197 679 4263; x_wconf 84' lang='lat' dir='ltr'><strong>quod</strong></span> <span class='ocrx_word' id='word_1_575' title='bbox 702 4198 940 4251; x_wconf 74' lang='lat' dir='ltr'><strong>eamdem</strong></span> <span class='ocrx_word' id='word_1_576' title='bbox 971 4211 1082 4250; x_wconf 90' lang='lat' dir='ltr'><strong>rem</strong></span> <span class='ocrx_word' id='word_1_577' title='bbox 1112 4206 1328 4250; x_wconf 68' lang='lat' dir='ltr'><strong>narrant</strong></span> <span class='ocrx_word' id='word_1_578' title='bbox 1360 4208 1559 4266; x_wconf 86' lang='lat' dir='ltr'><strong>gestam</strong></span> <span class='ocrx_word' id='word_1_579' title='bbox 1596 4199 1646 4252; x_wconf 93' lang='lat' dir='ltr'><strong>in</strong></span> <span class='ocrx_word' id='word_1_580' title='bbox 1685 4197 1959 4264; x_wconf 77' lang='lat' dir='ltr'><strong>Bethania,</strong></span> <span class='ocrx_word' id='word_1_581' title='bbox 2003 4199 2090 4252; x_wconf 89' lang='lat' dir='ltr'><strong>ubi</strong></span> 
     </span>
    </p>
   </div>
   <div class='ocr_carea' id='block_1_76' title="bbox 541 4283 2093 4352">
    <p class='ocr_par' dir='ltr' id='par_1_76' title="bbox 541 4283 2093 4352">
     <span class='ocr_line' id='line_1_76' title="bbox 541 4283 2093 4352; baseline 0.003 -17"><span class='ocrx_word' id='word_1_582' title='bbox 541 4286 698 4335; x_wconf 88' lang='lat' dir='ltr'><strong>etiam</strong></span> <span class='ocrx_word' id='word_1_583' title='bbox 755 4283 1034 4350; x_wconf 88' lang='lat' dir='ltr'><strong>discipuli,</strong></span> <span class='ocrx_word' id='word_1_584' title='bbox 1082 4283 1221 4352; x_wconf 89' lang='lat' dir='ltr'><strong>quod</strong></span> <span class='ocrx_word' id='word_1_585' title='bbox 1264 4299 1450 4338; x_wconf 88' lang='lat' dir='ltr'><strong>omnes</strong></span> <span class='ocrx_word' id='word_1_586' title='bbox 1514 4292 1621 4338; x_wconf 86' lang='lat' dir='ltr'><strong>tres</strong></span> <span class='ocrx_word' id='word_1_587' title='bbox 1673 4296 2093 4340; x_wconf 78' lang='lat' dir='ltr'><strong>commemorant</strong></span> 
     </span>
    </p>
   </div>
   <div class='ocr_carea' id='block_1_77' title="bbox 2194 3130 2966 3187">
    <p class='ocr_par' dir='ltr' id='par_1_77' title="bbox 2194 3130 2966 3187">
     <span class='ocr_line' id='line_1_77' title="bbox 2194 3130 2966 3187; baseline -0.003 -1"><span class='ocrx_word' id='word_1_588' title='bbox 2194 3147 2313 3187; x_wconf 89' lang='lat' dir='ltr'><strong>nem</strong></span> <span class='ocrx_word' id='word_1_589' title='bbox 2340 3131 2564 3186; x_wconf 81' lang='lat' dir='ltr'><strong>credidit</strong></span> <span class='ocrx_word' id='word_1_590' title='bbox 2595 3130 2966 3184; x_wconf 71' lang='lat' dir='ltr'><strong>intimandum.</strong></span> 
     </span>
    </p>
   </div>
   <div class='ocr_carea' id='block_1_78' title="bbox 2717 3232 3223 3296">
    <p class='ocr_par' dir='ltr' id='par_1_78' title="bbox 2717 3232 3223 3296">
     <span class='ocr_line' id='line_1_78' title="bbox 2717 3232 3223 3296; baseline -0.004 -2"><span class='ocrx_word' id='word_1_591' title='bbox 2717 3232 2940 3296; x_wconf 74' lang='lat' dir='ltr'><strong>CAPUT</strong></span> <span class='ocrx_word' id='word_1_592' title='bbox 2971 3240 3223 3295; x_wconf 73' lang='lat' dir='ltr'><strong>CLXXII.</strong></span> 
     </span>
    </p>
   </div>
   <div class='ocr_carea' id='block_1_79' title="bbox 2194 3323 3705 3399">
    <p class='ocr_par' dir='ltr' id='par_1_79' title="bbox 2194 3323 3705 3399">
     <span class='ocr_line' id='line_1_79' title="bbox 2194 3323 3705 3399; baseline -0.01 -15"><span class='ocrx_word' id='word_1_593' title='bbox 2194 3332 2270 3386; x_wconf 80' lang='lat' dir='ltr'><strong>De</strong></span> <span class='ocrx_word' id='word_1_594' title='bbox 2295 3332 2420 3384; x_wconf 76' lang='lat' dir='ltr'><strong>hora</strong></span> <span class='ocrx_word' id='word_1_595' title='bbox 2455 3330 2738 3385; x_wconf 78' lang='lat' dir='ltr'><strong>Dominirte</strong></span> <span class='ocrx_word' id='word_1_596' title='bbox 2767 3331 3036 3399; x_wconf 73' lang='lat' dir='ltr'><strong>passionis,</strong></span> <span class='ocrx_word' id='word_1_597' title='bbox 3058 3331 3359 3399; x_wconf 67' lang='lat' dir='ltr'><strong>quernodmo</strong></span> <span class='ocrx_word' id='word_1_598' title='bbox 3380 3329 3474 3379; x_wconf 62' lang='lat' dir='ltr'><strong>tam</strong></span> <span class='ocrx_word' id='word_1_599' title='bbox 3495 3323 3705 3399; x_wconf 62' lang='lat' dir='ltr'><strong>nosinter</strong></span> 
     </span>
    </p>
   </div>
   <div class='ocr_carea' id='block_1_80' title="bbox 2261 3390 3703 3467">
    <p class='ocr_par' dir='ltr' id='par_1_80' title="bbox 2261 3390 3703 3467">
     <span class='ocr_line' id='line_1_80' title="bbox 2261 3390 3703 3467; baseline -0.009 -13"><span class='ocrx_word' id='word_1_600' title='bbox 2261 3419 2312 3454; x_wconf 80' lang='lat' dir='ltr'><strong>se</strong></span> <span class='ocrx_word' id='word_1_601' title='bbox 2351 3403 2648 3454; x_wconf 80' lang='lat' dir='ltr'><strong>dissentiant</strong></span> <span class='ocrx_word' id='word_1_602' title='bbox 2677 3390 2881 3452; x_wconf 72' lang='lat' dir='ltr'><strong>Marcus</strong></span> <span class='ocrx_word' id='word_1_603' title='bbox 2903 3401 2988 3467; x_wconf 79' lang='lat' dir='ltr'><strong>qui</strong></span> <span class='ocrx_word' id='word_1_604' title='bbox 3017 3390 3157 3460; x_wconf 70' lang='lat' dir='ltr'><strong>dicit,</strong></span> <span class='ocrx_word' id='word_1_605' title='bbox 3184 3399 3310 3450; x_wconf 77' lang='lat' dir='ltr'><strong>liora</strong></span> <span class='ocrx_word' id='word_1_606' title='bbox 3339 3399 3494 3455; x_wconf 78' lang='lat' dir='ltr'><strong>tertia,</strong></span> <span class='ocrx_word' id='word_1_607' title='bbox 3513 3406 3551 3467; x_wconf 78' lang='lat' dir='ltr'><strong>et</strong></span> <span class='ocrx_word' id='word_1_608' title='bbox 3570 3390 3703 3467; x_wconf 72' lang='lat' dir='ltr'><strong>loca-</strong></span> 
     </span>
    </p>
   </div>
   <div class='ocr_carea' id='block_1_81' title="bbox 2262 3464 3702 3539">
    <p class='ocr_par' dir='ltr' id='par_1_81' title="bbox 2262 3464 3702 3539">
     <span class='ocr_line' id='line_1_81' title="bbox 2262 3464 3702 3539; baseline -0.01 -15"><span class='ocrx_word' id='word_1_609' title='bbox 2262 3488 2348 3524; x_wconf 84' lang='lat' dir='ltr'><strong>nes</strong></span> <span class='ocrx_word' id='word_1_610' title='bbox 2374 3475 2458 3539; x_wconf 85' lang='lat' dir='ltr'><strong>qui</strong></span> <span class='ocrx_word' id='word_1_611' title='bbox 2493 3473 2559 3523; x_wconf 66' lang='lat' dir='ltr'><strong>dic</strong></span> <span class='ocrx_word' id='word_1_612' title='bbox 2577 3473 2638 3532; x_wconf 89' lang='lat' dir='ltr'><strong>it,</strong></span> <span class='ocrx_word' id='word_1_613' title='bbox 2670 3472 2794 3522; x_wconf 84' lang='lat' dir='ltr'><strong>hora</strong></span> <span class='ocrx_word' id='word_1_614' title='bbox 2823 3464 2966 3539; x_wconf 73' lang='lat' dir='ltr'><strong>quasi</strong></span> <span class='ocrx_word' id='word_1_615' title='bbox 3006 3479 3166 3539; x_wconf 67' lang='lat' dir='ltr'><strong>sexta,</strong></span> <span class='ocrx_word' id='word_1_616' title='bbox 3208 3484 3271 3521; x_wconf 80' lang='lat' dir='ltr'><strong>ea:</strong></span> <span class='ocrx_word' id='word_1_617' title='bbox 3301 3469 3423 3519; x_wconf 80' lang='lat' dir='ltr'><strong>libro</strong></span> <span class='ocrx_word' id='word_1_618' title='bbox 3453 3481 3500 3518; x_wconf 88' lang='lat' dir='ltr'><strong>Ill</strong></span> <span class='ocrx_word' id='word_1_619' title='bbox 3524 3465 3575 3514; x_wconf 75' lang='lat' dir='ltr'><strong>de</strong></span> <span class='ocrx_word' id='word_1_620' title='bbox 3594 3464 3702 3510; x_wconf 72' lang='lat' dir='ltr'><strong>Lon-</strong></span> 
     </span>
    </p>
   </div>
   <div class='ocr_carea' id='block_1_82' title="bbox 2262 3537 3200 3608">
    <p class='ocr_par' dir='ltr' id='par_1_82' title="bbox 2262 3537 3200 3608">
     <span class='ocr_line' id='line_1_82' title="bbox 2262 3537 3200 3608; baseline -0.003 -16"><span class='ocrx_word' id='word_1_621' title='bbox 2262 3537 2410 3593; x_wconf 79' lang='lat' dir='ltr'><strong>sensn</strong></span> <span class='ocrx_word' id='word_1_622' title='bbox 2434 3541 2875 3608; x_wconf 82' lang='lat' dir='ltr'><strong>evongelistarum,</strong></span> <span class='ocrx_word' id='word_1_623' title='bbox 2912 3537 3060 3589; x_wconf 84' lang='lat' dir='ltr'><strong>titulo</strong></span> <span class='ocrx_word' id='word_1_624' title='bbox 3087 3552 3200 3589; x_wconf 85' lang='lat' dir='ltr'><strong>xnt.</strong></span> 
     </span>
    </p>
   </div>
   <div class='ocr_carea' id='block_1_83' title="bbox 2262 3635 3702 3721">
    <p class='ocr_par' dir='ltr' id='par_1_83' title="bbox 2262 3635 3702 3721">
     <span class='ocr_line' id='line_1_83' title="bbox 2262 3635 3702 3721; baseline -0.008 -19"><span class='ocrx_word' id='word_1_625' title='bbox 2262 3649 2316 3702; x_wconf 89' lang='lat' dir='ltr'><strong>Si</strong></span> <span class='ocrx_word' id='word_1_626' title='bbox 2349 3649 2506 3717; x_wconf 83' lang='lat' dir='ltr'><strong>igitur</strong></span> <span class='ocrx_word' id='word_1_627' title='bbox 2532 3648 2660 3721; x_wconf 85' lang='lat' dir='ltr'><strong>hora</strong></span> <span class='ocrx_word' id='word_1_628' title='bbox 2693 3647 2842 3716; x_wconf 87' lang='lat' dir='ltr'><strong>quasi</strong></span> <span class='ocrx_word' id='word_1_629' title='bbox 2871 3655 3046 3709; x_wconf 86' lang='lat' dir='ltr'><strong>sexta,</strong></span> <span class='ocrx_word' id='word_1_630' title='bbox 3079 3645 3250 3698; x_wconf 85' lang='lat' dir='ltr'><strong>Pilato</strong></span> <span class='ocrx_word' id='word_1_631' title='bbox 3279 3644 3486 3698; x_wconf 88' lang='lat' dir='ltr'><strong>scdente</strong></span> <span class='ocrx_word' id='word_1_632' title='bbox 3514 3653 3593 3708; x_wconf 70' lang='lat' dir='ltr'><strong>pro</strong></span> <span class='ocrx_word' id='word_1_633' title='bbox 3627 3635 3702 3689; x_wconf 84' lang='lat' dir='ltr'><strong>Iri-</strong></span> 
     </span>
    </p>
   </div>
   <div class='ocr_carea' id='block_1_84' title="bbox 2195 3726 3707 3804">
    <p class='ocr_par' dir='ltr' id='par_1_84' title="bbox 2195 3726 3707 3804">
     <span class='ocr_line' id='line_1_84' title="bbox 2195 3726 3707 3804; baseline -0.01 -13"><span class='ocrx_word' id='word_1_634' title='bbox 2195 3738 2396 3804; x_wconf 88' lang='lat' dir='ltr'><strong>bunali,</strong></span> <span class='ocrx_word' id='word_1_635' title='bbox 2434 3736 2658 3790; x_wconf 91' lang='lat' dir='ltr'><strong>traditus</strong></span> <span class='ocrx_word' id='word_1_636' title='bbox 2688 3745 2766 3789; x_wconf 88' lang='lat' dir='ltr'><strong>est</strong></span> <span class='ocrx_word' id='word_1_637' title='bbox 2811 3733 3204 3802; x_wconf 84' lang='lat' dir='ltr'><strong>crucifigendus</strong></span> <span class='ocrx_word' id='word_1_638' title='bbox 3243 3733 3454 3794; x_wconf 65' lang='lat' dir='ltr'><strong>Judmis,</strong></span> <span class='ocrx_word' id='word_1_639' title='bbox 3482 3726 3707 3799; x_wconf 81' lang='lat' dir='ltr'><strong>quomodo</strong></span> 
     </span>
    </p>
   </div>
   <div class='ocr_carea' id='block_1_85' title="bbox 2194 3816 3708 3890">
    <p class='ocr_par' dir='ltr' id='par_1_85' title="bbox 2194 3816 3708 3890">
     <span class='ocr_line' id='line_1_85' title="bbox 2194 3816 3708 3890; baseline -0.011 -9"><span class='ocrx_word' id='word_1_640' title='bbox 2194 3828 2323 3882; x_wconf 90' lang='lat' dir='ltr'><strong>hora</strong></span> <span class='ocrx_word' id='word_1_641' title='bbox 2355 3828 2510 3881; x_wconf 76' lang='lat' dir='ltr'><strong>tertia</strong></span> <span class='ocrx_word' id='word_1_642' title='bbox 2531 3825 2819 3880; x_wconf 84' lang='lat' dir='ltr'><strong>crucifixus</strong></span> <span class='ocrx_word' id='word_1_643' title='bbox 2846 3834 2948 3890; x_wconf 89' lang='lat' dir='ltr'><strong>est,</strong></span> <span class='ocrx_word' id='word_1_644' title='bbox 2979 3825 3116 3877; x_wconf 87' lang='lat' dir='ltr'><strong>sicut</strong></span> <span class='ocrx_word' id='word_1_645' title='bbox 3156 3824 3314 3878; x_wconf 90' lang='lat' dir='ltr'><strong>verba</strong></span> <span class='ocrx_word' id='word_1_646' title='bbox 3357 3821 3502 3875; x_wconf 73' lang='lat' dir='ltr'><strong>Marci</strong></span> <span class='ocrx_word' id='word_1_647' title='bbox 3526 3816 3708 3886; x_wconf 86' lang='lat' dir='ltr'><strong>quidam</strong></span> 
     </span>
    </p>
   </div>
   <div class='ocr_carea' id='block_1_86' title="bbox 2193 3911 3709 3987">
    <p class='ocr_par' dir='ltr' id='par_1_86' title="bbox 2193 3911 3709 3987">
     <span class='ocr_line' id='line_1_86' title="bbox 2193 3911 3709 3987; baseline -0.008 -13"><span class='ocrx_word' id='word_1_648' title='bbox 2193 3935 2300 3974; x_wconf 91' lang='lat' dir='ltr'><strong>non</strong></span> <span class='ocrx_word' id='word_1_649' title='bbox 2330 3918 2692 3987; x_wconf 88' lang='lat' dir='ltr'><strong>intelligentes</strong></span> <span class='ocrx_word' id='word_1_650' title='bbox 2720 3918 3070 3986; x_wconf 80' lang='lat' dir='ltr'><strong>putaverunt?</strong></span> <span class='ocrx_word' id='word_1_651' title='bbox 3119 3916 3270 3970; x_wconf 89' lang='lat' dir='ltr'><strong>Prius</strong></span> <span class='ocrx_word' id='word_1_652' title='bbox 3309 3916 3443 3968; x_wconf 90' lang='lat' dir='ltr'><strong>enim</strong></span> <span class='ocrx_word' id='word_1_653' title='bbox 3469 3929 3560 3980; x_wconf 85' lang='lat' dir='ltr'><strong>qua</strong></span> <span class='ocrx_word' id='word_1_654' title='bbox 3599 3911 3709 3963; x_wconf 80' lang='lat' dir='ltr'><strong>liora</strong></span> 
     </span>
    </p>
   </div>
   <div class='ocr_carea' id='block_1_87' title="bbox 2191 4005 3713 4078">
    <p class='ocr_par' dir='ltr' id='par_1_87' title="bbox 2191 4005 3713 4078">
     <span class='ocr_line' id='line_1_87' title="bbox 2191 4005 3713 4078; baseline -0.011 -15"><span class='ocrx_word' id='word_1_655' title='bbox 2191 4008 2428 4078; x_wconf 81' lang='lat' dir='ltr'><strong>eruciﬁgi</strong></span> <span class='ocrx_word' id='word_1_656' title='bbox 2464 4007 2698 4076; x_wconf 90' lang='lat' dir='ltr'><strong>potuerit</strong></span> <span class='ocrx_word' id='word_1_657' title='bbox 2734 4007 3043 4069; x_wconf 84' lang='lat' dir='ltr'><strong>videamus;</strong></span> <span class='ocrx_word' id='word_1_658' title='bbox 3092 4005 3289 4062; x_wconf 88' lang='lat' dir='ltr'><strong>deinde</strong></span> <span class='ocrx_word' id='word_1_659' title='bbox 3331 4005 3599 4057; x_wconf 75' lang='lat' dir='ltr'><strong>videbimus</strong></span> <span class='ocrx_word' id='word_1_660' title='bbox 3631 4011 3713 4051; x_wconf 87' lang='lat' dir='ltr'><strong>cur</strong></span> 
     </span>
    </p>
   </div>
   <div class='ocr_carea' id='block_1_88' title="bbox 2192 4087 3714 4154">
    <p class='ocr_par' dir='ltr' id='par_1_88' title="bbox 2192 4087 3714 4154">
     <span class='ocr_line' id='line_1_88' title="bbox 2192 4087 3714 4154; baseline -0.005 -4"><span class='ocrx_word' id='word_1_661' title='bbox 2192 4098 2319 4152; x_wconf 88' lang='lat' dir='ltr'><strong>hora</strong></span> <span class='ocrx_word' id='word_1_662' title='bbox 2345 4098 2501 4152; x_wconf 86' lang='lat' dir='ltr'><strong>tertia</strong></span> <span class='ocrx_word' id='word_1_663' title='bbox 2523 4096 2834 4152; x_wconf 88' lang='lat' dir='ltr'><strong>crucifixum</strong></span> <span class='ocrx_word' id='word_1_664' title='bbox 2863 4095 3002 4149; x_wconf 91' lang='lat' dir='ltr'><strong>dixit</strong></span> <span class='ocrx_word' id='word_1_665' title='bbox 3024 4095 3232 4148; x_wconf 76' lang='lat' dir='ltr'><strong>Marcus</strong></span> <span class='ocrx_word' id='word_1_666' title='bbox 3263 4111 3278 4148; x_wconf 91' lang='lat'><strong>:</strong></span> <span class='ocrx_word' id='word_1_667' title='bbox 3310 4093 3444 4146; x_wconf 84' lang='lat' dir='ltr'><strong>liora</strong></span> <span class='ocrx_word' id='word_1_668' title='bbox 3464 4101 3566 4144; x_wconf 90' lang='lat' dir='ltr'><strong>erat</strong></span> <span class='ocrx_word' id='word_1_669' title='bbox 3585 4087 3714 4154; x_wconf 83' lang='lat' dir='ltr'><strong>quasi</strong></span> 
     </span>
    </p>
   </div>
   <div class='ocr_carea' id='block_1_89' title="bbox 2190 4178 3717 4254">
    <p class='ocr_par' dir='ltr' id='par_1_89' title="bbox 2190 4178 3717 4254">
     <span class='ocr_line' id='line_1_89' title="bbox 2190 4178 3717 4254; baseline -0.01 -11"><span class='ocrx_word' id='word_1_670' title='bbox 2190 4197 2360 4254; x_wconf 85' lang='lat' dir='ltr'><strong>sexta,</strong></span> <span class='ocrx_word' id='word_1_671' title='bbox 2384 4203 2504 4243; x_wconf 91' lang='lat' dir='ltr'><strong>cum</strong></span> <span class='ocrx_word' id='word_1_672' title='bbox 2537 4187 2762 4242; x_wconf 90' lang='lat' dir='ltr'><strong>traditus</strong></span> <span class='ocrx_word' id='word_1_673' title='bbox 2788 4195 2873 4240; x_wconf 90' lang='lat' dir='ltr'><strong>est</strong></span> <span class='ocrx_word' id='word_1_674' title='bbox 2899 4184 3310 4254; x_wconf 79' lang='lat' dir='ltr'><strong>cruciﬁgendus,</strong></span> <span class='ocrx_word' id='word_1_675' title='bbox 3342 4184 3503 4238; x_wconf 78' lang='lat' dir='ltr'><strong>Pilato</strong></span> <span class='ocrx_word' id='word_1_676' title='bbox 3522 4178 3717 4234; x_wconf 78' lang='lat' dir='ltr'><strong>sedente</strong></span> 
     </span>
    </p>
   </div>
   <div class='ocr_carea' id='block_1_90' title="bbox 2192 4281 3714 4354">
    <p class='ocr_par' dir='ltr' id='par_1_90' title="bbox 2192 4281 3714 4354">
     <span class='ocr_line' id='line_1_90' title="bbox 2192 4281 3714 4354; baseline -0.009 -17"><span class='ocrx_word' id='word_1_677' title='bbox 2192 4286 2270 4354; x_wconf 90' lang='lat' dir='ltr'><strong>(ut</strong></span> <span class='ocrx_word' id='word_1_678' title='bbox 2299 4285 2497 4340; x_wconf 89' lang='lat' dir='ltr'><strong>dictum</strong></span> <span class='ocrx_word' id='word_1_679' title='bbox 2526 4285 2632 4354; x_wconf 83' lang='lat' dir='ltr'><strong>est)</strong></span> <span class='ocrx_word' id='word_1_680' title='bbox 2663 4300 2759 4353; x_wconf 90' lang='lat' dir='ltr'><strong>pro</strong></span> <span class='ocrx_word' id='word_1_681' title='bbox 2792 4283 3062 4338; x_wconf 87' lang='lat' dir='ltr'><strong>tribunali.</strong></span> <span class='ocrx_word' id='word_1_682' title='bbox 3097 4281 3211 4336; x_wconf 80' lang='lat' dir='ltr'><strong>Non</strong></span> <span class='ocrx_word' id='word_1_683' title='bbox 3241 4285 3381 4336; x_wconf 85' lang='lat' dir='ltr'><strong>enim</strong></span> <span class='ocrx_word' id='word_1_684' title='bbox 3410 4281 3548 4347; x_wconf 88' lang='lat' dir='ltr'><strong>plena</strong></span> <span class='ocrx_word' id='word_1_685' title='bbox 3584 4283 3714 4328; x_wconf 85' lang='lat' dir='ltr'><strong>sexta</strong></span> 
     </span>
    </p>
   </div>
   <div class='ocr_carea' id='block_1_91' title="bbox 543 4364 3715 4460">
    <p class='ocr_par' dir='ltr' id='par_1_91' title="bbox 543 4364 3715 4460">
     <span class='ocr_line' id='line_1_91' title="bbox 543 4364 3715 4460; baseline -0.004 -34"><span class='ocrx_word' id='word_1_686' title='bbox 543 4383 1004 4427; x_wconf 84' lang='lat' dir='ltr'><strong>murmuravernnt</strong></span> <span class='ocrx_word' id='word_1_687' title='bbox 1056 4374 1310 4428; x_wconf 70' lang='lat' dir='ltr'><strong>adversus</strong></span> <span class='ocrx_word' id='word_1_688' title='bbox 1356 4375 1633 4429; x_wconf 87' lang='lat' dir='ltr'><strong>mulierem</strong></span> <span class='ocrx_word' id='word_1_689' title='bbox 1657 4414 1674 4439; x_wconf 93' lang='lat'><strong>,</strong></span> <span class='ocrx_word' id='word_1_690' title='bbox 1727 4385 1972 4444; x_wconf 81' lang='lat' dir='ltr'><strong>tanquam</strong></span> <span class='ocrx_word' id='word_1_691' title='bbox 2019 4379 2086 4433; x_wconf 93' lang='lat' dir='ltr'><strong>de</strong></span> <span class='ocrx_word' id='word_1_692' title='bbox 2117 4401 2165 4460; x_wconf 73' lang='grc' dir='ltr'>υ</span> <span class='ocrx_word' id='word_1_693' title='bbox 2190 4382 2325 4437; x_wconf 84' lang='lat' dir='ltr'><strong>erat,</strong></span> <span class='ocrx_word' id='word_1_694' title='bbox 2359 4374 2451 4428; x_wconf 86' lang='lat' dir='ltr'><strong>sed</strong></span> <span class='ocrx_word' id='word_1_695' title='bbox 2483 4375 2629 4443; x_wconf 88' lang='lat' dir='ltr'><strong>quasi</strong></span> <span class='ocrx_word' id='word_1_696' title='bbox 2655 4383 2831 4437; x_wconf 84' lang='lat' dir='ltr'><strong>sexta,</strong></span> <span class='ocrx_word' id='word_1_697' title='bbox 2869 4373 2920 4426; x_wconf 91' lang='lat' dir='ltr'><strong>id</strong></span> <span class='ocrx_word' id='word_1_698' title='bbox 2951 4383 3034 4428; x_wconf 89' lang='lat' dir='ltr'><strong>est</strong></span> <span class='ocrx_word' id='word_1_699' title='bbox 3065 4381 3275 4441; x_wconf 89' lang='lat' dir='ltr'><strong>peracta</strong></span> <span class='ocrx_word' id='word_1_700' title='bbox 3319 4372 3510 4439; x_wconf 82' lang='lat' dir='ltr'><strong>quinta.</strong></span> <span class='ocrx_word' id='word_1_701' title='bbox 3538 4375 3588 4420; x_wconf 87' lang='lat' dir='ltr'><strong>et</strong></span> <span class='ocrx_word' id='word_1_702' title='bbox 3627 4364 3715 4414; x_wconf 80' lang='lat' dir='ltr'><strong>ali-</strong></span> 
     </span>
    </p>
   </div>
   <div class='ocr_carea' id='block_1_92' title="bbox 533 4463 2085 4533">
    <p class='ocr_par' dir='ltr' id='par_1_92' title="bbox 533 4463 2085 4533">
     <span class='ocr_line' id='line_1_92' title="bbox 533 4463 2085 4533; baseline 0.006 -23"><span class='ocrx_word' id='word_1_703' title='bbox 533 4463 842 4531; x_wconf 71' lang='lat' dir='ltr'><strong>perditione</strong></span> <span class='ocrx_word' id='word_1_704' title='bbox 888 4463 1255 4528; x_wconf 70' lang='lat' dir='ltr'><strong>pretiosissimi</strong></span> <span class='ocrx_word' id='word_1_705' title='bbox 1299 4464 1572 4531; x_wconf 85' lang='lat' dir='ltr'><strong>unguenti.</strong></span> <span class='ocrx_word' id='word_1_706' title='bbox 1608 4463 1755 4528; x_wconf 86' lang='lat' dir='ltr'><strong>Quod</strong></span> <span class='ocrx_word' id='word_1_707' title='bbox 1797 4479 1923 4533; x_wconf 79' lang='lat' dir='ltr'><strong>ergo</strong></span> <span class='ocrx_word' id='word_1_708' title='bbox 1952 4466 2085 4519; x_wconf 77' lang='lat' dir='ltr'><strong>Mat-</strong></span> 
     </span>
    </p>
   </div>
   <div class='ocr_carea' id='block_1_93' title="bbox 538 4553 2088 4622">
    <p class='ocr_par' dir='ltr' id='par_1_93' title="bbox 538 4553 2088 4622">
     <span class='ocr_line' id='line_1_93' title="bbox 538 4553 2088 4622; baseline 0.002 -15"><span class='ocrx_word' id='word_1_709' title='bbox 538 4554 716 4607; x_wconf 71' lang='lat' dir='ltr'><strong>thaeus</strong></span> <span class='ocrx_word' id='word_1_710' title='bbox 740 4564 792 4607; x_wconf 83' lang='lat' dir='ltr'><strong>et</strong></span> <span class='ocrx_word' id='word_1_711' title='bbox 833 4555 1057 4619; x_wconf 58' lang='lat' dir='ltr'><strong>Marcus,</strong></span> <span class='ocrx_word' id='word_1_712' title='bbox 1090 4565 1245 4620; x_wconf 89' lang='lat' dir='ltr'><strong>caput</strong></span> <span class='ocrx_word' id='word_1_713' title='bbox 1277 4553 1486 4607; x_wconf 90' lang='lat' dir='ltr'><strong>Domini</strong></span> <span class='ocrx_word' id='word_1_714' title='bbox 1516 4563 1781 4620; x_wconf 76' lang='lat' dir='ltr'><strong>unguento</strong></span> <span class='ocrx_word' id='word_1_715' title='bbox 1819 4554 2088 4622; x_wconf 89' lang='lat' dir='ltr'><strong>perfusum</strong></span> 
     </span>
    </p>
   </div>
   <div class='ocr_carea' id='block_1_94' title="bbox 511 4642 2089 4711">
    <p class='ocr_par' dir='ltr' id='par_1_94' title="bbox 511 4642 2089 4711">
     <span class='ocr_line' id='line_1_94' title="bbox 511 4642 2089 4711; baseline 0.004 -19"><span class='ocrx_word' id='word_1_716' title='bbox 511 4644 744 4707; x_wconf 84' lang='lat' dir='ltr'><strong>.dicunt,</strong></span> <span class='ocrx_word' id='word_1_717' title='bbox 771 4642 999 4697; x_wconf 88' lang='lat' dir='ltr'><strong>Joannes</strong></span> <span class='ocrx_word' id='word_1_718' title='bbox 1023 4654 1194 4697; x_wconf 88' lang='lat' dir='ltr'><strong>autem</strong></span> <span class='ocrx_word' id='word_1_719' title='bbox 1225 4644 1405 4710; x_wconf 87' lang='lat' dir='ltr'><strong>pedes,</strong></span> <span class='ocrx_word' id='word_1_720' title='bbox 1453 4643 1629 4711; x_wconf 86' lang='lat' dir='ltr'><strong>regula</strong></span> <span class='ocrx_word' id='word_1_721' title='bbox 1659 4643 1749 4697; x_wconf 91' lang='lat' dir='ltr'><strong>illa</strong></span> <span class='ocrx_word' id='word_1_722' title='bbox 1792 4645 2089 4698; x_wconf 81' lang='lat' dir='ltr'><strong>ostenditur</strong></span> 
     </span>
    </p>
   </div>
   <div class='ocr_carea' id='block_1_95' title="bbox 543 4732 2091 4798">
    <p class='ocr_par' dir='ltr' id='par_1_95' title="bbox 543 4732 2091 4798">
     <span class='ocr_line' id='line_1_95' title="bbox 543 4732 2091 4798; baseline 0.003 -13"><span class='ocrx_word' id='word_1_723' title='bbox 543 4747 648 4785; x_wconf 90' lang='lat' dir='ltr'><strong>non</strong></span> <span class='ocrx_word' id='word_1_724' title='bbox 672 4746 791 4786; x_wconf 86' lang='lat' dir='ltr'><strong>esse</strong></span> <span class='ocrx_word' id='word_1_725' title='bbox 811 4733 1152 4797; x_wconf 83' lang='lat' dir='ltr'><strong>contrarium,</strong></span> <span class='ocrx_word' id='word_1_726' title='bbox 1178 4748 1333 4798; x_wconf 85' lang='lat' dir='ltr'><strong>quam</strong></span> <span class='ocrx_word' id='word_1_727' title='bbox 1363 4732 1862 4798; x_wconf 85' lang='lat' dir='ltr'><strong>demooslravimus,</strong></span> <span class='ocrx_word' id='word_1_728' title='bbox 1885 4749 2002 4788; x_wconf 88' lang='lat' dir='ltr'><strong>cum</strong></span> <span class='ocrx_word' id='word_1_729' title='bbox 2023 4735 2091 4789; x_wconf 90' lang='lat' dir='ltr'><strong>de</strong></span> 
     </span>
    </p>
   </div>
   <div class='ocr_carea' id='block_1_96' title="bbox 536 4821 2088 4890">
    <p class='ocr_par' dir='ltr' id='par_1_96' title="bbox 536 4821 2088 4890">
     <span class='ocr_line' id='line_1_96' title="bbox 536 4821 2088 4890; baseline 0.002 -17"><span class='ocrx_word' id='word_1_730' title='bbox 536 4821 777 4888; x_wconf 87' lang='lat' dir='ltr'><strong>quinque</strong></span> <span class='ocrx_word' id='word_1_731' title='bbox 806 4823 1022 4889; x_wconf 84' lang='lat' dir='ltr'><strong>panibus</strong></span> <span class='ocrx_word' id='word_1_732' title='bbox 1048 4832 1290 4889; x_wconf 86' lang='lat' dir='ltr'><strong>pasceret</strong></span> <span class='ocrx_word' id='word_1_733' title='bbox 1315 4822 1515 4875; x_wconf 91' lang='lat' dir='ltr'><strong>turbas.</strong></span> <span class='ocrx_word' id='word_1_734' title='bbox 1555 4821 1624 4874; x_wconf 90' lang='lat' dir='ltr'><strong>Ibi</strong></span> <span class='ocrx_word' id='word_1_735' title='bbox 1663 4823 1803 4875; x_wconf 91' lang='lat' dir='ltr'><strong>enim</strong></span> <span class='ocrx_word' id='word_1_736' title='bbox 1835 4825 1954 4890; x_wconf 89' lang='lat' dir='ltr'><strong>quia</strong></span> <span class='ocrx_word' id='word_1_737' title='bbox 1985 4840 2088 4876; x_wconf 91' lang='lat' dir='ltr'><strong>non</strong></span> 
     </span>
    </p>
   </div>
   <div class='ocr_carea' id='block_1_97' title="bbox 537 4910 2090 4979">
    <p class='ocr_par' dir='ltr' id='par_1_97' title="bbox 537 4910 2090 4979">
     <span class='ocr_line' id='line_1_97' title="bbox 537 4910 2090 4979; baseline 0.003 -15"><span class='ocrx_word' id='word_1_738' title='bbox 537 4910 705 4971; x_wconf 81' lang='lat' dir='ltr'><strong>defuit</strong></span> <span class='ocrx_word' id='word_1_739' title='bbox 743 4911 833 4978; x_wconf 90' lang='lat' dir='ltr'><strong>qui</strong></span> <span class='ocrx_word' id='word_1_740' title='bbox 862 4918 915 4964; x_wconf 92' lang='lat' dir='ltr'><strong>et</strong></span> <span class='ocrx_word' id='word_1_741' title='bbox 953 4910 1348 4979; x_wconf 86' lang='lat' dir='ltr'><strong>quinquagenos</strong></span> <span class='ocrx_word' id='word_1_742' title='bbox 1386 4919 1440 4963; x_wconf 92' lang='lat' dir='ltr'><strong>et</strong></span> <span class='ocrx_word' id='word_1_743' title='bbox 1476 4919 1732 4966; x_wconf 84' lang='lat' dir='ltr'><strong>centenos</strong></span> <span class='ocrx_word' id='word_1_744' title='bbox 1759 4912 2090 4968; x_wconf 89' lang='lat' dir='ltr'><strong>discubuisse</strong></span> 
     </span>
    </p>
   </div>
   <div class='ocr_carea' id='block_1_98' title="bbox 535 5001 2086 5072">
    <p class='ocr_par' dir='ltr' id='par_1_98' title="bbox 535 5001 2086 5072">
     <span class='ocr_line' id='line_1_98' title="bbox 535 5001 2086 5072; baseline 0.003 -19"><span class='ocrx_word' id='word_1_745' title='bbox 535 5010 1007 5065; x_wconf 85' lang='lat' dir='ltr'><strong>commemoraret,</strong></span> <span class='ocrx_word' id='word_1_746' title='bbox 1036 5017 1153 5067; x_wconf 84' lang='lat' dir='ltr'><strong>cum</strong></span> <span class='ocrx_word' id='word_1_747' title='bbox 1175 5001 1308 5055; x_wconf 90' lang='lat' dir='ltr'><strong>alius</strong></span> <span class='ocrx_word' id='word_1_748' title='bbox 1331 5003 1726 5072; x_wconf 86' lang='lat' dir='ltr'><strong>quinquagenos</strong></span> <span class='ocrx_word' id='word_1_749' title='bbox 1745 5003 1956 5070; x_wconf 86' lang='lat' dir='ltr'><strong>dixerit,</strong></span> <span class='ocrx_word' id='word_1_750' title='bbox 1983 5020 2086 5059; x_wconf 91' lang='lat' dir='ltr'><strong>non</strong></span> 
     </span>
    </p>
   </div>
   <div class='ocr_carea' id='block_1_99' title="bbox 537 5091 2084 5160">
    <p class='ocr_par' dir='ltr' id='par_1_99' title="bbox 537 5091 2084 5160">
     <span class='ocr_line' id='line_1_99' title="bbox 537 5091 2084 5160; baseline 0.008 -23"><span class='ocrx_word' id='word_1_751' title='bbox 537 5091 710 5155; x_wconf 74' lang='lat' dir='ltr'><strong>potuit</strong></span> <span class='ocrx_word' id='word_1_752' title='bbox 739 5091 906 5144; x_wconf 64' lang='lat' dir='ltr'><strong>vidi-ri</strong></span> <span class='ocrx_word' id='word_1_753' title='bbox 953 5091 1308 5157; x_wconf 87' lang='lat' dir='ltr'><strong>contrarium;</strong></span> <span class='ocrx_word' id='word_1_754' title='bbox 1343 5093 1599 5160; x_wconf 81' lang='lat' dir='ltr'><strong>potuisset</strong></span> <span class='ocrx_word' id='word_1_755' title='bbox 1636 5103 1832 5157; x_wconf 90' lang='lat' dir='ltr'><strong>autem,</strong></span> <span class='ocrx_word' id='word_1_756' title='bbox 1878 5095 1922 5148; x_wconf 90' lang='lat' dir='ltr'><strong>si</strong></span> <span class='ocrx_word' id='word_1_757' title='bbox 1950 5097 2084 5149; x_wconf 87' lang='lat' dir='ltr'><strong>alius</strong></span> 
     </span>
    </p>
   </div>
   <div class='ocr_carea' id='block_1_100' title="bbox 535 5168 2080 5254">
    <p class='ocr_par' dir='ltr' id='par_1_100' title="bbox 535 5168 2080 5254">
     <span class='ocr_line' id='line_1_100' title="bbox 535 5168 2080 5254; baseline 0.005 -22"><span class='ocrx_word' id='word_1_758' title='bbox 535 5188 795 5234; x_wconf 90' lang='lat' dir='ltr'><strong>centenos</strong></span> <span class='ocrx_word' id='word_1_759' title='bbox 817 5190 1016 5235; x_wconf 85' lang='lat' dir='ltr'><strong>tantum</strong></span> <span class='ocrx_word' id='word_1_760' title='bbox 1041 5168 1323 5250; x_wconf 76' lang='lat' dir='ltr'><strong>posuisset,</strong></span> <span class='ocrx_word' id='word_1_761' title='bbox 1349 5183 1485 5235; x_wconf 89' lang='lat' dir='ltr'><strong>sicut</strong></span> <span class='ocrx_word' id='word_1_762' title='bbox 1512 5185 1646 5237; x_wconf 91' lang='lat' dir='ltr'><strong>alius</strong></span> <span class='ocrx_word' id='word_1_763' title='bbox 1666 5186 2080 5254; x_wconf 86' lang='lat' dir='ltr'><strong>quinquagenos,</strong></span> 
     </span>
    </p>
   </div>
   <div class='ocr_carea' id='block_1_101' title="bbox 539 5271 2088 5343">
    <p class='ocr_par' dir='ltr' id='par_1_101' title="bbox 539 5271 2088 5343">
     <span class='ocr_line' id='line_1_101' title="bbox 539 5271 2088 5343; baseline 0.006 -24"><span class='ocrx_word' id='word_1_764' title='bbox 539 5278 592 5320; x_wconf 91' lang='lat' dir='ltr'><strong>et</strong></span> <span class='ocrx_word' id='word_1_765' title='bbox 621 5276 794 5324; x_wconf 87' lang='lat' dir='ltr'><strong>tamen</strong></span> <span class='ocrx_word' id='word_1_766' title='bbox 816 5271 996 5326; x_wconf 86' lang='lat' dir='ltr'><strong>debuit</strong></span> <span class='ocrx_word' id='word_1_767' title='bbox 1030 5271 1250 5326; x_wconf 88' lang='lat' dir='ltr'><strong>inveniri</strong></span> <span class='ocrx_word' id='word_1_768' title='bbox 1285 5281 1564 5341; x_wconf 91' lang='lat' dir='ltr'><strong>utrumque</strong></span> <span class='ocrx_word' id='word_1_769' title='bbox 1591 5275 1780 5326; x_wconf 88' lang='lat' dir='ltr'><strong>factum</strong></span> <span class='ocrx_word' id='word_1_770' title='bbox 1815 5289 1952 5328; x_wconf 83' lang='lat' dir='ltr'><strong>csse.</strong></span> <span class='ocrx_word' id='word_1_771' title='bbox 1974 5277 2088 5343; x_wconf 83' lang='lat' dir='ltr'><strong>Quo</strong></span> 
     </span>
    </p>
   </div>
   <div class='ocr_carea' id='block_1_102' title="bbox 533 5359 2087 5430">
    <p class='ocr_par' dir='ltr' id='par_1_102' title="bbox 533 5359 2087 5430">
     <span class='ocr_line' id='line_1_102' title="bbox 533 5359 2087 5430; baseline 0.005 -23"><span class='ocrx_word' id='word_1_772' title='bbox 533 5359 941 5430; x_wconf 72' lang='lat' dir='ltr'><strong>exemp&#39;oinos]</strong></span> <span class='ocrx_word' id='word_1_773' title='bbox 985 5362 1256 5415; x_wconf 90' lang='lat' dir='ltr'><strong>informari</strong></span> <span class='ocrx_word' id='word_1_774' title='bbox 1296 5363 1555 5429; x_wconf 90' lang='lat' dir='ltr'><strong>oportuit,</strong></span> <span class='ocrx_word' id='word_1_775' title='bbox 1583 5365 1724 5417; x_wconf 91' lang='lat' dir='ltr'><strong>sicut</strong></span> <span class='ocrx_word' id='word_1_776' title='bbox 1757 5365 1866 5418; x_wconf 92' lang='lat' dir='ltr'><strong>illic</strong></span> <span class='ocrx_word' id='word_1_777' title='bbox 1907 5367 2087 5419; x_wconf 69' lang='lat' dir='ltr'><strong>admu-</strong></span> 
     </span>
    </p>
   </div>
   <div class='ocr_carea' id='block_1_103' title="bbox 538 5447 2086 5519">
    <p class='ocr_par' dir='ltr' id='par_1_103' title="bbox 538 5447 2086 5519">
     <span class='ocr_line' id='line_1_103' title="bbox 538 5447 2086 5519; baseline 0.006 -22"><span class='ocrx_word' id='word_1_778' title='bbox 538 5447 654 5508; x_wconf 84' lang='lat' dir='ltr'><strong>nui,</strong></span> <span class='ocrx_word' id='word_1_779' title='bbox 695 5449 851 5500; x_wconf 75' lang='lat' dir='ltr'><strong>etiam</strong></span> <span class='ocrx_word' id='word_1_780' title='bbox 906 5451 994 5502; x_wconf 81' lang='lat' dir='ltr'><strong>ubi</strong></span> <span class='ocrx_word' id='word_1_781' title='bbox 1051 5450 1242 5519; x_wconf 80' lang='lat' dir='ltr'><strong>singuli</strong></span> <span class='ocrx_word' id='word_1_782' title='bbox 1289 5451 1626 5518; x_wconf 69' lang='lat' dir='ltr'><strong>evangelista:</strong></span> <span class='ocrx_word' id='word_1_783' title='bbox 1673 5466 2086 5508; x_wconf 83' lang='lat' dir='ltr'><strong>commemorant</strong></span> 
     </span>
    </p>
   </div>
   <div class='ocr_carea' id='block_1_104' title="bbox 540 5537 2084 5609">
    <p class='ocr_par' dir='ltr' id='par_1_104' title="bbox 540 5537 2084 5609">
     <span class='ocr_line' id='line_1_104' title="bbox 540 5537 2084 5609; baseline 0.01 -24"><span class='ocrx_word' id='word_1_784' title='bbox 540 5545 822 5605; x_wconf 88' lang='lat' dir='ltr'><strong>utrumque</strong></span> <span class='ocrx_word' id='word_1_785' title='bbox 845 5537 1034 5592; x_wconf 86' lang='lat' dir='ltr'><strong>factum</strong></span> <span class='ocrx_word' id='word_1_786' title='bbox 1067 5541 1381 5609; x_wconf 69' lang='lat' dir='ltr'><strong>intelligere.</strong></span> <span class='ocrx_word' id='word_1_787' title='bbox 1416 5542 1645 5596; x_wconf 80' lang='lat' dir='ltr'><strong>Proinde</strong></span> <span class='ocrx_word' id='word_1_788' title='bbox 1680 5552 1731 5597; x_wconf 91' lang='lat' dir='ltr'><strong>et</strong></span> <span class='ocrx_word' id='word_1_789' title='bbox 1763 5544 1849 5598; x_wconf 83' lang='lat' dir='ltr'><strong>hic</strong></span> <span class='ocrx_word' id='word_1_790' title='bbox 1871 5563 1972 5599; x_wconf 90' lang='lat' dir='ltr'><strong>non</strong></span> <span class='ocrx_word' id='word_1_791' title='bbox 1998 5561 2084 5600; x_wconf 87' lang='lat' dir='ltr'><strong>so-</strong></span> 
     </span>
    </p>
   </div>
   <div class='ocr_carea' id='block_1_105' title="bbox 540 5623 2080 5707">
    <p class='ocr_par' dir='ltr' id='par_1_105' title="bbox 540 5623 2080 5707">
     <span class='ocr_line' id='line_1_105' title="bbox 540 5623 2080 5707; baseline 0.01 -31"><span class='ocrx_word' id='word_1_792' title='bbox 540 5623 650 5678; x_wconf 87' lang='lat' dir='ltr'><strong>lum</strong></span> <span class='ocrx_word' id='word_1_793' title='bbox 677 5636 855 5696; x_wconf 83' lang='lat' dir='ltr'><strong>caput,</strong></span> <span class='ocrx_word' id='word_1_794' title='bbox 889 5631 982 5686; x_wconf 68' lang='lat' dir='ltr'><strong>sed</strong></span> <span class='ocrx_word' id='word_1_795' title='bbox 1027 5640 1080 5686; x_wconf 86' lang='lat' dir='ltr'><strong>et</strong></span> <span class='ocrx_word' id='word_1_796' title='bbox 1110 5633 1268 5700; x_wconf 83' lang='lat' dir='ltr'><strong>pedes</strong></span> <span class='ocrx_word' id='word_1_797' title='bbox 1317 5632 1520 5686; x_wconf 78' lang='lat' dir='ltr'><strong>Domini</strong></span> <span class='ocrx_word' id='word_1_798' title='bbox 1560 5636 1875 5702; x_wconf 43' lang='lat' dir='ltr'><strong>accipiamus</strong></span> <span class='ocrx_word' id='word_1_799' title='bbox 1906 5637 2080 5707; x_wconf 87' lang='lat' dir='ltr'><strong>perfu-</strong></span> 
     </span>
    </p>
   </div>
   <div class='ocr_carea' id='block_1_106' title="bbox 2188 4459 3714 4534">
    <p class='ocr_par' dir='ltr' id='par_1_106' title="bbox 2188 4459 3714 4534">
     <span class='ocr_line' id='line_1_106' title="bbox 2188 4459 3714 4534; baseline -0.01 -17"><span class='ocrx_word' id='word_1_800' title='bbox 2188 4467 2309 4534; x_wconf 89' lang='lat' dir='ltr'><strong>quid</strong></span> <span class='ocrx_word' id='word_1_801' title='bbox 2341 4465 2498 4518; x_wconf 88' lang='lat' dir='ltr'><strong>etiam</strong></span> <span class='ocrx_word' id='word_1_802' title='bbox 2528 4466 2592 4518; x_wconf 91' lang='lat' dir='ltr'><strong>de</strong></span> <span class='ocrx_word' id='word_1_803' title='bbox 2628 4477 2776 4518; x_wconf 86' lang='lat' dir='ltr'><strong>sexta</strong></span> <span class='ocrx_word' id='word_1_804' title='bbox 2805 4479 2925 4518; x_wconf 85' lang='lat' dir='ltr'><strong>esse</strong></span> <span class='ocrx_word' id='word_1_805' title='bbox 2966 4469 3228 4528; x_wconf 66' lang='lat' dir='ltr'><strong>emperat.</strong></span> <span class='ocrx_word' id='word_1_806' title='bbox 3262 4459 3528 4527; x_wconf 78' lang='lat' dir='ltr'><strong>Nunquam</strong></span> <span class='ocrx_word' id='word_1_807' title='bbox 3558 4463 3714 4508; x_wconf 80' lang='lat' dir='ltr'><strong>autem</strong></span> 
     </span>
    </p>
   </div>
   <div class='ocr_carea' id='block_1_107' title="bbox 2191 4546 3716 4624">
    <p class='ocr_par' dir='ltr' id='par_1_107' title="bbox 2191 4546 3716 4624">
     <span class='ocr_line' id='line_1_107' title="bbox 2191 4546 3716 4624; baseline -0.007 -18"><span class='ocrx_word' id='word_1_808' title='bbox 2191 4555 2276 4607; x_wconf 89' lang='lat' dir='ltr'><strong>isti</strong></span> <span class='ocrx_word' id='word_1_809' title='bbox 2308 4555 2548 4609; x_wconf 88' lang='lat' dir='ltr'><strong>dicerent</strong></span> <span class='ocrx_word' id='word_1_810' title='bbox 2591 4555 2773 4624; x_wconf 92' lang='lat' dir='ltr'><strong>quinta</strong></span> <span class='ocrx_word' id='word_1_811' title='bbox 2803 4562 2857 4607; x_wconf 90' lang='grc' dir='ltr'><strong>ει</strong></span> <span class='ocrx_word' id='word_1_812' title='bbox 2884 4553 3170 4622; x_wconf 85' lang='lat' dir='ltr'><strong>quadrans,</strong></span> <span class='ocrx_word' id='word_1_813' title='bbox 3201 4561 3292 4604; x_wconf 91' lang='lat' dir='ltr'><strong>aut</strong></span> <span class='ocrx_word' id='word_1_814' title='bbox 3319 4550 3494 4616; x_wconf 88' lang='lat' dir='ltr'><strong>quinta</strong></span> <span class='ocrx_word' id='word_1_815' title='bbox 3535 4546 3716 4599; x_wconf 85' lang='lat' dir='ltr'><strong>trienna</strong></span> 
     </span>
    </p>
   </div>
   <div class='ocr_carea' id='block_1_108' title="bbox 2191 4634 3717 4716">
    <p class='ocr_par' dir='ltr' id='par_1_108' title="bbox 2191 4634 3717 4716">
     <span class='ocr_line' id='line_1_108' title="bbox 2191 4634 3717 4716; baseline -0.009 -17"><span class='ocrx_word' id='word_1_816' title='bbox 2191 4645 2266 4716; x_wconf 81' lang='lat' dir='ltr'><strong>[et</strong></span> <span class='ocrx_word' id='word_1_817' title='bbox 2292 4644 2499 4714; x_wconf 90' lang='lat' dir='ltr'><strong>triens],</strong></span> <span class='ocrx_word' id='word_1_818' title='bbox 2523 4653 2613 4698; x_wconf 89' lang='lat' dir='ltr'><strong>aut</strong></span> <span class='ocrx_word' id='word_1_819' title='bbox 2635 4644 2812 4712; x_wconf 88' lang='lat' dir='ltr'><strong>quinta</strong></span> <span class='ocrx_word' id='word_1_820' title='bbox 2830 4655 2882 4698; x_wconf 93' lang='lat' dir='ltr'><strong>et</strong></span> <span class='ocrx_word' id='word_1_821' title='bbox 2897 4645 3080 4705; x_wconf 85' lang='lat' dir='ltr'><strong>semis,</strong></span> <span class='ocrx_word' id='word_1_822' title='bbox 3103 4654 3190 4694; x_wconf 92' lang='lat' dir='ltr'><strong>aut</strong></span> <span class='ocrx_word' id='word_1_823' title='bbox 3210 4640 3403 4710; x_wconf 86' lang='lat' dir='ltr'><strong>aliquid</strong></span> <span class='ocrx_word' id='word_1_824' title='bbox 3422 4634 3717 4706; x_wconf 86' lang='lat' dir='ltr'><strong>hujusmodi.</strong></span> 
     </span>
    </p>
   </div>
   <div class='ocr_carea' id='block_1_109' title="bbox 2196 4735 3721 4800">
    <p class='ocr_par' dir='ltr' id='par_1_109' title="bbox 2196 4735 3721 4800">
     <span class='ocr_line' id='line_1_109' title="bbox 2196 4735 3721 4800; baseline -0.005 -11"><span class='ocrx_word' id='word_1_825' title='bbox 2196 4737 2400 4790; x_wconf 90' lang='lat' dir='ltr'><strong>llabent</strong></span> <span class='ocrx_word' id='word_1_826' title='bbox 2426 4738 2567 4790; x_wconf 88' lang='lat' dir='ltr'><strong>enim</strong></span> <span class='ocrx_word' id='word_1_827' title='bbox 2594 4736 2751 4790; x_wconf 89' lang='lat' dir='ltr'><strong>istum</strong></span> <span class='ocrx_word' id='word_1_828' title='bbox 2777 4751 2979 4790; x_wconf 87' lang='lat' dir='ltr'><strong>morem</strong></span> <span class='ocrx_word' id='word_1_829' title='bbox 3009 4735 3314 4800; x_wconf 63' lang='lat' dir='ltr'><strong>Scriptura,</strong></span> <span class='ocrx_word' id='word_1_830' title='bbox 3348 4741 3402 4785; x_wconf 90' lang='lat' dir='ltr'><strong>ut</strong></span> <span class='ocrx_word' id='word_1_831' title='bbox 3429 4747 3456 4784; x_wconf 91' lang='lat' dir='ltr'><strong>a</strong></span> <span class='ocrx_word' id='word_1_832' title='bbox 3491 4738 3628 4798; x_wconf 84' lang='lat' dir='ltr'><strong>parte</strong></span> <span class='ocrx_word' id='word_1_833' title='bbox 3649 4737 3721 4777; x_wconf 81' lang='lat' dir='ltr'><strong>to-</strong></span> 
     </span>
    </p>
   </div>
   <div class='ocr_carea' id='block_1_110' title="bbox 2196 4815 3719 4892">
    <p class='ocr_par' dir='ltr' id='par_1_110' title="bbox 2196 4815 3719 4892">
     <span class='ocr_line' id='line_1_110' title="bbox 2196 4815 3719 4892; baseline -0.009 -14"><span class='ocrx_word' id='word_1_834' title='bbox 2196 4837 2301 4878; x_wconf 90' lang='lat' dir='ltr'><strong>tum</strong></span> <span class='ocrx_word' id='word_1_835' title='bbox 2334 4837 2553 4892; x_wconf 89' lang='lat' dir='ltr'><strong>ponant,</strong></span> <span class='ocrx_word' id='word_1_836' title='bbox 2585 4826 2810 4879; x_wconf 84' lang='lat' dir='ltr'><strong>maxime</strong></span> <span class='ocrx_word' id='word_1_837' title='bbox 2838 4825 2887 4878; x_wconf 93' lang='lat' dir='ltr'><strong>in</strong></span> <span class='ocrx_word' id='word_1_838' title='bbox 2915 4823 3260 4891; x_wconf 87' lang='lat' dir='ltr'><strong>temporibus,</strong></span> <span class='ocrx_word' id='word_1_839' title='bbox 3286 4822 3420 4875; x_wconf 86' lang='lat' dir='ltr'><strong>sicut</strong></span> <span class='ocrx_word' id='word_1_840' title='bbox 3438 4821 3501 4874; x_wconf 92' lang='lat' dir='ltr'><strong>de</strong></span> <span class='ocrx_word' id='word_1_841' title='bbox 3524 4826 3636 4871; x_wconf 89' lang='lat' dir='ltr'><strong>octo</strong></span> <span class='ocrx_word' id='word_1_842' title='bbox 3658 4815 3719 4867; x_wconf 88' lang='lat' dir='ltr'><strong>il-</strong></span> 
     </span>
    </p>
   </div>
   <div class='ocr_carea' id='block_1_111' title="bbox 2198 4910 3718 4984">
    <p class='ocr_par' dir='ltr' id='par_1_111' title="bbox 2198 4910 3718 4984">
     <span class='ocr_line' id='line_1_111' title="bbox 2198 4910 3718 4984; baseline -0.009 -16"><span class='ocrx_word' id='word_1_843' title='bbox 2198 4916 2261 4969; x_wconf 91' lang='lat' dir='ltr'><strong>lis</strong></span> <span class='ocrx_word' id='word_1_844' title='bbox 2290 4915 2474 4970; x_wconf 89' lang='lat' dir='ltr'><strong>dicbus</strong></span> <span class='ocrx_word' id='word_1_845' title='bbox 2505 4924 2622 4984; x_wconf 77' lang='lat' dir='ltr'><strong>post</strong></span> <span class='ocrx_word' id='word_1_846' title='bbox 2651 4928 2784 4983; x_wconf 88' lang='lat' dir='ltr'><strong>quos</strong></span> <span class='ocrx_word' id='word_1_847' title='bbox 2810 4929 2927 4968; x_wconf 91' lang='lat' dir='ltr'><strong>eum</strong></span> <span class='ocrx_word' id='word_1_848' title='bbox 2952 4913 3132 4965; x_wconf 90' lang='lat' dir='ltr'><strong>dicunt</strong></span> <span class='ocrx_word' id='word_1_849' title='bbox 3162 4912 3463 4965; x_wconf 72' lang='lat' dir='ltr'><strong>ascendi~se</strong></span> <span class='ocrx_word' id='word_1_850' title='bbox 3499 4910 3544 4962; x_wconf 93' lang='lat' dir='ltr'><strong>in</strong></span> <span class='ocrx_word' id='word_1_851' title='bbox 3579 4919 3718 4958; x_wconf 85' lang='lat' dir='ltr'><strong>mon-</strong></span> 
     </span>
    </p>
   </div>
   <div class='ocr_carea' id='block_1_112' title="bbox 2197 4996 3714 5072">
    <p class='ocr_par' dir='ltr' id='par_1_112' title="bbox 2197 4996 3714 5072">
     <span class='ocr_line' id='line_1_112' title="bbox 2197 4996 3714 5072; baseline -0.009 -14"><span class='ocrx_word' id='word_1_852' title='bbox 2197 5013 2322 5068; x_wconf 91' lang='lat' dir='ltr'><strong>tem,</strong></span> <span class='ocrx_word' id='word_1_853' title='bbox 2354 5019 2576 5072; x_wconf 89' lang='lat' dir='ltr'><strong>quorum</strong></span> <span class='ocrx_word' id='word_1_854' title='bbox 2626 5003 2830 5056; x_wconf 88' lang='lat' dir='ltr'><strong>medios</strong></span> <span class='ocrx_word' id='word_1_855' title='bbox 2881 5002 3089 5055; x_wconf 88' lang='lat' dir='ltr'><strong>intuens</strong></span> <span class='ocrx_word' id='word_1_856' title='bbox 3125 5000 3399 5053; x_wconf 72' lang='lat' dir='ltr'><strong>Matthmus</strong></span> <span class='ocrx_word' id='word_1_857' title='bbox 3439 5010 3490 5053; x_wconf 89' lang='lat' dir='ltr'><strong>et</strong></span> <span class='ocrx_word' id='word_1_858' title='bbox 3527 4996 3714 5050; x_wconf 78' lang='lat' dir='ltr'><strong>larens</strong></span> 
     </span>
    </p>
   </div>
   <div class='ocr_carea' id='block_1_113' title="bbox 2194 5084 3708 5163">
    <p class='ocr_par' dir='ltr' id='par_1_113' title="bbox 2194 5084 3708 5163">
     <span class='ocr_line' id='line_1_113' title="bbox 2194 5084 3708 5163; baseline -0.009 -13"><span class='ocrx_word' id='word_1_859' title='bbox 2194 5097 2440 5150; x_wconf 88' lang='lat' dir='ltr'><strong>dixerunt</strong></span> <span class='ocrx_word' id='word_1_860' title='bbox 2483 5103 2600 5163; x_wconf 87' lang='lat' dir='ltr'><strong>post</strong></span> <span class='ocrx_word' id='word_1_861' title='bbox 2645 5107 2737 5147; x_wconf 90' lang='lat' dir='ltr'><strong>sex</strong></span> <span class='ocrx_word' id='word_1_862' title='bbox 2778 5092 2911 5154; x_wconf 88' lang='lat' dir='ltr'><strong>dies,</strong></span> <span class='ocrx_word' id='word_1_863' title='bbox 2945 5092 3234 5159; x_wconf 57' lang='lat' dir='ltr'><strong>praesertim</strong></span> <span class='ocrx_word' id='word_1_864' title='bbox 3265 5089 3384 5159; x_wconf 89' lang='lat' dir='ltr'><strong>quia</strong></span> <span class='ocrx_word' id='word_1_865' title='bbox 3413 5098 3510 5140; x_wconf 89' lang='lat' dir='ltr'><strong>tam</strong></span> <span class='ocrx_word' id='word_1_866' title='bbox 3544 5084 3708 5134; x_wconf 80' lang='lat' dir='ltr'><strong>mode-</strong></span> 
     </span>
    </p>
   </div>
   <div class='ocr_carea' id='block_1_114' title="bbox 2194 5181 3705 5245">
    <p class='ocr_par' dir='ltr' id='par_1_114' title="bbox 2194 5181 3705 5245">
     <span class='ocr_line' id='line_1_114' title="bbox 2194 5181 3705 5245; baseline -0.01 -7"><span class='ocrx_word' id='word_1_867' title='bbox 2194 5197 2308 5240; x_wconf 88' lang='lat' dir='ltr'><strong>rate</strong></span> <span class='ocrx_word' id='word_1_868' title='bbox 2331 5186 2469 5239; x_wconf 90' lang='lat' dir='ltr'><strong>idem</strong></span> <span class='ocrx_word' id='word_1_869' title='bbox 2501 5184 2732 5239; x_wconf 89' lang='lat' dir='ltr'><strong>Joannes</strong></span> <span class='ocrx_word' id='word_1_870' title='bbox 2761 5187 2966 5236; x_wconf 89' lang='lat' dir='ltr'><strong>locutus</strong></span> <span class='ocrx_word' id='word_1_871' title='bbox 2994 5191 3095 5245; x_wconf 87' lang='lat' dir='ltr'><strong>est,</strong></span> <span class='ocrx_word' id='word_1_872' title='bbox 3120 5191 3177 5235; x_wconf 92' lang='lat' dir='ltr'><strong>ut</strong></span> <span class='ocrx_word' id='word_1_873' title='bbox 3208 5196 3311 5234; x_wconf 88' lang='lat' dir='ltr'><strong>non</strong></span> <span class='ocrx_word' id='word_1_874' title='bbox 3347 5181 3533 5233; x_wconf 77' lang='lat' dir='ltr'><strong>diceret</strong></span> <span class='ocrx_word' id='word_1_875' title='bbox 3551 5182 3705 5232; x_wconf 81' lang='lat' dir='ltr'><strong>sexta,</strong></span> 
     </span>
    </p>
   </div>
   <div class='ocr_carea' id='block_1_115' title="bbox 2193 5266 3704 5344">
    <p class='ocr_par' dir='ltr' id='par_1_115' title="bbox 2193 5266 3704 5344">
     <span class='ocr_line' id='line_1_115' title="bbox 2193 5266 3704 5344; baseline -0.01 -14"><span class='ocrx_word' id='word_1_876' title='bbox 2193 5276 2285 5330; x_wconf 86' lang='lat' dir='ltr'><strong>sed</strong></span> <span class='ocrx_word' id='word_1_877' title='bbox 2329 5276 2478 5344; x_wconf 72' lang='lat' dir='ltr'><strong>quasi</strong></span> <span class='ocrx_word' id='word_1_878' title='bbox 2508 5283 2678 5328; x_wconf 89' lang='lat' dir='ltr'><strong>sexta.</strong></span> <span class='ocrx_word' id='word_1_879' title='bbox 2707 5274 2857 5340; x_wconf 87' lang='lat' dir='ltr'><strong>Quod</strong></span> <span class='ocrx_word' id='word_1_880' title='bbox 2906 5274 2949 5326; x_wconf 91' lang='lat' dir='ltr'><strong>si</strong></span> <span class='ocrx_word' id='word_1_881' title='bbox 2998 5273 3068 5325; x_wconf 93' lang='lat' dir='ltr'><strong>ita</strong></span> <span class='ocrx_word' id='word_1_882' title='bbox 3101 5287 3202 5324; x_wconf 90' lang='lat' dir='ltr'><strong>non</strong></span> <span class='ocrx_word' id='word_1_883' title='bbox 3251 5271 3462 5332; x_wconf 88' lang='lat' dir='ltr'><strong>diceret,</strong></span> <span class='ocrx_word' id='word_1_884' title='bbox 3491 5266 3572 5320; x_wconf 88' lang='lat' dir='ltr'><strong>sed</strong></span> <span class='ocrx_word' id='word_1_885' title='bbox 3604 5273 3704 5315; x_wconf 78' lang='lat' dir='ltr'><strong>tan-</strong></span> 
     </span>
    </p>
   </div>
   <div class='ocr_carea' id='block_1_116' title="bbox 2193 5355 3699 5428">
    <p class='ocr_par' dir='ltr' id='par_1_116' title="bbox 2193 5355 3699 5428">
     <span class='ocr_line' id='line_1_116' title="bbox 2193 5355 3699 5428; baseline -0.003 -12"><span class='ocrx_word' id='word_1_886' title='bbox 2193 5364 2465 5418; x_wconf 90' lang='lat' dir='ltr'><strong>tummodo</strong></span> <span class='ocrx_word' id='word_1_887' title='bbox 2507 5372 2710 5418; x_wconf 87' lang='lat' dir='ltr'><strong>sextam</strong></span> <span class='ocrx_word' id='word_1_888' title='bbox 2741 5363 2958 5424; x_wconf 90' lang='lat' dir='ltr'><strong>diceret,</strong></span> <span class='ocrx_word' id='word_1_889' title='bbox 2990 5375 3264 5428; x_wconf 71' lang='lat' dir='ltr'><strong>possemus</strong></span> <span class='ocrx_word' id='word_1_890' title='bbox 3293 5373 3388 5412; x_wconf 83' lang='lat' dir='ltr'><strong>nos</strong></span> <span class='ocrx_word' id='word_1_891' title='bbox 3415 5355 3699 5422; x_wconf 71' lang='lat' dir='ltr'><strong>intelligere.</strong></span> 
     </span>
    </p>
   </div>
   <div class='ocr_carea' id='block_1_117' title="bbox 2189 5443 3694 5525">
    <p class='ocr_par' dir='ltr' id='par_1_117' title="bbox 2189 5443 3694 5525">
     <span class='ocr_line' id='line_1_117' title="bbox 2189 5443 3694 5525; baseline -0.009 -17"><span class='ocrx_word' id='word_1_892' title='bbox 2189 5457 2633 5525; x_wconf 86' lang='lat' dir='ltr'><strong>quemadmodum</strong></span> <span class='ocrx_word' id='word_1_893' title='bbox 2665 5456 2801 5522; x_wconf 85' lang='lat' dir='ltr'><strong>loqui</strong></span> <span class='ocrx_word' id='word_1_894' title='bbox 2825 5453 3111 5521; x_wconf 74' lang='lat' dir='ltr'><strong>Scriptura:</strong></span> <span class='ocrx_word' id='word_1_895' title='bbox 3151 5450 3324 5520; x_wconf 72' lang='lat' dir='ltr'><strong>solent</strong></span> <span class='ocrx_word' id='word_1_896' title='bbox 3346 5449 3497 5518; x_wconf 90' lang='lat' dir='ltr'><strong>(sicut</strong></span> <span class='ocrx_word' id='word_1_897' title='bbox 3523 5443 3641 5508; x_wconf 87' lang='lat' dir='ltr'><strong>dixi)</strong></span> <span class='ocrx_word' id='word_1_898' title='bbox 3667 5453 3694 5491; x_wconf 81' lang='lat' dir='ltr'><strong>a</strong></span> 
     </span>
    </p>
   </div>
   <div class='ocr_carea' id='block_1_118' title="bbox 2192 5541 3690 5617">
    <p class='ocr_par' dir='ltr' id='par_1_118' title="bbox 2192 5541 3690 5617">
     <span class='ocr_line' id='line_1_118' title="bbox 2192 5541 3690 5617; baseline -0.005 -17"><span class='ocrx_word' id='word_1_899' title='bbox 2192 5557 2340 5617; x_wconf 90' lang='lat' dir='ltr'><strong>parte</strong></span> <span class='ocrx_word' id='word_1_900' title='bbox 2372 5557 2559 5612; x_wconf 89' lang='lat' dir='ltr'><strong>totum,</strong></span> <span class='ocrx_word' id='word_1_901' title='bbox 2611 5556 2668 5602; x_wconf 89' lang='lat' dir='ltr'><strong>ut</strong></span> <span class='ocrx_word' id='word_1_902' title='bbox 2698 5556 2908 5615; x_wconf 82' lang='lat' dir='ltr'><strong>peracta</strong></span> <span class='ocrx_word' id='word_1_903' title='bbox 2963 5545 3162 5608; x_wconf 85' lang='lat' dir='ltr'><strong>quinta,</strong></span> <span class='ocrx_word' id='word_1_904' title='bbox 3201 5551 3249 5596; x_wconf 89' lang='lat' dir='ltr'><strong>el</strong></span> <span class='ocrx_word' id='word_1_905' title='bbox 3281 5541 3507 5595; x_wconf 72' lang='lat' dir='ltr'><strong>inchoata</strong></span> <span class='ocrx_word' id='word_1_906' title='bbox 3539 5541 3690 5592; x_wconf 61' lang='lat' dir='ltr'><strong>rex“.</strong></span> 
     </span>
    </p>
   </div>
   <div class='ocr_carea' id='block_1_119' title="bbox 2187 5619 3689 5706">
    <p class='ocr_par' dir='ltr' id='par_1_119' title="bbox 2187 5619 3689 5706">
     <span class='ocr_line' id='line_1_119' title="bbox 2187 5619 3689 5706; baseline -0.013 -14"><span class='ocrx_word' id='word_1_907' title='bbox 2187 5648 2494 5706; x_wconf 81' lang='lat' dir='ltr'><strong>gererentur</strong></span> <span class='ocrx_word' id='word_1_908' title='bbox 2522 5637 2634 5692; x_wconf 83' lang='lat' dir='ltr'><strong>ha:c</strong></span> <span class='ocrx_word' id='word_1_909' title='bbox 2661 5651 2778 5705; x_wconf 76' lang='lat' dir='ltr'><strong>qua:</strong></span> <span class='ocrx_word' id='word_1_910' title='bbox 2823 5639 3124 5698; x_wconf 83' lang='lat' dir='ltr'><strong>narrantur,</strong></span> <span class='ocrx_word' id='word_1_911' title='bbox 3157 5631 3214 5685; x_wconf 91' lang='lat' dir='ltr'><strong>in</strong></span> <span class='ocrx_word' id='word_1_912' title='bbox 3259 5627 3573 5686; x_wconf 78' lang='lat' dir='ltr'><strong>crucilixiunc</strong></span> <span class='ocrx_word' id='word_1_913' title='bbox 3602 5619 3689 5674; x_wconf 83' lang='lat' dir='ltr'><strong>Do-</strong></span> 
     </span>
    </p>
   </div>
  </div>
