3904 6224
143 221 253 276 8ἳ3

1305 212 1732 270 TllESAUltUS.
1773 212 1945 268 CAP,
1967 214 2194 270 CLXXII

3267 222 3371 277 83f)

143 336 283 391 mini
314 338 501 402 nostri,
526 336 694 392 donec
719 333 978 403 completa
1009 337 1174 389 sexta,
1207 327 1296 379 illo
1324 326 1585 392 pendente
1617 325 1708 379 ﬁe-
1737 333 1788 387 Α
1815 327 1951 380 latus
1981 345 2074 398 pro
2104 328 2375 396 tribunali,
2406 335 2463 383 ut
2508 328 2692 384 eadem
2728 329 2880 385 tertia
2910 329 3167 400 completa
3196 332 3372 387 videa-

146 435 273 480 rent
328 429 578 494 tenebrae,
627 425 815 494 quibus
858 433 965 474 tres
1005 417 1346 486 evangelista:
1389 423 1708 470 attestantur

142 518 454 586 Ilattlueus,
490 518 696 572 Marcus
726 525 779 568 et
821 512 1010 566 Lucas.
1048 511 1356 576 Quazramus
1382 509 1490 578 jam
1523 522 1715 563 conse-

139 619 382 680 quenter
416 625 509 663 cur
554 605 748 660 dixerit
792 604 1020 669 Marcus,
1074 615 1192 655 cum
1243 609 1715 654 commemorasset

140 700 289 768 quod
327 698 697 765 cruciﬁgentes
727 708 870 755 eum,
913 690 1203 746 diviserunt
1235 690 1544 743 vestimenta
1575 688 1711 755 ejus,

140 792 426 845 mittentes
468 794 666 841 sortem
697 782 914 855 [sortes]
940 796 1098 851 super
1128 782 1226 846 eis,
1252 780 1366 848 quis
1395 779 1520 848 quid
1555 778 1712 833 tolle-

139 890 250 943 ret,
285 888 346 933 et
382 885 597 932 secutus
638 873 940 942 adjnnxerit
965 889 977 925 :
1007 873 1129 926 Erat
1172 881 1344 925 autem
1374 870 1502 924 liora
1531 870 1710 934 tertia,

140 979 192 1025 et
220 969 619 1023 cruciﬁxertutt
647 979 790 1019 eum.
823 963 938 1017 Jam
967 973 1113 1017 certe
1139 961 1346 1015 dixerat
1370 976 1385 1014 :
1411 959 1473 1012 Et
1508 957 1717 1015 cruciﬁ-

139 1070 343 1129 geutes
374 1073 515 1120 eum,
549 1056 842 1110 diviserunt
888 1053 1196 1108 vesﬁmenta
1237 1050 1385 1121 ejus,
1436 1049 1515 1103 sic
1555 1050 1716 1102 etiam

144 1147 337 1204 caeteri
386 1152 725 1213 attestantur,
776 1145 939 1214 quod,
997 1160 1062 1199 eo
1099 1142 1371 1206 cruciﬁxo,
1402 1139 1716 1193 vestimenta

144 1241 326 1296 divisa
354 1245 500 1292 sunt.
531 1238 590 1293 Si
619 1234 788 1309 [ergo]
841 1235 955 1306 ejus
1004 1236 1079 1290 rei
1109 1241 1273 1304 gestae
1320 1242 1526 1300 tempus
1551 1229 1716 1283 voluit

147 1344 585 1385 commemorare
609 1328 834 1394 Marcus,
858 1327 1126 1381 sufﬁceret
1145 1323 1323 1377 dicere
1347 1337 1358 1373 :
1389 1321 1516 1374 Erat
1538 1327 1715 1372 autem

147 1424 283 1478 hora
314 1424 506 1487 tertia;
537 1420 719 1490 utquid
747 1403 986 1487 adjunxit
1012 1435 1022 1470 :
1055 1417 1120 1471 Et
1158 1414 1535 1470 cruciﬁxerunt
1565 1410 1713 1474 eum’;

150 1517 251 1570 nisi
298 1514 428 1582 quia
477 1514 639 1567 voluit
686 1512 882 1580 aliquid
925 1506 1328 1577 recapitulando
1378 1504 1715 1573 signiﬁcare,

148 1606 294 1674 quod
342 1605 599 1674 quaeritur
649 1596 973 1671 [quaesitum]
1021 1596 1367 1657 inveniretur,
1409 1607 1532 1646 cum
1583 1591 1714 1645 scri-

1818 429 1923 481 tur,
1954 423 2163 490 quando
2201 422 2486 478 cruciﬁxus
2512 432 2613 485 est,
2652 435 2810 493 atque
2854 423 2945 478 illo
2965 422 3074 492 jam
3108 423 3372 494 pendente

1813 510 1866 565 in
1895 512 2056 581 ligno,
2087 514 2202 568 alia:
2233 523 2342 568 tres
2383 513 2528 567 hora:
2558 525 2784 580 peracta:
2823 516 2949 581 sint,
2991 525 3045 570 et
3092 516 3370 571 tradiderit

1813 602 2065 669 Spiritum
2097 611 2154 658 ut
2180 604 2247 659 ab
2294 618 2355 657 ea
2404 605 2531 657 hora
2573 619 2672 672 qua
2723 603 3002 660 defunctus
3031 615 3133 672 est,
3176 606 3228 661 id
3266 615 3371 671 est,

1814 694 1916 748 diei
1941 704 2108 761 sexta,
2142 695 2375 750 tenebrae
2405 695 2592 749 ﬁerent
2621 710 2784 763 usque
2824 697 2889 750 ad
2921 698 3103 751 horam
3153 714 3368 752 nonam.

1817 785 2005 839 Dicunt
2032 788 2195 850 enim,
2228 786 2312 841 die
2335 787 2546 856 quidem
2577 786 2691 851 illo,
2722 803 2876 856 quem
2908 790 3020 842 dies
3058 791 3260 844 sabbati
3291 806 3375 846 se-

1815 873 2092 942 quebatur,
2123 876 2447 930 Parasceven
2472 874 2632 930 fuisse
2659 877 2866 944 paschae
2884 875 3211 942 Judteorum,
3235 879 3374 947 quod

1815 965 1884 1019 ab
1911 967 2098 1020 eodem
2134 968 2354 1021 sabbato
2381 967 2676 1036 inciperent
2705 982 2914 1038 azyma,
2943 968 3036 1021 sed
3082 977 3256 1022 tamen
3286 984 3377 1022 ve-

1817 1074 1931 1112 rum
1981 1058 2176 1128 pascha
2207 1059 2349 1127 quod
2381 1059 2490 1128 jam
2535 1060 2587 1113 in
2637 1058 2886 1127 passione
2915 1059 3122 1113 Domini
3159 1061 3380 1130 gereba-

1819 1156 1926 1214 tur,
1951 1164 2053 1202 non
2076 1148 2405 1212 Judzeorum,
2429 1148 2522 1203 sed
2547 1147 2968 1202 Christianorum
2996 1149 3220 1218 ccepisse
3245 1164 3380 1219 prte-

1819 1242 2013 1312 parari,
2039 1241 2092 1296 id
2113 1251 2216 1310 est,
2247 1255 2572 1310 parascevcn
2597 1240 2792 1296 habere
2813 1240 2945 1296 hora
2969 1256 3105 1296 nona
3135 1240 3224 1313 [ab
3251 1242 3381 1295 hora

1817 1332 1989 1386 noctis
2012 1330 2170 1402 nona]
2187 1370 2203 1396 ,
2234 1330 2288 1385 in
2314 1345 2380 1385 eo
2405 1330 2547 1400 quod
2579 1330 2831 1386 Dominus
2853 1345 2883 1385 a
2909 1327 3105 1385 Iudaeis
3134 1331 3381 1386 occiden-

1817 1422 1917 1478 dus
1967 1422 2378 1493 pratparabatur.
2429 1422 2719 1478 Parasceve
2763 1423 2961 1492 quippe
3002 1422 3381 1492 interpretatur

1818 1512 2154 1582 praeparatio.
2186 1513 2267 1565 Ab
2297 1512 2386 1566 illa
2417 1527 2545 1583 ergo
2569 1527 2705 1567 nona
2740 1512 2869 1566 hora
2905 1513 3095 1575 noctis,
3128 1526 3293 1581 usque
3314 1513 3382 1566 ad

1821 1602 1934 1671 ejus
1981 1604 2402 1667 cruciﬁxionem,
2435 1604 2664 1658 occurrit
2717 1603 2850 1658 hora
2884 1617 3168 1671 parasceve
3209 1613 3380 1672 sexta,

149 1705 306 1766 plura
330 1695 446 1764 ipsa
474 1693 577 1748 illis
599 1689 923 1758 temporibus
950 1689 1233 1758 legeretur,
1261 1683 1453 1754 quibus
1470 1681 1725 1736 universa:

1835 1693 2125 1748 secundum
2174 1693 2453 1755 Joannem,
2499 1703 2556 1748 et
2595 1696 2723 1747 hora
2757 1692 2862 1747 diei
2905 1695 3058 1747 tertia
3093 1694 3384 1747 secundum

152 1786 415 1816 υιυινοὸω
433 1792 614 1812 υνδερ...
640 1790 771 1820 νιν-δ,
793 1795 892 1825 Ἰν..
915 1778 1046 1810 In”-
1064 1776 1311 1809 υυηιῖηυς
1334 1774 1469 1823 “uno
1495 1785 1692 1822 cu:pcn

149 1866 242 1904 sus
272 1851 380 1914 sit,
434 1849 574 1903 unde
617 1855 796 1916 posset
847 1844 1144 1914 huiusmodi
1185 1859 1338 1898 error
1382 1843 1595 1912 corrigi,
1638 1841 1720 1895 vel

151 1942 490 1997 mendacium
515 1940 753 1994 refutari.
775 1938 879 1993 Sed
905 1937 1024 2006 quia
1049 1936 1247 1991 sciebat
1269 1950 1297 1988 a
1326 1934 1584 1990 militibus
1606 1947 1723 1988 sus-

153 2049 378 2102 pensum
435 2032 737 2095 Dominum,
791 2044 896 2083 non
944 2043 973 2082 a
1029 2027 1264 2092 ludatis,
1317 2025 1453 2081 sicut
1491 2025 1724 2080 Joannes

155 2125 504 2193 apertissime
543 2122 695 2188 dicit,
745 2120 951 2176 occulte
991 2117 1272 2172 ostendere
1299 2116 1465 2170 voluit
1489 2130 1585 2169 eos
1614 2130 1721 2167 ma-

155 2215 232 2284 gis
266 2213 631 2277 cruciﬁxisse,
671 2213 760 2280 qui
805 2212 1169 2264 clamaverunt
1216 2215 1274 2261 ut
1303 2206 1720 2275 cruciﬁgeretur,

158 2322 311 2375 quam
353 2307 480 2360 illus
509 2305 598 2374 qui
646 2302 997 2358 ministerium
1037 2298 1258 2369 principi
1299 2311 1395 2352 suo
1433 2297 1722 2351 secundum

158 2413 309 2451 suum
351 2396 590 2451 cilicium
641 2394 1001 2460 praebuerunt.
1041 2388 1356 2457 lntelligitur
1395 2401 1522 2455 ergo
1564 2386 1728 2440 fuisse

159 2488 286 2541 hora
341 2486 673 2544 tertia,cum
723 2483 1095 2536 clamaverunt
1131 2478 1319 2543 Judaei,
1370 2485 1428 2529 ut
1469 2475 1726 2529 Dominus

159 2579 587 2648 cruciﬁgeretur,
643 2583 697 2629 et
744 2572 1091 2628 veracissinte
1136 2569 1548 2646 demonstratur,
1605 2576 1728 2621 tunc

160 2685 250 2727 eos
276 2667 640 2731 cruciﬁxisse,
678 2664 889 2734 quando
917 2663 1316 2724 clamaverunt,
1349 2644 1576 2712 maxime
1604 2659 1724 2725 quia

167 2760 421 2816 nolebant
449 2757 620 2812 videri
648 2771 706 2810 se
732 2756 833 2808 hoc
854 2753 1076 2815 fecisse;
1105 2758 1382 2819 propterea
1413 2763 1532 2802 eunt
1560 2747 1728 2801 Pilato

164 2850 518 2914 tradiderant,
549 2847 687 2917 quod
719 2859 906 2900 eorum
940 2844 1099 2896 verba
1128 2840 1253 2895 satis
1282 2839 1517 2893 indicant
1539 2853 1729 2892 secun-

164 2943 282 2995 dum
311 2939 596 2995 Joannem.
628 2939 760 2992 Cum
789 2936 931 2991 enim
960 2934 1183 2988 dixisset
1210 2932 1286 2986 eis
1312 2931 1509 2985 Pilatus
1528 2931 1724 2995 :Quam

163 3032 558 3088 accusationem
588 3029 790 3083 aﬁertis
825 3027 1082 3081 adversus
1113 3025 1379 3078 hominem
1415 3023 1591 3077 hunc?
1615 3021 1722 3076 Re-

166 3126 495 3192 sponderunt
523 3132 578 3178 et
612 3124 858 3176 dixerunt
886 3118 935 3174 ei
961 3136 975 3172 :
1005 3118 1058 3173 Si
1086 3131 1189 3170 non
1221 3124 1362 3184 esset
1390 3115 1471 3169 hic
1505 3115 1724 3169 malefa-

165 3226 294 3283 ctor,
321 3232 426 3271 non
455 3217 548 3269 tibi
587 3213 986 3268 tradidissemus
1023 3225 1163 3264 eum.
1199 3208 1347 3262 Dixit
1375 3222 1500 3274 ergo
1525 3207 1602 3261 eis
1635 3206 1723 3260 Pi-
1778 3225 1780 3227 ν

169 3307 609 3375 latnszAccipite
657 3319 777 3359 eum
827 3318 941 3367 vos,
985 3311 1040 3356 et
1084 3300 1370 3354 secundum
1421 3298 1589 3367 legem
1635 3313 1724 3351 vc.

169 3408 323 3453 stram
349 3400 587 3468 judicate
611 3413 756 3452 eum.
786 3396 1050 3450 Dixerunt
1068 3392 1256 3460 Judzri,
1284 3391 1443 3446 Nobis
1467 3405 1570 3443 non
1605 3389 1726 3443 licet

171 3489 466 3545 interﬁcere
495 3502 834 3558 quemquam.
865 3483 1016 3551 Quod
1044 3498 1170 3552 ergo
1201 3480 1428 3535 maxime
1456 3479 1622 3534 videri
1649 3479 1726 3532 fe-

171 3585 303 3638 cisse
343 3583 621 3646 nolebant,
673 3579 774 3632 hoc
823 3592 916 3632 eos
949 3577 1074 3630 hora
1107 3574 1256 3628 tertia
1290 3572 1474 3626 fecisse
1522 3571 1728 3624 Marcus

175 3674 432 3735 05Iendit.
483 3670 758 3725 venissime
805 3667 1044 3722 indicans
1094 3663 1258 3733 magis
1305 3663 1463 3716 fuisse
1516 3660 1725 3716 Domini

176 3765 490 3820 necalricem
523 3762 752 3827 linguam
783 3756 1105 3822 Iudaeorum,
1156 3768 1310 3823 quam
1342 3752 1570 3806 militum
1614 3765 1740 3804 ωηο.

176 3871 289 3910 nus.
323 3855 500 3910 Facile
525 3865 700 3907 autem
741 3849 942 3904 videbit
970 3847 1057 3915 qui
1083 3846 1196 3899 sine
1222 3844 1506 3912 impietatis
1533 3841 1726 3896 duritia

179 3946 393 4000 voluerit
421 3942 698 3998 attendere
726 3953 886 4009 quam
924 3946 1217 4004 opportuno
1249 3933 1364 3987 loco
1386 3932 1588 3986 Marcus
1627 3930 1726 3983 hoc

181 4034 240 4087 de
267 4034 418 4088 tertia
459 4033 588 4086 hora
623 4027 882 4100 posuerit,
907 4033 963 4080 ut
990 4025 1209 4093 quisque
1232 4022 1305 4076 ibi
1333 4023 1722 4086 recordaretur,

183 4140 277 4192 qua
327 4125 454 4178 hora
498 4122 664 4177 Judaei
715 4118 1087 4174 cruciﬁxerant
1133 4113 1431 4178 Dominum,
1457 4111 1547 4192 qui
1584 4110 1726 4164 vole-

185 4189 298 4268 bant
324 4217 374 4269 in
418 4216 708 4276 Romanos,
757 4210 841 4263 vel
871 4207 1157 4277 principes,
1186 4206 1266 4259 vel
1307 4189 1527 4270 milites,
1552 4210 1730 4256 trans-

186 4304 315 4361 ferre
345 4308 517 4374 ipsum
563 4303 785 4365 facinus,
833 4299 923 4355 ubi
956 4300 1147 4354 factum
1190 4297 1548 4351 ministrorum
1590 4297 1728 4350 mili-

1827 1783 2095 1831 Maruutu,
2147 1793 2203 1822 ut
2248 1799 2352 1823 twn
2383 1783 2594 1826 Marcus
2641 1782 2786 1827 illam
2836 1781 3021 1831 horam
3058 1783 3386 1836 recordatum

1826 1858 2228 1928 recapitulando
2284 1863 2828 1929 commemoraverit,
2879 1882 2980 1935 qua
3028 1858 3414 1927 clamaverunt.

1821 1950 2014 2018 Judaei,
2059 1951 2343 2023 Cruciﬁge,
2373 1953 2647 2024 cruciﬁge,
2678 1955 2771 2010 sed
2801 1971 2923 2011 eam
2955 1974 3172 2023 prorsus
3204 1961 3386 2017 horam
3413 1974 3416 1975 '

1825 2039 2031 2092 tertiam
2060 2038 2278 2103 dixerit,
2304 2055 2406 2108 qua
2435 2040 2687 2096 Dominus
2711 2051 2798 2098 est
2824 2046 3112 2101 cruciﬁxus
3139 2050 3191 2103 in
3222 2050 3384 2120 ligno.

1823 2128 1952 2195 Quis
1983 2129 2154 2183 fidelis
2184 2144 2288 2184 non
2317 2129 2441 2185 huic
2471 2129 2645 2186 faveat
2685 2133 2935 2189 solutioni
2977 2139 3304 2205 quaestionis,
3336 2141 3378 2194 si

1825 2219 1984 2272 modo
2017 2221 2183 2286 possit
2227 2220 2418 2289 aliquis
2447 2221 2698 2276 articulus
2726 2225 2919 2293 conjici
2963 2228 3028 2282 ab
3070 2228 3196 2283 hora
3247 2246 3384 2286 nona

1827 2313 1995 2365 noctis
2029 2311 2167 2365 unde
2194 2312 2422 2379 cmpisse
2450 2327 2782 2381 parasceven
2813 2317 3023 2385 paschae
3068 2331 3284 2388 nostra,
3334 2323 3385 2380 id

1827 2410 1928 2466 est,
1958 2403 2404 2470 prmparationem
2439 2404 2627 2456 mortis
2671 2403 2868 2459 Christi
2915 2417 3270 2476 congruenter
3301 2411 3384 2465 itt-

1831 2490 2177 2560 telligamus?
2206 2490 2261 2546 Si
2294 2490 2436 2546 enim
2468 2490 2706 2547 dicamus
2728 2509 2850 2548 eam
2877 2497 3104 2564 coepisse
3129 2502 3337 2568 quando
3356 2517 3386 2558 a

1827 2579 2025 2635 Judatis
2055 2585 2416 2650 apprehensus
2446 2590 2527 2636 est
2559 2581 2834 2648 Dominus,
2865 2584 3038 2640 adhuc
3069 2589 3239 2642 noctis
3279 2591 3387 2656 pri-

1829 2686 1927 2723 mae
1950 2680 2127 2738 partes
2154 2681 2303 2726 erant
2325 2688 2340 2724 :
2365 2673 2406 2724 si
2429 2672 2642 2741 quando
2668 2672 2732 2727 ad
2757 2672 2971 2728 domum
2997 2677 3281 2744 perductus
3307 2689 3390 2736 est

1827 2760 1999 2814 soceri
2027 2759 2262 2830 Caiphae,
2297 2762 2382 2814 ubi
2415 2769 2468 2815 et
2496 2761 2708 2815 auditus
2758 2771 2844 2830 est
2884 2777 2913 2816 a
2948 2763 3270 2832 principibus
3297 2782 3387 2821 sa-

1827 2850 2124 2916 cerdotum,
2172 2850 2344 2904 adhuc
2387 2850 2558 2918 gallus
2608 2865 2713 2904 non
2762 2860 3088 2917 cantaverat,
3135 2853 3274 2921 quod
3318 2869 3383 2909 ex

1831 2939 1970 2993 Petri
2001 2939 2282 3005 negatione
2308 2939 2631 3008 colligimus,
2677 2955 2796 3006 quae
2835 2955 2955 2996 cum
2975 2940 3084 3009 jam
3118 2942 3387 2999 audiretur

1756 3009 1799 3070 (ἶ
1831 3029 1966 3083 facta
1991 3039 2111 3084 est:
2141 3030 2185 3084 si
2215 3038 2393 3084 autem
2423 3029 2634 3098 quando
2661 3029 2833 3084 Pilato
2878 3029 3099 3085 traditus
3145 3040 3248 3094 est,
3273 3031 3384 3101 jam

1829 3134 1982 3173 mane
2010 3119 2172 3175 fuisse
2216 3118 2553 3187 apertissime
2591 3118 2846 3186 scriptum
2892 3127 2994 3172 est.
3043 3119 3224 3174 Restat
3260 3135 3387 3189 ergo

1826 3221 1883 3265 ut
1912 3211 2290 3280 intelligamus,
2327 3219 2452 3264 tunc
2481 3209 2712 3278 cmpisse
2744 3210 2897 3265 istam
2930 3225 3248 3276 patasceven
3294 3227 3387 3282 pa-

1825 3301 1989 3368 scha»,
2021 3302 2072 3356 id
2103 3310 2207 3369 est,
2244 3301 2683 3370 praeparationem
2707 3301 2893 3355 mortis
2918 3301 3148 3369 Domini,
3175 3304 3388 3372 quando

1824 3392 2215 3462 responderunt
2255 3405 2443 3446 omnes
2502 3390 2770 3460 principes
2814 3392 3199 3456 sacerdotum.
3247 3393 3385 3462 apud

1826 3497 1959 3550 quos
1991 3481 2162 3550 primo
2191 3481 2519 3543 audiebatur,
2547 3491 2600 3536 et
2629 3479 2902 3546 dixerunt,
2951 3481 3093 3537 Reus
3136 3490 3221 3536 est
3246 3498 3388 3536 mor-

1829 3573 1918 3635 tis,
1949 3571 2090 3642 quod
2131 3571 2267 3641 apud
2300 3570 2604 3624 Matthcum
2636 3577 2692 3625 et
2722 3569 2955 3624 Marcum
3004 3571 3288 3636 invenitur,
3333 3581 3390 3627 ut

1828 3661 2227 3731 recapitulando
2272 3661 2638 3730 intelligantur
2663 3655 2902 3718 de'Petri
2948 3664 3248 3732 cognitione
3276 3662 3369 3735 [ne

1828 3750 2082 3824 gatione],
2127 3762 2308 3822 postea
2354 3751 2575 3814 dixisse.
2623 3752 2764 3822 quod
2813 3762 2969 3807 antea
3015 3753 3210 3808 factum
3251 3765 3386 3810 erat.

1829 3845 1942 3900 Non
1995 3844 2137 3899 enim
2187 3843 2416 3898 absurde
2462 3842 2746 3911 conjicitur
2784 3857 2851 3897 eo
2887 3851 3146 3912 tempore,
3179 3845 3389 3913 quando

1829 3944 1911 4008 (ut
1931 3935 2062 4003 dixi)
2085 3949 2232 3988 reum
2257 3933 2442 3986 mortis
2464 3932 2960 4000 pronuntiaverunt,
2984 3947 3178 3988 nouam
3201 3934 3386 3990 horam

1828 4027 2000 4080 noctis
2030 4041 2148 4079 esse
2184 4024 2442 4092 potuisse.
2474 4022 2548 4076 Ex
2574 4037 2678 4092 qua
2717 4021 2848 4077 hora
2890 4037 3055 4092 usque
3097 4022 3165 4078 ad
3206 4025 3387 4080 boram

1829 4128 1929 4186 qua
1951 4115 2085 4169 sedit
2109 4113 2308 4168 Pilatus
2337 4126 2432 4183 pro
2460 4110 2734 4177 tribunali,
2759 4112 2909 4181 quasi
2933 4120 3081 4166 sexta
3107 4111 3235 4168 hora
3267 4113 3386 4184 fuit,

1831 4223 1933 4261 non
1956 4206 2081 4270 diei,
2106 4205 2198 4260 sed
2223 4218 2554 4274 parasceves,
2579 4204 2632 4257 id
2648 4213 2750 4270 est,
2774 4203 3184 4273 przeparatiOnis
3203 4205 3390 4265 immo-

1833 4299 2040 4351 lationis
2073 4296 2315 4362 Domini,
2355 4295 2493 4364 quod
2525 4310 2707 4350 verum
2755 4294 2954 4349 Pascha
2995 4304 3098 4353 est.
3149 4303 3204 4350 ιιι
3235 4295 3390 4364 plena

187 4405 285 4451 tum
316 4407 788 4453 commemoratum
820 4405 918 4449 est.
947 4394 1032 4447 Ait
1063 4392 1202 4447 enim
1230 4407 1243 4444 :
1270 4391 1333 4443 Et
1362 4390 1729 4457 cruciﬁgentes
1765 4371 1809 4428 υ
1833 4397 1980 4443 sexta
2003 4385 2238 4456 ejusdem
2261 4399 2721 4454 parasceves,qu:c
2741 4383 2894 4452 plena
2910 4383 3010 4438 diei
3024 4384 3177 4439 tertia
3197 4400 3390 4439 occur-

188 4503 297 4543 eum
324 4489 616 4544 diviserunt
642 4487 794 4557 113
819 4486 1129 4538 vestimenta
1152 4481 1284 4549 ejus,
1313 4480 1583 4534 mittentes
1612 4495 1728 4534 sor-

190 4583 262 4632 tes
286 4593 444 4648 super
468 4580 566 4644 eis,
591 4580 706 4645 quis
728 4576 854 4645 quid
875 4575 1100 4629 tolleret.
1125 4572 1222 4639 Qui
1247 4573 1366 4633 hoc.
1394 4572 1489 4623 nisi
1513 4571 1732 4636 milites,

192 4666 317 4721 sicut
343 4668 575 4724 Joannes
598 4666 931 4721 manifestat?
963 4665 1120 4732 Ergo,
1149 4677 1212 4715 ne
1239 4661 1513 4730 quisquam
1539 4664 1737 4731 cogita-

193 4757 376 4814 tionem
409 4761 538 4814 tanti
583 4758 822 4814 criminis
853 4770 1070 4810 avetsus
1099 4769 1127 4806 a
1166 4754 1383 4818 Judaeis,
1434 4752 1486 4806 in
1541 4754 1735 4808 milites

194 4845 300 4902 illos
325 4861 659 4907 converteret
683 4867 696 4904 :
729 4850 855 4902 Erat
884 4855 1080 4912 autem,
1111 4845 1298 4912 inquit,
1333 4844 1457 4898 hora
1485 4847 1661 4912 tertia,
1683 4855 1738 4901 et

194 4942 558 4998 cruciﬁxerunt
586 4956 744 5005 eum;
774 4951 828 4993 ut
860 4938 936 4992 illi
960 4954 1079 4991 eum
1113 4935 1284 5007 potius
1312 4935 1636 4989 cruciﬁxisse
1659 4938 1737 4990 in-

195 5033 478 5098 veniantur,
511 5048 646 5104 quos
677 5033 807 5087 hora
855 5032 1033 5096 tertia,
1086 5039 1141 5083 ut
1171 5029 1591 5098 cruciﬁgeretur,
1630 5030 1736 5083 cla-

198 5135 330 5174 mare
360 5131 590 5193 potuisse
617 5125 839 5194 di‘igens
885 5121 1161 5189 inquisitor
1190 5119 1423 5173 inveniet
1465 5134 1585 5173 cum
1640 5119 1732 5172 ad-

200 5215 402 5267 \erlerit
430 5218 532 5271 hoc
561 5215 702 5286 quod
725 5231 754 5268 a
786 5213 1034 5267 militibus
1065 5211 1255 5265 factum
1290 5219 1391 5274 est,
1420 5210 1546 5263 hora
1579 5222 1732 5264 sexta

201 5300 376 5358 factum
427 5317 509 5363 est
547 5307 733 5381 {esse},
762 5320 1061 5377 quanquam
1093 5319 1195 5357 non
1237 5303 1413 5358 desint
1439 5302 1526 5372 qui
1580 5303 1736 5357 Para-

201 5403 340 5446 sceve
383 5411 535 5462 quam
585 5398 816 5451 Joannes
865 5394 1315 5454 commemoravit.
1361 5392 1563 5458 dicens,
1613 5394 1734 5447 Erat

203 5490 362 5536 autem
407 5484 700 5541 Parasccve
747 5486 872 5539 hora
905 5485 1049 5553 quasi
1094 5491 1265 5545 sexta,
1314 5482 1439 5535 hora
1484 5482 1587 5536 dici
1621 5482 1737 5552 [h0-

204 5585 302 5627 ram
329 5575 427 5634 diei
458 5577 688 5648 tertiam]
719 5572 867 5632 tertia
898 5578 1062 5633 velint
1091 5574 1328 5643 intelligi,
1361 5589 1460 5642 qua
1491 5574 1624 5628 sedit
1656 5572 1736 5626 l’i-

1839 4477 2008 4542 rebat,
2035 4475 2286 4530 Dominus
2305 4474 2715 4543 suspenderetnr
2738 4475 2790 4528 in
2814 4474 2976 4542 ligno.
3001 4473 3126 4530 Sive
3145 4489 3270 4544 ergo
3290 4475 3391 4531 hoc

1840 4571 2012 4638 petius
2058 4566 2458 4636 intelligendum
2508 4564 2753 4634 eligatur,
2798 4568 2913 4619 sive
2951 4563 3157 4622 Marcus
3185 4567 3393 4622 tertiam

1840 4660 2026 4713 horam
2058 4658 2363 4723 recoluerit,
2394 4670 2616 4724 eamque
2644 4654 2871 4708 maxime
2893 4656 2959 4708 ad
2987 4655 3393 4712 condemnatio-

1841 4768 1960 4807 nem
1991 4751 2298 4806 Judzeorum
2345 4751 2396 4803 in
2428 4747 2636 4802 Domini
2686 4746 3030 4801 cruciﬁxione
3073 4762 3393 4803 commemo-

1843 4859 1964 4899 rare
1994 4842 2219 4896 voluerit
2245 4855 2347 4911 qua
2395 4839 2762 4908 intelliguntur
2801 4837 3033 4893 clamare
3065 4839 3294 4907 potuisse
3341 4850 3394 4894 ut

1842 4935 2260 5004 cruciﬁgeretur,
2293 4943 2349 4986 ut
2375 4931 2521 5000 ipsos
2563 4930 2737 5000 pulius
2764 4931 3092 4985 cruciﬁxisse
3129 4931 3393 4998 accipere-

1844 5042 1990 5093 mus,
2019 5040 2175 5095 quam
2204 5040 2297 5078 eos
2330 5038 2552 5093 quorum
2595 5021 2834 5076 manibus
2863 5036 3147 5090 suspensus
3174 5022 3225 5074 in
3254 5022 3395 5090 ligno

1841 5133 1953 5186 est,
1982 5123 2119 5176 sicut
2150 5122 2237 5174 ille
2263 5119 2503 5174 centurio
2533 5117 2699 5186 magis
2737 5117 2957 5171 accessit
3004 5116 3067 5168 ad
3120 5114 3426 5170 Domtnum'

1842 5229 1998 5284 quam
2029 5213 2101 5266 illi
2134 5211 2286 5264 amici
2316 5225 2449 5280 quos
2477 5211 2659 5264 misit:
2694 5207 3032 5277 proculdubio
3061 5206 3282 5274 quaastio
3305 5221 3403 5261 so-

1845 5307 1951 5359 luta
1978 5312 2061 5358 est
2081 5302 2148 5355 de
2170 5301 2297 5354 hora
2319 5298 2599 5353 dominica!
2621 5297 2905 5367 passionis,
2927 5311 3039 5362 qua:
3064 5296 3288 5349 maxime
3311 5310 3400 5350 so-

1846 5397 1918 5452 let
1936 5404 1988 5450 et
2017 5393 2466 5447 contentiosorum
2512 5390 2777 5446 concitare
2805 5385 3202 5457 impudentiam,
3235 5396 3289 5441 et
3312 5389 3406 5444 ius“

1847 5490 2114 5544 ﬁrmorum
2145 5484 2461 5556 imperitiam
2491 5479 2819 5552 perturbare.
