3904 6224
506 216 604 273 83!

1021 321 1242 378 CAPUT
1280 318 1556 375 CLXXIII.

509 436 584 489 De
603 435 800 489 duobus
827 433 1107 486 latronibus
1121 432 1374 496 quomodo
1398 430 1588 496 impari
1608 431 1776 482 relatu
1805 428 1856 481 Μ
1862 429 2083 481 att/unus

576 523 637 558 ac
680 505 882 556 .llarcus
919 503 1164 555 sententia
1200 519 1302 554 non
1353 504 1646 571 discrepant
1672 541 1686 566 ,
1725 502 1788 554 de
1822 501 2083 554 Consemu

581 573 1019 642 Evangelistarum
1051 572 1137 626 lib.
1173 587 1251 640 ιιι.

577 687 824 754 Sequitur
852 685 1132 741 Matthaeus
1163 695 1214 738 et
1243 684 1373 738 dicit
1401 703 1412 736 :
1443 665 1675 753 ltlipsum
1719 689 1895 735 autem
1921 692 1974 734 et
2004 681 2084 735 la-

508 788 688 831 trones
716 778 802 846 qui
834 777 918 831 ﬁxi
943 788 1096 830 erant
1139 774 1428 848 [cruciﬁxi]
1475 791 1594 831 cum
1643 790 1708 829 eo
1753 775 2086 842 impropera-

508 873 628 926 hant
663 872 734 926 ei.
768 870 898 926 Nam
945 867 1095 942 [Nec]
1125 872 1329 924 Marcns
1367 870 1666 937 discrepat,
1695 868 1794 921 hoc
1842 866 1981 920 idem
2006 865 2086 918 tli-

507 978 637 1018 cens
658 964 774 1016 aliis
796 962 997 1025 verbis,
1028 963 1200 1016 Lucas
1221 972 1399 1016 autem
1427 969 1604 1028 potest
1622 959 1796 1029 putari
1821 973 2088 1026 repugna-

509 1072 588 1122 re,
617 1055 716 1110 nisi
759 1071 927 1125 genus
965 1054 1244 1109 locutionis
1273 1055 1402 1109 satis
1441 1055 1690 1109 usitatum
1734 1069 1838 1107 non
1889 1052 2086 1106 oblivi-

507 1165 743 1203 scamur.
788 1150 876 1203 Ait
907 1148 1113 1202 Lucas:
1151 1147 1299 1203 Unus
1329 1155 1507 1201 autem
1538 1146 1605 1200 de
1647 1145 1728 1199 his
1759 1147 1844 1215 qui
1889 1143 2086 1212 pende-

511 1241 639 1294 bant
667 1240 981 1303 latronibus,
1018 1237 1420 1306 blasphemabat
1447 1251 1567 1290 eum
1600 1237 1807 1303 dicens,
1853 1234 1908 1289 Si
1942 1242 1995 1286 tu
2026 1247 2086 1287 es

507 1332 776 1396 Christus,
808 1331 1008 1385 salvum
1042 1329 1124 1384 fac
1155 1330 1491 1396 temetipsum
1523 1336 1576 1382 et
1601 1342 1726 1391 nos;
1759 1334 1812 1380 et
1846 1325 2086 1394 sequitur

507 1421 649 1476 idem
674 1423 785 1488 ipse
817 1430 973 1489 atque
1010 1421 1078 1473 ita
1109 1420 1346 1474 coatexit
1375 1436 1388 1472 :
1417 1417 1768 1487 Respondeas
1799 1429 1976 1470 autem
2005 1402 2103 1468 al-'

508 1524 588 1567 ter
611 1514 919 1583 increpabat
946 1528 1068 1571 eum
1091 1554 1106 1577 ,
1132 1513 1317 1567 dicens
1348 1528 1362 1565 :
1398 1511 1580 1580 Neque
1610 1521 1662 1565 ιιι
1698 1512 1852 1564 times
1877 1511 2042 1564 Deum
2066 1551 2082 1575 ,

503 1605 642 1672 quod
673 1605 726 1659 in
755 1604 938 1659 eadem
979 1605 1321 1659 damnatione
1352 1618 1410 1659 es
1437 1605 1459 1657 ?
1487 1614 1541 1659 et
1574 1618 1670 1657 nos
1698 1603 1911 1672 quidem
1944 1602 2084 1668 iuste

1570 208 1630 262 D.
1676 203 1998 262 EUGYPT‘II
2040 203 2331 258 ABBATlS
2371 202 2687 258 AFRICANI
3671 202 3756 261 832

2113 317 2156 374 Α
2190 329 2293 365 non
2309 317 2707 379 eratThomas;
2731 324 2905 381 sexto,
2934 315 3020 370 ubi
3046 315 3312 371 viditeum
3332 317 3604 381 Thomas;
3627 324 3759 387 septi-

2190 421 2297 462 mo.
2324 405 2386 457 ad
2415 421 2560 460 mare
2576 407 2906 470 Tiberiadis;
2931 418 3144 474 octavo,
3171 410 3222 462 in
3247 418 3437 462 monte
3455 408 3756 463 Galiltecse-

2185 497 2414 550 cundum
2431 497 2754 562 Mattlueum;
2773 514 2937 565 nono,
2951 501 3090 567 quod
3104 501 3231 555 dicit
3243 501 3477 563 Marcus,
3495 500 3754 555 novissime

2189 587 2890 658 recuinbcntibus,quiajam
2906 606 3012 643 non
3027 591 3246 645 erantin
3264 602 3407 646 terra
3423 606 3548 644 cum
3562 591 3756 646 illocoo-

2188 680 2690 746 vivaturi;decimo,
2707 681 2758 733 in
2779 684 2894 749 ipso
2916 682 3024 749 die,
3043 700 3149 738 non
3176 685 3226 738 in
3249 693 3393 739 terra
3410 685 3548 755 jam,
3565 685 3754 739 seder

2188 785 2364 827 vatum
2384 776 2434 828 in
2458 775 2616 836 nube,
2649 790 2768 828 cum
2800 775 2850 826 in
2880 776 3076 829 caelum
3108 777 3626 844 ascenderetzquod
3642 779 3753 830 ιιπ.

2188 881 2280 919 cus
2303 877 2351 920 et
2374 865 2542 920 Lucas
2568 876 2983 919 commemorant
3001 884 3017 930 ς
3035 868 3245 923 Marcus
3268 870 3489 938 quidem
3511 882 3622 938 post
3642 869 3749 922 illud

2187 956 2326 1026 quod
2345 957 2422 1010 eis
2441 957 2898 1011 discumbentibus
2915 960 3180 1026 apparuit,
3201 961 3270 1014 ita
3285 961 3609 1015 continuans
3621 970 3668 1013 ut
3687 962 3751 1013 di-

2188 1057 2367 1102 ceret:
2394 1047 2460 1101 Et
2485 1049 2741 1103 Dominus
2763 1049 3002 1116 quidem,
3029 1062 3310 1119 p05tquam
3338 1053 3552 1106 locutus
3578 1052 3746 1111 esteis,

2188 1148 2491 1205 a~snmptus
2516 1145 2602 1190 est
2649 1139 2698 1191 in
2729 1139 2954 1203 cmlnm;
2991 1140 3160 1193 Lucas
3181 1151 3360 1194 autem
3395 1141 3746 1208 pratermissis

2188 1230 2434 1283 omnibus
2459 1245 2552 1298 per
2587 1230 2938 1300 quadraginta
2968 1232 3083 1284 dies
3109 1234 3193 1301 agi
3225 1233 3293 1286 ab
3325 1234 3420 1288 illo
3462 1249 3583 1286 cum
3613 1234 3750 1286 δίεσις

2191 1319 2330 1387 polis
2367 1327 2685 1387 potnt-runt,
2717 1320 2788 1373 illi
2819 1321 2990 1388 primo
3033 1322 3141 1375 diei
3174 1323 3584 1377 resurrectionis
3609 1324 3712 1389 ejus
3733 1365 3745 1386 ,

2189 1410 2402 1476 quando
2426 1411 2476 1462 in
2509 1409 2840 1466 Hierusalem
2876 1410 3035 1482 114
3061 1412 3299 1479 ιιιυτίιιυε
3322 1413 3605 1482 apparuit,
3636 1429 3747 1466 con-

2185 1501 2358 1570 jungit
2394 1503 2554 1558 tacite
2586 1505 2934 1558 novis~imum
2977 1504 3119 1559 diem
3161 1521 3268 1574 quo
3306 1507 3546 1560 ascendit
3575 1506 3623 1560 in
3649 1521 3745 1561 etz-

2191 1594 2323 1661 lum,
2355 1595 2424 1648 ita
2457 1611 2718 1650 narrans:
2748 1596 2944 1651 Eduxit
2967 1608 3147 1651 autem
3180 1598 3300 1652 illos
3331 1599 3471 1653 foras
3497 1598 3548 1652 iu
3580 1599 3746 1652 Betha-

507 1695 652 1762 (nam
680 1695 837 1764 digna
854 1694 1008 1772 factis
1027 1693 1363 1764 recipimus),
1387 1694 1472 1748 hic
1498 1709 1626 1747 vero
1651 1693 1781 1748 nihil
1804 1693 1926 1746 mali
1952 1707 2080 1761 ges-
2114 1687 2160 1746 Β
2189 1691 2329 1740 niam
2359 1728 2373 1753 ,
2420 1697 2474 1742 et
2505 1688 2735 1742 elevatis
2767 1689 3015 1743 manibus
3046 1689 3158 1743 suis
3188 1729 3203 1753 .
3254 1689 3526 1744 benedixit
3564 1690 3641 1745 eis
3664 1733 3677 1757 ,
3702 1698 3746 1743 et

509 1788 621 1842 sit:
652 1795 706 1842 et
745 1787 954 1842 dicebat
994 1787 1060 1841 ad
1100 1787 1279 1842 Jesum
1312 1805 1323 1840 :
1361 1788 1584 1842 Domine
1611 1830 1625 1854 ,
1669 1797 1939 1841 memento
1981 1787 2083 1841 mei

505 1894 627 1933 cum
670 1881 881 1934 veneris
925 1882 975 1933 in
1008 1895 1230 1950 regnum
1264 1889 1434 1932 tuum.
1485 1879 1553 1932 Et
1582 1879 1711 1932 dicit
1755 1878 1826 1930 illi
1875 1876 2077 1932 .Iesus:

509 1970 681 2022 Amen
709 1969 830 2022 dico
863 1969 979 2035 tibi,
1009 1968 1166 2023 hodie
1192 1983 1397 2023 mecum
1431 1969 1537 2024 eris
1559 1969 1610 2022 in
1645 1968 1913 2038 paradiso.
1942 1967 2085 2033 Quo-

506 2060 664 2113 modo
685 2075 832 2129 ergo,
866 2061 1004 2114 sicut
1025 2059 1302 2114 Mattheus
1329 2061 1462 2114 dixit
1490 2058 1685 2130 [dicit],
1713 2052 1973 2112 Latrones
1993 2061 2081 2127 qui

507 2151 596 2204 ﬁxi
639 2162 790 2205 erant
830 2148 1113 2222 [crucifixi]
1151 2166 1270 2204 cum
1312 2165 1379 2206 eo
1420 2149 1855 2220 improperabant
1882 2150 1967 2214 ei;
2000 2149 2083 2204 vel

2188 1779 2382 1834 factum
2415 1791 2497 1835 est
2524 1796 2643 1835 cum
2693 1782 3035 1835 bcnediceret
3066 1783 3145 1837 eis
3170 1823 3184 1844 ,
3223 1781 3542 1836 eﬂerebatur
3571 1786 3620 1837 in
3647 1798 3743 1837 cte-

2189 1872 2293 1924 lum
2326 1872 2570 1944 [recessit
2592 1872 2660 1926 ab
2684 1873 2763 1926 eis
2793 1885 2843 1926 et
2874 1871 3217 1926 ferebaturin
3247 1871 3488 1943 C(Blum].
3515 1873 3742 1928 Viderunt

2186 1978 2314 2032 ergo
2339 1979 2462 2017 eum
2490 1978 2683 2032 pneer
2723 1963 2863 2031 quod
2897 1964 2948 2017 in
2995 1974 3138 2018 terra
3163 1964 3442 2028 viderant,
3476 1965 3741 2019 etiamdum

2188 2051 2418 2104 ferretur
2457 2051 2506 2102 in
2556 2051 2773 2106 (mlum.
2821 2053 3043 2108 Totiens
3071 2069 3200 2124 ergo
3244 2054 3296 2108 in
3332 2055 3652 2124 Evangelicis
3688 2054 3739 2107 li-

2187 2142 2294 2195 bris
2311 2151 2767 2197 commemoratur
2788 2143 2853 2195 ah
2868 2144 3117 2198 omnibus
3141 2147 3285 2199 visus
3299 2157 3573 2221 antequam
3585 2159 3740 2198 ascen-

2185 2238 2356 2291 disset
2385 2234 2436 2290 in
2465 2238 2693 2303 etelum;
2724 2241 2775 2291 in
2807 2247 2948 2292 terra
2985 2239 3193 2294 scilicet
3216 2241 3400 2294 novies
3423 2281 3439 2306 ,
3485 2251 3535 2294 et
3560 2239 3608 2293 in
3633 2254 3739 2293 aere

503 2241 641 2296 sicut
689 2241 898 2296 Marcus
951 2240 1123 2294 dicit:
1159 2241 1223 2295 Et
1249 2241 1338 2309 qui
1367 2256 1486 2295 cum
1532 2256 1598 2294 eo
1648 2239 1887 2295 cruciﬁxi
1929 2248 2084 2294 erant

502 2331 936 2386 conviciabantur
978 2333 1060 2385 ei?
1092 2332 1521 2400 quandoquidem
1555 2346 1692 2386 unus
1732 2346 1918 2385 eorum
1949 2345 2084 2385 con-

501 2423 725 2476 viciatus
743 2431 826 2476 est
858 2422 1151 2477 secundum
1175 2423 1333 2477 Luca:
1359 2423 1741 2487 testimonium,
1768 2421 1904 2476 alter
1942 2436 2083 2475 com-

503 2514 707 2581 pescuit
734 2529 886 2579 eum,
914 2523 969 2567 et
999 2517 1048 2566 in
1082 2513 1246 2567 Deum
1293 2512 1520 2567 credidit
1553 2554 1567 2577 ,
1598 2513 1697 2566 nisi
1729 2513 2082 2582 intelligamus

2185 2329 2350 2381 semel
2375 2330 2696 2383 ascendens.
2733 2330 2836 2385 Sed
2871 2347 2976 2384 non
3004 2332 3182 2386 omnia
3220 2334 3421 2402 scripta
3442 2343 3586 2398 sunt,
3618 2334 3737 2387 sicut

2184 2419 2418 2474 Joannes
2441 2422 2654 2474 fatetur.
2680 2420 2879 2474 Crebra
2907 2421 3048 2475 enim
3081 2433 3196 2476 erat
3217 2423 3334 2493 ejus
3363 2439 3480 2478 cum
3509 2424 3604 2478 illis
3622 2438 3734 2477 con-

2183 2513 2420 2564 versatio
2448 2527 2543 2579 per
2572 2511 2687 2565 dies
2727 2513 3078 2582 quadraginta
3103 2514 3407 2585 priusquam
3433 2517 3734 2569 ascendisset

506 2603 811 2657 hlatthwum
842 2613 896 2658 et
932 2603 1163 2659 Marcum
1203 2603 1438 2659 breviter
1478 2604 1900 2674 perstringentes
1941 2603 2081 2657 hunc

507 2696 678 2748 locum
705 2737 719 2761 ,
751 2695 1008 2766 pluralem
1049 2710 1327 2750 umerum
1371 2710 1468 2764 pro
1505 2696 1762 2765 singulari
1795 2695 2037 2764 posuisse
2062 2734 2080 2759 ,

503 2787 641 2839 sicut
681 2784 775 2856 [et]
808 2787 860 2839 in
893 2786 1126 2854 Epistula
1155 2786 1220 2841 ad
1253 2786 1510 2842 Hebraeos
1552 2786 1778 2857 legimus
1807 2787 2085 2856 pluraliter

503 2877 724 2940 dictum,
763 2877 1083 2932 Clauserunt
1119 2893 1210 2932 ora
1242 2878 1454 2934 leonum
1481 2920 1496 2944 ,
1543 2893 1665 2933 cum
1711 2877 1857 2934 solus
1899 2878 2080 2932 Daniel

503 2968 789 3037 signiﬁcari
827 2969 1188 3040 intelligatur,
1233 2979 1288 3026 et
1334 2971 1614 3041 pluraliter
1662 2971 1887 3034 dictum,
1935 2971 2078 3025 Secti

2185 2602 2238 2655 in
2263 2603 2481 2667 coelum,
2509 2617 2611 2655 non
2641 2612 2816 2656 tamen
2841 2603 2919 2657 eis
2949 2613 3041 2673 per
3064 2618 3255 2658 omnes
3282 2605 3613 2677 quadraginta
3635 2607 3734 2659 dies

2184 2696 2450 2750 continuis
2464 2705 2806 2765 apparuerat.
2827 2697 2954 2750 Nam
2971 2708 3085 2766 post
3102 2699 3243 2753 diem
3267 2701 3489 2768 primum
3507 2713 3731 2753 resurrec-

2187 2787 2345 2841 tionis
2362 2788 2478 2856 ejus
2504 2829 2520 2855 ,
2544 2788 2678 2842 alios
2705 2798 2827 2843 octo
2852 2787 2968 2842 dies
2985 2789 3340 2844 intervenisse
3363 2791 3729 2850 dicitiuannes.

2188 2889 2308 2947 post
2337 2895 2475 2950 quos
2503 2881 2582 2936 eis
2613 2897 2797 2936 rursus
2828 2884 3092 2951 apparuit,
3128 2883 3290 2938 tertio
3318 2894 3490 2938 autem
3518 2882 3578 2936 ad
3605 2895 3730 2935 mare

2184 2969 2487 3025 ’l‘ibrriadis
2515 3013 2529 3034 .
2571 2970 2811 3026 fortassis
2850 2975 3105 3027 continuo
3144 2973 3492 3043 Consequenti
3521 2973 3615 3026 die.
3656 2971 3729 3025 Ni-

504 3066 668 3124 sunt,
718 3074 838 3115 cum
881 3060 996 3114 solo
1036 3061 1188 3115 Esaia
1238 3062 1476 3116 tradatur
1516 3060 1658 3132 [cum
1688 3061 1756 3117 de
1775 3062 1894 3116 solo
1925 3063 2078 3116 Esaia
2111 3049 2152 3108 C
2187 3062 2259 3116 hil
2289 3063 2431 3117 enim
2464 3072 2753 3134 repugnat.
2784 3072 2839 3118 et
2869 3063 3059 3118 deinde
3091 3064 3308 3132 quando
3341 3063 3525 3126 voluit,
3558 3063 3730 3115 consti-

505 3146 785 3219 tradatur].
814 3147 869 3202 In
901 3150 1108 3218 psalmo
1131 3151 1293 3204 etiam
1323 3151 1463 3220 quod
1491 3150 1690 3205 dictum
1722 3160 1806 3206 est
1836 3171 1848 3206 :
1882 3154 2080 3208 Astite-

504 3246 629 3291 runt
650 3255 799 3307 reges
827 3249 1004 3302 terrae,
1035 3251 1089 3296 et
1114 3243 1384 3311 principes
1405 3253 1773 3297 convenercunt
1795 3244 1848 3297 in
1877 3259 2040 3297 unum
2063 3260 2081 3298 :

506 3329 762 3394 pluralem
793 3345 1066 3386 numerum
1092 3346 1187 3401 pro
1215 3333 1472 3402 singulari
1492 3335 1744 3402 positum,
1779 3336 1831 3388 in
1859 3336 2078 3391 Actibus

503 3422 866 3491 apostolorum
887 3425 1192 3494 exponitur.
1217 3424 1347 3478 Nam
1372 3441 1525 3495 reges
1549 3436 1765 3496 propter
1789 3427 2074 3492 Herodem,

508 3511 774 3579 principes
825 3523 1042 3581 propter
1073 3515 1300 3568 Pilatum
1345 3517 1767 3580 intellexerunt,
1798 3519 1887 3587 qui
1932 3520 2080 3572 testi-

508 3605 746 3658 monium
773 3605 891 3672 ejus
917 3606 1101 3673 psalmi
1132 3607 1507 3661 adhibuerunt.
1527 3608 1633 3663 Sed
1652 3609 1773 3676 quia
1805 3617 1859 3661 et
1889 3611 2078 3680 pagani

507 3697 683 3750 solent
709 3696 1023 3751 (alumniari
1064 3697 1408 3767 Evangelium
1438 3741 1450 3760 .
1491 3682 1705 3754 videant
1735 3702 2082 3769 quemadmo-

506 3789 634 3840 dum
667 3787 824 3840 locuti
854 3799 980 3841 sunt
1014 3799 1261 3842 auctores
1287 3804 1470 3842 eorum
1506 3790 1756 3844 Pluedras
1783 3832 1796 3856 ,
1828 3791 2038 3848 Medeas
2060 3833 2075 3857 ,

504 3879 943 3947 ClytemneStras,
972 3895 1094 3933 cum
1116 3881 1338 3950 singula:
1363 3880 1577 3935 fuerint.
1602 3883 1738 3950 Quid
1762 3896 1940 3939 autem
1968 3888 2078 3940 usi-

507 3971 686 4034 tatius,
715 3970 862 4024 verbi
891 3971 1083 4039 gratia,
1109 3986 1267 4042 quam
1297 3982 1351 4028 ut
1381 3973 1523 4028 dicat
1552 3975 1764 4044 aliquis,
1798 3977 1864 4030 Et
1894 3980 2074 4034 rustici

505 4061 632 4118 mihi
662 4062 939 4127 insultant,
968 4061 1130 4117 etiam
1158 4063 1204 4116 si
1234 4078 1369 4118 unus
1392 4065 1628 4120 insultet.
1656 4066 1805 4121 Tunc
1825 4069 1966 4122 enim
1990 4087 2077 4124 es-

505 4165 586 4209 set
609 4153 935 4208 contrarium
958 4154 1100 4224 quod
1134 4155 1306 4209 Lucas
1331 4157 1507 4210 denuo
1531 4157 1909 4224 manifestavit,
1934 4162 1976 4214 si
2002 4163 2079 4218 illi

503 4248 768 4302 dixissent
812 4247 999 4301 ambos
1040 4247 1277 4302 latrones
1327 4249 1655 4304 conviciatos
1703 4252 1959 4318 Domino;
2009 4255 2078 4308 ita

504 4344 647 4396 enim
691 4355 798 4395 non
840 4349 1020 4408 posset
1048 4341 1147 4394 sub
1176 4356 1396 4396 numero
1425 4343 1615 4411 plurali
1669 4359 1805 4398 unus
1834 4345 2075 4416 intelligi.

2187 3164 2343 3210 tuens
2388 3154 2465 3210 eis
2505 3156 2649 3223 quod
2698 3165 2751 3218 et
2790 3163 2916 3208 ante
2951 3155 3274 3223 pra-dixerat
3321 3170 3414 3210 eos
3451 3155 3498 3208 in
3525 3154 3728 3233 Calilzz

2186 3255 2421 3301 montem
2445 3247 2749 3317 prazcedere
2766 3246 2844 3320 [ut
2861 3263 2955 3302 eos
2979 3248 3031 3300 in
3052 3248 3291 3303 Galilazte
3309 3257 3533 3301 montem
3555 3261 3728 3314 praece-

2188 3337 2385 3410 deret],
2417 3349 2575 3409 atque
2601 3341 2817 3394 omnino
2841 3355 2934 3408 per
2964 3340 3088 3395 illos
3121 3340 3466 3409 quadraginta
3495 3337 3594 3392 dies
3610 3351 3728 3404 quo-

2189 3430 2328 3482 tiens
2359 3430 2555 3494 voluit,
2598 3429 2789 3497 quibus
2820 3429 3024 3494 voluit,
3059 3429 3502 3499 quemadmodum
3539 3426 3684 3478 voluit
3711 3463 3725 3488 ,

2187 3518 2323 3571 sicut
2371 3518 2564 3573 Petrus
2606 3518 2736 3573 dicit
2783 3519 2996 3588 quando
3035 3535 3156 3573 eum
3193 3521 3442 3574 Cornelio
3471 3532 3517 3573 et
3551 3517 3620 3570 his
3646 3517 3725 3584 qui

2190 3625 2307 3662 cum
2332 3609 2425 3662 illo
2448 3610 2656 3664 inerant
2679 3611 3023 3680 praedicabat.
3047 3611 3146 3679 Qui
3175 3612 3337 3666 simul
3362 3653 3378 3676 ,
3409 3609 3582 3680 inquit,
3607 3623 3726 3660 man-

2189 3700 2505 3753 ducavimus
2535 3711 2589 3754 et
2635 3702 2866 3755 bibimus
2907 3717 3028 3755 cum
3071 3702 3160 3754 illo
3193 3711 3529 3769 posteaquam
3569 3714 3724 3753 resur-

2191 3795 2330 3848 rexit
2353 3811 2382 3847 a
2407 3796 2630 3848 mortuis
2657 3809 2751 3862 per
2777 3793 2890 3848 dies
2921 3795 3292 3864 quadraginta.
3323 3796 3434 3848 Non
3461 3793 3586 3862 quod
3611 3807 3723 3859 quo-

2193 3885 2318 3938 tidie
2350 3900 2443 3952 per
2468 3885 2586 3939 dies
2622 3883 2970 3956 quadraginta
3000 3900 3122 3938 cum
3154 3886 3248 3937 illo
3276 3884 3658 3938 manducassent
3679 3892 3724 3935 et

2194 3974 2488 4029 bibissent:
2521 3989 2639 4029 nam
2671 3974 2773 4029 erit
2801 3975 3127 4030 contrarium
3155 3974 3344 4029 Joanni
3382 3977 3467 4043 qui
3493 3986 3602 4028 octo
3625 3973 3724 4027 illos

2188 4067 2301 4120 dies
2331 4067 2645 4136 interposuit
2671 4109 2688 4135 ,
2718 4067 2911 4136 quibus
2939 4067 3018 4122 eis
3051 4067 3194 4122 visus
3222 4082 3329 4120 non
3372 4075 3480 4128 est,
3507 4077 3558 4120 ut
3591 4065 3723 4118 tertio

2189 4157 2620 4212 manifesmretur
2668 4157 2735 4211 ad
2782 4173 2930 4213 mare
2955 4156 3276 4213 Tiberiadis.
3305 4155 3432 4211 Inde
3454 4156 3558 4225 jam
3587 4156 3722 4210 etiam

2188 4249 2230 4302 si
2261 4247 2498 4318 quotidie
2527 4249 2629 4304 illis
2658 4250 2806 4303 visus
2844 4257 2898 4303 et
2925 4264 3045 4302 cum
3071 4249 3174 4303 illis
3201 4251 3512 4303 convivatus
3539 4256 3634 4312 est,
3661 4246 3720 4298 ni-

2191 4342 2263 4394 llll
2304 4351 2600 4412 repugnat,
2645 4350 2701 4396 et
2740 4342 2966 4395 fortasse
3001 4340 3120 4395 ideo
3139 4339 3339 4395 dictum
3379 4350 3461 4395 est
3494 4354 3583 4409 per
3615 4351 3724 4405 qua-

506 4432 638 4488 Cum
662 4449 790 4488 vero
819 4433 1020 4488 dictum
1043 4443 1121 4486 est
1154 4432 1418 4499 latrones,
1439 4435 1527 4489 vel
1553 4435 1642 4505 qui
1671 4452 1790 4490 cum
1814 4453 1878 4491 eo
1907 4440 2079 4493 crnci-
2112 4418 2162 4476 Ῑ)
2189 4433 2432 4503 draginta
2461 4433 2598 4488 dies.
2626 4432 2726 4499 Qui
2759 4444 2948 4500 quater
2972 4431 3096 4486 deni
3126 4441 3250 4486 sunt
3279 4433 3329 4486 in
3354 4431 3631 4503 mysterio,
3657 4428 3722 4481 vel

509 4528 601 4579 fixi
623 4533 795 4589 erant,
821 4538 919 4578 nec
937 4521 1171 4576 additum
1200 4532 1281 4577 est
1305 4525 1490 4578 ambo:
1518 4541 1622 4579 non
1649 4528 1822 4581 solum
1851 4529 1894 4581 si
1924 4535 2081 4584 ambo

514 4620 793 4681 fecissent,
825 4625 1004 4684 posset
1029 4614 1130 4670 hoc
1158 4615 1263 4670 dici
1284 4658 1298 4681 ,
1345 4617 1438 4670 sed
1468 4617 1628 4671 etiam
1668 4619 1789 4686 quia
1821 4635 1958 4674 unus
1982 4621 2084 4676 hoc

510 4713 634 4769 fecit
659 4755 674 4777 ,
720 4709 890 4778 potuit
918 4708 1114 4761 usitato
1156 4707 1444 4761 locutionis
1497 4709 1656 4762 modo
1698 4724 1791 4778 per
1819 4711 2078 4779 pluralem

510 4817 790 4857 numerum
821 4796 1156 4871 [singularis]
1195 4799 1504 4867 signiﬁcari.

1032 4913 1259 4968 CAPUT
1297 4913 1571 4968 CLXXIV.

509 5009 686 5062 Decies
716 5008 992 5059 Dominum
1020 5007 1318 5076 apparuisse
1341 5016 1452 5074 post
1476 5010 1895 5062 resurrectionem
1926 5028 2080 5066 evan-

834 5078 1028 5147 gelistre
1049 5077 1254 5130 tradunt
1271 5121 1284 5144 ,
1314 5093 1378 5131 ea:
1399 5077 1570 5130 eadem
1593 5078 1739 5133 libro.

583 5173 884 5227 Invenimus
910 5173 1089 5239 itaque
1112 5171 1250 5235 apud
1281 5178 1508 5238 quatuor
1524 5173 1878 5240 evangelistas
1901 5174 2079 5230 decies

509 5275 980 5321 commemoratum
1015 5265 1293 5317 Dominum
1327 5263 1494 5316 visum
1530 5276 1647 5317 esse
1683 5264 1748 5315 ab
1780 5263 2083 5319 hominibus

510 5369 628 5429 post
661 5359 1102 5411 resurrectionem
1139 5375 1151 5409 :
1185 5356 1349 5410 semel
1379 5396 1393 5421 ,
1424 5356 1491 5409 ad
1521 5342 1919 5411 monumentum
1964 5375 2079 5412 mu-

513 5450 727 5503 lieribus
755 5466 767 5512 ;
802 5450 1015 5510 iterum,
1039 5448 1235 5502 eisdem
1269 5447 1692 5516 regredientibus
1714 5463 1740 5498 a
1761 5465 2079 5502 monumen-

513 5551 565 5590 to
591 5541 637 5591 in
669 5541 888 5603 itinere;
927 5541 1106 5604 tertio,
1141 5539 1333 5602 Petro;
1360 5547 1572 5606 quarlo,
1597 5537 1800 5591 duobus
1834 5540 2081 5592 euntibus

519 5616 571 5668 l"
608 5629 924 5692 castellum;
969 5631 1174 5697 quinto,
1218 5631 1456 5697 pluribus
1505 5629 1554 5682 in
1607 5629 1957 5694 Hierusalem,
1992 5631 2079 5684 ubi

2193 4527 2352 4581 totius
2383 4526 2564 4579 mundi
2591 4567 2603 4589 ,
2630 4525 2714 4578 vel
2758 4524 2921 4578 totius
2949 4525 3258 4592 temporalis
3295 4523 3506 4586 saeculi,
3535 4523 3646 4591 quia
3683 4528 3723 4572 et

2193 4619 2268 4672 illi
2294 4619 2447 4689 primi
2478 4617 2828 4685 decemdies,
2851 4619 2900 4669 in
2924 4616 3114 4686 quibus
3139 4625 3296 4671 erant
3315 4616 3392 4670 illi
3421 4627 3537 4670 octo
3556 4615 3674 4674 dies.
3696 4628 3719 4664 a

2192 4723 2340 4778 parte
2389 4718 2556 4764 totum
2607 4718 2826 4778 possunt
2872 4722 3020 4761 more
3061 4707 3457 4776 Scriptuiarurn
3499 4721 3595 4760 non
3633 4705 3719 4757 dis-

2189 4817 2320 4854 sone
2348 4803 2668 4866 computari.
2695 4798 3012 4853 Conferatur
3037 4814 3164 4868 ergo
3193 4807 3248 4853 et
3269 4799 3408 4868 quod
3431 4799 3499 4850 ait
3532 4811 3714 4864 apos'o-

2189 4892 2269 4945 lus
2292 4891 2504 4955 Paulus,
2530 4900 2704 4944 utrum
2721 4889 2848 4942 nihil
2867 4889 3052 4944 alferat
3067 4890 3406 4956 quaestionis:
3426 4888 3714 4945 Resurmit,

2186 4985 2394 5053 inquit,
2427 4981 2584 5036 tertio
2609 4979 2697 5033 die
2743 4979 3034 5034 secundum
3067 4979 3406 5049 Scripturas,
3435 4990 3485 5033 et
3511 4973 3716 5045 apparuit

2186 5078 2401 5142 (Iephte.
2421 5075 2535 5128 Non
2565 5075 2718 5135 dixit,
2745 5072 2915 5141 primo
2944 5071 3188 5140 apparuit
3211 5069 3440 5139 Cepbae;
3470 5083 3579 5122 nam
3597 5071 3713 5118 esset

2186 5167 2512 5222 contrarium
2564 5166 2701 5233 quod
2763 5166 2934 5233 primo
2977 5160 3291 5216 mulieribus
3338 5158 3628 5229 apparuisse
3671 5152 3710 5202 in

2189 5261 2472 5329 Evangelio
2498 5259 2705 5328 legitur.
2723 5258 2933 5323 Postea,
2959 5259 3147 5326 inquit,
3172 5255 3450 5309 duodecim
3478 5272 3490 5306 :
3525 5252 3706 5319 quibus-

2183 5353 2332 5415 libet,
2362 5366 2466 5417 qua
2498 5351 2628 5404 hora
2658 5351 2805 5416 libet,
2840 5351 2955 5419 ipso
2986 5359 3159 5402 tamen
3193 5344 3586 5402 resurrectionis
3607 5341 3704 5401 die;

2184 5442 2374 5497 deinde
2404 5443 2649 5509 apparuit
2672 5441 2946 5510 plusquam
2970 5441 3273 5508 quingentis
3293 5437 3532 5492 fratribus
3555 5426 3702 5487 simul.

2184 5554 2292 5591 sive
2320 5539 2405 5591 isti
2438 5552 2555 5590 cum
2593 5537 2693 5588 illis
2731 5535 2972 5588 undecim
3002 5545 3152 5588 erant
3180 5534 3517 5604 congregati,
3545 5523 3705 5580 clausis

2184 5632 2334 5684 ostiis
2358 5638 2573 5698 propter
2608 5636 2804 5680 metum
2839 5625 3161 5692 ludu'orum,
3197 5626 3339 5681 unde
3369 5640 3483 5679 cum
3518 5617 3704 5674 exiisscl
