3904 6224
134 253 270 313 833

1342 254 1771 314 TliESAURUS.
1813 253 1968 310 CAP.
2007 252 2138 310 CLX
2152 254 2264 312 XV.

3321 256 3424 311 835

129 365 422 435 Thomas,
451 368 680 425 venitad
711 382 806 424 eos
832 368 1022 434 Jesus,
1051 370 1162 422 site
1188 377 1305 438 post
1328 379 1452 425 octo
1477 370 1597 424 illos
1624 369 1742 424 dies
1770 377 1819 440 Α
1847 383 2030 422 verum
2077 368 2239 423 Deum
2268 410 2283 434 ,
2320 378 2374 424 et
2414 383 2571 439 quem
2628 367 2816 423 misisti
2867 367 3048 423 Jesum
3107 366 3376 421 Christum
3409 410 3425 435 ,

130 458 547 525 quandolibet;
581 459 708 514 nihil
742 458 900 511 habet
926 457 1151 512 adversi.
1189 460 1396 525 Postea,
1429 459 1619 530 inquit,
1647 473 1742 527 ap-

105 597 110 600 .
135 551 342 615 paruit
378 551 575 607 lacobo
600 568 613 603 :
647 565 752 605 non
783 559 908 604 tunc
934 558 1110 604 autem
1141 554 1365 620 primum
1395 552 1640 620 accipere
1661 550 1748 604 de-

135 637 355 694 bemus
384 641 554 694 visum
586 654 706 694 esse
735 638 969 706 Jacobo,
1003 639 1097 693 sed
1128 640 1298 710 aliqua
1328 642 1540 710 propria
1572 638 1746 694 mani-

135 728 454 786 festatione
498 730 866 799 singulariter.
911 729 1108 785 Deinde
1152 731 1405 803 apostolis
1447 732 1695 786 omnibus
1729 716 1748 795 ,‘V

135 837 264 876 nec
295 822 407 876 illis
438 832 562 877 tunc
603 821 832 890 primum
860 861 875 885 ,
906 822 1000 877 sed
1027 823 1134 893 jam
1169 835 1222 877 ut
1263 823 1577 878 familiarius
1619 838 1747 877 con-

138 923 474 967 versaretur
495 926 618 966 cum
647 911 726 965 cis
764 925 932 980 usque
971 912 1037 966 ad
1067 914 1208 968 diem
1247 913 1580 968 ascensionis
1608 927 1743 968 suae.

142 1003 470 1058 Novissime
515 1011 690 1058 autem
740 1003 1006 1069 omnium,
1047 1005 1255 1073 inquit,
1310 1003 1460 1070 quasi
1501 1005 1746 1058 avortivo

141 1093 464 1165 [abortivo]
503 1095 749 1163 apparuit
788 1104 841 1148 et
879 1095 1006 1148 mihi
1035 1136 1050 1160 ,
1091 1095 1184 1148 sed
1231 1094 1331 1147 hoc
1352 1094 1461 1162 jam
1503 1093 1570 1147 de
1608 1094 1747 1148 cmlo

145 1193 292 1254 post
320 1201 428 1240 non
465 1202 679 1256 parvum
714 1195 920 1256 tempus
952 1188 1282 1241 ascensionis
1305 1204 1438 1241 sine.
1469 1187 1744 1255 Nuncjam

147 1278 444 1332 videamus
488 1278 629 1348 quod
669 1279 1041 1333 distuleramus
1065 1321 1078 1342 ,
1113 1278 1262 1347 cujus
1294 1278 1532 1349 mysterii
1580 1278 1744 1347 gratia

147 1362 464 1425 secundum
498 1372 804 1427 Manlianum
835 1380 890 1426 et
918 1372 1151 1426 Marcum
1185 1386 1469 1441 resurgens
1493 1371 1560 1423 ita
1594 1385 1746 1424 man-

149 1460 379 1516 daverit
403 1479 415 1514 :
436 1463 738 1517 Praecedam
762 1477 855 1516 vos
874 1463 924 1516 in
948 1463 1241 1528 Galilaeam,
1266 1462 1335 1516 ibi
1355 1477 1440 1516 me
1460 1461 1741 1515 videbitis:

153 1556 312 1622 quod
342 1565 396 1609 et
423 1556 500 1610 sic
527 1557 850 1626 completum
876 1565 994 1621 est,
1025 1566 1202 1609 tamen
1245 1565 1362 1623 post
1405 1556 1569 1607 multa
1593 1568 1742 1606 com-

155 1647 373 1715 pietutn
396 1657 477 1702 est
503 1689 517 1712 ,
548 1664 666 1700 cum
694 1648 771 1700 sic
803 1648 1108 1700 mandatum
1162 1646 1256 1712 sit,
1288 1658 1588 1713 quanquam
1630 1644 1746 1695 sine

1834 1043 1838 1046 .
1919 1007 2040 1072 quia
2061 1022 2162 1057 non
2194 1009 2431 1073 perfecte,
2462 1008 2551 1058 sed
2580 1020 2642 1058 ea:
2681 1017 2827 1071 parte
2855 1007 2940 1067 sit,
2965 1005 3076 1058 ideo
3107 1005 3179 1059 sic
3205 1010 3425 1061 manebit

1852 459 1990 514 sicut
2022 458 2072 514 in
2105 461 2190 515 illa
2219 465 2517 516 a-ternit.-te
2545 470 2922 529 cogtiuscetitr,
2955 475 3062 530 quo
3087 471 3272 515 servos
3301 475 3424 528 per-

1850 550 2008 604 ducet
2032 566 2123 619 per
2153 551 2372 606 formam
2402 552 2564 620 servi,
2601 561 2658 607 ut
2682 553 2834 607 liberi
2864 552 3292 624 contcmpieiitur
3320 551 3427 606 lora

1852 656 1993 694 Iliam
2029 641 2257 697 Domitii.

2373 751 2600 806 CAPUT
2640 750 2892 804 CLXXV.

1855 862 2005 928 Quod
2033 864 2083 916 in
2100 866 2257 918 tribus
2278 867 2468 927 activis,
2497 865 2550 918 in
2564 863 2780 918 Joannis
2802 875 2968 937 autem
2989 865 3263 937 Evangelia
3289 871 3426 922 dona

1918 937 2320 998 contemplativa’
2346 937 2544 988 virtutis
2568 938 2789 988 eluceant
2831 936 3024 1007 idoneis
3063 936 3371 1007 dignoscere:
3405 979 3425 1004 ,

1924 1077 2080 1126 donec
2103 1077 2295 1142 veniat,
2327 1091 2391 1129 ea:
2421 1077 2549 1129 libro
2592 1075 2656 1128 de
2685 1075 2944 1128 Conseusu
2971 1075 3261 1147 euangelist.
3296 1093 3366 1131 tv.

1923 1184 2373 1254 Discipulisetiam
2394 1186 2708 1240 insulliando
2724 1186 2869 1240 dedit
2884 1185 3140 1255 Spiritum
3159 1195 3423 1255 sanctum,

1850 1292 1915 1329 ne
1943 1278 2054 1343 ipse
2082 1277 2312 1346 Spiritus
2338 1278 2426 1346 qui
2445 1276 2688 1330 Trinitati
2719 1276 3182 1331 consubstantialis
3210 1285 3261 1329 ct
3285 1265 3426 1330 cute;

1850 1375 2034 1421 ternos
2056 1377 2138 1422 est
2160 1406 2174 1432 ,
2207 1367 2573 1422 tantummodo
2601 1367 2771 1421 Patris
2807 1381 2930 1420 esse
2975 1382 3079 1421 non
3120 1366 3278 1420 etiam
3305 1366 3426 1420 Filii

1848 1457 2077 1526 Spiritus
2102 1468 2398 1529 putaretur.
2429 1459 2708 1515 Postremo
2733 1474 2855 1513 suas
2878 1473 3008 1513 oves
3050 1459 3208 1512 Petro
3228 1459 3430 1511 amanti

1849 1547 1951 1621 [se]
1975 1591 1991 1616 ,
2020 1566 2250 1619 rumque
2280 1565 2516 1605 amorem
2541 1558 2622 1604 ter
2647 1548 2924 1605 confitenti
2949 1547 3331 1602 commendans
3351 1548 3427 1600 di-
3481 1551 3490 1562 '

1847 1638 1958 1712 cit,
1985 1640 2234 1692 eumdem
2263 1639 2520 1693 Joannem
2541 1639 2616 1693 sic
2647 1654 2708 1693 se
2730 1639 2867 1694 velle
2891 1653 3109 1693 manere
3135 1637 3310 1692 donec
3337 1650 3429 1692 ve-

162 1737 486 1805 pra-judicio
530 1737 889 1802 necessitatis,
923 1748 978 1788 ut
1008 1745 1098 1787 aut
1139 1734 1239 1787 hoc
1260 1733 1431 1788 solum
1459 1773 1476 1799 ,
1509 1743 1601 1786 aut
1646 1735 1746 1785 hoc
1781 1748 1822 1806 Β
1854 1729 1996 1795 niat,
2024 1731 2113 1783 ubi
2152 1732 2312 1784 etiam
2349 1731 2478 1783 mihi
2507 1731 2717 1784 videtur
2754 1731 2860 1784 alto
2897 1731 3141 1784 docuisse
3173 1731 3431 1801 mysterio

162 1827 407 1894 primum
456 1835 854 1895 exspectaretur
909 1825 1021 1879 ﬁeri
1072 1825 1338 1879 debuisse.
1388 1821 1742 1878 Proculdubio

161 1933 306 1988 ergo
327 1921 574 1988 quoniam
597 1934 701 1973 vos
720 1927 802 1973 est
823 1918 918 1972 ista
946 1931 1049 1971 non
1081 1917 1430 1987 Evangelistaz
1453 1915 1741 1979 narrantis,

165 2009 318 2077 quod
351 2009 422 2062 ita
452 2007 644 2062 factum
669 2008 740 2062 sit
763 2047 779 2072 ,
807 2007 901 2061 sed
924 2007 1096 2076 angeli
1124 2022 1190 2061 ex
1222 2005 1470 2060 mandato
1499 2004 1702 2056 Domini
1726 2043 1742 2068 ,

166 2110 229 2153 et
251 2101 418 2170 ipsius
443 2109 621 2168 postea
648 2099 875 2162 Domini,
914 2099 1266 2168 Evangelistte
1296 2106 1474 2151 autem
1517 2111 1743 2149 narran-

170 2191 266 2256 tis,
288 2191 382 2245 sed
414 2190 554 2260 quod
583 2191 652 2245 ita
691 2191 758 2244 ab
782 2191 973 2258 angelo
999 2232 1014 2256 ,
1040 2199 1091 2244 ct
1120 2203 1149 2242 a
1183 2190 1404 2242 Domino
1441 2188 1638 2241 dictum
1681 2187 1749 2238 sit

173 2280 490 2348 prophetice
504 2280 702 2335 dictum
733 2279 1095 2348 accipiendum
1125 2287 1245 2344 est;
1271 2278 1486 2331 Galilaea
1521 2291 1748 2342 namque

173 2371 584 2440 interpretatur,
619 2370 702 2423 vel
730 2370 1145 2438 transmigratio,
1174 2368 1258 2421 vel
1297 2368 1570 2421 revelatio.
1601 2367 1752 2420 Piius

178 2463 362 2529 itaque
418 2461 708 2514 secundum
737 2458 1222 2527 transmigrationis
1262 2456 1709 2524 signiﬁcationem
1737 2495 1753 2521 ,

175 2549 308 2616 quid
340 2549 479 2603 aliud
517 2549 750 2603 occurrit
780 2547 1217 2617 intelligendum,
1270 2546 1525 2599 Praecedit
1563 2560 1660 2598 vos
1701 2546 1754 2599 in

176 2640 480 2707 Galilaeam,
512 2640 580 2694 ibi
607 2655 724 2693 eum
755 2637 1033 2703 videbitis;
1065 2638 1166 2692 nisi
1212 2637 1333 2706 quia
1361 2636 1559 2690 Christi
1591 2635 1755 2704 gratia

178 2732 252 2786 de
284 2733 482 2801 populo
535 2732 699 2787 lsraél
745 2732 1188 2800 transmigratura
1237 2738 1351 2784 erat
1396 2729 1461 2783 ad
1517 2727 1758 2783 Gentes?

180 2821 382 2892 quibus
403 2822 627 2889 apostoli
659 2822 1009 2890 prtedcantes
1041 2820 1382 2890 Evangelium
1417 2821 1562 2874 nullo
1597 2818 1760 2872 modo

181 2912 541 2968 crederentur
563 2957 579 2982 ,
613 2913 713 2968 nisi
743 2914 821 2968 eis
847 2915 960 2983 ipse
996 2913 1406 2967 Dominusviain
1439 2913 1489 2964 in
1511 2911 1762 2966 cordibus

1851 1821 2004 1874 istam
2021 1823 2186 1891 ipsam
2210 1821 2432 1876 Joannis
2455 1823 2810 1891 evangelicam
2835 1822 3306 1890 dispensationem,
3326 1838 3431 1892 qua

1845 1911 1900 1964 in
1933 1912 2106 1966 lucem
2140 1912 2546 1980 liquidissimam
2592 1913 2741 1968 \‘erbi
2784 1912 3084 1968 sublimiter
3114 1909 3427 1971 [οι-ωικύὴί

1847 2003 2124 2058 Trinitatis
2166 2005 2443 2074 aequalitas
2482 2013 2536 2060 et
2577 2005 3086 2061 incommutabilitas
3132 2006 3302 2062 videri
3344 2021 3435 2076 po-

1851 2104 1972 2160 test,
2005 2107 2172 2165 etqua
2197 2099 2429 2151 maxime
2464 2098 2786 2167 proprietate
2808 2098 3015 2154 distet:
3043 2099 3252 2154 caeteris
3269 2101 3431 2153 homo

1849 2190 2001 2257 cujus
2015 2193 2358 2260 susceptione
2372 2192 2606 2248 Verbum
2631 2209 2758 2248 caro
2780 2192 2978 2248 factum
3001 2203 3083 2248 est
3102 2235 3118 2261 ,
3149 2195 3427 2264 perspicue

1851 2283 1996 2335 cerni
2024 2286 2382 2353 cognoscique
2405 2301 2511 2339 non
2539 2301 2697 2354 posse
2717 2327 2729 2346 .
2757 2287 2857 2341 nisi
2885 2301 3003 2341 cum
3031 2287 3145 2356 ipse
3173 2288 3429 2343 Dominus

1855 2376 2082 2442 venerit,
2118 2376 2239 2430 ideo
2271 2377 2348 2430 sic
2385 2377 2620 2431 manebit
2646 2362 2817 2433 donec
2846 2379 3042 2433 veniat.
3076 2379 3303 2436 Manebit
3331 2397 3430 2435 au-

1858 2469 1963 2517 tem
1989 2479 2130 2519 nunc
2151 2465 2201 2519 in
2227 2465 2330 2520 lide
2348 2465 2704 2531 credentium,
2731 2477 2858 2522 tunc
2888 2478 3065 2523 autem
3097 2469 3231 2525 facie
3259 2471 3324 2524 ad
3350 2468 3431 2524 fa-

1857 2552 1995 2607 ciem
2022 2553 2489 2623 contemplandum
2507 2556 2611 2608 erit
2630 2568 2753 2610 cum
2775 2566 3078 2624 apparuerit
3103 2557 3205 2611 vita
3224 2567 3431 2623 nostra,

1858 2654 1910 2698 et
1935 2658 2032 2697 nos
2061 2659 2182 2699 cum
2217 2646 2333 2713 ipso
2362 2645 2738 2713 apparebimus
2767 2623 2823 2699 in,
2845 2623 3032 2715 gloi'ia.
3065 2646 3312 2716 Quisquis
3340 2665 3434 2702 auo

1860 2748 1966 2794 tem
1991 2739 2279 2793 arbitratur
2311 2737 2512 2793 homini
2542 2739 2702 2793 vitam
2738 2739 2898 2794 istam
2938 2739 3216 2793 mortalem
3261 2740 3435 2796 adhuc

1862 2830 2036 2899 agenti
2070 2845 2224 2899 posse
2273 2833 2582 2899 contingere
2610 2872 2624 2894 ,
2662 2838 2720 2883 ut
2745 2830 2948 2884 dimoto
2995 2838 3154 2900 atque
3193 2830 3436 2889 discusso

1863 2923 2007 2974 omni
2041 2921 2221 2975 nubilo
2251 2921 2652 2991 phantasiarum
2675 2921 3028 2990 corporalium
3066 2931 3225 2989 atque
3246 2937 3436 2978 carna-

185 3005 463 3059 homiuum
503 3016 826 3075 prapararet
850 3046 864 3068 ,
896 3020 947 3060 et
975 3006 1074 3060 hoc
1109 3004 1439 3070 intelligitur,
1489 3001 1758 3056 Praecedct

1866 3011 1991 3066 lium
2013 3052 2028 3076 ,
2066 3012 2402 3066 serenissima
2447 3011 2893 3066 incommutabilis
2925 3012 3159 3083 veritatis
3190 3013 3306 3068 luce
3341 3029 3435 3084 ρος

182 3111 281 3150 νοε
313 3097 366 3150 in
396 3096 694 3152 Galilaam.
726 3097 875 3164 Quod
897 3106 1074 3150 autem
1104 3095 1396 3165 gaudentes
1420 3095 1755 3155 mirarentur,
1787 3103 1833 3166 C
1866 3103 2028 3156 tiatur
2049 3144 2062 3166 '
2086 3111 2141 3156 ει
2169 3115 2347 3158 meme
2377 3103 2586 3174 penitus
2627 3119 2658 3158 ε
2701 3104 3091 3159 consuetudine
3122 3107 3252 3160 vita,
3278 3106 3434 3176 hujus

183 3188 440 3257 disruptis
475 3197 528 3243 et
548 3189 738 3242 evict's
779 3187 1180 3241 difﬁcultatibus
1210 3185 1403 3253 aperiri
1437 3183 1534 3238 sibi
1560 3185 1782 3244 ostium,

183 3283 237 3335 in
262 3281 490 3334 Domino
514 3296 606 3346 per
633 3281 1072 3335 illuminationem
1100 3279 1354 3344 lidelinm,
1381 3277 1481 3330 hoc
1506 3275 1758 3344 intelligi-

184 3380 294 3437 tur,
346 3370 419 3426 lbi
454 3387 574 3425 eum
610 3371 878 3439 videbitis,
919 3371 972 3424 id
1013 3379 1124 3433 est,
1157 3368 1228 3423 ibi
1262 3369 1502 3422 membra
1529 3367 1646 3435 ejus
1678 3369 1759 3419 in-

183 3464 434 3528 venietis,
463 3463 531 3516 ibi
562 3465 735 3517 vivum
765 3477 960 3532 corpus
992 3461 1107 3530 ejus
1149 3461 1202 3514 in
1237 3461 1317 3514 his
1343 3474 1477 3529 quos
1507 3457 1616 3529 [qui
1645 3457 1761 3530 vos]

184 3556 849 3625 susceperintagnoscetis;
873 3555 1160 3608 secundum
1175 3553 1298 3607 iliud
1313 3563 1485 3606 autem
1503 3553 1641 3621 quod
1661 3551 1764 3604 Ga-

189 3649 332 3704 liisa
357 3650 738 3716 interpretatur
764 3648 1037 3712 revelatio,
1070 3663 1174 3700 non
1201 3647 1307 3715 jam
1338 3647 1390 3700 in
1427 3647 1590 3699 l‘orma
1623 3646 1764 3721 servi

186 3739 593 3809 intelligendum
618 3747 700 3792 est
723 3779 739 3802 ,
777 3737 868 3792 sed
897 3737 946 3791 in
976 3738 1060 3791 illa
1106 3737 1157 3790 in
1190 3753 1290 3806 qua
1315 3737 1530 3805 mqualis
1564 3746 1646 3790 est
1669 3734 1767 3788 Pa.

150 3831 257 3885 'tri
304 3846 465 3899 quam
511 3830 756 3899 promisit
798 3811 943 3896 apud.
965 3827 1222 3882 Joannem
1260 3827 1606 3881 dilectoribus
1655 3827 1767 3879 suis

187 3938 311 3976 cum
341 3921 578 3984 diceret;
621 3920 688 3974 Et
712 3933 811 3988 ego
837 3919 1052 3988 diligam
1097 3933 1218 3971 eum
1257 3926 1309 3971 et
1340 3915 1616 3976 ostendam
1657 3930 1770 3968 me-

189 4013 365 4083 ipsum
389 4012 485 4066 illi.
504 4010 618 4065 Non
638 4009 819 4078 utique
834 4012 1123 4062 secundum
1143 4008 1191 4060 id
1213 4009 1351 4076 quod
1371 4007 1478 4075 jam
1495 4005 1766 4070 videbant,

191 4113 245 4160 et
270 4104 413 4174 quod
441 4105 600 4158 etiam
623 4116 907 4171 resurgens
928 4117 1045 4155 cum
1076 4099 1431 4163 cicatricibus,
1464 4115 1567 4152 non
1597 4098 1766 4152 solum

193 4200 513 4260 videndum,
543 4195 636 4249 sed
670 4196 831 4248 etiam
864 4192 1185 4261 tangendutn
1226 4191 1560 4258 postmodum
1589 4199 1768 4243 osten-

190 4287 290 4349 ilit,
332 4285 426 4338 sed
462 4283 752 4337 secundum
782 4283 924 4335 illam
963 4281 1275 4335 ineli‘abilem
1309 4280 1478 4334 lucem
1511 4293 1610 4348 qua
1652 4279 1772 4331 illu-

193 4379 364 4431 minat
386 4390 598 4429 omnem
625 4375 893 4427 hominem
917 4373 1216 4426 venientem
1245 4374 1295 4424 in
1326 4371 1463 4424 hunc
1487 4370 1765 4433 mundum,

1863 3196 2092 3250 alienata
2119 3239 2133 3263 ,
2183 3195 2260 3249 illi
2289 3205 2596 3251 constanter
2626 3206 2678 3250 et
2715 3195 3162 3259 indeclinabiliter
3209 3198 3434 3265 intereat,

1863 3301 1961 3340 nec
2009 3288 2131 3356 quid
2183 3299 2385 3357 quaerat
2443 3302 2544 3342 nec
2584 3289 2701 3356 quis
2739 3297 2945 3357 quaerat
2985 3288 3251 3358 intelligit.
3298 3287 3432 3345 Cre-

1863 3377 1951 3431 dat
2033 3394 2159 3445 ergo
2203 3379 2399 3447 potius
2459 3378 2672 3433 sublimi
2739 3378 3044 3432 auctoritati
3113 3379 3436 3452 minimeque

1869 3472 2023 3542 115
2056 3470 2248 3533 fallaci,
2280 3471 2511 3539 quandiu
2543 3486 2726 3524 sumus
2759 3471 2808 3525 in
2840 3485 3068 3540 corpore
3109 3468 3434 3540 peregrinari

1867 3580 1964 3618 nos
1991 3580 2019 3616 a
2065 3563 2290 3616 Domino
2333 3571 2388 3615 et
2416 3562 2688 3615 ambulare
2715 3577 2808 3628 per
2851 3561 3038 3625 (idem,
3083 3561 3316 3615 nondum
3345 3578 3440 3631 per

1866 3653 2098 3723 speciem
2116 3697 2131 3722 ,
2178 3669 2239 3705 ac
2266 3653 2344 3707 sic
2373 3660 2778 3722 perseveranter
2818 3653 3053 3707 retinens
3081 3662 3238 3722 atque
3264 3661 3442 3707 custo-

1869 3745 2020 3800 diens
2051 3744 2231 3808 ﬁdem,
2271 3758 2419 3810 Spem
2450 3751 2505 3797 et
2533 3742 2863 3808 charitatem,
2900 3744 3137 3798 intendat
3183 3743 3234 3797 in
3263 3743 3442 3814 specie

1868 3852 1933 3891 ex
1957 3836 2176 3907 pignore
2220 3835 2360 3903 quod
2391 3832 2562 3888 sancti
2590 3832 2820 3902 Spiritus
2851 3833 3154 3902 accepimus
3176 3875 3191 3899 ,
3224 3834 3312 3903 qui
3344 3849 3442 3889 nos

1869 3928 2078 3982 docebit
2129 3924 2329 3998 [docet]
2377 3939 2590 3978 onmem
2640 3925 2946 3990 veritatem,
2990 3937 3111 3980 cum
3163 3924 3301 3981 Deus
3347 3929 3438 3995 qui

1870 4018 2142 4074 suscitavit
2182 4018 2364 4072 Jesum
2401 4016 2672 4070 Christum
2717 4031 2746 4070 a
2793 4019 3014 4071 mortuis
3054 4016 3344 4071 viviﬁcabit
3381 4030 3437 4072 et

1873 4109 2113 4161 mortalia
2143 4121 2369 4173 corpora
2405 4115 2584 4159 nostra
2614 4120 2708 4173 per
2753 4104 3138 4160 inhabitantem
3182 4107 3436 4175 Spiritum

1871 4199 1988 4269 ejus
2011 4200 2064 4254 in
2096 4199 2267 4252 nobis.
2300 4198 2452 4252 Prius
2481 4211 2656 4252 autem
2681 4213 2838 4267 quam
2866 4197 3158 4253 viviﬁcetur
3179 4199 3278 4252 hoc
3295 4200 3440 4268 quod

1875 4301 2140 4344 tnortuum
2187 4297 2304 4356 est,
2355 4299 2571 4358 promer
2618 4297 2890 4356 peccattttn
2936 4288 3282 4358 proculdubio
3326 4297 3443 4347 coro

1877 4382 2125 4449 ruptibiie
2149 4389 2252 4444 est,
2285 4389 2338 4432 et
2357 4385 2608 4447 aggravat
2623 4365 2850 4431 animam
2870 4394 2886 4442 ;
2908 4387 2963 4430 et
2982 4378 3026 4430 si
3048 4379 3258 4447 quando
3285 4396 3314 4434 n
3339 4382 3442 4435 vita

195 4467 492 4522 secundum
530 4481 688 4535 quam
723 4465 864 4518 lucet
897 4469 946 4517 in
992 4465 1256 4531 tenebris,
1295 4473 1348 4516 et
1383 4464 1615 4516 tenebrae
1642 4478 1762 4515 eum
1795 4460 1846 4519 D
1873 4474 2083 4526 (εκ-ειη
2113 4472 2248 4524 hanc
2293 4471 2539 4524 nebulam
2583 4462 2684 4539 qua
2733 4469 2924 4536 tegitur
2969 4469 3145 4524 omnis
3175 4476 3336 4542 terra,
3385 4473 3436 4526 id

195 4573 302 4613 non
350 4557 891 4626 comprehenderunt.
944 4555 1072 4608 Illuc
1116 4557 1386 4623 piaecessit
1423 4553 1573 4624 [illuc
1610 4551 1761 4623 nos],

197 4650 342 4706 unde
370 4651 436 4704 ad
480 4663 577 4702 nos
605 4648 827 4702 veniens
866 4662 968 4700 non
1001 4647 1240 4711 recessit,
1273 4655 1325 4700 et
1355 4662 1458 4713 quo
1496 4660 1593 4698 nos
1633 4661 1768 4712 prte-

197 4743 398 4799 cedens
444 4754 550 4793 non
603 4737 883 4792 deseruit:
921 4735 1008 4789 illa
1063 4737 1166 4790 erit
1216 4736 1473 4789 revelatio
1517 4743 1766 4801 tanquam

198 4848 324 4889 vera
351 4832 571 4887 Galitma
599 4845 616 4895 ;
641 4844 760 4882 cum
793 4829 995 4881 similes
1025 4829 1074 4881 ei
1101 4829 1321 4892 erimus,
1354 4826 1426 4880 ibi
1451 4841 1572 4880 eum
1621 4827 1770 4880 vide-

202 4927 378 4981 bimus
407 4923 562 4978 sicuti
593 4930 693 4975 est.
724 4921 838 4985 Ipsa
870 4921 972 4974 erit
1009 4922 1166 4974 etiam
1199 4921 1400 4974 beatior
1430 4920 1774 4989 tran~migra~

201 5023 273 5074 ιιι»
299 5035 366 5075 ex
395 5019 498 5072 isto
530 5015 729 5070 saeculo
753 5014 804 5067 in
839 5013 980 5066 illam
1013 5016 1389 5075 aeternitatem,
1423 5013 1465 5066 si
1494 5013 1610 5081 ejus
1641 5028 1776 5079 prae-

200 5119 350 5179 cepta
384 5107 462 5161 sic
494 5105 878 5174 amplectamur
906 5113 962 5156 ut
991 5104 1055 5156 ad
1086 5103 1204 5173 ejus
1233 5104 1476 5158 dextram
1509 5104 1775 5173 segregari

202 5212 527 5257 mereamur.
551 5195 700 5249 Tunc
715 5194 854 5248 enim
879 5193 1026 5246 ibunt
1048 5193 1248 5248 sinistri
1273 5195 1323 5247 in
1346 5196 1771 5248 combustmnem

201 5304 489 5355 sternam,
519 5286 648 5356 justi
680 5295 853 5339 autem
879 5285 931 5337 in
963 5285 1120 5338 vitam
1166 5293 1440 5339 aeternam.
1474 5285 1609 5340 Hinc
1646 5286 1772 5340 illuc

204 5379 691 5450 transmigrabant,
719 5387 773 5432 et
808 5391 928 5431 eum
958 5377 1209 5432 videbunt
1242 5378 1510 5447 quomodo
1554 5393 1658 5432 non
1697 5380 1771 5432 vi-

203 5475 331 5533 dent
360 5457 534 5542 impii.
568 5468 806 5524 Tolletur
843 5471 982 5523 enim
1012 5471 1201 5539 impius
1236 5481 1292 5524 ut
1315 5487 1421 5524 non
1461 5471 1637 5525 videat
1665 5472 1773 5525 cla-

206 5573 417 5627 ritatem
443 5562 674 5626 Domini,
702 5572 755 5616 et
786 5563 1147 5630 impii'lnmen
1179 5580 1281 5617 non
1334 5564 1611 5617 videbunt.
1652 5565 1774 5618 llaec

208 5671 286 5719 est
306 5670 506 5724 autem,
536 5653 739 5723 inquit,
763 5651 871 5706 vita
893 5667 1108 5722 :etcrna,
1128 5666 1182 5711 ut
1201 5664 1522 5725 cognoscant
1544 5665 1592 5709 te
1610 5672 1771 5710 unum

1873 4575 1976 4629 est,
2007 4566 2142 4617 hanc
2165 4562 2429 4617 carnalem
2456 4561 2754 4629 caliginem,
2787 4573 2884 4628 qua
2914 4560 3105 4628 tegitur
3129 4545 3303 4615 omnis
3329 4563 3440 4617 vita

1875 4666 2107 4722 terrena,
2139 4666 2387 4722 tanquam
2416 4653 2596 4720 rapida
2624 4650 2988 4706 coruscatione
3035 4653 3440 4723 perstringitur,

1875 4754 1930 4802 et
1958 4747 2008 4800 in
2041 4762 2189 4799 suam
2215 4745 2576 4798 inﬁrmitatem
2609 4741 2762 4808 redit,
2795 4742 3011 4796 vivente
3043 4741 3311 4798 desiderio
3335 4762 3443 4814 qno

1877 4855 2061 4894 rursus
2083 4841 2337 4907 erigatur,
2369 4851 2466 4889 nec
2497 4833 2796 4888 sufficiente
2825 4833 3078 4888 munditia
3097 4849 3199 4904 qua
3232 4839 3443 4904 ligatur,

1879 4939 1932 4984 et
1959 4939 2157 4998 quanto
2179 4929 2399 4996 quisque
2429 4925 2528 4980 hoc
2561 4924 2726 4994 magis
2745 4933 2937 4994 potest,
2972 4935 3116 4979 tanto
3144 4928 3316 4995 major
3339 4939 3440 4991 est;

1878 5032 2075 5092 quanto
2105 5030 2279 5073 autem
2311 5020 2515 5082 minus,
2566 5019 2712 5068 tanto'
2767 5015 2959 5071 minor.
3007 5016 3063 5071 Si
3100 5026 3276 5071 autem
3312 5019 3442 5071 nihil

1877 5112 2050 5165 adhuc
2082 5109 2185 5162 tale
2212 5122 2364 5162 mens
2393 5107 2622 5160 hominis
2651 5117 2873 5175 experta
2903 5117 2984 5159 est
3012 5148 3026 5170 ,
3058 5106 3110 5159 in
3139 5122 3237 5174 qua
3265 5117 3441 5162 tamen
3465 5117 3469 5121 '

1881 5206 2077 5257 habitat
2107 5201 2352 5257 Christus
2375 5215 2469 5268 per
2509 5198 2666 5253 (idem
2686 5240 2699 5259 ,
2725 5199 2923 5252 instare
2965 5197 3113 5251 debet
3144 5199 3444 5253 minuendis

1881 5295 2228 5362 iiniemlisque
2256 5289 2638 5360 cupiditatibus
2683 5289 2840 5354 hujus
2870 5289 3048 5342 szcculi
3095 5289 3310 5342 moralis
3339 5291 3448 5370 vir:

1878 5388 2006 5442 tutis
2043 5385 2293 5449 actione,
2337 5388 2588 5452 tanquam
2638 5381 2691 5436 in
2735 5381 2984 5433 comitatu
3028 5379 3185 5434 trium
3231 5381 3450 5438 illorum’

1876 5475 2320 5546 evangelistarum
2350 5488 2471 5527 cum
2521 5471 2815 5526 mediatore
2866 5469 3080 5523 Christo
3126 5470 3443 5539 ambulans;

1877 5581 2101 5636 eumque
2121 5567 2208 5633 qui
2242 5564 2408 5618 Filius
2435 5563 2527 5617 Dei
2559 5577 2767 5631 semper
2793 5570 2896 5623 est,
2922 5570 3136 5626 prepter
3157 5575 3253 5614 nos
3278 5562 3444 5618 tilium

1880 5657 2106 5711 hominis
2139 5655 2357 5723 factum,
2387 5665 2447 5709 ut
2487 5655 2805 5723 sempiterna
2839 5651 3004 5704 virtus
3032 5649 3150 5717 eius
3181 5663 3232 5706 et
3255 5651 3446 5709 divini-
