3904 6224
559 186 661 247 835

557 304 635 353 tas
681 306 876 355 nostris
930 299 1216 355 inﬁrmitati
1245 308 1301 355 et
1347 299 1660 359 mortalitati
1702 307 2102 368 contemperata
2137 303 2178 359 Α

558 390 626 444 de
654 403 837 446 nostro
865 391 1019 445 nobis
1041 390 1092 444 in
1121 407 1178 445 se
1202 403 1360 461 atque
1387 394 1451 450 ad
1484 410 1542 454 se
1570 395 1768 449 faceret
1794 393 1955 457 viam,
1988 406 2110 446 cum

552 496 755 549 magna
800 482 914 549 spei
955 481 1132 536 laetitia
1187 483 1416 539 ﬁdeliter
1452 495 1648 540 teneat.
1694 485 1770 538 Ne
1817 492 2032 553 peccet,
2082 497 2112 536 a

551 589 674 639 rege
699 572 910 627 Christo
938 586 1150 644 regatur
1176 592 1189 640 ;
1232 576 1276 630 si
1323 576 1458 631 forte
1485 576 1798 642 peccaverit,
1829 576 1896 629 ab
1921 576 2109 630 eodem

547 662 825 716 sacerdote
853 661 1065 718 Christo
1096 666 1360 734 expietur.
1383 669 1619 734 atqueita
1652 667 1701 719 in
1724 666 1930 720 actione
1956 666 2110 720 bona:

546 756 968 810 conversationis
991 766 1044 811 et
1068 760 1190 827 vitae
1221 769 1436 813 nutrttts
1466 745 1672 826 pennis,
1705 760 1928 828 gemina:
1952 758 2111 812 dilec-

546 845 729 909 tionis,
764 850 1018 914 tanq‘uam‘
1052 847 1255 902 duabus
1285 851 1381 901 alis
1408 847 1590 901 validis
1617 858 1833 903 evectus
1874 864 1902 901 a
1929 848 2102 913 terris,

543 935 606 988 ab
627 914 812 990 eodem
839 937 954 1006 ipso
975 935 1188 992 Christo
1203 939 1376 992 Verbo
1395 940 1737 1006 illuminetur,
1768 941 1944 995 Verbo
1966 941 2107 1010 quod

543 1024 596 1077 In
630 1027 888 1094 principio
917 1038 1066 1094 erat,
1122 1039 1174 1083 et
1223 1029 1450 1082 Verbum
1482 1030 1618 1098 apud
1668 1034 1831 1086 Deum
1877 1043 2011 1099 erat,
2054 1041 2108 1086 et

544 1114 772 1167 Verbum
819 1115 956 1170 Deus
1006 1129 1145 1178 erat;
1181 1119 1277 1170 etsi
1327 1133 1418 1184 per
1446 1119 1720 1186 speculum
1759 1132 1812 1175 et
1853 1121 1905 1174 in
1950 1121 2110 1189 aenig-

540 1210 702 1265 mate,
736 1204 888 1272 longe
934 1214 1106 1259 tamen
1155 1206 1430 1262 sublimius
1459 1209 1525 1263 ab
1565 1212 1707 1262 omni
1755 1211 2105 1267 similitudine

535 1282 821 1360 corporali.
854 1295 1185 1365 Quapropter
1214 1301 1454 1366 quamvis
1485 1301 1537 1355 in
1575 1301 1681 1356 iilis
1704 1302 1870 1358 tribus
1893 1306 2099 1370 activae,

538 1383 587 1434 in
616 1383 838 1438 Joannis
867 1396 1043 1439 autem
1079 1387 1368 1456 Evangelio
1389 1390 1526 1444 dona
1549 1393 1968 1460 contemplativa:
1991 1395 2103 1449 vir-

537 1474 661 1528 tutis
689 1477 931 1531 eluceant
957 1479 1033 1532 eis
1059 1479 1146 1548 qui
1179 1479 1293 1533 hzec
1324 1479 1467 1552 [hoc]
1492 1482 1806 1552 dignoscere
1834 1493 1959 1538 sunt
1987 1485 2102 1540 ido-

533 1564 638 1627 nei,
666 1575 842 1620 tamen
884 1575 938 1621 et
981 1568 1080 1622 hoc
1118 1568 1367 1635 Joannis,
1396 1573 1644 1640 quoniam
1691 1588 1755 1627 ex
1802 1584 1951 1642 parte
1981 1585 2096 1639 est,

530 1654 606 1708 sic
635 1656 868 1710 manebit
888 1656 1055 1712 donec
1081 1659 1256 1720 veniat
1277 1661 1419 1730 quod
1447 1662 1736 1730 perfectum
1776 1674 1878 1719 est.
1914 1666 1980 1719 Et
2005 1667 2092 1721 alii
2129 1657 2172 1716 Β

531 1744 747 1813 quidem
786 1745 941 1800 datur
981 1763 1076 1816 per
1120 1749 1374 1816 Spiritum
1425 1767 1604 1808 sermo
1642 1756 1916 1824 sapientiae
1948 1799 1962 1822 ,
2007 1759 2099 1812 alii

529 1851 710 1889 sermo
754 1838 995 1892 scientiae
1031 1842 1324 1896 secundum
1373 1845 1617 1900 eumdem
1645 1846 1933 1915 Spiritum;
1965 1850 2099 1904 alius

529 1925 668 1980 diem
703 1927 926 1982 Domino
954 1930 1129 1998 sapit,
1161 1933 1293 1986 alius
1344 1933 1410 1988 de
1459 1945 1674 2004 pectore
1708 1939 1914 1994 Domini
1945 1941 2098 2009 liqui-

525 2016 649 2070 dius
693 2018 890 2087 aliquid
922 2019 1092 2082 bibit,
1125 2022 1261 2076 alius
1293 2023 1494 2079 levatus
1541 2014 1823 2096 usquead
1879 2032 2093 2085 tertium

524 2106 715 2160 caelum
740 2108 1019 2162 inellabilia
1049 2113 1206 2165 verba
1232 2114 1378 2168 audit
1411 2132 1424 2168 :
1450 2130 1636 2172 omnes
1665 2127 1840 2174 tamen
1859 2122 2092 2190 quandiu

525 2203 651 2248 sunt
680 2195 734 2248 in
762 2211 990 2263 corpore
1014 2200 1420 2269 peregrinantur
1441 2219 1470 2258 a
1492 2204 1736 2277 Domino,
1764 2217 1817 2263 et
1847 2210 2093 2266 omnibus

526 2281 680 2336 bona:
731 2286 842 2354 spei
877 2286 1120 2342 ﬁdelibus
1165 2289 1218 2343 in
1269 2292 1404 2346 libro
1453 2294 1572 2349 vita:
1612 2297 1823 2367 scriptis
1852 2307 2094 2356 servatur

523 2375 664 2439 quod
694 2375 894 2431 distum
921 2390 997 2432 est
1035 2396 1048 2432 :
1081 2381 1144 2435 Et
1189 2398 1288 2452 ego
1316 2385 1532 2455 diligam
1561 2402 1705 2454 eum,
1736 2399 1791 2444 et
1815 2392 2091 2447 ostendam

517 2467 779 2535 meipsum
809 2469 907 2523 illi.
955 2470 1331 2530 Verumtamen
1375 2476 1429 2531 in
1481 2478 1580 2533 hac
1625 2483 2090 2550 peregrinatione,

517 2568 776 2622 quantum
802 2558 855 2612 in
881 2561 956 2613 rei
978 2560 1133 2631 hujus
1155 2563 1503 2634 intelligentia
1527 2571 1753 2639 quisque
1777 2572 2085 2640 profecerit,

518 2657 665 2700 tanto
697 2652 863 2719 magis
901 2662 1088 2706 caveat
1112 2655 1371 2710 diabolica
1404 2660 1551 2726 vitia,
1597 2664 1903 2729 superbiam
1935 2676 1987 2720 et
2010 2666 2090 2721 in-

520 2737 838 2804 videntium;
871 2743 1172 2798 meminerit
1218 2745 1316 2800 hoc
1347 2747 1521 2815 ipsum
1559 2751 1896 2822 Evangelium
1926 2755 2090 2810 Joan-

518 2827 623 2890 nis,
654 2825 810 2914 quam
857 2831 1020 2885 multo
1047 2835 1273 2901 amplius
1301 2838 1456 2908 erigit
1490 2841 1557 2894 ad
1581 2845 2082 2914 contemplationem

512 2907 904 2982 veritatisftam
937 2923 1104 2977 multo
1132 2927 1361 2994 amplius
1387 2907 1673 2999 prmcipere
1698 2933 1768 2988 de
1798 2907 2085 2992 dulcedine

512 3005 810 3065 charitatis.
860 3009 925 3063 Et
977 3013 1097 3080 quia
1147 3011 1691 3089 [illud]\pra2ceptum
1742 3024 2075 3080 verissimum
2110 3015 2155 3079 Ο

509 3105 572 3146 ac
595 3094 999 3151 saluberrimum
1031 3109 1113 3154 est
1163 3118 1177 3154 :
1210 3104 1416 3168 Quanto
1448 3122 1667 3179 magnus
1694 3125 1773 3174 es,
1804 3121 1947 3167 tanto
1978 3114 2072 3168 hu-

509 3185 650 3239 milia
683 3195 733 3241 te
762 3187 812 3242 in
843 3191 1125 3258 omnibus;
1155 3195 1241 3262 qui
1268 3198 1588 3267 evangelista
1619 3199 1888 3256 Christum
1917 3205 2073 3274 longe

507 3278 713 3330 caeteris
742 3279 900 3334 altius
923 3283 1281 3350 commendat,
1310 3288 1447 3355 apud
1476 3303 1596 3343 eum
1613 3290 1884 3361 discipulis
1909 3296 2072 3364 pedes

503 3367 664 3423 lavat.

1013 3465 1237 3523 CAPUT
1275 3467 1555 3525 CLXXVI.

508 3567 583 3621 De
611 3586 668 3623 eo
693 3572 828 3640 quod
861 3573 945 3651 ait
976 3589 995 3626 :
1033 3574 1197 3651 Nhemo
1234 3579 1369 3651 novit
1397 3576 1593 3651 Filium
1646 3582 1740 3635 nisi
1784 3582 1966 3651 Pater,
2009 3603 2072 3640 ea:

811 3707 814 3712 Ι
853 3641 980 3696 libro
1013 3659 1026 3696 t
1058 3644 1405 3709 Quarstiomtm
1429 3648 1717 3718 Evangelii.

570 3772 701 3828 Cum
729 3775 950 3841 diceret,
983 3778 1149 3833 Nemo
1196 3781 1342 3836 novit
1388 3783 1578 3840 Filium
1610 3788 1711 3843 nisi
1745 3789 1917 3854 Pater,
1962 3808 2066 3848 non

501 3866 654 3929 dixit,
703 3866 768 3920 Et
789 3869 1125 3925 cuivoluerit
1150 3873 1303 3927 Pater
1324 3878 1560 3930 revelare
1581 3919 1595 3942 ,
1619 3883 2064 3946 quemadmodum

498 3971 616 4009 cum
647 3956 872 4025 diceret,
933 3959 1096 4014 Nemo
1128 3965 1269 4018 novit
1313 3964 1520 4020 Patrem
1552 3969 1651 4022 nisi
1681 3971 1842 4026 Filius
1869 4014 1883 4036 ,
1914 3975 2065 4029 addi-

499 4045 598 4110 dit,
659 4047 723 4100 Et
766 4049 848 4101 cui
896 4050 1122 4105 voluerit
1169 4053 1642 4113 Fifius-revelare.
1673 4061 1824 4127 Quod
1854 4080 1959 4119 non
1992 4068 2062 4120 ita

495 4139 898 4210 intelligendum
928 4146 1194 4212 est,quasi
1216 4146 1378 4201 Filius
1397 4162 1427 4201 a
1457 4151 1605 4204 nul!o
1629 4154 1793 4220 possit
1813 4160 2060 4225 cognosci

496 4231 593 4283 nisi
626 4246 656 4284 a
689 4231 841 4286 Patre
863 4235 999 4298 solo,
1022 4239 1174 4291 Pater
1197 4248 1372 4293 autem
1403 4255 1507 4293 non
1534 4243 1702 4297 solum
1732 4261 1760 4298 a
1783 4246 1933 4312 Filio,
1968 4250 2060 4303 sed

489 4322 650 4373 etiam
683 4322 748 4374 ab
774 4324 855 4376 eis
885 4326 1075 4390 quibus
1114 4329 1430 4383 revelaverit
1464 4331 1660 4392 Filius;
1695 4337 1772 4390 sic
1799 4337 1939 4392 enim
1966 4356 2058 4406 po-

491 4409 593 4461 tius
622 4410 817 4465 dictum
849 4423 952 4476 est,
981 4426 1036 4468 ut
1063 4416 1420 4487 intelligamus
1447 4432 1501 4474 et
1534 4422 1765 4492 Patrem,
1798 4439 1853 4482 et
1881 4430 2052 4498 ipsum

492 4503 681 4557 Filium
737 4521 829 4572 per
881 4507 1070 4562 Filium
1122 4513 1376 4576 revelari,
1430 4517 1552 4584 quia
1606 4520 1718 4588 ipse
1757 4533 1839 4576 est
1889 4529 2052 4582 menti

489 4600 684 4645 nostra:
718 4595 915 4660 lumen,
948 4608 1003 4652 ut
1029 4601 1168 4667 quod
1201 4613 1378 4670 postea
1413 4606 1612 4675 intulit,
1667 4612 1730 4665 Et
1759 4614 1842 4667 cui
1874 4618 2054 4674 volue-

489 4681 557 4735 rit
593 4682 755 4738 It‘ilius
787 4688 1058 4752 revelare,
1115 4706 1217 4744 non
1262 4693 1470 4749 Patrem
1503 4705 1734 4766 tantum,
1766 4704 1857 4756 sed
1888 4708 2048 4761 etiam

488 4769 678 4824 Filium
719 4773 968 4842 accipias.
1014 4778 1091 4831 Ad
1135 4787 1298 4834 totum
1328 4785 1468 4838 enim
1512 4789 1650 4854 quod
1679 4791 1812 4846 dixit
1846 4795 2048 4852 illatum

484 4872 584 4927 cst,
623 4863 796 4917 Verbo
842 4867 981 4920 enim
1013 4882 1111 4922 suo
1142 4886 1201 4924 se
1233 4872 1389 4927 Pater
1436 4875 1671 4933 declarat
1705 4881 1842 4952 [ipse
1890 4887 2047 4944 Pater

480 4953 822 5027 declaratur].
862 4957 1086 5013 Verbum
1119 4973 1294 5017 autem
1321 5005 1336 5030 ,
1371 4983 1472 5021 non
1504 4971 1672 5024 solum
1703 4976 1752 5027 id
1785 4980 1920 5044 quod
1953 4997 2046 5049 per

480 5042 710 5100 Verbum
735 5047 1058 5116 declaratur,
1089 5054 1182 5106 sed
1213 5056 1372 5109 etiarn
1401 5061 1632 5129 seipsutn
1655 5042 1916 5123 declarat.

967 5176 1194 5233 CAPUT
1252 5179 1551 5238 CLXXVII.

473 5280 550 5375 ρι
575 5287 744 5364 pueris
765 5289 1050 5375 sedentibus
1099 5293 1150 5345 in
1183 5300 1294 5375 {tl-7'0
1322 5337 1334 5356 ,
1364 5308 1407 5349 el
1435 5301 1766 5375 clamantibus
1811 5308 1878 5360 ad
1918 5310 2034 5363 illos

539 5359 627 5448 qui
665 5359 1182 5448 nec/tumilim-i'rum
1211 5365 1412 5447 Joanne
1435 5386 1524 5422 nec
1544 5388 1655 5448 cum
1684 5359 1884 5430 Christo
1911 5359 2032 5448 gyan:

538 5424 658 5476 dere
687 5428 970 5494 voluerunt,
1004 5433 1086 5485 ubi
1127 5452 1239 5503 qum
1265 5438 1329 5489 sit
1377 5455 1491 5490 vera
1520 5442 1746 5496 ciborum
1777 5424 2030 5511 parciino-

537 5554 610 5624 (⁸)
635 5557 778 5611 llanc
797 5566 1113 5618 sententiam
1133 5567 1291 5621 etiam
1310 5565 1591 5621 relricatin
1612 5583 1729 5639 cap.
1748 5570 1815 5625 27
1834 5577 1873 5642 ι,
1897 5593 1929 5631 t.
1960 5581 2021 5638 ll.

1608 189 1671 246 D.
1712 185 2022 245 EUGYPPII
2063 185 2352 246 ABBATIS
2389 189 2705 250 AFRICANI

3695 196 3777 249 835

2280 303 2366 354 nia
2396 304 2730 369 pulcherrime
2750 307 2914 372 docet,
2939 306 3147 361 alibro
3171 321 3207 359 tt
3228 303 3597 370 Quaestionum
3633 306 3776 360 Erat:-

2292 375 2437 443 gelii.

2287 503 2360 557 De
2385 505 2560 571 pueris
2597 520 2655 560 se
2677 508 2901 562 lentibus
2944 510 2993 562 in
3035 510 3147 562 foro
3193 518 3249 562 et
3294 508 3361 562 ad
3414 509 3644 563 invicem
3681 513 3770 564 cla-

2214 595 2516 659 mantibus,
2548 611 2804 653 converso
2832 601 3016 656 ordine
3057 600 3123 656 ad
3173 603 3444 672 proposita
3483 606 3708 670 respond
3735 617 3764 658 t.

2211 684 2340 737 Nam
2372 686 2509 751 quod
2542 687 2642 750 ait,
2704 689 3132 748 Latnentavimus
3161 705 3212 748 et
3255 711 3359 750 non
3394 694 3648 763 plorastis
3671 740 3685 760 ,
3712 699 3762 749 ad

2209 778 2467 833 Joannem
2501 782 2756 848 pertinet,
2809 782 2958 848 eujns
2985 783 3304 838 abstinentia
3346 801 3376 838 a
3406 786 3543 838 cibis
3573 796 3625 840 et
3657 800 3760 853 potu

2210 867 2410 922 luctum
2458 873 2780 939 paenitentia:
2834 873 3185 942 signiﬁcabat.
3229 875 3381 941 Quod
3435 886 3614 930 autem
3661 879 3754 942 ait,

2207 959 2702 1031 Cautavimustibiis
2726 970 2778 1014 et
2804 976 2907 1014 non
2931 963 3184 1029 saltastis,
3211 965 3275 1017 ad
3300 967 3472 1034 ipsum
3507 969 3755 1022 Dominum

2208 1048 2505 1121 [pertinet],
2539 1050 2626 1117 qui
2657 1053 2853 1106 utendo
2886 1068 3003 1107 cum
3041 1057 3251 1109 casteris
3292 1057 3416 1110 cibo
3444 1069 3496 1111 et
3531 1069 3649 1125 potu
3684 1060 3755 1112 la:-

2208 1137 2372 1192 titiam
2429 1141 2575 1210 regni
2627 1140 2905 1210 figurabat.
2956 1146 3024 1197 At
3075 1145 3147 1198 illi
3192 1161 3292 1200 nec
3341 1147 3605 1202 hmoiliari
3650 1165 3751 1204 cum

2204 1229 2409 1287 Joanne
2432 1272 2448 1298 ,
2478 1248 2576 1288 nec
2602 1250 2720 1289 cum
2750 1236 2961 1291 Christo
2989 1239 3221 1306 gaudere
3252 1241 3568 1306 voluerunt,
3596 1243 3751 1298 dicea-

2205 1332 2284 1378 tes
2306 1324 2455 1379 illum
2486 1325 2801 1381 daemonium
2823 1329 3038 1396 habere,
3062 1334 3220 1385 istum
3247 1349 3496 1388 voracem
3523 1347 3573 1388 et
3600 1336 3749 1390 ebrio-

2209 1430 2346 1476 sum.
2379 1425 2432 1471 et
2459 1419 2687 1472 amicum
2719 1420 3114 1488 publicanorum
3144 1432 3198 1477 et
3228 1432 3584 1493 peccatorum.
3617 1427 3746 1497 Quod

2219 1515 2398 1561 autem
2453 1510 2759 1581 subiungit,
2815 1511 2879 1565 Et
2924 1511 3210 1582 iustiﬁcata
3268 1524 3352 1570 est
3395 1517 3644 1585 sapientia
3689 1517 3745 1570 ab

2212 1600 2462 1655 omnibus
2501 1602 2620 1655 ﬁliis
2659 1604 2793 1668 suis,
2830 1604 3064 1660 ostendit
3115 1605 3252 1661 ﬁlios
3295 1607 3563 1675 sapientia
3611 1609 3744 1664 intel-

2205 1689 2387 1758 ligere,
2420 1706 2516 1746 nec
2546 1693 2596 1745 in
2626 1693 2972 1758 abstinendo,
3023 1711 3120 1750 nec
3151 1697 3203 1750 in
3248 1697 3615 1753 manducando
3640 1714 3740 1753 esse

2197 1777 2480 1848 justitiam,
2516 1783 2608 1836 sed
2635 1783 2688 1836 in
2718 1786 3115 1853 mquanimitate
3145 1787 3410 1841 tolerandi
3455 1788 3670 1856 inopiam
3696 1797 3739 1840 et

2202 1872 2601 1937 temperantiam
2630 1886 2724 1940 per
2750 1873 3147 1940 abundantiam,
3177 1891 3280 1929 non
3311 1891 3371 1931 se
3390 1878 3736 1946 corrumpendi

2196 1967 2357 2026 atque
2399 1972 2695 2029 Opportune
2724 1963 2969 2017 sumendi
3003 1965 3084 2018 vel
3130 1981 3236 2019 non
3269 1966 3513 2020 sumendi
3539 1982 3595 2021 ea
3618 1981 3734 2036 quo-

2195 2062 2311 2102 rum
2344 2065 2446 2103 non
2476 2065 2604 2104 usus
2634 2051 2730 2106 sed
2749 2053 3174 2119 concupiscentia
3197 2055 3626 2124 reprehendenda
3645 2067 3732 2112 est.

2195 2135 2312 2192 Non
2342 2140 2482 2193 enim
2509 2141 2729 2195 interest
2756 2143 2974 2197 omnino
3002 2143 3126 2213 quid
3157 2146 3524 2201 alimentorum
3552 2162 3731 2210 sumas,

2197 2233 2252 2280 ιη
2278 2242 2553 2283 succurras
2573 2231 2871 2285 necessitati
2889 2234 3146 2300 corporis,
3175 2232 3466 2288 dummodo
3491 2249 3729 2304 congruas

2196 2318 2246 2371 in
2277 2318 2560 2387 generibus
2589 2321 2962 2377 alimentorum
2993 2323 3072 2378 his
3099 2338 3218 2379 cum
3247 2326 3438 2393 quibus
3465 2327 3548 2381 tibi
3573 2326 3728 2379 viven-

2193 2408 2318 2463 dum
2342 2419 2444 2464 est.
2498 2411 2680 2482 Neque
2710 2425 2961 2484 quantum
3013 2431 3193 2471 sumas
3243 2419 3464 2473 multum
3511 2421 3725 2484 interest,

2193 2514 2312 2554 cum
2345 2500 2618 2557 videamus
2643 2505 2864 2559 aliorum
2896 2507 3228 2562 stomachum
3279 2510 3434 2564 citius
3460 2512 3647 2575 satiari,
3683 2521 3725 2565 cl

2192 2607 2285 2648 eos
2312 2603 2485 2649 tamen
2519 2594 2594 2650 illi
2639 2596 2739 2665 ipsi
2781 2613 2945 2666 parvo
2989 2615 3093 2668 quo
3138 2605 3401 2656 satiantur
3427 2603 3656 2657 ardenter
3681 2611 3724 2656 et

2191 2685 2614 2753 intolerabiliter,
2645 2699 2697 2742 et
2732 2690 2949 2743 omnino
2979 2691 3206 2760 turpiter
3229 2693 3464 2756 inhiare;
3495 2693 3612 2747 alios
3640 2709 3721 2746 au-

2191 2785 2294 2830 tem
2329 2777 2570 2846 plusculo
2599 2779 2812 2849 quidem
2863 2781 3076 2848 satiari,
3128 2782 3221 2836 sed
3275 2783 3584 2837 titlerabilius
3625 2783 3720 2835 iuo-

2189 2869 2328 2936 piam
2358 2871 2583 2938 perpeti,
2610 2882 2662 2926 et
2691 2872 2771 2925 vel
2794 2882 2917 2926 ante
2945 2874 3130 2927 horam
3159 2874 3363 2942 positas
3390 2875 3580 2943 epulas,
3605 2875 3647 2928 si
3677 2873 3718 2926 id

2188 2959 2238 3010 in
2271 2967 2508 3028 tempore
2538 2971 2629 3015 aut
2656 2977 2789 3030 Opus
2829 2964 2918 3028 sit,
2951 2973 3040 3018 aut
3069 2977 3290 3019 necesse
3315 2965 3421 3028 sit,
3444 2981 3554 3020 cum
3593 2976 3717 3018 tran-

2184 3049 2446 3116 quillitate
2474 3048 2709 3118 aspicere
2733 3093 2747 3118 ,
2781 3067 2950 3118 neque
2993 3063 3231 3121 tangere.
3267 3054 3428 3124 Magis
3455 3070 3571 3124 ergo
3598 3055 3715 3108 inte-

2175 3146 2306 3202 rest,
2356 3153 2460 3192 non
2493 3141 2615 3206 quid
2665 3144 2744 3195 vel
2792 3151 3044 3211 quantum
3083 3143 3456 3198 alimentorum
3489 3159 3576 3212 pro
3599 3160 3711 3196 cou-

2186 3228 2428 3296 gruentia
2461 3228 2733 3283 hominum
2765 3240 2921 3299 atque
2972 3245 3213 3299 persona:
3243 3247 3352 3286 sua:
3373 3273 3388 3298 ,
3427 3241 3478 3285 et
3509 3247 3590 3300 pro
3615 3247 3710 3284 sit:

2179 3317 2505 3373 valetudinis
2535 3321 2881 3391 necessitate,
2914 3322 3031 3389 quis
3063 3323 3259 3390 capiat,
3291 3322 3386 3376 sed
3415 3331 3592 3392 quanta
3615 3321 3710 3375 fell.

2171 3410 2337 3464 citate
2367 3419 2421 3464 et
2464 3413 2752 3466 serenitate
2781 3414 2943 3467 animi
2985 3422 3186 3476 careat,
3219 3429 3340 3468 cum
3374 3415 3452 3468 his
3478 3416 3549 3468 vel
3571 3428 3708 3482 opor-

2171 3501 2297 3562 teat;
2325 3502 2406 3556 vel
2435 3503 2593 3556 etiam
2626 3518 2844 3558 necesse
2891 3512 2973 3558 est
3007 3517 3212 3567 carere,
3246 3514 3300 3557 ut
3324 3504 3448 3559 illud
3477 3505 3525 3558 in
3551 3504 3706 3557 animo

2171 3588 2461 3644 Christiani
2493 3591 2823 3660 compleatur
2844 3592 2862 3655 Ῐ
2868 3591 3154 3662 compleat]
3179 3594 3323 3663 quod
3353 3595 3612 3662 Apostolus
3635 3595 3704 3646 di-

2172 3692 2244 3736 cit
2277 3699 2291 3735 :
2321 3683 2443 3738 Scio
2472 3695 2522 3740 et
2554 3686 2728 3740 minus
2757 3686 2980 3751 habere,
3009 3688 3120 3740 scio
3147 3695 3201 3741 et
3225 3688 3510 3747 abundare.
3537 3689 3703 3754 ubique

2172 3774 2225 3827 in
2280 3777 2525 3832 omnibus
2573 3778 2646 3852 [in
2701 3779 2943 3833 omnibus
2989 3791 3039 3834 et
3082 3781 3133 3835 in
3182 3779 3452 3852 omnibus]
3501 3782 3700 3835 imbutus

2168 3879 2308 3929 sum,
2336 3874 2388 3920 et
2417 3869 2615 3933 Saliari,
2645 3878 2698 3923 et
2727 3869 2962 3935 esurire,
2981 3879 3035 3925 et
3059 3871 3350 3936 abundare,
3383 3882 3435 3926 et
3461 3874 3697 3941 penuriam

2168 3956 2300 4023 pati,
2332 3958 2510 4012 omnia
2541 3974 2754 4029 possum
2774 3962 2824 4015 in
2847 3977 2912 4016 eo
2940 3963 3029 4031 qui
3063 3979 3147 4017 me
3177 3964 3468 4026 confortat;
3495 3964 3694 4021 etillud:

2166 4046 2348 4117 Neque
2393 4051 2437 4104 si
2487 4052 2975 4108 manducaverimus
3020 4055 3429 4119 abundabimus,
3469 4072 3621 4126 neque
3657 4056 3694 4109 si

2166 4152 2272 4191 non
2327 4141 2835 4203 manducaverimus
2862 4144 3168 4213 egebimus;
3217 4157 3270 4200 et
3298 4147 3423 4201 illud
3456 4165 3468 4200 :
3499 4147 3598 4201 Non
3625 4155 3695 4201 est

2169 4229 2314 4283 enim
2356 4246 2574 4300 regnum
2608 4234 2703 4288 Dei
2729 4249 2847 4289 esca
2875 4245 2926 4289 et
2958 4243 3142 4303 potus,
3172 4237 3267 4291 sed
3295 4238 3494 4307 iustitia
3519 4249 3566 4293 et
3590 4254 3691 4306 ptis.

2167 4330 2222 4374 et
2250 4321 2522 4390 gaudium.
2557 4325 2754 4393 thuia
2782 4327 2956 4380 solent
2980 4327 3220 4382 homines
3243 4329 3463 4381 multum
3493 4330 3693 4396 gaudere

2162 4411 2231 4466 de
2279 4415 2580 4468 carnalibus
2628 4416 2834 4484 epulis,
2887 4416 3107 4482 addidit,
3165 4417 3218 4470 in
3269 4418 3465 4485 Spiritu
3513 4431 3688 4473 sancto.

2162 4500 2491 4556 Justilicatur
2523 4507 2674 4574 116
2704 4521 2830 4574 ergo
2853 4506 3055 4579 [etiam]
3087 4509 3347 4577 sapientia
3375 4511 3441 4566 ab
3479 4512 3691 4564 omnibus

2163 4592 2283 4646 ﬁliis
2313 4594 2425 4647 suis
2450 4636 2465 4658 ,
2508 4600 2596 4664 qui
2627 4597 2925 4666 intelligunt
2961 4601 3173 4654 utendis
3205 4593 3434 4657 terrenis
3482 4613 3688 4670 tempora

2159 4692 2453 4751 opportuna
2477 4701 2596 4741 esse
2623 4688 2820 4744 debere
2845 4730 2860 4753 ,
2901 4689 3208 4746 facilitatem
3236 4709 3366 4747 vero
3394 4695 3593 4747 carendi
3621 4702 3687 4744 ta-

2160 4773 2323 4841 libus,
2352 4785 2402 4828 et
2429 4790 2664 4831 amorem
2697 4778 2903 4834 fruendi
2930 4783 3146 4836 aeternis
3169 4824 3182 4843 ,
3213 4798 3318 4837 non
3345 4785 3526 4839 variari
3555 4798 3688 4853 apor-

2153 4875 2263 4921 tere
2287 4883 2380 4936 per
2412 4879 2680 4939 tempora,
2714 4872 2804 4926 sed
2840 4882 3094 4943 perpetuo
3125 4876 3367 4932 retineri.

2640 4991 2863 5050 CAPUT
2891 4995 3218 5051 CLXXVIII.

2151 5099 2225 5154 De
2253 5103 2544 5172 voracitate,
2575 5106 2727 5158 etiam
2756 5107 2809 5157 in
2842 5107 3096 5162 vilissimis
3126 5109 3276 5175 cibis,
3310 5127 3373 5164 ex
3399 5113 3519 5164 libro
3543 5127 3589 5164 tu
3627 5112 3678 5162 de

2640 5175 2880 5229 Doctrina
2903 5177 3216 5233 Christiana.

2213 5281 2462 5351 Quisquis
2507 5293 2679 5338 autem
2733 5287 2894 5340 rebus
2922 5292 3368 5356 prmtereuntihus
3414 5294 3669 5347 restrictius

2143 5375 2303 5426 utitur
2342 5391 2496 5444 quam
2533 5392 2651 5430 sese
2682 5378 2879 5432 habent
2915 5394 3090 5433 mores
3133 5396 3319 5437 eorum
3369 5401 3481 5438 cum
3508 5385 3667 5452 quibus

2137 5465 2284 5533 vivit,
2309 5475 2399 5520 aut
2420 5475 2739 5537 temperans,
2768 5479 2856 5520 aut
2885 5471 3290 5539 superstitiosus
3316 5486 3398 5530 est
3417 5476 3506 5546 (ι).
3536 5477 3665 5540 Quit-
