3830 6228
98 254 186 311 8‘57

93 457 332 511 bonorum
384 455 524 508 inter
553 465 689 521 quos
731 457 979 503 versatur
1017 447 1264 513 excedat,
1316 456 1407 498 aut
1449 441 1650 530 aliquid

87 549 354 618 signiﬁcat,
383 556 476 599 aut
513 543 813 611 ﬂagitiosus
843 549 956 607 cst;
989 541 1044 595 in
1070 540 1322 595 omnibus
1360 537 1505 592 enim
1536 536 1655 590 tali-

86 642 174 695 bus
201 655 306 695 non
337 654 466 692 usus
495 651 714 702 rerum,
768 635 863 689 sed
896 634 1060 688 libido
1106 628 1357 706 [utentis]
1402 631 1454 684 in
1500 629 1651 698 culpa

83 743 176 787 est.
204 731 338 799 Quid
366 730 528 801 igitur
552 727 689 781 locis
709 769 723 790 ,
752 735 810 779 et
837 725 1067 794 tempori
1092 763 1108 791 ,
1137 734 1192 779 et
1219 737 1344 795 pars
1375 719 1652 795 [tempori-

85 827 174 880 bus
211 820 580 892 personisque]
625 821 915 875 conveniat
955 819 1238 890 diligenter
1268 813 1652 871 attendendum

84 925 176 980 est,
217 931 284 970 ne
331 925 530 968 temere
559 912 754 982 (lagitia
798 911 1276 982 reprehendamus.
1322 906 1462 962 Fieri
1510 907 1652 960 enim

86 1016 244 1075 poleSl
277 1014 333 1058 ιιι
359 1007 476 1059 sine
507 1004 686 1073 aliquo
728 1003 858 1059 vitio
907 1002 1150 1071 cupedia:
1206 999 1513 1073 [cupidinis]
1569 997 1652 1050 vel

86 1096 384 1150 voracitatis
415 1093 809 1164 pretiOsissimo
837 1094 959 1148 cibo
1008 1094 1223 1160 sapiens
1272 1101 1485 1155 utatur,
1525 1091 1656 1143 insi-

85 1188 224 1256 piens
252 1197 426 1240 autem
458 1174 811 1240 infuedissima
843 1186 978 1255 gula:
1009 1185 1220 1238 ﬂamma
1250 1184 1304 1237 in
1335 1183 1653 1237 vilissimum

84 1279 352 1343 ardescat,
384 1290 436 1333 et
477 1280 658 1333 sanius
688 1278 916 1347 quisque
948 1277 1197 1332 maluerit
1248 1291 1398 1330 more
1445 1274 1652 1328 Domini

85 1371 215 1438 pisce
257 1372 441 1433 vesci,
505 1384 664 1440 quam
723 1369 976 1424 lenticula
1047 1384 1197 1423 more
1253 1368 1388 1420 Esau
1447 1364 1654 1435 nepotis

84 1463 364 1531 Abraham,
392 1475 481 1517 aut
515 1463 718 1518 hordeo
763 1478 913 1519 more
942 1463 1328 1532 iumentorum.
1372 1450 1488 1513 Non
1511 1461 1652 1512 enim

84 1565 356 1626 propterea
399 1554 829 1611 continentiores
861 1553 1016 1608 nobis
1047 1560 1174 1606 sunt
1214 1551 1485 1620 pleraeque
1534 1548 1655 1602 bes-

86 1648 188 1712 tiae,
218 1647 342 1718 quia
372 1648 652 1702 vilioribus
682 1657 904 1700 utuntur
945 1645 1086 1699 escis
1107 1685 1121 1708 ,
1157 1657 1277 1697 nam
1323 1642 1374 1697 in
1406 1640 1652 1696 omnibus

84 1741 443 1812 hujuscemodi
467 1741 646 1805 rebus,
677 1754 863 1794 nones
892 1751 1076 1793 earum
1107 1751 1286 1791 rerum
1311 1741 1500 1788 natura
1529 1731 1646 1802 qui.
1684 1729 1731 1788 B

84 1835 171 1885 bus
200 1835 425 1894 utimur,
453 1832 546 1887 sed
576 1848 640 1886 ex
666 1846 827 1886 causa
853 1829 1034 1884 utendi
1068 1840 1122 1883 et
1153 1827 1313 1882 modo
1341 1824 1650 1895 appetendi,

83 1927 154 1982 rel
183 1926 512 1997 probandum
532 1935 633 1996 est,
662 1926 744 1980 vel
776 1923 1187 1994 ituprobandum
1217 1919 1359 1992 quod
1402 1918 1648 1976 facimus.

583 2061 810 2117 CAPUT
848 2059 1128 2116 CLXXIX.

86 2194 152 2249 De
178 2195 583 2264 impossibilitate
602 2197 881 2267 jejunandi
912 2196 1005 2246 sub
1035 2191 1534 2267 pritesetttia‘sponsi,
1559 2192 1653 2267 rubi

147 2263 255 2318 duo
286 2269 494 2338 jejunio
544 2263 744 2338 probat,
799 2281 956 2338 unu_tu
1007 2265 1350 2316 tribulationis
1410 2273 1456 2315 et
1510 2263 1656 2316 aliud

144 2334 316 2406 gaudii
338 2334 355 2390 Ξ
377 2352 441 2390 ex
467 2334 554 2389 lib.
589 2352 624 2389 tt
659 2335 852 2402 Qua’st.
887 2334 1087 2406 Evttttg.

143 2467 414 2536 Jejuniutn
445 2468 608 2522 autin
635 2467 978 2521 tribulatione
996 2477 1099 2530 est,
1132 2479 1221 2520 aut
1247 2467 1297 2520 in
1340 2465 1554 2536 gaudio.
1599 2466 1654 2520 In

83 2561 420 2616 tribulatione
464 2560 530 2614 ad
570 2559 963 2630 propitiandum
1021 2559 1188 2614 Deum
1235 2575 1330 2629 pro
1379 2561 1656 2628 peccatis,

83 2652 133 2706 in
156 2651 352 2720 gaudio
381 2665 509 2706 vero
537 2664 658 2706 cum
698 2659 848 2704 tanto
893 2653 1069 2705 minus
1099 2651 1366 2705 delectant
1396 2652 1655 2716 carnalia,

82 2751 276 2810 quanto
315 2741 637 2810 apiritalium
672 2741 847 2810 major
876 2741 1062 2812 sagina
1089 2751 1191 2796 εει.
1225 2742 1356 2796 Cum
1397 2757 1526 2812 ergo
1557 2741 1661 2796 Do-

83 2832 254 2886 minus
287 2832 646 2902 interrogatus
672 2841 818 2887 esset
848 2846 943 2886 cur
968 2832 1217 2902 discipuli
1241 2832 1355 2901 ejus
1386 2847 1490 2886 non
1520 2833 1660 2902 jeju-

85 2930 274 2976 narent
303 2963 319 2988 ,
369 2921 438 2976 de
480 2930 708 2991 utroque
749 2921 956 2992 jejunio
994 2924 1290 2993 respondit.
1325 2923 1563 2991 Namque
1593 2924 1657 2978 ad

83 3012 206 3067 illud
226 3013 371 3082 quod
400 3014 449 3066 in
479 3014 823 3068 tribu'atione
840 3013 1070 3083 jejunari
1091 3016 1246 3082 solet,
1268 3016 1493 3082 pertinet
1516 3016 1658 3086 quod

82 3107 147 3160 ait
184 3150 198 3174 ,
235 3106 398 3161 Filios
448 3107 631 3175 sponsi
665 3117 792 3161 tunc
817 3108 1178 3176 jejunaturos,
1207 3109 1326 3162 ann
1355 3108 1563 3163 ablatus
1590 3108 1658 3162 ab
1685 3114 1732 3176 ζ]

83 3197 156 3252 eis
206 3197 368 3251 fuerit
406 3213 659 3267 sponsus.
691 3197 842 3254 Tunc
895 3200 1040 3254 enim
1087 3200 1496 3266 desolabuntur,
1522 3201 1658 3256 etin

83 3303 318 3343 mcerore
347 3302 409 3342 ac
434 3290 577 3344 luctu
606 3298 798 3354 erunt,
828 3290 1002 3346 donec
1031 3293 1109 3346 eis
1135 3310 1144 3358 ι
1167 3306 1228 3346 er
1258 3293 1516 3360 Spiritum
1540 3308 1662 3346 san-

83 3390 223 3434 ctum
257 3381 448 3450 gaudia
500 3382 859 3436 consolatoria
920 3383 1286 3438 retribuantu.‘
1313 3425 1328 3449 ,
1369 3399 1473 3452 quo
1518 3384 1661 3438 dono

83 3483 362 3542 percepto,
386 3473 546 3528 etiam
571 3472 763 3542 jejunii
795 3474 1025 3528 alterum
1053 3489 1241 3544 genus.
1285 3475 1425 3544 quod
1457 3475 1545 3528 [iet
1571 3490 1665 3542 per

83 3562 322 3617 laetitiam
358 3563 470 3632 jam
519 3564 762 3619 renovati
815 3565 868 3619 itt
911 3565 1072 3619 vitam
1118 3566 1433 3634 spiritalem,
1465 3580 1669 3620 conve-

82 3655 421 3710 nientissima
445 3654 792 3711 celebrabant
819 3693 838 3722 ,
881 3657 1027 3727 quod
1060 3669 1346 3727 antequam
1379 3656 1664 3726 accipiant,

83 3747 212 3803 dicit
234 3763 332 3804 eos
355 3757 602 3819 tanquam
626 3758 804 3804 vetera
830 3751 1169 3819 vestimenta,
1195 3750 1385 3820 quibus
1414 3751 1661 3808 inconve-

82 3841 294 3895 niettter
320 3856 489 3896 novus
511 3855 720 3911 pannus
740 3840 992 3910 assuitur,
1019 3842 1069 3896 id
1092 3852 1196 3906 est,
1216 3843 1387 3911 aliqua
1409 3844 1669 3911 particu'a

83 3932 347 3986 doctrina:
372 3948 490 4001 quae
519 3934 584 3985 ad
617 3948 767 3987 nova:
814 3937 937 3987 vita:
971 3934 1378 4003 temperantiam
1412 3937 1663 4003 pertinet,

83 4024 205 4092 quia
235 4024 283 4077 si
313 4023 414 4077 hoc
440 4025 553 4089 tiat,
585 4032 642 4078 et
685 4023 796 4094 ipsa
828 4025 1070 4078 doctrina
1098 4025 1494 4095 quodammodo
1519 4027 1667 4082 scin-

84 4115 264 4178 ditur,
299 4113 453 4182 cujus
486 4115 741 4182 particula
771 4129 892 4185 qua:
919 4115 983 4167 ad
1013 4114 1277 4184 jejunium
1310 4116 1549 4170 ciborum
1577 4130 1671 4170 va-

84 4205 154 4259 let
186 4205 496 4274 importune
520 4207 767 4271 traditur,
788 4221 910 4260 cum
939 4206 1025 4260 illa
1050 4208 1238 4260 doceat
1259 4207 1513 4275 generale
1536 4207 1674 4277 jeju-

84 4297 232 4351 nium
267 4312 372 4351 non
402 4312 430 4350 a
461 4298 892 4366 concupiscentia
923 4297 1168 4352 ciborum
1199 4307 1402 4352 tantum
1434 4342 1448 4366 ,
1479 4298 1574 4353 sed
1606 4298 1674 4353 ab

84 4388 233 4440 omni
263 4387 445 4440 laetitia
469 4389 838 4457 temporalium
861 4389 1302 4445 delectatiooum.
1332 4389 1496 4459 Cujus
1521 4390 1674 4459 quasi

1242 231 1672 294 Tlll-lSAL‘RUS.
1719 232 1870 288 CAP.
1913 233 2193 291 CLXXXI.

91 363 198 433 quis
221 376 344 418 vero
387 360 467 417 sic
494 363 572 417 eis
603 359 789 424 utitur,
835 365 890 410 ut
939 365 1108 410 metas
1139 364 1191 408 et
1230 355 1650 409 consuetudtnes
1681 355 1722 410 Α

3226 231 3331 288 858

2282 347 2508 420 carm"
2548 347 2780 403 ccxxx

1762 426 1839 482 De
1867 427 2071 483 homine
2113 429 2204 499 qui
2233 428 2563 483 descendebat
2594 446 2626 483 tt
2664 429 2955 499 Jerusalem
3005 429 3060 483 in
3090 429 3341 489 Iericho;

2043 498 2272 553 ex’libro
2306 515 2338 552 tt
2384 499 2736 566 Quantiottum
2770 498 3056 570 Evangelii.

1831 587 2002 642 Homo
2026 590 2245 660 quidam
2270 590 2631 645 descendebat
2660 607 2690 645 a
2713 591 3074 647 Jerusalemio
3099 591 3338 648 Jerieho.

1761 680 1881 750 Ipse
1912 682 2077 737 Adam
2106 683 2425 752 intelligitur
2447 682 2500 736 in
2529 699 2728 753 genere
2761 685 3014 739 humano.
3041 685 3337 741 Jerusalem

1757 773 1947 828 civitas
1977 775 2126 843 pacis
2158 814 2173 838 ,
2206 773 2294 828 illa
2326 773 2586 838 ctelestis,
2627 763 2662 828 'a
2688 775 2844 842 cujus
2875 775 3201 831 beatitudine
3229 777 3341 846 lap-

1757 876 1846 915 sus
1876 871 1976 917 est.
2001 864 2221 920 Jcricho
2253 865 2375 920 luna
2411 867 2793 935 interpretatur
2838 876 2895 922 et
2916 867 3341 935 signiticatmor-

1759 958 2017 1014 talitatem
2067 971 2303 1015 nostram
2334 1005 2349 1028 ,
2400 971 2622 1032 pmptcr
2650 964 2791 1031 quod
2825 965 3089 1027 nascitur,
3120 964 3334 1026 crescit,

1757 1054 1994 1108 senescit
2019 1064 2073 1109 et
2099 1055 2255 1110 occid
2281 1066 2320 1110 t.
2354 1058 2634 1121 Latrones,
2659 1056 2906 1110 diabolus
2929 1067 2985 1110 et
3007 1055 3182 1126 angeli
3205 1055 3339 1124 ejus,

1757 1148 1846 1215 qui
1875 1162 1998 1201 eum
2030 1148 2398 1217 spoliaverunt
2426 1150 2849 1213 immortalitate,
2876 1156 2931 1203 et
2961 1149 3128 1217 plagis
3172 1149 3344 1216 impo-

1755 1237 1874 1291 sitis
1898 1250 2118 1306 peccata
2149 1241 2424 1296 suadendo
2455 1242 2787 1311 reliquerunt
2831 1241 3147 1297 semivivum
3171 1283 3186 1306 ,
3218 1242 3341 1310 quia

1754 1342 1819 1380 ex
1850 1339 2002 1396 parte
2025 1346 2126 1399 qua
2163 1341 2334 1398 potest
2369 1333 2667 1402 intelligere
2694 1342 2745 1388 et
2787 1348 3118 1404 cognoscere
3150 1334 3340 1399 Deum,

1755 1417 1902 1472 visus
1945 1418 2144 1493 [vivus]
2172 1431 2256 1476 est
2286 1424 2479 1487 homo;
2510 1439 2574 1479 ex
2625 1433 2776 1494 parte
2807 1439 2911 1495 qua
2958 1425 3189 1494 peccatis
3215 1440 3345 1479 con-

1757 1511 1981 1565 tabescit
2007 1523 2061 1567 et
2092 1514 2372 1582 premitur,
2407 1525 2649 1570 mortuus
2689 1525 2792 1582 est,
2825 1525 2880 1571 et
2911 1516 3029 1571 ideo
3051 1516 3342 1571 semivivus

1754 1597 1970 1654 dicitur.
1994 1602 2257 1657 Sacerdos
2289 1614 2464 1659 autem
2487 1615 2540 1659 et
2563 1605 2744 1671 levita,
2770 1607 2859 1675 qui
2882 1621 2948 1660 eo
2978 1607 3092 1661 viso
3117 1615 3339 1674 praeter-

1759 1690 1955 1757 ierunt,
1999 1694 2360 1748 sacerdotium
2405 1704 2462 1749 et
2515 1696 2871 1750 ministerium
2918 1695 3126 1751 Veteris
3156 1697 3342 1750 Testa-

1759 1784 1927 1838 tnenti
1951 1785 2274 1854 signiﬁcant,
2300 1802 2420 1854 qua!
2442 1801 2548 1841 non
2572 1796 2818 1856 poterant
2838 1788 3092 1858 prodesse
3113 1790 3181 1843 ad
3204 1789 3349 1843 salu.

1760 1882 1889 1929 tem.
1938 1876 2305 1933 Samaritanus
2355 1885 2536 1932 custos
2567 1878 2967 1946 interpretatur,
3001 1888 3053 1933 et
3083 1879 3204 1933 ideo
3235 1879 3348 1948 ipse

1761 1966 2016 2023 Dominus
2048 1969 2380 2039 signiﬁcatur
2411 1970 2512 2025 hoc
2535 1971 2773 2025 nomine.
2807 1970 3344 2040 Alligatiovulnerum

1758 2071 1840 2115 est
1888 2061 2145 2117 cohibitio
2202 2071 2597 2131 peccatorum;
2647 2065 2825 2120 oleum
2877 2065 3180 2119 consolatio
3229 2065 3346 2135 spei

1761 2154 1932 2216 home,
1968 2165 2183 2224 propter
2221 2154 2607 2224 indulgentiam
2642 2157 2820 2211 datam
2851 2157 2918 2211 ad
2951 2157 3348 2212 reconciliatio-

1759 2260 1880 2298 nem
1912 2245 2097 2319 pacis;
2125 2245 2304 2299 vinum
2324 2245 2649 2301 .eshortatio
2677 2247 2741 2300 al
2774 2247 3103 2316 operantium
3134 2248 3343 2302 ferven-

1761 2338 1970 2392 tissimo
2014 2339 2228 2406 spiritu.
2260 2339 2566 2394 Jumeotum
2619 2339 2737 2408 ejus
2769 2351 2849 2394 est
2895 2355 3021 2395 caro
3053 2344 3103 2403 in
3146 2357 3248 2411 qna
3281 2341 3346 2395 ad

1762 2442 1861 2483 nos
1892 2428 2077 2482 venire
2120 2427 2369 2496 dignatus
2408 2438 2511 2483 est.
2544 2430 2748 2498 lmponi
2776 2431 3020 2500 jumento
3048 2441 3131 2485 est
3175 2433 3230 2485 in
3271 2436 3349 2500 ip-

1762 2533 1877 2573 sam
1930 2519 2362 2575 ittcarnatloncm
2413 2520 2615 2577 Christi
2667 2523 2906 2577 credere.
2964 2524 3239 2578 Stabulum
3270 2534 3350 2578 est

1764 2608 2002 2664 Ecclesia
2027 2610 2116 2664 ubi
2151 2612 2460 2665 reficiuntur
2489 2610 2724 2665 viatores
2752 2612 2818 2674 de
2847 2613 3274 2683 peregrinatione
3297 2613 3349 2668 in

1764 2710 2022 2754 aeternam
2054 2702 2279 2767 patriam
2309 2701 2617 2757 redeuntes.
2648 2702 2832 2757 Altera
2861 2702 2977 2758 dies
3010 2712 3094 2757 est
3128 2713 3249 2771 post
3274 2718 3356 2757 re-

1763 2793 2162 2846 surreCtionem
2197 2792 2432 2847 Domini.
2467 2792 2582 2848 Duo
2602 2792 2808 2848 denarii
2832 2803 2955 2848 sunt
2983 2795 3066 2850 vel
3085 2796 3190 2848 duo
3218 2811 3353 2863 prte-

1761 2892 1913 2953 ccpta
1943 2883 2256 2950 charitatis',
2287 2899 2444 2954 quam
2493 2899 2586 2954 per
2616 2883 2878 2952 Spiritum
2929 2896 3170 2940 sanctum
3201 2901 3353 2942 acce-

1763 2983 1956 3043 perunt
1988 2975 2216 3042 apostoli
2244 2977 2318 3028 ad
2341 2975 2828 3045 evangelizandum
2857 2979 3087 3043 ca'teris,
3119 2977 3200 3031 vel
3232 2993 3352 3047 pro-

1766 3067 1947 3121 nti-sio
1970 3067 2090 3122 vine
2115 3069 2395 3133 praesentis
2417 3077 2472 3122 et
2494 3069 2706 3123 futurae.
2727 3070 3033 3125 Secundum
3053 3072 3194 3126 enim
3219 3073 3354 3126 duas

1775 3158 2163 3226 promissiones
2188 3158 2389 3212 dictum
2419 3167 2504 3214 est
2557 3160 2850 3230 :Accipiet
2900 3164 2951 3216 in
2995 3164 3095 3218 hoc
3146 3165 3349 3220 Iaculo

1767 3248 1969 3317 septies
2000 3257 2228 3315 tantum,
2260 3249 2311 3302 in
2340 3251 2514 3304 futuro
2542 3252 2743 3305 stmulo
2759 3254 2922 3305 vitam
2945 3262 3201 3307 aeternam
3223 3269 3356 3310 con-

1767 3351 2038 3408 sequetur.
2074 3339 2411 3395 Sttabularius
2461 3357 2592 3414 ergo
2621 3351 2705 3397 est
2741 3345 3035 3413 apostolus.
3071 3346 3222 3412 Quod
3273 3363 3356 3402 sus

1769 3441 2074 3501 pererogat,
2107 3440 2199 3484 aut
2229 3432 2359 3486 illud
2388 3433 2680 3487 consilium
2711 3435 2851 3503 quod
2883 3437 2960 3488 ait
2989 3452 3003 3489 :
3037 3435 3113 3489 De
3142 3436 3355 3506 virgini-

1768 3519 1870 3574 bus
1886 3530 2066 3574 autem
2104 3531 2431 3589 prreceptum
2457 3523 2670 3574 Domini
2703 3539 2809 3576 non
2846 3523 3044 3588 habeo,
3075 3527 3358 3580 consilium

1768 3622 1944 3664 autem
1977 3611 2080 3675 do;
2111 3610 2360 3680 autquod
2389 3610 2548 3666 etiam
2582 3612 2834 3668 manibus
2860 3615 2973 3668 suis
2996 3625 3248 3682 operatus
3275 3626 3360 3672 est

1773 3716 1840 3756 ne
1865 3701 2201 3756 inﬁrmorum
2231 3703 2464 3772 aliquem
2495 3705 2546 3757 in
2588 3706 2827 3759 novitate
2870 3704 3142 3777 Evangelii
3167 3723 3360 3779 grava-

1784 3800 1888 3862 ret,
1919 3807 2041 3848 cum
2071 3794 2123 3849 ei
2149 3793 2340 3848 liceret
2364 3795 2513 3862 pasci
2534 3796 2930 3869 eaEvangelio.

2280 3884 2512 3939 CAPUT
2546 3885 2834 3941 CLXXXl.

1773 3960 1925 4040 Quod
1960 3961 2165 4040 Martha
2207 3964 2462 4030 excipiens
2490 3966 2718 4040 illumin
2750 3967 2902 4019 dumo
2933 3984 3054 4032 suo,
3087 3970 3347 4040 signiﬁcat

1845 4032 2206 4110 Ecclesiamhut
2237 4043 2486 4110 nauseat,
2522 4033 2691 4090 Maria
2722 4053 2838 4090 vero
2868 4050 2920 4090 ut
2945 4042 3038 4092 erit
3065 4041 3121 4092 in
3135 4032 3355 4110 'fttt'stro;

1844 4119 1907 4156 ea:
1938 4104 2025 4155 lib.
2063 4118 2094 4155 ll
2123 4103 2318 4166 Quaest.
2362 4104 2560 4174 Evong.

1841 4192 1995 4260 Quod
2046 4193 2250 4248 Martha
2284 4195 2506 4264 excepit
2536 4195 2684 4249 illum
2717 4195 2771 4251 in
2819 4196 3038 4254 domum
3066 4213 3242 4267 suam,
3273 4202 3352 4256 si-

1775 4283 1997 4354 gniﬁcat
2021 4284 2316 4338 Ecclesiam
2339 4299 2458 4354 quae
2481 4300 2625 4341 nunc
2653 4296 2756 4352 est,
2785 4288 3145 4358 excipientem
3175 4287 3360 4346 Domi-

1779 4393 1904 4432 num
1938 4378 1990 4432 in
2019 4393 2114 4433 cor
2144 4394 2337 4447 suum;
2367 4379 2531 4436 Maria
2554 4395 2712 4437 soror
2735 4382 2874 4453 ejus,
2904 4400 3026 4454 quae.
3052 4386 3272 4442 sedebat
3293 4389 3360 4444 ad

86 4493 324 4548 pannum
347 4520 363 4544 ,
395 4479 448 4534 id
479 4489 584 4547 est,
611 4492 816 4549 partem
848 4481 1078 4552 aliquam
1121 4499 1240 4554 qua
1267 4483 1332 4538 ad
1364 4484 1512 4538 cibos
1545 4498 1670 4554 per-
1703 4501 1751 4560 ι)
1783 4471 1944 4540 pedes
1978 4473 2219 4538 Domini,
2271 4484 2324 4529 et
2347 4475 2602 4530 audiebat
2645 4477 2863 4532 verbum
2895 4477 3014 4548 ejus
3039 4519 3054 4546 ,
3088 4479 3354 4549 signiﬁcat

86 4579 224 4625 tmet
251 4615 266 4639 ,
299 4571 426 4625 dicit
465 4586 571 4626 non
595 4581 866 4641 oportere
912 4573 1216 4629 hominibus
1243 4618 1256 4640 ,
1306 4575 1480 4629 adhuc
1506 4577 1673 4631 veteri

86 4662 470 4716 consuetudini
497 4663 694 4719 deditis
727 4705 740 4728 ,
775 4665 1078 4734 impertiri,
1109 4670 1232 4736 quia
1263 4675 1317 4722 et
1346 4667 1493 4722 illinc
1521 4668 1674 4738 quasi

83 4753 392 4807 conscissio
423 4752 631 4808 videtur
662 4753 801 4820 ﬁeri,
847 4765 902 4812 ει
929 4756 1029 4826 ipsi
1062 4758 1311 4812 vetustati
1344 4773 1448 4811 non
1479 4773 1676 4813 conve-

86 4845 188 4897 nit.
224 4842 366 4897 Dicit
412 4843 571 4898 etiam
619 4844 825 4900 similes
854 4862 948 4902 eos
976 4862 1098 4902 esse
1146 4848 1415 4903 vetetibus
1447 4849 1673 4918 utribus,

85 4947 228 5004 quos
261 4935 385 4988 vino
413 4950 553 4990 novo
578 4979 591 4998 .
627 4935 678 4990 itl
709 4947 793 4992 est
817 4941 1147 5008 spiritalibus
1189 4941 1471 5011 prmccptis
1501 4984 1516 5009 ,
1551 4941 1677 4996 laci-

87 5029 194 5083 lius
225 5026 488 5098 disrumpi
519 5044 678 5099 quam
728 5029 778 5084 id
813 5046 971 5101 posse
1015 5034 1277 5090 contineri
1319 5035 1470 5090 dicit.
1507 5035 1676 5090 Erunt

87 5129 276 5174 autem
323 5118 431 5189 jam
466 5131 611 5176 utres
640 5122 762 5177 novi
813 5138 935 5178 cum
987 5136 1107 5195 post
1153 5143 1433 5183 ascensum
1468 5129 1680 5184 Domini

87 5210 368 5265 desiderio
396 5202 950 5284 consolationisejus,
982 5216 1189 5271 orando
1214 5228 1268 5271 et
1306 5220 1571 5288 sperando
1601 5219 1676 5287 in-

91 5310 366 5356 novantur
420 5302 882 5377 [innovabantur].
958 5306 1111 5362 Tunc
1157 5309 1301 5363 enim
1359 5321 1685 5380 acceperunt

87 5392 359 5460 Spiritum
391 5408 656 5464 sanctum,
680 5412 788 5467 quo
811 5397 1038 5468 impleti,
1066 5413 1186 5453 cum
1209 5401 1448 5458 omnium
1483 5405 1571 5474 qui
1610 5404 1679 5459 de

89 5484 331 5539 diversis
368 5486 617 5554 gentibus
659 5490 887 5545 aderant
915 5490 1109 5560 linguis
1139 5491 1511 5562 loquerentur,
1555 5495 1683 5551 dicti

91 5587 228 5632 sunt
257 5588 434 5633 musto
478 5579 663 5648 pleni,
716 5597 914 5640 novum
963 5584 1106 5641 enim
1153 5585 1336 5642 vinum
1371 5585 1482 5657 jam
1533 5589 1687 5646 nevis

93 5671 314 5731 utribus
342 5683 578 5730 venerat.

1778 4564 2022 4619 eamdem
2051 4565 2375 4634 Ecclesiam,
2426 4567 2522 4623 sed
2555 4569 2605 4623 in
2655 4568 2832 4624 l'ttturo
2862 4572 3063 4625 saeculo
3083 4613 3098 4637 ,
3133 4571 3221 4627 ubi
3251 4586 3364 4627 ces-

1779 4670 1908 4710 sans
1935 4656 2001 4710 ab
2026 4670 2192 4726 opere
2218 4659 2625 4730 ministerioque
2658 4661 2964 4733 indigentia:
2996 4662 3111 4718 sola
3143 4663 3363 4734 sapien-

1780 4750 1850 4804 t?a
1885 4764 1966 4817 pet
1982 4748 2208 4806 fruetur.
2239 4750 2444 4806 Martha
2479 4768 2606 4823 ergo
2635 4765 2892 4824 occupata
2924 4765 3006 4810 est
3032 4758 3174 4812 circa
3227 4757 3365 4812 mul-

1784 4849 1891 4895 lum
1923 4841 2302 4906 ministerium,
2349 4842 2470 4911 quia
2524 4855 2665 4898 nunc
2714 4845 2907 4899 talibus
2935 4846 3188 4914 operibus
3215 4860 3364 4901 eser-

1784 4943 1938 4988 cetur
1970 4933 2227 4988 Ecclesia.
2263 4935 2416 5000 Quod
2445 4947 2622 4991 autem
2656 4939 2898 5007 queritur
2930 4939 3070 5009 quod
3109 4953 3169 4993 se
3213 4952 3366 4994 soror

1785 5023 1902 5094 ejus
1935 5039 2038 5077 non
2073 5024 2290 5094 adjuvet
2317 5066 2332 5090 ,
2363 5027 2581 5081 occasio
2627 5028 2787 5089 datur
2823 5031 3103 5086 sententia:
3133 5030 3365 5099 Domini,

1789 5131 1890 5185 qua
1920 5116 2157 5170 ostendit
2179 5118 2333 5172 istam
2365 5118 2660 5175 Ecclesiam
2709 5123 2986 5178 sollicitant
3015 5135 3136 5177 esse
3167 5132 3221 5178 et
3252 5133 3366 5178 tur-

1791 5206 1904 5261 bari
1933 5205 2075 5260 circa
2111 5207 2364 5276 plurima,
2395 5223 2516 5263 cum
2547 5210 2619 5265 sit
2669 5225 2833 5266 unum
2864 5215 3225 5268 necessarium
3255 5255 3270 5280 ,
3303 5215 3369 5270 ad

1794 5299 1937 5369 quod
1978 5313 2072 5367 per
2103 5299 2388 5356 ministerii
2442 5302 2598 5371 hujus
2649 5306 2836 5360 merita
2886 5305 3213 5380 pervenitur.
3265 5305 3371 5361 Ma-

1801 5389 1932 5444 riam
1964 5403 2093 5443 vero
2135 5389 2268 5444 dicit
2321 5391 2577 5460 optimam
2609 5402 2809 5462 partem
2855 5392 3081 5464 elegisse
3110 5409 3228 5465 qua
3268 5409 3372 5452 non

1786 5476 2058 5532 auferetur
2078 5477 2146 5531 ab
2166 5486 2322 5546 ea,et
2351 5481 2471 5536 ideo
2487 5479 2798 5550 intelligitur
2821 5481 3040 5550 Optima,
3063 5485 3183 5552 quia
3208 5491 3260 5538 et
3283 5498 3378 5552 per

1789 5566 1925 5620 hanc
1939 5565 2005 5619 ad
2018 5567 2162 5620 illam
2178 5569 2433 5632 tenditur,
2446 5579 2500 5626 et
2521 5585 2626 5624 non
2641 5570 2944 5625 auferetur:
2966 5573 3050 5626 illa
3072 5587 3202 5627 vero
3218 5574 3380 5628 tnini-
3439 5623 3442 5626 ε

1753 5717 1760 5724 _
1794 5657 1942 5712 sterii
1975 5660 2218 5726 quamvis
2267 5660 2336 5714 sit
2389 5661 2523 5715 bona
2545 5701 2562 5727 ,
2597 5669 2774 5716 tamen
2830 5661 3128 5727 auferetur,
3164 5667 3383 5736 quando

1799 5749 2088 5824 indigentia
2121 5752 2206 5809 cui
2237 5753 2568 5810 ministratur
2601 5754 2890 5813 transierit.
2989 5806 2992 5809 .
