1915 3114
221 147 1841 174 MM

750 215 824 272 S.
872 217 1319 275 EUGYPPII

790 319 999 360 ABBATIS
1037 317 1269 362 AFRICANI

684 404 1376 479 THESAURUS

596 509 693 581 Eae
730 508 790 560 S.
832 506 1152 574 Augustini
1186 506 1463 575 operibus.

727 610 972 678 ﬂemus
1002 605 1329 694 posterior.

434 773 438 777 ‘
469 762 582 791 CAPUT
607 761 756 790 CLXXXII.

226 810 248 846 ι
264 809 300 837 De
312 809 358 837 illo
427 810 511 846 medio
524 814 597 836 nocte
611 808 727 846 petiit_ab
741 807 822 846 amico
838 811 888 832 tres
909 812 1006 838 panes,-

336 853 367 873 ea
377 845 441 872 libro
454 852 472 872 tt
487 845 662 878 Quaestionum
677 843 886 879 Evangeliorum.

221 919 223 921 -
257 902 366 930 Amicus
379 901 412 929 ad
428 909 507 937 quem
528 901 631 928 venitur
644 899 732 927 media
747 903 836 931 nocte,
853 902 882 925 ut
901 903 1009 924 accom-

223 946 313 975 modet
327 951 382 974 tres
397 953 489 980 panes,
506 945 597 980 utique
618 945 651 972 ad
665 944 867 972 similitudinem
888 943 1006 976 ponitur,

222 992 370 1020 secundum
387 1000 466 1027 quam
485 992 545 1027 quis
562 991 644 1018 Deum
659 993 744 1025 rogat,
760 989 786 1016 in
800 988 886 1015 media
897 986 1008 1014 tribula-

223 1037 296 1065 tione
305 1037 476 1070 constitutus,
493 1042 523 1065 ut
540 1037 565 1065 ei
580 1035 679 1064 tribuat
698 1034 900 1069 intelligentiam
913 1033 1006 1065 Trini-

221 1084 295 1116 tatis,
321 1091 372 1118 qua
393 1084 532 1119 praesentis
556 1084 618 1110 vitae
640 1083 794 1110 consoletur
815 1081 938 1113 labores;
959 1079 1008 1107 sed

221 1131 386 1165 comparatio
398 1134 440 1157 est
453 1136 468 1156 a
481 1130 593 1157 minore.
606 1128 634 1156 Si
650 1128 721 1155 enim
737 1127 838 1155 amicus
852 1129 932 1153 homo
946 1133 1007 1153 sur-

221 1176 258 1211 git
271 1176 304 1204 de
317 1176 399 1209 lecto,
412 1179 440 1203 et
452 1176 504 1203 dat
513 1182 565 1202 non
580 1170 709 1207 amicitia,
731 1173 778 1201 sed
795 1173 873 1200 taedio
888 1171 1007 1206 compul-

221 1230 279 1256 sus,
301 1226 401 1258 quanto
423 1222 508 1258 magis
531 1222 578 1249 dat
598 1221 668 1249 Deus
683 1221 728 1256 qui
749 1220 808 1248 sine
823 1218 902 1247 taedio
915 1218 1008 1253 largis-

222 1268 289 1296 sime
302 1268 386 1296 donat
396 1268 467 1303 quod
483 1267 600 1303 petituri
616 1266 664 1294 sed
679 1266 712 1293 ad
726 1266 778 1293 hoc
791 1273 821 1293 se
844 1264 896 1300 peti
910 1264 967 1291 vult
979 1267 1009 1291 ut

221 1321 334 1349 capaces
347 1314 480 1342 donorum
494 1314 553 1348 ejus
567 1313 630 1340 ﬂant
640 1311 686 1348 qui
701 1316 804 1347 petunt.
816 1310 844 1338 In
863 1310 948 1337 tribus
961 1317 1009 1337 au-

222 1366 275 1388 tem
295 1359 406 1395 panibus
419 1360 499 1387 etiarn
513 1358 576 1386 illud
589 1358 763 1393 signiticatur,
776 1356 854 1384 unius
869 1363 929 1384 esse
944 1356 1008 1383 sub-

223 1407 330 1434 stantia:
351 1405 520 1433 Trinitatem.
536 1405 647 1432 Amicus
669 1408 759 1431 autem
775 1409 853 1438 quem
876 1401 940 1429 dicit
961 1401 1007 1429 iile

1024 760 1047 789 Λ
1062 757 1239 785 invisibiiibus
1262 758 1328 786 locis
1342 759 1465 794 capitur;
1491 761 1562 795 quod
1582 762 1664 789 etiam
1691 763 1755 791 ﬁdes
1769 764 1834 800 hujus

1061 802 1153 830 mundi
1172 803 1298 831 ﬂuctibus
1325 804 1523 833 circutnlatrata
1546 815 1600 834 non
1622 807 1760 843 frangitur,
1774 816 1834 837 recte

1060 849 1126 884 pisci
1141 855 1329 891 comparatur;
1345 853 1386 880 cui
1406 854 1571 881 contrarium
1586 856 1678 888 posuit
1697 863 1832 891 serpentem

1061 901 1169 930 propter
1176 904 1280 924 venena
1288 896 1411 930 fallacia,
1419 905 1478 932 qua:
1485 899 1565 926 etiam
1576 900 1664 933 primo
1672 901 1769 928 ltomini
1776 903 1832 928 maie

1059 940 1198 968 suadendo
1205 942 1413 976 praesominavit.
1421 943 1451 970 In
1457 951 1508 971 ovo
1515 944 1673 979 intelligitur
1680 953 1756 980 spes;
1767 954 1831 974 ovum

1060 985 1131 1012 enim
1147 985 1265 1013 nondum
1278 991 1320 1014 est
1334 994 1396 1022 spes
1411 988 1528 1022 perfecta
1545 988 1626 1025 [fetus
1643 990 1784 1027 perfectas].
1794 992 1831 1018 sed

1060 1029 1177 1057 fovendo
1188 1036 1327 1064 speratur;
1339 1032 1382 1060 cui
1393 1034 1557 1060 contrarium
1571 1035 1830 1070 posuitscorpionem,

1059 1074 1135 1109 cujus
1151 1075 1260 1102 aculeus
1280 1082 1427 1104 venenatus
1451 1083 1524 1105 retro
1549 1079 1684 1107 timendus
1703 1086 1761 1113 est;
1775 1081 1830 1108 sicut

1059 1120 1117 1154 spei
1138 1121 1303 1148 contrarium
1329 1127 1371 1150 est
1397 1126 1470 1151 retro
1492 1116 1646 1159 respicere,
1665 1125 1743 1159 cuius
1763 1124 1830 1162 [cura]

1062 1173 1125 1201 spes
1139 1165 1291 1194 futurorum
1306 1169 1333 1195 in
1354 1176 1384 1195 ea
1399 1177 1459 1203 qua:
1473 1174 1535 1197 ante
1550 1175 1614 1197 sunt
1628 1178 1659 1198 se
1674 1171 1802 1199 extendat.

1302 1221 1414 1250 CAPUT
1438 1223 1605 1253 CLXXXIV.

1060 1270 1099 1298 De
1107 1281 1138 1310 ρο
1148 1271 1219 1310 ςυᾳά
1233 1272 1269 1310 ait
1284 1272 1419 1310 discipulis
1431 1281 1441 1300 :
1453 1273 1578 1310 Nrolites'n
1591 1272 1699 1303 sub-time
1711 1277 1801 1310 extolli,
1813 1283 1830 1305 α

1095 1307 1127 1344 de
1142 1306 1309 1344 Ιῃμξνορὶεομ
1316 1306 1354 1334 νει
1367 1307 1407 1344 ἀς
1420 1309 1527 1335 muliere
1541 1317 1687 1344 recuruato;
1701 1320 1733 1339 et
1750 1306 1806 1340 libro
1815 1320 1829 1340 tt

1097 1341 1271 1374 Qtttcstionum
1285 1341 1493 1379 anngeliorttm.

1094 1397 1160 1426 Cum
1175 1398 1278 1426 diceret
1291 1398 1428 1434 discipulis
1446 1407 1499 1427 non
1522 1400 1622 1430 debere
1637 1402 1727 1431 haberi
1748 1404 1829 1431 sollici-

222 1447 269 1487 tiui
284 1452 349 1487 petit
362 1452 466 1479 venisse
478 1451 512 1479 de
525 1451 577 1485 via,
592 1454 620 1479 et
632 1458 689 1478 non»
701 1457 731 1478 se
754 1436 855 1477 habere
874 1448 944 1483 quod
960 1436 1044 1483 ρο-’Β
1060 1444 1179 1472 tudinem
1202 1444 1236 1471 de
1250 1444 1327 1480 cibis,
1343 1445 1380 1472 ait
1393 1454 1400 1472 :
1413 1445 1445 1474 Et
1467 1448 1551 1475 nolite
1574 1448 1601 1475 in
1615 1449 1731 1477 sublime
1742 1451 1826 1478 extolli.

224 1501 270 1524 nat
278 1501 341 1524 ante
349 1497 435 1531 illum,
450 1497 605 1531 intelligitur
619 1495 735 1523 hominis
745 1494 890 1530 appetitus,
905 1493 950 1529 qui
961 1492 1008 1520 de-

223 1542 269 1570 bet
282 1542 469 1578 obtemperare
483 1541 580 1570 rationi
593 1549 600 1569 :
612 1541 747 1569 serviebat
760 1545 849 1568 autem
865 1543 1009 1567 consuetu-

222 1588 279 1616 dini
302 1588 454 1623 temporali,
477 1595 559 1623 quam
574 1588 644 1615 viam
667 1592 757 1620 vocat,
786 1590 895 1621 propter
919 1586 1008 1613 omnia

223 1641 272 1669 per
285 1640 390 1670 tempus
412 1634 593 1666 transeuntis;
609 1640 741 1661 converso
753 1637 840 1660 autem
855 1631 962 1659 homine
976 1631 1009 1659 ad

224 1679 320 1713 Deum,
340 1680 421 1707 etiam
451 1679 495 1707 ille
518 1679 651 1714 appetitus
675 1686 690 1706 a
712 1677 907 1706 consuetudine
929 1683 1009 1704 revo-

221 1719 378 1757 caturzsed
401 1725 424 1752 si
445 1732 499 1753 non
523 1724 678 1752 consolatur
702 1724 814 1751 interius
833 1723 957 1759 gaudium
976 1723 1011 1751 de

222 1772 346 1800 doctrina
368 1771 501 1806 spiritali,
521 1778 573 1805 qua
588 1770 718 1798 creatoris
742 1770 863 1798 Trinitas
883 1769 1011 1805 praedica-

223 1824 277 1851 tur,
299 1825 402 1853 magnte
415 1818 544 1852 angustia
560 1821 623 1844 sunt
643 1817 669 1843 in
685 1817 804 1848 homine,
819 1823 899 1851 quem
915 1815 1012 1849 premit

224 1870 343 1892 arumna
360 1863 496 1895 mortalis,
519 1869 581 1889 eum
603 1862 637 1889 ab
660 1861 703 1888 his
718 1868 777 1896 qum
798 1860 864 1889 foris
877 1861 1013 1888 delectant

225 1909 380 1945 praecipitur
402 1907 573 1942 abstinentia,
586 1901 697 1934 etiutus
718 1914 770 1933 non
791 1909 834 1933 est
855 1904 965 1933 refectio
979 1905 1013 1933 de

225 1956 317 1984 laetitia
330 1954 460 1982 doctrina
472 1951 630 1985 Salvatoris,
639 1959 673 1980 et
683 1953 740 1987 ipsa
755 1950 828 1988 [ἱειι]
841 1951 962 1986 angustia
972 1954 1014 1978 est

225 2000 311 2028 media
326 2007 390 2037 nos,
401 2007 453 2034 qua
466 1998 570 2034 cogitur
582 1988 756 2026 vehementer
769 1997 870 2024 instare
884 1996 1011 2031 petendo,

223 2053 252 2083 nt
263 2046 376 2082 accipiat
389 2051 444 2073 tres
458 2052 550 2080 panos.
566 2044 643 2078 Quod
664 2048 754 2071 autem
769 2043 795 2071 ei
808 2043 907 2070 dicitur
923 2043 957 2069 de
972 2042 1013 2069 in-

224 2099 268 2121 tes
279 2093 333 2128 iam
348 2092 446 2122 ostium
461 2086 580 2119 clausum
593 2098 654 2118 esse
668 2096 818 2125 puerosque
832 2088 891 2124 ejus
905 2096 966 2115 cum
980 2095 1013 2116 eo

1061 1489 1153 1517 Primo
1171 1490 1243 1518 enim
1263 1490 1321 1518 haec
1340 1491 1374 1518 ad
1389 1492 1576 1520 necessitatem
1593 1494 1752 1529 implendam
1766 1496 1829 1522 bona

1060 1536 1174 1571 qurerit;
1199 1543 1261 1564 cum
1283 1542 1372 1565 autem
1395 1538 1453 1565 haec
1478 1539 1686 1573 abutdaveriul,
1711 1541 1795 1575 incipit
1808 1545 1829 1567 et

1060 1581 1200 1616 superbire
1213 1581 1247 1609 de
1262 1581 1370 1610 talibus.
1385 1582 1451 1611 Tale
1469 1589 1511 1610 est
1525 1584 1585 1616 hoc,
1601 1592 1633 1613 ac
1648 1586 1670 1613 si
1685 1594 1714 1613 se
1727 1587 1830 1613 vulnera-

1061 1633 1104 1656 tus
1117 1629 1177 1664 quis
1188 1628 1271 1664 jactet
1283 1630 1347 1664 quia
1363 1621 1443 1658 habet
1456 1631 1538 1658 multa
1552 1633 1697 1667 emplastra
1712 1635 1737 1661 in
1747 1627 1827 1664 ‘donto.

1061 1683 1121 1702 cum
1144 1675 1195 1702 hoc
1216 1675 1252 1702 illi
1268 1676 1369 1703 bonum
1384 1681 1467 1710 esset,
1486 1683 1515 1704 ut
1528 1678 1640 1706 vulnera
1662 1687 1714 1707 non
1729 1679 1829 1709 habent,

1061 1724 1089 1747 et
1103 1728 1137 1748 ne
1152 1728 1205 1747 uno
1219 1721 1327 1755 quidem
1344 1721 1476 1757 indigeret
1491 1723 1651 1758 emplastro.
1666 1724 1829 1759 Congreenter

1064 1767 1242 1802 hydropicum
1258 1767 1367 1795 animali
1383 1769 1454 1803 quod
1465 1766 1562 1797 recidit
1576 1769 1604 1796 in
1619 1774 1730 1805 puteum
1742 1777 1829 1805 compa-

1063 1813 1141 1845 ravit,
1157 1813 1270 1840 humore
1282 1814 1355 1840 enim
1367 1814 1524 1847 laborabat;
1540 1816 1608 1842 sicut
1625 1815 1700 1843 illam
1713 1816 1829 1844 mulierum

1063 1865 1144 1893 quam
1158 1858 1251 1886 decem
1275 1862 1303 1886 et
1315 1865 1377 1887 octo
1396 1861 1475 1888 annis
1491 1861 1627 1896 alligatam
1643 1861 1755 1896 dixerat,
1770 1863 1830 1889 etab

1064 1903 1158 1930 eadem
1186 1903 1342 1938 alligationc
1371 1905 1513 1939 solvebat,
1538 1909 1705 1941 comparavit
1727 1908 1829 1942 iumento

1064 1949 1135 1982 quod
1156 1948 1270 1990 Solvitur
1283 1954 1312 1977 ut
1330 1950 1363 1977 ad
1384 1958 1481 1985 aquam
1497 1952 1620 1980 ducatur.
1637 1953 1781 1989 Iiydropetn
1793 1960 1829 1979 au-

1063 1998 1118 2022 tem
1134 1998 1207 2021 recte
1222 2001 1411 2029 comparamus
1425 1996 1501 2024 diviti
1523 2004 1605 2025 avaro
1619 2006 1627 2031 ;
1642 2000 1709 2026 sicut
1720 1999 1783 2026 enim
1796 1998 1830 2025 ille

1062 2044 1162 2073 quanto
1190 2040 1275 2075 magis
1303 2040 1422 2068 abundat
1452 2041 1566 2070 humore
1586 2043 1747 2077 inordinata,
1773 2048 1830 2070 tanto

1062 2085 1179 2119 amplius
1203 2085 1272 2117 sitit,
1288 2085 1328 2113 sic
1350 2086 1403 2114 iste
1418 2091 1518 2121 quanto
1541 2092 1583 2116 est
1606 2089 1737 2123 copiosior
1749 2088 1829 2116 divitia

224 2146 286 2167 me
298 2139 324 2168 ιη
340 2138 432 2170 cum“,
445 2137 579 2172 gigniﬂcat
592 2141 697 2172 ιαιιρυ,
709 2135 785 2163 ramis
796 2135 880 2168 verbi,
896 2142 957 2162 cum
971 2134 1011 2162 in-
1024 2132 1049 2165 ο
1064 2131 1161 2165 quibus
1175 2139 1228 2159 non
1242 2132 1311 2160 bene
1327 2133 1422 2166 utitur,
1437 2138 1512 2161 tanto
1525 2134 1665 2163 ardentius
1677 2135 1736 2164 talia
1749 2142 1828 2163 macte

210 2179 213 2183 ’
225 2185 372 2222 telligeutia
385 2184 538 2216 clauditur;
550 2188 578 2210 et
591 2183 629 2210 illi
644 2183 689 2218 qui
705 2182 892 2217 Evangelicam
904 2181 1012 2216 sapien-

225 2230 301 2264 tiam,
317 2235 443 2265 tanquam
467 2235 564 2264 panem
588 2232 740 2262 erogantes,
764 2235 812 2262 per
825 2227 917 2254 orbem
933 2231 1012 2253 terra:

226 2276 449 2313 pra-dicaverunt,
463 2275 537 2311 pueri
552 2273 635 2309 patris
649 2273 773 2306 familias,
785 2273 840 2306 jam
855 2275 918 2300 sunt
930 2272 956 2299 in
970 2278 1014 2299 se-

227 2327 300 2350 creta
312 2315 403 2356 quiete
412 2329 473 2348 cum
488 2320 611 2348 Domino.
633 2319 665 2346 Et
679 2323 768 2347 tamen
782 2318 884 2346 orando
897 2318 1014 2346 efﬁcitur

228 2370 258 2396 'ut
284 2367 396 2402 accipiat
421 2366 579 2394 desiderans
603 2365 777 2397 intellectum,
805 2364 839 2391 ah
863 2364 921 2398 ipso
945 2364 1010 2397 Deo,

205 2405 209 2409 ’
226 2413 307 2441 etiam
323 2412 346 2440 si
360 2412 440 2439 homo
452 2411 523 2439 desit
535 2418 582 2446 per
596 2417 675 2445 quem
686 2409 817 2443 sapientia
828 2408 999 2444 praedicetur.

472 2466 588 2496 CAPUT
606 2465 769 2494 CLXXXIII.

238 2537 242 2541 .
281 2513 320 2541 De
328 2521 395 2550 pane
405 2517 429 2540 et
440 2513 509 2548 pisce
519 2517 542 2550 e_t
557 2519 603 2540 oon
611 2519 666 2550 ἦρε
679 2510 744 2538 libro
754 2517 773 2538 tt
785 2510 961 2543 Quaestionum

517 2547 712 2582 Euangeliorttm
717 2565 724 2573 .

264 2606 303 2635 De
317 2612 386 2642 pane
400 2610 428 2634 et
445 2605 519 2640 pisce
530 2608 559 2632 ot
570 2610 633 2636 ovo,
650 2602 748 2638 quibus
769 2602 905 2631 contraria
926 2602 1017 2637 posuit

227 2652 355 2688 lapidem,
371 2655 536 2686 serpentem,
559 2649 743 2685 scorpionem.
766 2648 926 2683 Iutelligitur
941 2648 1017 2683 panis

226 2698 356 2732 charitas,
371 2702 480 2733 propter
493 2695 623 2731 majorem
637 2696 797 2731 appetitum,
811 2701 837 2724 et
852 2700 905 2723 tam
921 2701 1016 2723 neces-

228 2743 340 2775 sarium,
352 2747 380 2771 ut
392 2742 450 2770 sine
464 2742 508 2770 illa
520 2746 619 2769 catera
634 2741 701 2769 nihil
716 2741 780 2776 sint,
795 2741 864 2769 sicut
876 2740 936 2768 sine
947 2746 1017 2776 pane

229 2794 320 2815 mensa
340 2787 437 2821 inops:
452 2787 496 2815 cui
511 2786 646 2814 contraria
658 2791 701 2814 est
713 2786 802 2814 cordis
812 2786 921 2820 duritia,
936 2791 1016 2820 quam

230 2833 314 2868 lapidi
330 2834 507 2869 comparavit.
521 2833 606 2861 Piscis
620 2838 709 2861 autem
725 2833 881 2869 intelligitur
893 2834 960 2863 ﬁdes
972 2833 1013 2861 in-
1028 2828 1054 2859 ι)

230 2879 384 2913 visibilium,
405 2880 448 2909 vel
463 2884 571 2916 propter
585 2887 681 2916 aquam
694 2880 831 2916 baptismi,
847 2882 889 2910 vel
906 2884 967 2917 quia
982 2881 1016 2910 de

1064 2177 1157 2211 piscit;
1170 2177 1243 2205 iilam
1254 2185 1317 2205 vero
1329 2178 1365 2206 ita
1378 2179 1473 2206 morbo
1483 2180 1652 2208 incurvatam
1663 2187 1691 2208 ut
1702 2189 1732 2210 se
1744 2182 1828 2216 erigere

1065 2229 1117 2249 non
1135 2229 1236 2257 posset,
1262 2224 1359 2251 anima:
1382 2226 1497 2252 terrenis
1517 2225 1690 2260 opinionibus
1707 2227 1828 2254 debilitata

1064 2272 1143 2302 atque
1158 2275 1306 2302 oppressas,
1322 2269 1358 2295 ita
1374 2274 1402 2295 ut
1415 2269 1505 2296 divina
1525 2270 1645 2304 cogitare
1667 2279 1719 2299 non
1733 2272 1827 2298 valiant.

1314 2325 1427 2352 CAPUT
1447 2325 1600 2353 CLXXXV.

1068 2379 1104 2406 De
1121 2379 1204 2405 l‘iiiit‘o
1219 2388 1291 2413 quem
1310 2379 1435 2407 Dominus
1448 2382 1563 2415 ejiciebat
1575 2383 1608 2410 de
1621 2384 1745 2416 villicnta;
1756 2391 1784 2410 es
1794 2390 1828 2410 a-

1166 2416 1223 2441 dem
1235 2416 1301 2441 libro
1316 2424 1331 2442 ll
1352 2416 1529 2448 Quintianum
1546 2417 1748 2453 Evangeliurut.

1104 2470 1131 2496 In
1145 2470 1234 2497 villico
1249 2479 1328 2505 quem
1350 2471 1476 2500 Dominus
1492 2473 1616 2507 ejiciebat
1633 2475 1666 2502 de
1679 2475 1792 2505 villicattt,
1809 2476 1828 2500 et

1068 2517 1186 2543 laudavit
1201 2525 1261 2544 eum
1278 2518 1348 2552 quod
1364 2519 1388 2545 in
1404 2519 1521 2547 fmurum
1540 2521 1592 2548 sibi
1606 2522 1775 2557 prospexerit,
1787 2526 1826 2547 sol

1068 2563 1157 2590 omnia
1178 2563 1306 2590 debemus
1326 2564 1358 2591 ad
1383 2565 1540 2593 imitandunt
1562 2574 1678 2596 sumere.
1701 2568 1754 2595 Non
1773 2566 1826 2594 eai-

1070 2615 1115 2637 aut
1134 2610 1244 2636 domino
1260 2610 1374 2646 [nostro]
1388 2612 1508 2639 facienda
1525 2618 1566 2640 est
1582 2613 1607 2640 in
1623 2614 1710 2649 aliquo
1728 2614 1827 2645 iram!

1069 2655 1103 2682 de
1115 2656 1170 2689 ipsa
1188 2655 1282 2683 fraude
1297 2656 1485 2693 eieemosynas
1498 2658 1630 2687 faciamus
1641 2669 1648 2686 :
1661 2665 1705 2687 aut
1714 2667 1757 2687 eos
1766 2657 1830 2693 aql"

1071 2701 1119 2727 bus
1132 2702 1213 2736 recipi
1229 2703 1352 2729 volumus
1368 2703 1393 2730 in
1411 2704 1582 2732 tabernacula
1606 2711 1714 2738 κίοι-ηε.
1727 2710 1825 2739 υκαι

1071 2748 1206 2775 debitores
1220 2749 1266 2776 Dei
1278 2754 1306 2777 et
1317 2749 1422 2777 Domini
1438 2752 1522 2778 nostri
1544 2751 1585 2779 fas
1599 2756 1639 2778 t-st
1654 2751 1764 2787 intelligi,
1779 2755 1824 2777 α

1071 2794 1133 2829 justi
1150 2800 1176 2821 et
1189 2796 1274 2822 sancti
1288 2796 1472 2830 signiﬁcentur
1489 2797 1616 2829 bocloco,
1629 2798 1672 2833 qtti
1683 2806 1728 2826 eos
1738 2794 1824 2825 illi!“

1070 2847 1131 2868 cant
1147 2841 1172 2867 in
1196 2842 1366 2869 tabernacula
1380 2847 1492 2876 aeterna,
1508 2843 1554 2878 qui
1578 2843 1770 2871 necessitatin
1783 2837 1824 2866 ἀ

1073 2891 1178 2914 tt'rrena
1198 2887 1265 2914 bona
1279 2887 1546 2923 communicaverint,
1563 2888 1597 2917 de
1609 2889 1704 2925 quibus
1717 2883 1822 2915 ειμιῦ-

1537 2963 1896 3110 ἁμές-Ι
