3904 6224
123 238 221 299 8H

1258 241 1692 304 russauans.
1732 241 1884 328 cap.
1925 237 2302 302 CLxxxvut.

3289 237 3392 297 819

119 361 231 416 cit:
261 357 413 429 Quod
439 359 487 414 si
507 359 630 429 quis
667 357 821 413 alicui
847 369 1034 413 eorum
1064 357 1286 415 calicem
1314 373 1470 430 aquae
1493 356 1702 428 frigida
1731 357 1783 418 Α
1808 323 1937 412 nera
1960 408 1963 412 .
1985 356 2264 413 hominum
2304 355 2391 413 b'c
2442 353 2695 412 videnlur
2725 351 3017 427 significari
3043 370 3057 406 :
3086 352 3258 409 Unum
3298 323 3389 408 eo-

119 452 349 519 dederit,
394 461 602 507 tantum
653 453 704 506 in
754 452 972 506 nomine
1018 451 1292 520 discipuli,
1352 467 1458 508 non
1519 450 1708 522 perdet

119 545 425 602 mercedem
469 558 654 610 suam,
706 543 801 599 sed
847 543 1008 599 etiam
1057 559 1088 601 e
1134 545 1410 600 contrario
1457 543 1707 598 dicuntur

121 637 259 696 ista:
285 634 690 698 similitudines,
723 640 781 688 ut
822 633 1183 704 intelligamus
1223 635 1269 690 si
1300 633 1504 690 laudari
1535 631 1706 703 potuit

119 728 212 785 ille
239 743 270 783 a
300 729 526 784 Domino
555 727 642 782 cui
683 725 923 783 fraudem
956 727 1203 794 faciebat,
1227 737 1427 797 quanto
1467 727 1701 796 amplius

121 817 370 889 placeant
395 815 623 872 Domino
653 816 762 872 Deo
791 817 880 886 qui
911 817 1202 875 secundum
1232 818 1348 888 ejus
1374 826 1701 889 prmeeptum

121 912 214 967 illa
243 927 412 984 opera
441 911 662 966 faciunt.
694 909 846 966 Sicut
873 911 1034 966 etiam
1075 910 1142 965 de
1180 910 1363 979 judice
1408 908 1704 978 iniquitatis

118 1003 212 1074 qui
241 1002 682 1072 interpellabatur
717 1015 747 1055 a
775 1000 930 1056 vidua
959 998 1416 1067 comparationem
1457 997 1610 1052 duxit
1634 997 1702 1053 ad

116 1093 356 1164 judicent
407 1091 600 1155 Deum,
649 1091 731 1147 cui
774 1091 918 1146 nulla
971 1093 1035 1146 ex
1085 1097 1235 1157 parte
1275 1088 1441 1158 judex
1489 1088 1704 1159 iniquus

118 1182 481 1239 conferendas
508 1190 610 1237 est.
640 1180 793 1248 Quod
840 1189 1019 1236 autem
1060 1178 1127 1233 de
1168 1186 1382 1233 centum
1421 1178 1571 1233 cadis
1600 1179 1704 1234 olei

118 1275 502 1345 quinquaginta
544 1272 706 1327 scribi
751 1269 876 1326 iecit
917 1283 946 1323 a
984 1268 1253 1333 debitore,
1280 1277 1337 1323 et
1374 1267 1442 1322 de
1488 1277 1702 1323 centum

118 1364 306 1420 choris
329 1362 490 1417 tritici
535 1360 829 1431 octoginta,
878 1358 948 1415 ad
979 1358 1108 1414 nihil
1162 1357 1306 1412 aliud
1341 1357 1521 1413 valere
1563 1358 1706 1413 arbi-

121 1467 259 1522 tror,
292 1455 397 1510 nisi
428 1462 486 1508 ut
516 1467 579 1508 ea
611 1467 732 1523 quae
763 1451 1012 1507 similiter
1041 1450 1092 1505 in
1121 1448 1432 1505 sacerdotes
1467 1457 1626 1518 atque
1652 1449 1704 1503 in

120 1549 321 1604 levitas
345 1545 563 1602 Iudaeus
590 1544 815 1614 quisque
843 1550 1120 1612 operatur,
1151 1541 1205 1596 in
1236 1539 1435 1595 Christi
1467 1540 1705 1596 Ecclesia

118 1635 581 1706 abundetjustitia
611 1635 729 1706 ejus
779 1648 943 1703 super
981 1632 1283 1688 scribarum
1311 1640 1366 1686 et
1408 1629 1708 1686 Pharisae-

1812 462 1929 502 rum
1958 449 2048 519 qui
2087 450 2254 511 otium
2285 460 2340 505 et
2386 450 2621 521 quietem
2663 449 2891 520 eligunt,
2943 458 3116 515 neque
3163 443 3388 514 negotiis

1808 539 2186 609 sarcularihus,
2223 556 2397 611 neque
2433 541 2664 612 negotiis
2691 538 3068 597 ecclesiasticis
3097 535 3386 606 occupati;

1807 645 1927 700 qua:
1957 631 2167 689 illorum
2197 635 2353 704 quies
2378 635 2500 689 lecti
2533 635 2749 691 nomine
2776 634 3073 705 signiﬁcata
3101 642 3224 688 est:
3257 631 3390 686 alte-

1808 742 1929 792 rum
1958 741 2144 782 eorum
2191 729 2280 796 qui
2327 726 2382 781 iu
2434 726 2675 796 plebibus
2728 726 3000 782 constituti
3048 733 3307 796 reguntur
3351 737 3384 778 a

1806 816 2160 884 doctioribus,
2191 825 2414 889 agentes
2442 833 2506 874 ea
2529 833 2648 890 quze
2676 826 2800 874 sunt
2830 819 2987 886 hujus
3014 817 3219 884 smculi,
3247 827 3385 887 quos

1804 918 1859 966 et
1883 909 2204 966 feminarum
2247 911 2464 966 nomine
2510 908 2849 980 significavit,
2879 908 3002 980 quia
3027 909 3288 975 consiliis,
3323 897 3381 962 ut

1805 1000 1934 1069 disi,
1971 1002 2260 1072 peritorum
2291 1002 2402 1072 regi
2431 1014 2523 1056 eos
2555 997 2680 1073 [eis]
2717 998 2957 1068 expedit,
3008 987 3064 1053 et
3111 998 3379 1052 molentes

1805 1089 1961 1156 dixit,
1995 1099 2215 1161 propter
2241 1091 2616 1160 temporalium
2650 1091 2987 1161 negotiorum
3013 1089 3202 1143 orbem
3224 1097 3384 1159 atque

1806 1182 2109 1251 circuitum,
2149 1200 2282 1256 quas
2322 1191 2500 1240 tamen
2534 1184 2585 1238 in
2618 1198 2781 1238 unum
2814 1181 3075 1238 molentes
3126 1167 3280 1248 dixit,
3331 1181 3382 1235 in

1770 1285 2061 1347 quantum
2098 1279 2169 1334 de
2213 1277 2342 1347 ipsis
2391 1278 2553 1334 rebus
2607 1285 2664 1334 et
2712 1274 2946 1348 negotiis
2985 1275 3096 1330 suis
3144 1272 3421 1344 prabent'

1817 1369 2004 1424 usibus
2038 1368 2334 1426 Ecclesia:
2368 1368 2583 1425 tertium
2629 1381 2816 1424 eorum
2851 1363 2940 1436 qui
2988 1373 3283 1433 operantur
3331 1361 3385 1419 in

1808 1460 2065 1518 Ecclesia:
2096 1461 2396 1517 ministerio
2424 1471 2676 1531 tanquam
2721 1463 2776 1514 in
2826 1472 2958 1528 agro
3001 1455 3119 1522 Dei,
3161 1454 3232 1511 de
3282 1469 3385 1526 qua

1807 1551 2126 1623 agricultura
2157 1549 2445 1620 Apostolus
2465 1549 2716 1620 loquitur.
2745 1545 2800 1602 In
2826 1547 2910 1601 his
2931 1559 3062 1616 ergo
3094 1544 3265 1600 tribus
3285 1557 3385 1613 ge-

1814 1639 2030 1697 neribus
2061 1639 2185 1695 bina
2213 1645 2341 1694 sunt
2367 1652 2553 1696 rursus
2579 1652 2772 1707 genera
2804 1633 3080 1690 hominum
3109 1631 3163 1687 iu
3194 1633 3380 1702 singu~

119 1743 262 1794 rum,
293 1735 350 1781 ut
377 1739 496 1781 eum
524 1724 599 1778 illi
625 1723 860 1780 decimas
885 1723 1098 1786 darent,
1145 1721 1235 1774 isti
1267 1719 1520 1776 dimidias
1546 1719 1699 1788 dent,

1812 1731 1898 1799 lis,
1929 1742 1984 1788 et
2002 1746 2103 1802 pro
2129 1731 2325 1787 robore
2354 1745 2577 1785 suarum
2609 1729 2799 1784 virium
2821 1727 3219 1782 discernuntur.
3250 1724 3383 1781 Cum

119 1821 260 1873 sicut
288 1832 397 1872 non
427 1815 495 1871 de
521 1811 802 1879 fructibus,
834 1811 929 1867 sed
970 1811 1036 1866 de
1075 1811 1205 1880 ipsis
1235 1810 1391 1866 bonis
1440 1813 1556 1866 suis
1579 1810 1706 1866 fecit

121 1911 388 1967 Zachmus
417 1917 507 1963 aut
535 1915 725 1974 certet,
758 1903 993 1974 duplicet
1025 1901 1138 1975 [aut
1166 1911 1311 1959 certe
1339 1902 1577 1974 duplicet
1607 1902 1704 1961 de-

122 2006 342 2066 cimam,
375 2010 466 2056 aut
494 1998 650 2070 duas]
672 1997 907 2054 decimas
934 1996 1133 2063 dando,
1183 2006 1403 2067 superet
1437 1995 1704 2067 impendia

121 2097 454 2153 Iudaeorum.
486 2093 782 2148 Hammona
812 2105 941 2147 vero
972 2090 1265 2160 iniquitatis
1294 2091 1365 2148 ob
1405 2090 1508 2147 hoc
1539 2089 1706 2165 [ideo]

123 2203 152 2239 a
183 2186 418 2240 Domino
453 2183 717 2253 appellata
758 2189 840 2236 est
886 2181 985 2236 ista
1015 2183 1239 2250 pecunia
1270 2196 1429 2253 quam
1461 2181 1704 2252 posside-

124 2292 246 2332 mus
270 2277 338 2331 ad
368 2285 601 2343 tempus,
629 2275 753 2342 quia
783 2288 1090 2327 mammona
1117 2272 1316 2328 divitiae
1342 2274 1705 2344 interpretan-

123 2382 233 2436 tur,
285 2383 386 2423 nec
438 2373 562 2420 sunt
606 2365 724 2419 ista:
766 2362 967 2417 divitias
1014 2362 1114 2417 nisi
1143 2362 1364 2433 iniquis,
1396 2365 1487 2434 qui
1527 2365 1580 2419 in
1628 2364 1708 2419 eis

125 2464 456 2519 constituunt
477 2479 625 2534 spem
666 2471 825 2532 atque
864 2461 1076 2531 copiam
1117 2461 1467 2516 beatitudinis
1495 2475 1646 2516 suae:
1678 2475 1709 2514 a

125 2558 284 2627 iustis
313 2571 446 2613 vero
493 2571 614 2610 cum
652 2556 767 2611 hmc
799 2555 1163 2626 possidentur,
1212 2564 1294 2610 est
1331 2555 1546 2626 quidem
1602 2557 1704 2610 ista

127 2651 377 2717 pecunia,
401 2646 496 2703 sed
528 2663 632 2703 non
660 2657 784 2703 sunt
814 2644 1039 2720 [tamen]
1069 2647 1173 2701 illis
1194 2648 1396 2702 divitiae
1424 2649 1524 2703 nisi
1550 2649 1709 2705 caele-

125 2752 241 2796 stes
263 2749 319 2796 et
346 2739 633 2809 spiritales,
672 2739 870 2809 quibus
897 2737 1241 2808 indigentiam
1273 2753 1422 2793 suam
1455 2739 1710 2807 spiritali-

127 2842 210 2888 ter
230 2832 565 2900 aupplentes,
615 2829 832 2884 exclusa
872 2837 1111 2898 egestate
1143 2827 1392 2896 miseriae,
1423 2829 1708 2885 beatitudi-

128 2924 212 2977 nis
237 2922 390 2992 eopia
416 2921 747 2976 dilabuntur.

614 3010 841 3068 CAPUT
875 3009 1204 3067 CLXXXVI.

1764 1884 1767 1885 ν
1812 1825 1956 1881 εηίω
1984 1837 2172 1880 omnes
2194 1823 2260 1877 ad
2290 1821 2546 1879 Ecclesiae
2590 1819 2829 1877 membra
2860 1817 3131 1889 pertinere
3171 1816 3385 1870 videon.

1812 1928 1936 1984 tur,
2003 1916 2322 1973 adveniente
2389 1925 2566 1971 tamen
2634 1912 2930 1970 tentatione
2986 1906 3378 1969 tribulationis,

1807 2018 1865 2065 et
1913 2025 1981 2066 es
2030 2007 2135 2064 illis
2180 2007 2271 2078 qui
2318 2016 2444 2064 sunt
2499 2007 2556 2062 in
2597 2003 2741 2073 otio,
2791 2012 2844 2059 et
2891 2016 2960 2058 ex
2989 2001 3096 2058 illis
3125 1998 3215 2072 qui
3262 2010 3387 2056 sunt

1809 2099 1862 2153 in
1914 2097 2142 2169 negotiis
2211 2097 2435 2164 seculi,
2483 2103 2539 2152 et
2593 2111 2659 2151 ex
2724 2093 2831 2151 illis
2893 2093 2982 2165 qui
3057 2092 3175 2171 Deo;
3229 2092 3389 2146 mini-

1809 2200 1983 2246 strant
2035 2190 2089 2246 in
2145 2191 2419 2256 Ecclesia,
2482 2189 2571 2243 alii
2611 2188 2702 2259 qui
2746 2185 2978 2262 [aliqui]
3033 2194 3383 2255 permanent,
3463 2229 3467 2233 .

1810 2283 1902 2337 alii
1933 2282 2023 2353 qui
2049 2279 2257 2354 [aliqui]
2285 2283 2501 2337 cadunt.
2534 2280 2634 2348 Qui
2663 2291 2977 2351 permanent
3022 2287 3386 2340 assumuntur,

1812 2375 1900 2443 qui
1928 2373 2125 2428 cadunt
2168 2373 2569 2442 relinquuntur;
2612 2386 2927 2444 crgo_uuus
2975 2378 3293 2433 assumetur,
3330 2379 3386 2425 et

1814 2482 1951 2522 unus
1973 2465 2330 2536 relinquetur,
2382 2479 2487 2521 non
2518 2465 2670 2535 quasi
2717 2464 2784 2519 de
2828 2463 3035 2520 duobus
3082 2463 3388 2517 hominibus

1810 2559 2012 2614 dictum
2039 2568 2143 2624 est,
2183 2557 2279 2613 sed
2309 2556 2375 2613 de
2398 2555 2610 2611 duobus
2631 2554 2914 2624 generibus
2940 2555 3304 2618 allectionum,
3336 2555 3388 2609 in

1810 2649 2033 2720 singulis
2058 2637 2539 2718 generibus-trium
2569 2643 2985 2716 professionum.
3029 2644 3083 2701 In
3133 2643 3222 2698 illa
3264 2657 3390 2712 ergo

1811 2751 1967 2798 nocte
1995 2740 2153 2808 dixit,
2187 2738 2242 2795 in
2272 2739 2368 2794 illa
2398 2739 2764 2805 tribulatione,
2805 2738 2870 2792 ad
2900 2737 3010 2806 ipsa
3058 2735 3155 2791 tria
3196 2749 3392 2806 genera

1810 2849 1928 2905 qua:
1958 2839 2302 2888 assumuntur
2329 2829 2565 2885 arbitror
2615 2828 2908 2898 pertinere,
2948 2826 3111 2881 etiam
3159 2826 3259 2880 tria
3303 2825 3392 2878 illa

1811 2925 2030 2980 nomina
2057 2924 2294 2978 virorum
2324 2931 2655 2985 sanctorum,
2692 2935 2827 2991 quos
2878 2919 3024 2974 solos
3074 2917 3391 2974 liberaturos

1815 3014 2062 3070 Ezechiel
2101 3013 2361 3083 propheta
2400 3015 2734 3083 pronuntiat,
2767 3009 2907 3077 Noe,
2947 3008 3129 3063 Daniel
3172 3016 3227 3062 et
3263 3005 3386 3061 Job.

128 3107 180 3178 ε
208 3102 287 3160 De
313 3102 516 3178 illoqui
540 3103 595 3155 in
619 3111 745 3178 tecto
766 3103 919 3178 atqui
941 3103 994 3155 in
1014 3118 1169 3178 agro,
1193 3111 1428 3178 clusere
1453 3101 1620 3168 Loth;
1647 3119 1709 3158 ex
1737 3086 1784 3150 Ο
1817 3107 2036 3163 Videtur
2063 3107 2205 3162 enim
2227 3103 2340 3160 Noe
2368 3106 2636 3174 pertinere
2662 3103 2724 3156 ad
2747 3117 2841 3156 eos
2866 3117 2958 3172 per
2981 3115 3112 3171 quos
3144 3101 3385 3164 Ec.-lesia

403 3171 534 3228 libro
565 3188 602 3226 ιι
630 3171 982 3238 Quaestionum
1005 3171 1422 3244 Ebangeliorum.

197 3289 338 3358 Quid
365 3297 449 3344 est
474 3287 616 3358 quod
644 3287 774 3342 dicit
805 3285 1060 3342 Dominus
1087 3303 1102 3340 :
1134 3286 1232 3353 Qui
1255 3287 1418 3343 fuerit
1452 3287 1506 3344 in
1537 3297 1701 3357 tecto,

130 3394 183 3439 et
211 3395 338 3437 vasa
367 3380 484 3448 ejus
513 3382 566 3435 in
594 3379 782 3446 domo,
814 3394 920 3434 non
947 3379 1236 3435 descendat
1262 3382 1452 3436 tollere
1498 3382 1624 3437 illa?
1655 3385 1707 3437 lu

131 3481 272 3527 tecto
295 3470 522 3538 εει,αυί
565 3469 831 3525 excedens
870 3470 1124 3537 carnalia,
1178 3480 1425 3539 tanquam
1483 3473 1536 3526 in
1582 3487 1708 3526 aura

131 3564 302 3618 libera
330 3559 642 3631 spiritaliter
671 3561 824 3615 vivit.
853 3559 986 3615 Vasa
1017 3560 1133 3628 ejus
1165 3561 1220 3614 in
1245 3561 1405 3616 domo
1430 3573 1558 3616 sunt
1595 3580 1712 3619 sen-

130 3669 220 3710 sus
274 3651 545 3719 carnales,
603 3652 794 3722 quibus
841 3651 907 3705 ad
958 3652 1380 3724 investigandam
1427 3655 1709 3711 veritatem

1813 3201 2036 3272 regitur,
2066 3200 2204 3256 sicut
2231 3214 2326 3270 per
2354 3199 2503 3253 illum
2527 3197 2579 3252 in
2606 3195 2755 3267 aquis
2795 3210 2916 3249 arca
2964 3193 3257 3263 gubernata
3309 3205 3392 3246 est

1811 3309 1928 3361 quae
1958 3292 2179 3363 figuram
2218 3290 2460 3361 gestabat
2503 3287 2777 3344 Ecclesia.
2839 3284 3026 3340 Daniel
3076 3293 3252 3338 autem
3301 3279 3393 3352 qui

1811 3385 1972 3455 elegit
1993 3383 2241 3460 caelibem
2272 3382 2457 3444 vitam,
2487 3380 2538 3435 id
2579 3385 2682 3444 est,
2716 3377 2928 3447 nuptias
2976 3385 3219 3431 terrenas
3264 3388 3393 3457 con.

1811 3453 2049 3542 tempsit,
2077 3480 2154 3539 ut,
2179 3471 2319 3528 sicut
2341 3470 2471 3525 dicit
2499 3467 2808 3537 Apostolus,
2861 3464 2991 3521 Sine
3034 3453 3392 3518 sollicitudize

1811 3566 2037 3628 viveret,
2081 3562 2324 3632 cogitans
2349 3577 2469 3633 qua:
2499 3567 2622 3614 sunt
2650 3558 2764 3621 Dei,
2816 3569 2983 3624 genus
3009 3568 3196 3609 eorum
3239 3552 3387 3623 signi-

1816 3654 2044 3723 ficatqui
2076 3663 2201 3709 sunt
2231 3655 2283 3709 in
2312 3652 2448 3715 otio,
2476 3650 2570 3704 sed
2603 3659 2781 3702 tamen
2814 3644 3095 3700 fortissimi
3138 3645 3191 3698 in
3221 3651 3392 3700 tenta.

129 3760 251 3816 qua:
272 3745 549 3800 intellectu
577 3749 785 3814 capitur
815 3743 968 3800 multi
995 3753 1225 3810 utentes,
1256 3746 1465 3814 penitus
1494 3761 1717 3804 errave-
1815 3746 2071 3811 tionibus,
2102 3753 2160 3799 ut
2189 3742 2401 3814 possint
2432 3739 2652 3796 assumi.
2684 3738 2786 3794 Job
2812 3747 2988 3792 autem
3020 3734 3141 3807 quia
3172 3744 3226 3790 et
3263 3746 3392 3789 uso.

130 3848 278 3894 runt.
307 3837 477 3908 Hujus
508 3851 636 3907 ergo
662 3837 921 3906 spiritalis
945 3837 1043 3891 viri
1080 3838 1185 3906 jam
1236 3854 1362 3894 vasa
1392 3841 1490 3895 ista
1524 3849 1713 3896 vacant

133 3929 184 3981 in
229 3927 418 3992 domo,
482 3927 602 3994 quia
645 3935 823 3981 mente
878 3927 1091 3994 corpori
1134 3929 1559 3997 supereminens,
1619 3945 1713 4000 per

129 4018 302 4072 aciem
334 4015 697 4085 intelligentiae
727 4025 976 4084 tanquam
1002 4016 1054 4069 in
1079 4024 1219 4070 tecto
1249 4018 1477 4084 positus,
1500 4021 1705 4088 perspi-

130 4109 330 4162 cuitate
380 4107 659 4177 sapientiae
710 4106 874 4161 veluti
914 4107 1053 4162 caelo
1097 4108 1433 4178 apertissimo
1491 4108 1706 4164 fruitur.

129 4201 331 4257 Caveat
355 4215 482 4270 ergo
512 4199 634 4264 iste,
661 4213 727 4254 ne
755 4199 810 4253 in
841 4200 928 4254 die
968 4199 1326 4254 tribulationis
1370 4215 1555 4255 rursus
1601 4200 1731 4261 vita

128 4292 352 4357 carnali,
384 4307 502 4359 qua:
525 4307 618 4360 per
644 4305 837 4346 sensus
878 4291 1123 4358 corporis
1163 4289 1420 4360 pascitur,
1474 4292 1713 4348 delecta-

129 4395 236 4448 tus,
271 4384 338 4436 ad
367 4397 494 4438 vasa
526 4381 834 4452 huiusmodi
860 4381 1091 4436 tollenda
1114 4381 1427 4437 descendat.
1459 4381 1597 4449 Quid
1627 4396 1712 4440 est

1813 3853 1926 3892 rem
1952 3837 2154 3903 habuit,
2191 3845 2247 3892 et
2275 3836 2436 3900 filios,
2483 3843 2539 3888 et
2585 3829 2793 3900 amplas
2841 3837 3174 3884 terrenarum
3211 3841 3390 3881 rerum

1813 3929 2014 3999 copias,
2045 3927 2111 3984 ad
2134 3926 2264 3983 illud
2286 3939 2453 3996 genus
2497 3921 2726 3991 pertinet
2753 3921 2836 3974 cui
2889 3918 3252 3973 molendinum
3294 3915 3392 3970 de-

1814 4029 2052 4089 putatum
2083 4026 2185 4083 est,
2210 4018 2304 4072 sed
2334 4025 2511 4069 tamen
2537 4020 2596 4065 ut
2640 4013 2750 4065 sint
2785 4008 3065 4063 fortissimi
3121 4007 3176 4061 in
3222 4015 3391 4068 tenta-

1815 4111 2069 4176 tionibua,
2116 4109 2255 4164 sicut
2301 4105 2393 4161 ille
2436 4102 2537 4159 fuit
2575 4120 2589 4155 :
2638 4115 2744 4156 non
2794 4101 2934 4154 enim
2990 4097 3146 4152 aliter
3193 4097 3390 4151 assumi

1815 4210 2061 4272 poterunt
2087 4192 2442 4274 [potuerunt].
2466 4193 2574 4249 Nec
2603 4202 2731 4262 puto
2759 4191 2863 4245 alia
2905 4192 3027 4244 esse
3067 4200 3264 4271 genera
3294 4191 3392 4238 lm-

1813 4299 2017 4354 minum
2046 4295 2236 4366 quibus
2257 4298 2469 4348 constat
2494 4289 2763 4354 Ecclesia,
2799 4299 2958 4357 quam
3009 4286 3107 4340 ista
3138 4283 3263 4353 tria,
3297 4280 3389 4335 ba-

1815 4388 1990 4444 bentia
2018 4386 2169 4441 binas
2194 4380 2548 4455 differentias,
2597 4386 2818 4447 propter
2871 4369 3296 4442 assumptionem
3337 4381 3388 4427 et

128 4475 268 4545 quod
297 4473 505 4529 dictum
533 4482 617 4528 est
643 4491 654 4526 :
685 4471 944 4528 Similiter
966 4482 1020 4527 et
1046 4472 1134 4542 qui
1163 4474 1216 4527 in
1239 4488 1367 4543 agro
1389 4473 1571 4538 fuerit,
1599 4491 1702 4531 nou
1735 4465 1786 4526 D
1814 4478 2167 4542 relictionem,
2211 4473 2454 4545 quamvis
2501 4472 2553 4526 iu
2594 4467 2816 4538 singulis
2864 4467 3044 4520 multa
3082 4462 3386 4530 studiorum

129 4566 316 4619 redeat
344 4563 526 4618 retro?
555 4564 644 4632 qui
675 4571 932 4632 operatur
962 4562 1013 4616 in
1046 4562 1286 4618 Ecclesia
1308 4571 1383 4629 et,
1408 4563 1547 4619 sicut
1574 4565 1710 4620 Pau-

128 4659 211 4710 lus
236 4664 292 4709 et
314 4654 524 4724 Apollo,
558 4654 764 4722 plantat
806 4661 862 4707 et
900 4652 1061 4722 rigat,
1104 4668 1212 4707 non
1261 4654 1512 4722 respiciat
1557 4670 1706 4724 spem

127 4745 446 4800 smeularem
499 4744 584 4797 cui
627 4742 968 4797 renuntiavit.
1006 4743 1143 4809 Quid
1193 4744 1513 4813 signiﬁcavit
1576 4763 1710 4802 uxor

127 4837 299 4894 Loth?
320 4851 416 4891 eos
441 4835 530 4906 qui
560 4836 611 4889 in
640 4835 984 4891 tribulatione
1015 4845 1160 4892 retro
1199 4836 1512 4906 respiciunt,
1549 4847 1605 4893 et
1649 4853 1710 4895 se

126 4946 153 4982 n
177 4944 274 4998 spe
301 4927 496 4983 divina:
528 4925 900 4995 promissionis
939 4930 1229 4983 avertunt:
1266 4937 1320 4983 et
1368 4928 1490 4983 ideo
1530 4938 1703 4984 statua

125 5022 253 5075 salis
283 5018 422 5074 facta
450 5028 554 5084 est,
601 5016 1021 5072 ntadmouendo
1066 5018 1308 5073 homines
1359 5035 1425 5074 ne
1476 5021 1577 5076 hoc
1623 5020 1701 5075 fa-

127 5117 289 5178 ciant,
324 5122 576 5181 tanquam
603 5109 825 5164 condiat
851 5123 946 5163 cor
974 5123 1160 5163 eorum
1178 5152 1193 5177 ,
1221 5127 1286 5166 ne
1308 5111 1415 5164 sint
1445 5112 1592 5168 fatui.

582 5217 810 5274 CAPUT
850 5217 1201 5274 CLXXXVII.

125 5314 201 5368 De
227 5312 425 5365 duobus
453 5311 505 5364 in
532 5310 682 5377 lecto,
719 5320 767 5363 et
800 5310 1013 5391 .duabus
1055 5311 1359 5367 motantibus
1379 5357 1393 5378 ,
1428 5325 1475 5367 et
1505 5315 1701 5372 duobus

793 5397 847 5433 ut
885 5397 1029 5452 agro.

192 5476 290 5541 Qui
317 5485 443 5530 sunt
472 5473 562 5528 illa
588 5482 745 5530 nocte
773 5474 880 5529 duo
909 5475 960 5529 in
989 5475 1147 5541 lecto,
1180 5486 1232 5532 et
1262 5476 1380 5532 duae
1431 5479 1701 5536 molentes

123 5566 173 5621 in
205 5582 390 5631 unum,
422 5576 477 5620 et
505 5567 614 5620 duo
644 5565 697 5620 in
731 5580 888 5636 agro,
922 5566 989 5624 de
1019 5567 1212 5638 quibus
1256 5569 1504 5625 omnibus
1560 5563 1699 5643 binis

123 5659 312 5731 singuli
339 5666 683 5714 assumentur
715 5668 768 5713 et
789 5658 986 5732 singuli
1015 5660 1421 5731 relinquentur?
1450 5661 1572 5717 'I‘ria
1603 5678 1696 5734 ge-

399 5771 671 5833 Prrrtoa.
715 5770 909 5831 LXII.

1814 4572 2252 4637 voluntatumque
2295 4564 2658 4631 diversitates,
2706 4560 2772 4613 ad
2814 4555 3156 4612 concordiam
3203 4564 3386 4609 tamen

1815 4665 2180 4731 unitatemque
2211 4666 2595 4714 concurrentes
2628 4651 2832 4720 possint
2863 4647 3116 4702 imeniri.

2292 4771 2516 4830 CAPUT
2553 4763 2930 4822 CLXXXVIII.

1817 4873 1892 4926 De
1910 4873 2089 4943 judice
2125 4870 2300 4933 iniquo
2345 4878 2490 4943 quem
2540 4861 2694 4943 rigua
2725 4855 3116 4943 interpellabat;
3163 4867 3225 4905 ea:
3252 4850 3382 4904 libro

2204 4929 2550 5002 Qua’stionum
2575 4929 2989 4998 Evangeliorum.

1881 5033 2016 5102 Quid
2042 5039 2120 5085 est
2143 5029 2279 5098 quod
2309 5025 2374 5078 ad
2399 5037 2610 5090 semper
2633 5020 2893 5074 orandum
2921 5027 2973 5072 ct
2999 5032 3099 5071 non
3130 5014 3382 5069 deﬁcien-

1809 5131 1936 5184 dutu
1964 5125 2228 5193 dejud.cc
2260 5120 2440 5187 iniquo
2473 5114 2640 5168 voluit
2663 5113 2974 5182 parabolam
3003 5124 3222 5179 ponere,
3263 5113 3377 5178 qui,

1810 5238 1928 5276 cum
1961 5220 2126 5272 Deum
2152 5229 2255 5268 non
2283 5213 2494 5266 timeret
2517 5217 2571 5263 et
2598 5207 2865 5261 hominem
2889 5218 2992 5257 non
3019 5211 3379 5266 revereretur,

1814 5313 1987 5367 vidua:
2020 5319 2194 5362 tamen
2237 5303 2464 5359 assiduis
2515 5295 3038 5368 interpellationibus
3086 5294 3269 5358 cessit,
3326 5304 3382 5348 ut

1807 5375 2242 5460 eam'vindicaret
2270 5410 2337 5450 ne
2367 5394 2468 5449 sibi
2497 5392 2565 5447 ab
2607 5391 2694 5446 illa
2745 5387 2959 5443 tmdium
3012 5384 3202 5440 fieret?
3257 5398 3378 5438 nam

1808 5496 1909 5551 hoc
1936 5502 2020 5548 est
2045 5491 2182 5559 quod
2201 5489 2310 5552 ait,
2339 5487 2414 5541 Ne
2442 5485 2658 5540 veniens
2687 5479 2933 5551 suggillet
2977 5492 3080 5532 me.
3115 5475 3380 5544 Quoniam

1810 5583 2086 5656 parabolas
2121 5579 2380 5634 Dominus
2404 5585 2498 5631 aut
2518 5571 2810 5630 secundum
2843 5567 3247 5655 similitudinem
3275 5567 3373 5620 ali-

1806 5690 1962 5751 quam
1998 5674 2164 5745 ponit,
2197 5673 2333 5731 sicut
2358 5669 2425 5724 de
2452 5681 2609 5726 servo
2634 5659 2863 5728 illo,3eui
2889 5658 3144 5715 Dominus
3173 5656 3375 5711 dimisit
