3904 6224
518 226 619 280 845

517 406 674 487 servo
729 442 826 483 suo
855 424 1161 480 dilationem
1191 418 1382 472 saltem
1425 415 1556 468 dare
1585 411 1782 473 noluit;
1809 416 1862 462 et
1899 406 1968 460 de
2011 406 2091 458 fe-

519 531 784 584 neratore,
835 514 944 585 qui,
1002 527 1123 568 cum
1181 508 1388 563 duobus
1443 503 1777 561 debitoribus
1833 498 2091 552 donasset

518 611 659 684 quod
684 606 973 668 debebant,
1007 602 1072 656 ab
1102 616 1166 662 eo
1199 598 1316 668 plus
1344 596 1574 651 dilectus
1601 602 1682 648 est
1719 590 1805 646 cui
1851 588 1971 659 plus
2001 585 2098 639 do-

521 678 696 768 navit;
724 712 774 756 et
803 696 869 753 de
899 695 1119 750 homine
1149 694 1236 760 qui
1271 690 1505 745 habebat
1552 687 1686 742 duos
1731 683 1891 746 filios,
1924 678 2098 749 majo-

517 807 630 849 rem
663 792 717 847 in
751 803 880 862 agro
910 786 1010 841 sibi
1041 786 1510 854 prepinquantem,
1545 780 1806 833 minorem
1836 781 2012 828 autem
2044 772 2097 824 in

520 884 810 952 longinquo
834 877 1224 942 luxuriantem;
1256 883 1310 930 et
1333 869 1742 929 innumerabilia
1764 862 2094 937 huiusmodi.

520 974 596 1030 De
626 972 708 1028 his
735 971 880 1026 enim
911 971 962 1022 in
989 976 1244 1037 quantum
1273 963 1467 1018 similia
1490 970 1632 1027 sunt,
1651 957 1860 1014 ducitur
1882 952 2097 1009 intelle-

519 1073 638 1120 ctus
665 1063 780 1133 ejus
807 1061 882 1116 rei
926 1061 1012 1114 cui
1061 1057 1382 1112 adhibentur
1429 1053 1516 1128 [ad
1566 1044 1910 1121 mysterium]
1963 1043 2094 1100 insi-

521 1155 749 1213 buandte
774 1162 867 1209 aut
898 1149 1231 1222 requirenda:
1257 1144 1544 1223 [veritatis]
1574 1161 1588 1199 :
1623 1153 1714 1198 aut
1741 1158 1809 1198 ex
1839 1145 1951 1211 ipsa
1984 1139 2095 1194 dis-

522 1247 881 1307 similitudine
912 1242 1110 1312 aliquid
1144 1241 1352 1311 probat,
1386 1237 1546 1292 veluti
1571 1244 1655 1291 est
1684 1233 1814 1290 illud
1836 1273 1851 1297 ,
1884 1231 2022 1302 quod
2053 1231 2098 1285 si

523 1340 703 1395 fenum
727 1335 840 1407 agri
861 1333 1000 1404 quod
1024 1330 1186 1386 hodie
1213 1337 1312 1393 est,
1343 1334 1398 1383 et
1419 1341 1537 1382 cras
1555 1327 1609 1380 in
1633 1325 1900 1380 clibanum
1934 1321 2099 1376 mitti-

523 1443 629 1499 tur,
660 1432 799 1485 Deus
823 1428 900 1484 sic
930 1423 1110 1483 vestit.
1140 1432 1342 1490 quanto
1371 1417 1538 1487 magis
1566 1431 1663 1472 vos
1689 1415 1915 1472 modicae
1938 1414 2100 1469 fidei?

521 1524 602 1582 Ad
635 1524 734 1578 hoc
761 1532 925 1591 genus
951 1516 1180 1586 pertinet
1209 1512 1370 1567 etiam
1401 1509 1552 1577 illud,
1579 1507 1720 1579 quod
1744 1506 1814 1562 do
1842 1520 2006 1563 servo
2027 1506 2102 1561 ait

522 1614 609 1670 cui
632 1612 881 1668 dominus
915 1605 1328 1668 denuntiaverat
1359 1609 1474 1656 uta
1500 1598 1740 1654 villicatu
1786 1609 2101 1652 removere-

522 1717 646 1762 tur:
681 1701 830 1759 fraud
854 1716 920 1754 -m
949 1698 1148 1769 quippe
1189 1694 1281 1750 ille
1310 1692 1435 1748 iecit
1473 1691 1693 1747 domino
1720 1703 1840 1757 suo,
1872 1697 1950 1756 ut,
2000 1684 2103 1740 fal-
2134 1690 2183 1751 Β

522 1798 655 1855 satis
684 1791 1084 1865 cbirogrsphis,
1116 1786 1453 1845 debitoribus
1481 1785 1600 1854 eius
1637 1792 1901 1855 quantum
1955 1796 2103 1835 eom-

521 1891 738 1946 modum
774 1888 948 1941 visum
980 1890 1063 1940 est
1103 1881 1396 1937 relaxaret.
1445 1877 1630 1947 Neque
1663 1875 1775 1930 ullo
1820 1872 1979 1929 modo
2009 1886 2106 1927 nos

525 1982 784 2038 Dominus
807 1986 864 2033 ut
887 1974 986 2032 sibi
1007 1973 1244 2030 fraudem
1266 1971 1523 2026 faciamus
1552 1953 1818 2028 hortatur.
1835 1966 1931 2022 sed
1948 1965 1993 2020 si
2016 1963 2105 2034 qui

520 2071 814 2128 fraudando
842 2069 944 2124 sibi
990 2064 1225 2136 providit
1265 2062 1318 2118 in
1348 2069 1643 2131 posterum,
1686 2057 1958 2113 laudatum
1981 2069 2105 2109 eum

520 2165 651 2220 dicit
677 2178 707 2218 a
736 2159 984 2224 Domino,
1012 2165 1212 2227 quanto
1241 2153 1447 2225 majore
1482 2151 1766 2207 alacritate
1794 2148 1896 2204 sibi
1927 2145 2109 2217 provi-

518 2258 649 2312 dere
676 2253 872 2309 debent
901 2251 954 2306 in
984 2256 1243 2304 aeternam
1273 2245 1441 2301 vitam
1472 2243 1666 2314 quibu
1719 2251 1776 2295 ut
1801 2241 1947 2311 juste
1975 2252 2108 2307 ope-

521 2358 706 2406 rentur
729 2345 946 2416 jubetnr
969 2341 1173 2397 amicos
1201 2339 1384 2395 facere
1409 2337 1479 2393 de
1512 2348 1816 2392 mammona
1843 2332 2102 2402 iniquita-

523 2445 612 2511 tis,
637 2439 780 2514 quod
813 2451 912 2494 suo
937 2435 1059 2492 loco
1081 2431 1383 2504 expositum
1417 2438 1520 2486 est.
1547 2427 1628 2483 Ad
1659 2427 1761 2481 hoc
1790 2439 1959 2496 genus
1989 2437 2111 2493 per-

521 2540 655 2594 tinet
685 2546 739 2592 et
762 2534 852 2589 ille
873 2531 986 2603 qui,
1018 2544 1125 2584 non
1152 2535 1373 2599 propter
1390 2519 1825 2592 amicitiam,,sed
1856 2527 1916 2574 ut
1945 2517 2109 2574 taedio

523 2636 754 2695 careret,
785 2628 896 2698 jam
925 2621 1200 2681 dormiens
1222 2619 1515 2686 excitatur,
1545 2625 1604 2672 ut
1628 2626 1736 2670 tres
1763 2626 1934 2686 panes
1955 2627 2106 2668 com-

525 2721 710 2779 modet
741 2717 914 2774 amico
951 2728 1072 2771 suo.
1106 2713 1163 2770 Si
1199 2711 1340 2768 enim
1373 2710 1462 2765 ille
1502 2707 1746 2766 molestia
1794 2702 2107 2773 compulsus

528 2815 694 2881 dedit,
726 2818 925 2884 quanto
959 2808 1129 2878 magis
1157 2805 1317 2865 Deus.
1351 2798 1466 2873 qui,
1489 2815 1618 2856 suos
1644 2812 1831 2855 servos
1856 2796 2108 2867 diligens,

527 2919 585 2963 ut
627 2914 871 2976 petamus
919 2900 1185 2966 hortatur,
1237 2894 1386 2950 dabit
1432 2893 1572 2948 bona
1619 2887 1965 2960 poscentibus
2013 2887 2111 2942 se?

531 3002 711 3068 Itaque
736 2993 865 3050 illud
888 2990 1136 3061 superius
1156 3001 1325 3059 genus
1352 2983 1436 3040 his
1460 2982 1639 3038 verbis
1656 2979 1869 3050 adjungi
1893 2987 2103 3048 potest,

528 3063 679 3148 Sicut
705 3084 832 3142 illud
864 3087 934 3140 ita
963 3089 1019 3137 ct
1046 3079 1211 3146 illud;
1240 3079 1340 3133 hoc
1364 3090 1544 3131 autem
1578 3073 1849 3144 posterius
1882 3072 1964 3127 bis
1989 3087 2114 3127 ver-
2143 3063 2190 3126 C

529 3186 611 3242 bis
637 3202 651 3239 ε
684 3181 740 3239 Si
771 3177 922 3244 illud,
949 3182 1151 3246 quanto
1185 3170 1354 3240 magis
1384 3166 1552 3223 illud?
1583 3173 1676 3222 aut
1703 3166 1747 3220 si
1797 3178 1903 3219 non
1953 3161 2108 3230 illud,

531 3286 731 3350 quanto
778 3273 954 3330 minus
1003 3266 1170 3324 illud?
1215 3263 1311 3321 sed
1353 3261 1550 3318 alicubi
1597 3260 1856 3326 obscure,
1912 3255 2112 3318 alicubi

533 3379 718 3443 aperte
748 3370 848 3423 ista
874 3369 1163 3436 ponuntur.
1195 3357 1294 3414 Hic
1331 3371 1462 3426 ergo
1502 3354 1715 3424 iniquus
1759 3351 1950 3423 judex,
2001 3363 2110 3404 non

535 3481 602 3521 ex
634 3457 1005 3520 similitudine,
1039 3451 1132 3510 sed
1156 3467 1223 3507 ex
1254 3445 1688 3506 dissimilitudine
1707 3444 1982 3513 adhibitus
2009 3450 2113 3508 est,

539 3569 597 3612 ut
618 3551 926 3609 ostenderet
947 3543 1210 3600 Dominus
1232 3548 1431 3610 quanto
1454 3539 1718 3592 certiores
1743 3550 1866 3590 esse
1888 3533 2120 3587 debeant

541 3648 630 3718 qui
663 3647 829 3700 Deum
861 3641 1265 3707 perseveranter
1297 3638 1487 3699 rogant
1525 3626 1726 3705 fontem
1769 3624 1991 3696 iustitia:
2037 3631 2121 3676 at-

542 3714 650 3810 que
675 3728 1061 3790 misericordia:
1093 3724 1198 3796 (vel
1229 3721 1274 3777 si
1304 3719 1430 3792 quid
1474 3718 1832 3774 excellentius
1878 3714 1982 3770 dici
2033 3721 2126 3766 aut

543 3805 711 3888 audiri
772 3816 992 3894 potest),
1040 3831 1162 3872 cum
1215 3813 1356 3880 apud
1401 3809 1801 3879 iniquissimum
1866 3805 2121 3876 iudicem,

543 3935 712 3990 usque
744 3915 810 3972 ad
840 3913 1086 3968 effectum
1119 3902 1378 3975 implendi
1419 3897 1697 3962 desiderii,
1732 3896 1966 3952 valuerit
2010 3911 2125 3964 per-

543 3985 842 4070 severantia
873 3998 1236 4070 deprecantis.
1281 3995 1397 4063 lpsa
1428 4005 1558 4046 vero
1598 3989 1755 4044 vidua
1799 3995 1976 4058 potest
2028 3985 2122 4040 ba-

551 4109 676 4163 bere
699 4093 1104 4156 similitudinem
1129 4086 1406 4150 Ecclesia,
1439 4081 1582 4154 quod
1610 4079 1846 4135 desolata
1883 4076 2119 4141 videtur,

551 4198 720 4252 donec
743 4189 921 4244 veniat
947 4183 1230 4243 Dominus,
1257 4178 1347 4248 qui
1378 4186 1556 4232 tamen
1587 4175 1640 4228 in
1681 4179 1889 4227 secreto
1929 4169 2127 4223 etiam.

557 4299 694 4342 nunc
721 4292 902 4335 curam
930 4273 1048 4343 ejus
1073 4269 1231 4341 gerit.
1264 4266 1321 4324 Si
1345 4277 1520 4320 autem
1548 4271 1818 4326 movetur,
1853 4274 1948 4315 cur
1970 4258 2128 4314 electi

558 4377 646 4433 Dei
673 4389 732 4430 se
773 4365 1028 4426 vindicari
1071 4363 1448 4431 deprecentur,
1481 4353 1620 4424 quod
1653 4354 1811 4408 etiam
1842 4352 1894 4405 in
1919 4352 2129 4417 Apoca-

554 4467 688 4539 lypsi
719 4459 939 4520 Joannis
960 4456 1028 4512 de
1048 4450 1371 4522 martyribus
1399 4447 1613 4512 dicitur,
1642 4459 1762 4500 cum
1787 4441 2128 4513 apertissime
2162 4438 2212 4496 Ι)

560 4531 871 4616 moneamur
900 4558 959 4604 ut
981 4562 1077 4618 pro
1105 4543 1304 4599 nostris
1339 4537 1568 4594 inimicis
1597 4547 1650 4590 et
1693 4531 2126 4605 persecutoribus

560 4662 805 4710 oremus;
834 4636 1235 4708 intelligendum
1261 4643 1342 4688 est
1363 4645 1482 4686 eam
1506 4627 1796 4682 vindictam
1821 4639 1939 4678 esse
1958 4628 2133 4690 justo-

562 4758 704 4805 rum,
734 4748 792 4792 ut
815 4747 1002 4788 omnes
1034 4729 1159 4782 mali
1186 4731 1443 4795 pereant:
1481 4725 1705 4788 pereunt
1727 4723 1902 4769 autem
1926 4715 2132 4766 duobus

563 4833 763 4895 modis,
787 4836 877 4880 aut
905 4817 1259 4878 conversione
1288 4813 1352 4866 ad
1388 4809 1668 4880 justitiam,
1703 4815 1793 4859 aut
1822 4805 2015 4857 amissa
2043 4818 2133 4870 per

566 4943 681 4993 sup;
706 4921 883 4975 licium
944 4915 1239 4984 potestate,
1292 4918 1394 4973 qua
1444 4914 1584 4954 nunc
1640 4898 1891 4950 adversus
1941 4895 2129 4958 bonos,

578 4986 808 5090 quandiu
840 5012 942 5065 hoc
972 5009 1142 5076 ipsum
1175 4998 1328 5053 bonis
1366 4991 1599 5061 expedit,
1641 4989 1728 5042 vel
1770 4986 2132 5054 temporaliter

585 5080 782 5178 aliquid
810 5103 1003 5158 valent.
1036 5098 1215 5162 Itaque
1238 5088 1396 5143 etiam
1426 5084 1472 5137 si
1498 5095 1683 5136 omnes
1715 5080 1957 5132 homines
2007 5094 2137 5131 con-

579 5168 911 5260 verterentur
952 5189 1016 5243 ad
1057 5187 1247 5245 Deum,
1277 5179 1416 5234 inter
1445 5189 1577 5242 quos
1605 5180 1730 5226 sunt
1757 5169 1912 5223 etiam
1941 5168 2141 5223 inimici

576 5313 672 5369 pro
702 5289 890 5360 quibus
913 5282 1160 5352 iubemur
1183 5286 1360 5334 orare,
1391 5265 1636 5321 diabolus
1663 5270 1859 5323 tamen,
1891 5261 1978 5329 qui
2009 5274 2139 5327 ope-

575 5350 800 5444 ;atur'in
831 5350 953 5429 ﬁliis
980 5363 1319 5426 diffidentiae,
1353 5362 1655 5412 remaneret
1701 5353 1752 5405 in
1802 5351 1981 5406 saeculi
2034 5350 2140 5404 fine

577 5470 906 5535 damnandus
932 5482 943 5516 :
969 5465 1020 5534 3
1048 5472 1202 5530 quem
1230 5455 1386 5508 tinem
1413 5448 1540 5520 justi
1569 5462 1687 5501 cum
1719 5447 1895 5501 venire
1921 5444 2136 5500 deside-

580 5576 721 5629 rant,
754 5556 994 5633 quamvis
1036 5566 1128 5620 pro
1167 5543 1394 5601 inimicis
1441 5541 1552 5595 suis
1582 5544 1756 5600 orent,
1806 5545 1980 5592 tamen
2035 5548 2138 5591 non

587 5632 809 5713 absurde
831 5649 1111 5708 vindictam
1143 5638 1446 5696 desiderare
1477 5632 1740 5688 dicuntur.

1585 207 1646 262 Ι).
1687 196 1998 260 EUGYPPH
2041 193 2324 250 ABBATIS
2367 193 2684 249 AFRICANI
3691 200 3772 248 δη

515 338 658 409 quod
683 334 885 392 ratione
904 330 1105 388 reddita
1129 325 1328 381 debere
1346 323 1595 378 inventus
1616 329 1719 384 est,
1749 324 1802 371 et
1825 314 1939 382 ipse
1963 325 2092 365 con-
2123 309 2171 367 Α

2701 305 2926 363 CAPUT
2955 303 3285 362 CLXXXIX.

2203 397 2278 451 De
2308 413 2368 450 eo
2386 397 2525 468 quod
2548 398 2736 450 dictum
2761 407 2832 450 est
2855 413 2870 447 :
2890 399 3056 520 ριγιῆ
3077 414 3139 449 nc
3170 396 3260 464 ﬁat
3292 392 3419 465 fuga
3448 404 3609 444 κτείνω
3638 393 3775 442 hieme

2831 486 2883 520 re
2937 487 2991 520 sa
3060 481 3164 520 alo.

2271 585 2433 640 Orate
2463 599 2530 640 ne
2553 584 2644 638 fiat
2675 583 2797 652 fuga
2827 594 3004 638 vestra
3057 582 3256 646 hieme,
3309 578 3397 634 vel
3439 577 3684 642 sabbato,
3731 577 3769 626 iit

2202 671 2306 743 est,
2357 690 2425 732 ne
2475 675 2861 744 impedimento
2911 674 3094 743 aliquo
3141 670 3520 734 detineamini,
3570 666 3685 736 quia
3727 678 3769 718 et
3872 671 3873 680 ‘

2205 769 2381 824 hieme
2413 768 2702 830 imbribus,
2731 767 2814 822 vel
2847 766 3062 836 frigore,
3098 776 3150 820 et
3181 765 3426 830 sabbato,
3454 765 3507 816 in
3536 776 3639 832 quo
3671 776 3769 830 pro-

2205 860 2372 916 ficisci
2402 876 2510 915 non
2545 859 2766 923 licebat,
2795 857 3188 926 impediebatur
3211 855 3333 925 quis
3356 854 3428 907 ab
3462 853 3676 915 itinere;
3701 851 3770 903 vel

2202 954 2370 1021 aliud,
2400 969 2468 1009 ne
2493 955 2547 1009 in
2577 952 2793 1008 tristitia
2839 959 2932 1006 aut
2980 949 3162 1004 Laetitia
3194 962 3375 1004 rerum
3423 943 3769 1015 temporalium

2203 1045 2324 1117 quis
2354 1043 2658 1101 inveniatur
2686 1045 2740 1098 in
2770 1042 2856 1097 die
2881 1041 2992 1095 illa.

2785 1154 3010 1212 CAPUT
3046 1151 3206 1208 CXC.

2205 1273 2283 1334 De
2312 1273 2506 1328 camelo
2546 1287 2636 1342 per
2680 1271 2910 1339 foramen
2950 1284 3076 1342 acsts
3126 1266 3446 1342 transitura;
3504 1277 3568 1317 ex
3597 1261 3711 1314 libro
3741 1276 3768 1313 ll

2595 1337 2944 1407 Quintianum
2974 1337 3401 1406 Evangeliorum.

2274 1457 2412 1525 Quid
2442 1464 2526 1512 est
2553 1454 2695 1527 quod
2724 1454 2798 1508 ait
2824 1470 2838 1508 :
2867 1450 3101 1506 Facilius
3128 1457 3212 1503 est
3239 1445 3509 1502 camelum
3539 1459 3628 1513 per
3650 1440 3768 1495 fora.

2209 1568 2332 1609 men
2359 1565 2489 1606 acus
2519 1548 2774 1614 transire,
2808 1560 2968 1616 quam
2997 1542 3218 1599 divitem
3249 1541 3455 1595 intrare
3489 1538 3544 1591 in
3566 1550 3761 1605 regnum

2211 1647 2344 1704 Dei?
2371 1647 2597 1702 Divitem
2623 1643 2710 1698 hic
2734 1640 2972 1712 appellat
3001 1636 3254 1708 cupidum
3306 1647 3488 1688 rerum
3537 1637 3768 1694 tempora-

2213 1741 2373 1805 lium,
2405 1737 2549 1793 etde
2576 1734 2773 1790 talibus
2798 1731 3223 1801 superbientem.
3258 1725 3352 1780 llis
3382 1722 3634 1778 divitibus
3663 1733 3770 1774 eon-

2208 1833 2362 1888 trarii
2393 1838 2519 1886 sunt
2541 1841 2802 1898 pauperes
2830 1825 3045 1895 spiritu,
3070 1834 3298 1892 quorum
3328 1826 3415 1873 est
3445 1829 3657 1885 regnum
3679 1827 3766 1866 cm-

2212 1921 2407 1974 lorum.
2441 1919 2575 1973 Nam
2603 1931 2671 1974 eo
2699 1912 3074 1971 manifestatur
3104 1925 3295 1967 omnes
3334 1906 3579 1976 cupidos,
3605 1904 3767 1960 etiam-

2210 2011 2254 2067 si
2279 2010 2620 2065 facultatibus
2665 2007 2821 2076 hujus
2871 2003 3056 2059 mundi
3096 2009 3340 2062 careant.
3382 1997 3455 2051 ad
3496 1996 3596 2049 hoc
3628 2005 3769 2061 genus

2211 2103 2436 2160 divitum
2459 2100 2602 2172 quod
2629 2108 2713 2156 est
2733 2095 3121 2167 reprehensum
3144 2091 3439 2162 pertinere,
3467 2086 3590 2157 quia
3614 2093 3770 2172 postea

2210 2171 2583 2261 dixeruntiqui
2614 2189 2905 2245 audiebant
2930 2204 2944 2240 :
2981 2186 3048 2240 Et
3073 2184 3196 2254 quis
3226 2180 3426 2252 poterit
3455 2178 3630 2232 salvos
3656 2171 3770 2225 ﬁeri?

2211 2300 2334 2340 cum
2365 2280 2855 2353 incomparabiliter
2882 2276 3054 2346 major
3084 2275 3239 2329 turba
3285 2281 3602 2342 pauperum,
3645 2265 3768 2316 vide-

2217 2380 2342 2435 licet
2370 2377 2731 2447 intelligentes
2758 2372 2814 2427 in
2843 2384 2910 2425 eo
2940 2381 3164 2424 numero
3187 2362 3437 2433 deputari
3467 2361 3622 2415 etiam
3664 2355 3764 2407 illos

2213 2473 2325 2546 qui,
2355 2481 2660 2540 quanquam
2705 2465 2828 2518 talia
2863 2476 2971 2516 non
3026 2459 3288 2518 habeant,
3344 2462 3526 2508 tamen
3576 2446 3768 2503 habendi

2213 2537 2503 2631 cupiditate
2520 2537 2825 2627 rapiuntur.
2853 2552 3055 2608 Sensus
3072 2557 3157 2604 est
3179 2557 3384 2611 autem,
3417 2542 3619 2597 facilius
3637 2537 3764 2593 Chri-

2213 2664 2352 2711 stum
2385 2654 2493 2722 pati
2518 2667 2620 2724 pro
2649 2649 2998 2706 dilectoribus
3045 2643 3256 2710 saeculi,
3309 2654 3471 2711 quam
3517 2636 3768 2691 dilectores

2214 2744 2397 2802 seculi
2429 2743 2496 2799 ad
2539 2742 2814 2798 Christum
2862 2753 3021 2808 posse
3051 2734 3323 2790 converti.
3374 2728 3581 2785 Cameli
3617 2735 3766 2780 autem

2215 2834 2431 2889 nomine
2446 2847 2508 2888 se
2542 2829 2768 2900 intelligi
2799 2828 2987 2894 voluit,
3012 2826 3134 2896 quia
3159 2822 3473 2879 humiliatus
3499 2831 3651 2874 onera
3673 2829 3768 2868 ses-

2217 2925 2358 2980 tulit.
2377 2924 2430 2978 In
2447 2937 2554 2994 quo
2574 2921 2714 2978 enim
2737 2917 3073 2975 manifestius
3094 2913 3413 2983 intelligitur
3433 2925 3584 2981 quam
3603 2908 3650 2962 in
3673 2907 3765 2973 ipso

2219 3016 2358 3088 quod
2386 3017 2642 3086 scriptum
2670 3021 2790 3070 est:
2817 3011 3028 3079 Quanto
3051 3021 3275 3077 magnus
3306 3019 3386 3070 es,
3414 3000 3625 3055 humilia
3654 3007 3699 3050 te
3727 2998 3765 3047 in

2219 3107 2490 3163 omnibus.
2523 3106 2626 3163 Per
2651 3118 2807 3159 acum
2836 3110 3016 3156 autem
3046 3097 3366 3170 punctiones
3392 3091 3664 3165 significat,
3695 3103 3768 3141 uer

2220 3200 2540 3270 punctiones
2578 3196 2794 3253 dolores
2829 3194 2884 3247 in
2919 3190 3166 3260 passione
3207 3193 3514 3254 susceptos.
3543 3181 3766 3235 Foramen

2218 3267 2350 3363 ergo
2374 3305 2502 3346 acus
2530 3289 2662 3345 dicit
2689 3283 2964 3357 angustias
2993 3279 3286 3351 passionis.
3313 3273 3467 3343 Quod
3490 3280 3654 3326 autem
3681 3267 3768 3328 ait.

2219 3362 2352 3452 Quae
2381 3379 2733 3454 impossibilia
2761 3385 2888 3433 sunt
2915 3372 3059 3443 apud
3091 3370 3344 3424 homines
3379 3362 3644 3435 possibilia
3669 3367 3770 3413 sunt

2221 3441 2360 3548 apud
2395 3441 2584 3539 Deum,
2621 3486 2726 3526 non
2750 3469 2819 3523 ita
2848 3441 3221 3535 accipiendum
3254 3466 3362 3523 est,
3386 3455 3527 3526 quod
3550 3450 3709 3522 cupidi
3730 3458 3772 3502 et

2223 3535 2463 3638 superbi,
2495 3535 2583 3636 qui
2614 3563 2832 3620 nomine
2872 3560 3014 3614 illius
3043 3555 3228 3610 divitis
3256 3549 3538 3622 significati
3563 3553 3703 3638 sunt,
3728 3541 3770 3638 in

2225 3635 2448 3731 regnum
2480 3635 2738 3712 cmlorum
2770 3655 2879 3709 sint
2915 3647 3163 3706 intraturi
3197 3660 3318 3701 cum
3356 3643 3469 3698 suis
3509 3635 3772 3706 cupiditati-

2228 3726 2328 3811 bus
2356 3762 2411 3808 et
2439 3749 2706 3821 superbia,
2735 3745 2831 3802 sed
2860 3742 3112 3815 possibile
3140 3745 3226 3794 est
3255 3738 3365 3791 Deo
3392 3743 3449 3789 nt
3473 3746 3565 3803 per
3586 3726 3772 3821 verbum

2227 3849 2363 3917 ejus,
2399 3815 2536 3898 sicut
2571 3841 2734 3895 etiam
2766 3836 2960 3890 factum
2987 3846 3106 3889 esse
3145 3837 3197 3886 et
3239 3823 3484 3898 quotidie
3520 3819 3628 3876 fleri
3655 3815 3772 3870 vide-

2230 3916 2366 3998 mus,
2403 3950 2433 3988 a
2477 3931 2770 4001 cupiditate
2801 3923 3171 3994 temporalium
3210 3919 3277 3974 ad
3308 3916 3618 3972 charitatem
3644 3917 3769 4001 ater

2230 4040 2442 4089 norum,
2465 4032 2519 4079 et
2543 3998 2571 4074 5
2601 4019 2896 4090 perniciosa
2922 4012 3172 4085 superbia
3196 4009 3267 4064 ad
3289 4005 3635 4065 humilitatem
3656 3998 3770 4055 salu-

2230 4118 2518 4176 berrimam
2556 4119 2956 4168 convertantur.

2802 4217 3029 4275 CAPUT
3067 4213 3249 4272 CXCI.

2237 4333 2312 4388 De
2336 4349 2394 4386 eo
2423 4328 2559 4401 quod
2598 4325 2843 4401 scriptum
2864 4329 2935 4376 est
2960 4320 3026 4401 de
3051 4318 3269 4401 Domino
3294 4333 3311 4370 :
3336 4313 3520 4396 Finxit
3536 4308 3768 4401 seiungit"
3872 4308 3873 4356 1

2560 4381 2909 4466 trtuftipliciter
2936 4393 3161 4461 disputat
3193 4402 3288 4466 pro
3315 4387 3446 4466 tenvis
3475 4381 3768 4466 signiﬁcatis-

2307 4449 2655 4528 contra
2678 4449 2998 4518 mendacium
3059 4475 3122 4514 ea
3143 4449 3322 4513 eodem
3351 4455 3481 4509 libro
3504 4449 3539 4506 Ii
3567 4449 3769 4516 amna-

2238 4581 2248 4593 .
2311 4559 2434 4598 num
2465 4535 2880 4607 Evangeliorum.
3715 4559 3718 4562 .

2312 4657 2390 4711 De
2432 4669 2496 4709 eo
2534 4649 2674 4721 quod
2718 4648 2971 4714 scriptum
3004 4651 3085 4697 est
3128 4640 3196 4695 de
3227 4638 3484 4702 Domino,
3532 4631 3689 4689 Finxit
3724 4640 3770 4680 se
3872 4683 3873 4690 η

2242 4747 2451 4817 longius
2481 4745 2558 4798 ire
2580 4786 2594 4810 ,
2629 4756 2732 4794 non
2763 4738 2830 4792 ad
2858 4735 3195 4791 mendacium
3231 4729 3505 4800 pertinet;
3538 4739 3632 4780 non
3655 4718 3767 4775 enim
3872 4767 3873 4817 ἢ

2243 4807 2401 4897 omne
2429 4807 2848 4908 quod-fingimus
2879 4828 3208 4884 mendacium
3243 4833 3345 4886 est,
3384 4819 3480 4875 sed
3519 4813 3706 4888 quando
3729 4807 3766 4861 id

2246 4895 2489 5004 fingimus
2518 4928 2657 4999 quod
2674 4895 2822 4981 vniltil
2853 4921 3129 4992 significat,
3164 4926 3289 4969 tunc
3318 4923 3400 4968 est
3435 4905 3764 5004 mendacium:
3872 4895 3873 4900 “

2246 4991 2364 5080 cum
2393 5030 2567 5075 autem
2597 5017 2738 5072 fictio
2779 4991 2957 5068 nostra
2984 5008 3215 5064 refertur
3257 5003 3321 5056 ad
3369 5000 3594 5068 aliquam
3632 4991 3767 5060 signi-

2248 5114 2567 5172 ﬁcationem,
2598 5122 2700 5161 non
2728 5113 2809 5159 est
2835 5097 3192 5158 mendacium,
3219 5092 3314 5148 sed
3336 5091 3510 5158 aliqua
3539 5088 3681 5154 figura
3695 5094 3760 5154 rc-

2249 5203 2446 5267 ritatis,
2474 5197 2704 5267 alioquin
2750 5190 2926 5247 omnia
2955 5203 3075 5259 quae
3108 5203 3134 5238 a
3167 5182 3509 5251 sapientibus
3535 5187 3584 5232 et
3604 5168 3764 5229 sanctis

2251 5298 2398 5361 viris,
2435 5293 2515 5349 vel
2545 5292 2703 5347 etiam
2734 5287 2802 5342 ab
2832 5285 2946 5355 ipso
2974 5279 3200 5337 Domino
3248 5276 3473 5342 ﬁgurate
3499 5271 3624 5325 dicta
3651 5267 3762 5318 sunt.

2252 5387 2527 5448 mendacia
2554 5381 2962 5452 deputabuntur,
2995 5377 3115 5442 quia
3147 5368 3436 5424 secundum
3466 5365 3686 5418 usitatum
3704 5353 3762 5404 in-

2256 5483 2519 5540 tellectum
2551 5444 2653 5530 non
2686 5469 2924 5527 subsistit
2954 5466 3146 5520 veritas
3185 5462 3236 5515 in
3272 5459 3462 5513 talibus
3498 5453 3652 5510 dictis.
3673 5444 3761 5498 Non

2257 5576 2396 5630 enim
2440 5573 2597 5624 homo
2631 5564 2721 5636 qui
2763 5560 2942 5615 habuit
2971 5558 3106 5611 duos
3155 5552 3312 5617 ﬁlios,
3354 5562 3570 5620 quorum
3608 5537 3757 5632 mirum

2259 5671 2470 5733 accepti
2502 5622 2972 5731 parte-patrimonii
3002 5646 3103 5707 sui.
3143 5643 3410 5713 profectus
3439 5648 3516 5694 est
3551 5635 3596 5688 in
3625 5622 3759 5693 regio-
