3904 6224
71 165 190 223 διε

1292 156 1717 222 τηεεευευε.
1763 145 1914 219 ω’.
1952 164 2131 220 cxcx.

3220 162 3324 218 εω

71 301 207 343 nem
254 285 618 357 longinquam.
651 290 705 336 ει
731 287 928 337 caatera
968 293 1089 351 quae
1133 278 1187 335 in
1218 278 1310 336 illa
1351 281 1655 336 narratione
1681 277 1729 337 Α
1758 276 1857 332 tela
1880 276 2205 348 vulpeculaz;
2231 287 2287 333 ut
2310 293 2403 348 per
2430 279 2784 336 narrationem
2805 277 2981 335 ﬁctam
3003 275 3070 330 ad
3099 274 3150 330 id
3179 279 3319 346 quod

68 381 461 442 coniciuntur,
489 377 562 432 ita
599 376 872 440 dicuntur,
905 381 1155 443 tanquam
1177 363 1304 428 vere
1318 371 1476 428 fuerit
1515 372 1659 442 quis—

69 487 242 540 quam
287 471 449 525 homo
475 466 562 536 qui
590 464 768 520 hocin
812 464 931 519 filiis
968 465 1080 520 suis
1104 463 1314 519 duobus
1347 474 1437 519 aut
1467 476 1658 534 passus

68 565 144 616 sit
171 587 206 630 ,τ
224 569 318 614 aut
342 558 543 614 fecerit.
561 555 707 611 Ficta
722 563 849 610 sunt
875 569 1002 626 ergo
1020 555 1118 610 ista
1140 554 1205 610 ad
1226 569 1341 610 rem
1367 551 1649 622 quamdam

66 652 515 724 signiﬁcandam,
572 657 680 702 tam
706 648 863 718 longe
891 649 1102 716 alteque
1142 647 1400 715 tnajurem
1428 688 1442 712 ,
1470 655 1522 725 et
1547 655 1654 699 tam

66 741 572 812 incomparabiliter
598 738 954 803 diﬁ'eren'em,
985 745 1041 792 ut
1067 753 1159 807 per
1179 739 1325 793 illum
1356 738 1538 792 ﬁctum
1570 736 1660 791 ho-

66 834 280 887 minem
325 831 468 887 Deus
507 844 667 885 verus
703 828 1043 899 intelligatur.
1074 829 1223 885 Sicut
1265 841 1444 885 autem
1466 828 1605 883 dicta
1635 869 1650 894 ,

67 926 146 979 ita
181 925 351 978 etiam
393 922 530 976 facta
562 921 828 992 ﬁnguntur
854 921 969 975 sine
1001 920 1280 976 mendacio
1317 919 1382 974 ad
1413 920 1652 990 aliquam

65 1027 191 1067 rem
229 1012 633 1083 signiﬁcandam
660 1056 674 1080 ,
712 1012 854 1067 unde
905 1020 989 1066 est
1029 1012 1190 1066 etiam
1229 1009 1362 1064 illud
1406 1008 1645 1080 ejusdem

67 1103 315 1170 Domini,
334 1103 474 1174 quod
497 1103 549 1158 in
572 1102 658 1158 fici
679 1104 871 1157 arbore
900 1101 1126 1157 fructum
1152 1101 1417 1171 quaesivit,
1439 1115 1503 1156 eo
1531 1109 1672 1155 tem-

65 1211 209 1266 pore
229 1211 342 1267 quo
361 1196 452 1251 illa
479 1211 636 1266 poma
655 1195 888 1250 nondum
915 1203 1113 1249 essent.
1141 1194 1258 1248 Non
1283 1203 1366 1249 est
1387 1192 1527 1248 enim
1556 1192 1655 1247 du-

66 1288 226 1344 bium
257 1289 405 1344 illam
435 1286 832 1358 inquisitionem
879 1300 981 1339 non
1011 1284 1173 1340 fuisse
1205 1299 1390 1340 veram
1416 1301 1432 1351 ;
1473 1283 1660 1353 quivis

64 1379 224 1435 enim
255 1378 532 1433 hominum
554 1378 741 1440 sciret,
768 1379 810 1430 si
839 1390 941 1430 non
963 1369 1258 1443 divinitate,
1288 1376 1372 1430 vel
1392 1383 1658 1443 tempore,

68 1485 237 1540 poma
277 1470 427 1524 iiiam
470 1470 720 1524 arborem
759 1483 865 1521 non
910 1468 1126 1521 habere.
1159 1465 1331 1521 Fictio
1359 1465 1516 1535 igitur
1542 1481 1661 1535 quae

67 1564 136 1617 ad
168 1563 408 1631 aliquam
450 1561 730 1614 veritatem
771 1559 1002 1612 refertur
1042 1557 1208 1625 ﬁgura
1255 1564 1377 1621 est;
1405 1571 1525 1627 qum
1555 1571 1660 1612 non

1759 365 1936 436 agitur
1976 381 2136 424 verax
2167 367 2482 438 signiﬁcatio
2527 371 2828 437 referatur;
2869 367 3012 424 unde
3045 373 3100 422 et
3139 364 3327 438 Esopi

1761 459 1892 514 tales
1918 457 2120 514 fabulas
2147 458 2215 514 ad
2241 473 2364 515 eum
2396 462 2554 517 linem
2584 461 2779 518 relatas
2806 463 2983 518 nullus
3013 466 3120 513 tam
3145 456 3328 512 ineru-

1758 546 1900 602 ditus
1924 547 2023 603 fuit
2045 589 2061 614 ,
2094 547 2186 618 qui
2234 558 2443 619 putaret
2467 551 2777 620 appellanda
2807 547 3082 606 mendacia
3107 563 3122 612 ;
3151 545 3247 602 sed
3276 551 3335 601 et

1757 644 1810 706 in
1841 639 2031 696 litteris
2067 654 2282 711 quoque
2322 642 2488 696 sacris
2512 685 2527 710 ,
2570 643 2708 698 sicut
2732 643 2804 710 in
2850 641 2989 698 libro
3033 638 3279 696 .ludicum
3311 683 3329 709 ,

1755 735 1893 805 ligna
1917 736 2018 791 sibi
2046 750 2228 806 regem
2257 735 2535 805 requirunt
2560 777 2576 803 ,
2621 746 2674 790 et
2703 734 2988 805 loquuntur
3013 735 3080 792 ad
3109 736 3285 793 oleam
3310 777 3328 802 ,

1758 836 1812 882 et
1837 828 1900 882 ad
1932 827 2108 890 ﬁcum.
2140 838 2194 884 et
2221 828 2289 884 ad
2316 829 2501 894 vitem,
2531 835 2587 883 ει
2623 827 2688 882 ad
2717 829 2904 883 rubum
2941 846 2959 898 :_
2985 831 3127 899 quod
3159 838 3325 884 totum

1759 918 1940 984 utique
1970 919 2206 986 ﬁngitur,
2255 927 2311 972 ut
2339 918 2403 972 ad
2436 934 2548 973 rem
2580 934 2699 986 quae
2737 915 3028 972 intenditur
3056 918 3174 972 ﬁcta
3205 918 3324 987 qui-

1759 1008 1878 1063 dem
1911 1011 2244 1076 narratione,
2270 1025 2375 1064 non
2407 1010 2648 1065 mendaci
2679 1007 2855 1062 tamen
2881 1048 2894 1071 .
2941 1007 3035 1064 sed
3066 1008 3242 1062 veraci
3259 1006 3334 1061 si-

1759 1101 2098 1171 gnificatiune
2125 1102 2388 1157 veniatur.
2426 1101 2549 1158 ilmc
2572 1101 2679 1158 dixi
2726 1109 2946 1172 prepter
2981 1099 3120 1170 quod
3161 1099 3336 1169 scrip-

1761 1202 1871 1247 tum
1906 1203 1992 1252 est
2031 1194 2098 1250 de
2135 1195 2284 1260 Jesu,
2341 1195 2406 1250 Et
2445 1194 2559 1264 ipse
2599 1192 2750 1248 ﬁnxit
2787 1207 2846 1248 se
2875 1192 3087 1263 longius
3115 1191 3193 1246 ire
3216 1231 3234 1259 ,
3270 1205 3338 1244 ne

1764 1285 2041 1351 quisquam
2070 1299 2135 1338 ex
2162 1286 2261 1338 hoc
2285 1286 2470 1350 verbo,
2496 1287 2634 1340 sicut
2662 1283 3100 1359 Prisciilianistrc,
3136 1282 3336 1337 licitum

1763 1373 1944 1430 volens
1974 1374 2169 1430 habere
2200 1377 2554 1446 mendacium,
2598 1374 2818 1444 insuper
2862 1373 3025 1430 etiam
3065 1373 3336 1430 Christum

1760 1464 2048 1520 contendat
2092 1463 2256 1520 fuisse
2309 1465 2645 1522 mendacem.
2707 1463 2961 1534 Quisquis
3007 1472 3187 1520 autem
3227 1463 3340 1518 vult

1764 1554 2058 1625 intelligere
2082 1554 2209 1609 illud
2234 1554 2504 1624 ﬁngendo,
2537 1555 2664 1624 quid
2694 1555 3135 1624 praeﬁguraverit,
3167 1563 3341 1610 atten-

68 1654 346 1716 refertur,
378 1650 710 1706 mendacium
750 1659 855 1704 est.
889 1649 1028 1715 Quid
1056 1662 1184 1719 ergo
1234 1647 1498 1719 signiﬁcat
1521 1647 1662 1719 quod
1698 1650 1738 1709 Β
1767 1645 1856 1701 dat
1881 1647 2009 1718 quid
2057 1647 2265 1718 agendo
2303 1645 2603 1716 perfecerit.
2636 1645 2870 1715 Longius
2913 1660 3140 1715 namque
3194 1656 3342 1714 posto

67 1760 131 1800 se
161 1747 252 1799 ire
279 1742 534 1798 Dominus
552 1741 760 1811 longius
779 1740 954 1809 ﬁnxit,
984 1755 1104 1796 cum
1127 1739 1475 1796 comitaretur
1501 1739 1662 1795 disci-
1720 1798 1723 1799 ν
1760 1752 1825 1794 ea
1857 1737 2122 1809 profectus
2147 1753 2308 1808 super
2334 1751 2522 1793 omnes
2539 1737 2729 1804 caelos,
2757 1750 2862 1792 non
2896 1744 3073 1791 tamen
3108 1734 3346 1791 deseruit

69 1834 253 1904 palis,
285 1846 563 1904 exponens
591 1833 670 1887 eis
706 1843 922 1887 sanctas
946 1830 1251 1902 Scripturas
1277 1871 1294 1897 ,
1341 1839 1517 1886 utrum
1549 1831 1664 1902 ipse
1762 1830 2054 1900 discipulos
2089 1845 2237 1888 suos.
2268 1830 2491 1900 Propter
2518 1830 2618 1886 hoc
2656 1829 3064 1906 signiﬁcandum
3107 1829 3341 1899 futurum

67 1934 229 1983 esset
267 1924 830 1997 ignorantibusiquid
863 1933 1110 1993 putamus
1133 1962 1149 1988 ,
1192 1923 1294 1980 nisi
1330 1925 1451 1994 quia
1480 1925 1666 1993 hospi-
1766 1923 2018 1994 divinitus
2033 1923 2250 1991 factum,
2297 1924 2364 1978 ad
2401 1939 2637 1994 praesens
2654 1908 2780 1980 illud
2824 1933 2908 1981 est
2942 1923 3245 1979 humanitus
3281 1923 3344 1978 ﬁ-

68 2015 308 2072 talitatis
333 2015 514 2071 ofﬁcio
529 2014 596 2070 ad
625 2029 776 2070 suam
804 2014 1164 2085 cognitionem
1194 2014 1476 2084 pervenire
1505 2028 1665 2084 posse
1763 2026 1934 2078 ctum,
1961 2014 2017 2088 4
2040 2025 2096 2072 ει
2122 2015 2244 2071 ideo
2265 2015 2584 2087 signiﬁcatio
2613 2031 2775 2072 verax
2805 2016 2858 2072 in
2898 2015 2988 2070 illa
3024 2017 3345 2075 estﬁctitme

68 2108 332 2162 homines
361 2105 664 2161 intimavit?
707 2115 764 2159 ut
793 2119 916 2160 eam
958 2105 1165 2174 longius
1195 2106 1309 2175 ipse
1335 2106 1405 2162 ab
1434 2107 1664 2162 bominl-
1767 2108 2063 2178 praemissa,
2093 2105 2212 2177 quia
2238 2107 2292 2161 in
2313 2107 2412 2162 hac
2431 2106 2764 2178 profectione
2791 2105 2932 2162 illius
2963 2115 3049 2163 est
3072 2106 3344 2176 signiﬁca-

68 2197 245 2252 nibus
267 2195 594 2251 abscesserit
615 2209 776 2262 super
802 2208 990 2249 omnes
1015 2195 1202 2258 caelos,
1230 2204 1407 2250 tamen
1439 2197 1510 2251 ita
1541 2210 1661 2251 cum
1768 2198 1927 2252 tionis
1959 2198 2156 2252 veritas
2187 2196 2492 2252 subsecuta.
2541 2195 2635 2252 ille
2673 2196 2834 2268 igitur
2878 2198 3168 2254 contendat
3189 2197 3344 2254 Chri-

69 2289 152 2344 eis
190 2288 267 2344 sit
304 2289 391 2358 qui
423 2287 542 2341 hac
571 2287 828 2341 exhibeat
853 2285 1025 2342 servis
1066 2286 1203 2357 ejus,
1239 2295 1300 2341 ut
1336 2302 1458 2342 cum
1489 2288 1668 2343 dicere

67 2377 352 2446 coeperint
379 2393 394 2432 :
423 2375 909 2447 Domine,.quando
934 2385 988 2431 te
1029 2376 1262 2430 vidimus
1306 2376 1571 2447 hospitem
1613 2385 1669 2433 et

72 2467 455 2524 adduximus?
492 2474 743 2536 tanquam
775 2481 893 2521 eum
921 2466 1124 2522 scilicet
1152 2465 1243 2537 qui
1267 2466 1666 2537 longeabsces-

70 2570 269 2627 serat;
320 2560 640 2628 respondeat
678 2559 768 2615 ille
800 2577 814 2612 :
862 2559 996 2615 Cum
1036 2558 1128 2614 uni
1157 2575 1226 2614 ex
1269 2560 1504 2616 minimis
1533 2561 1668 2617 meis

67 2651 311 2717 fecistis,
335 2650 465 2706 mihi
483 2649 700 2706 fecistis.
716 2648 887 2706 Tenet
902 2665 1034 2720 ergo
1058 2649 1353 2717 Christum,
1377 2668 1443 2709 ne
1459 2652 1669 2723 longius
1769 2653 1902 2710 fecit
1929 2665 2172 2718 auctore,
2206 2661 2263 2707 ut
2292 2660 2501 2722 patrem
2533 2650 2720 2708 fallere
2745 2650 3035 2717 videretur,
3059 2650 3102 2706 si
3128 2650 3350 2721 diligen-

71 2742 143 2797 ab
162 2743 267 2799 illo
288 2751 396 2807 eat,
416 2742 654 2811 quisquis
676 2741 1035 2798 catecbizatus
1051 2741 1217 2797 verbo
1237 2743 1289 2796 in
1306 2743 1553 2800 omnibus
1569 2745 1668 2800 bo-
1775 2755 1858 2802 ter
1889 2754 1942 2800 et
1989 2741 2218 2800 ﬁdeliter
2245 2741 2576 2809 attendatur,
2625 2755 2730 2797 non
2761 2739 2844 2796 est
2873 2726 3228 2807 mendacium,
3253 2743 3347 2797 sed

72 2835 162 2890 nis
191 2835 248 2890 ei
284 2835 378 2904 qui
404 2848 464 2889 se
489 2834 783 2890 catechixat
804 2835 1181 2902 communicat,
1214 2836 1353 2891 sicut
1381 2839 1671 2907 Apostolus
1775 2835 2087 2908 mysterium
2123 2852 2135 2889 :
2170 2848 2290 2902 qua
2337 2832 2383 2890 si
2436 2832 2712 2887 mendacia
2775 2829 3102 2899 dixerimus,
3161 2847 3349 2888 omnes

72 2928 212 2983 dicit
243 2943 258 2981 :
286 2925 656 2983 Communicet
688 2930 776 2998 qui
808 2929 1172 2984 catechizatur
1216 2930 1379 2986 verbo
1417 2930 1468 2986 ei
1498 2931 1586 3002 qui
1615 2946 1674 2988 se
1777 2928 1937 2983 etiam
1977 2923 2247 2997 parabole
2288 2940 2348 2980 ac
2378 2924 2560 2994 ﬁgurae
2589 2921 3054 2994 signiﬁcandarum
3094 2937 3350 2993 quamm-

73 3018 387 3074 catechizat
423 3018 479 3072 in
506 3019 754 3074 omnibus
794 3018 966 3075 bonis.
1003 3021 1068 3076 Et
1086 3021 1192 3076 alio
1210 3020 1348 3091 loco,
1373 3036 1492 3078 cum
1510 3023 1677 3079 dixis-
1699 3019 1749 3084 C
1777 3032 1883 3089 que
1911 3033 2131 3084 rerum,
2179 3032 2299 3088 qum
2335 3032 2441 3071 non
2489 3015 2559 3070 ad
2603 3014 2984 3087 proprietatem
3030 3015 3352 3087 accipienda

79 3118 210 3165 set:
249 3109 666 3166 Necessitatibus
694 3122 997 3166 sanctorum
1026 3114 1516 3182 communicantes,
1548 3123 1662 3171 sta-
1775 3117 1919 3174 sunt,
1948 3108 2043 3164 sed
2083 3109 2136 3163 in
2167 3108 2247 3163 eis
2274 3107 2418 3162 aliud
2458 3121 2524 3163 ex
2551 3107 2662 3164 alio
2688 3116 2781 3164 est
2812 3103 3237 3178 intelligendum,
3269 3107 3349 3162 di-

77 3200 180 3255 tim
215 3198 450 3269 subjecit
479 3215 494 3254 :
529 3199 954 3269 Hospitalitatem
988 3212 1273 3259 sectantes.
1298 3203 1368 3259 Et
1403 3205 1489 3260 isti
1527 3208 1670 3262 enim
1773 3207 1966 3255 centur
1986 3214 2107 3256 esse
2132 3199 2430 3263 mendacia,
2462 3197 2604 3269 quod
2641 3197 2781 3254 absit
2805 3194 3044 3257 omnino.
3090 3197 3222 3255 Nam
3261 3197 3352 3270 qui

75 3291 407 3348 catechizati
459 3301 616 3347 erant
661 3293 825 3347 verbo
846 3335 863 3361 ,
912 3309 1032 3348 cum
1061 3296 1138 3350 eis
1172 3306 1461 3366 exponeret
1491 3295 1675 3369 Scrip-
1776 3292 1880 3348 hoc
1908 3299 2059 3367 putat
2087 3290 2304 3360 tropiris
2325 3291 2484 3346 etiam
2510 3301 2615 3345 tam
2647 3289 2832 3346 multis
2860 3291 3214 3347 locationibus
3239 3308 3350 3351 om-

77 3396 259 3453 turas,
285 3393 340 3440 et
359 3385 483 3455 quia
513 3383 926 3455 hospitalitatem
975 3388 1162 3442 sectati
1191 3397 1338 3456 sunt,
1367 3404 1490 3445 eum
1511 3406 1668 3460 quem
1776 3384 1932 3441 nibus
1966 3391 2143 3453 petest
2187 3385 2323 3438 hanc
2365 3382 2652 3451 importare
2692 3382 3037 3450 calumniam,
3079 3386 3152 3439 ita
3191 3399 3250 3441 ut
3288 3400 3345 3441 et

81 3476 137 3531 in
168 3477 296 3546 ipsa
323 3475 657 3543 expositione
685 3475 1081 3545 Scripturnrum
1125 3493 1231 3534 non
1272 3494 1674 3550 cognoverunt,
1779 3479 1895 3549 ipsa
1916 3492 2036 3546 quas
2064 3477 2361 3547 appellatur
2379 3478 2660 3556 μεταφορὰ,
2693 3478 2797 3534 hoc
2824 3486 2928 3545 εει,
2956 3474 3023 3535 de
3049 3494 3108 3537 re
3132 3483 3345 3554 propria

1782 3571 1848 3623 ad
1880 3583 1994 3625 rem
2024 3581 2132 3622 non
2161 3567 2432 3637 propriam
2463 3567 2614 3622 verbi
2640 3566 2869 3637 alicujus
2892 3579 3145 3642 usurpata
3173 3581 3353 3628 trans-

1782 3660 1931 3725 latio,
1952 3667 2135 3730 posset
2160 3658 2261 3712 ista
2280 3658 2489 3714 ratione
2513 3657 2851 3715 mendacium
2875 3662 3191 3732 nuncupari.
3219 3663 3354 3721 Cum

1781 3755 1925 3809 enim
1964 3750 2192 3807 dicimus
2233 3750 2487 3805 ﬂuctuare
2516 3759 2748 3820 segetes,
2777 3765 3045 3821 gemmare
3073 3744 3229 3821 vites,
3259 3748 3354 3809 ﬁo.

1782 3843 1952 3898 ridam
1994 3843 2349 3914 juventutem,
2401 3841 2618 3896 niveam
2656 3832 2929 3908 canitiem,
2980 3842 3352 3916 proculdubio,

1783 3937 1994 4000 ﬂuctus,
2040 3949 2300 4004 gemmas,
2349 3933 2559 4002 ﬂorem,
2594 3933 2796 4002 nivem,
2842 3934 2967 4006 quia
2998 3936 3051 3991 in
3083 3935 3167 3991 his
3196 3938 3356 3995 rebus

1784 4045 1888 4083 non
1920 4028 2220 4082 invenimus
2247 4026 2302 4080 in
2331 4039 2464 4094 quas
2491 4025 2606 4082 haec
2628 4025 2796 4080 verba
2827 4025 3044 4083 aliunde
3075 4016 3358 4092 transtuli-

1785 4135 1926 4184 mus,
1958 4119 2026 4175 ab
2071 4119 2205 4178 istis
2226 4116 2500 4172 mendacia
2541 4117 2886 4186 putabuntur.
2917 4117 2989 4177 Et
3020 4127 3171 4190 petra
3208 4118 3358 4178 Citri.

1768 2298 1908 2345 stum
1948 2289 2228 2343 mentitum
2263 2301 2383 2345 esse
2413 2287 2683 2360 ﬁngendo,
2713 2289 2821 2367 ,qui
2861 2297 3022 2358 negat
3047 2304 3169 2353 eum
3203 2290 3345 2362 quod

1769 2379 2089 2451 signiﬁcavit
2114 2377 2421 2449 implevisse
2462 2377 2726 2437 iaciendo.
2779 2375 2893 2433 Non
2920 2388 3004 2435 est
3032 2393 3161 2449 ergo
3188 2394 3346 2437 mea-

1770 2469 1980 2526 dacium
2008 2482 2129 2525 cum
2150 2468 2358 2525 silendo
2383 2467 2730 2526 absconditur
2750 2482 2959 2536 verum,
2987 2468 3081 2524 sed
3110 2484 3231 2525 cum
3265 2471 3348 2526 Io-

1773 2562 1987 2634 quendo
2031 2547 2296 2634 promitur
2322 2560 2537 2619 falsum.
2578 2559 2744 2618 Jaeob
2780 2570 2962 2639 autem
2997 2559 3141 2634 quod
3180 2576 3349 2619 matre

88 3570 145 3621 in
184 3565 350 3636 panis
379 3564 640 3622 fractione
684 3578 1034 3636 cognoscunt.
1069 3567 1186 3624 Non
1216 3570 1359 3626 enim
1408 3572 1679 3629 auditores

83 3657 230 3726 legis
259 3656 389 3727 justi
410 3665 538 3713 sunt
560 3658 695 3727 apud
719 3658 885 3714 Deum
905 3679 931 3723 ·,
960 3660 1054 3716 εειΙ
1079 3659 1308 3716 factores
1335 3664 1466 3734 legis
1483 3665 1678 3736 justiﬁ-

77 3749 387 3803 cabuntur.
437 3747 774 3818 Evangelista
813 3751 1037 3805 dicens:
1069 3750 1187 3820 ipse
1227 3764 1402 3808 autem
1443 3770 1503 3810 se
1534 3755 1682 3811 ﬁnxi:

79 3839 306 3909 longius
328 3839 429 3906 ire,
461 3840 621 3893 etiam
654 3839 824 3908 ipsum
850 3841 1067 3895 verbum
1099 3846 1294 3912 posuit,
1321 3860 1430 3915 quo
1457 3847 1680 3902 menda-

78 3945 177 3986 ces
200 3931 433 3984 nimium
457 3929 813 3996 delectantur,
846 3941 902 3986 ut
933 3935 1147 4002 impune
1171 3937 1682 4008 'mentiantur,quasi

79 4020 436 4076 mendacium
475 4022 547 4076 sit
593 4037 753 4078 omne
789 4025 930 4093 quod
974 4024 1230 4096 tingitur,
1260 4041 1381 4083 cum
1423 4031 1684 4086 veraciter

82 4113 243 4167 aliud
277 4127 340 4167 ex
367 4113 471 4167 alio
500 4113 834 4183 significandi
869 4130 1028 4171 causa
1066 4127 1170 4171 tam
1195 4119 1360 4173 multa
1392 4119 1678 4191 ﬁngantur.

80 4201 142 4257 Si
195 4217 334 4272 ergo
372 4201 503 4256 nihl
551 4203 695 4257 aliud
749 4204 1104 4274 signiﬁcasset
1138 4205 1297 4262 Jesus
1337 4207 1390 4261 in
1442 4223 1507 4264 eo
1540 4209 1681 4279 quod
1784 4225 1918 4282 stus,
1944 4223 1998 4270 ει
2026 4227 2121 4267 cor
2146 4210 2412 4281 lapideam
2453 4206 2780 4266 intimorum.
2804 4194 2956 4268 item
2980 4210 3067 4267 leo
3085 4211 3357 4288 Christus.

83 4293 308 4364 longius
330 4308 390 4348 se
419 4293 500 4348 ire
539 4295 708 4360 ﬁnxit,
741 4297 934 4352 merito
955 4297 1283 4363 judicaretur
1312 4315 1437 4356 esse
1461 4304 1682 4357 menda-
1787 4316 1841 4363 et
1869 4307 1952 4362 leo
1982 4304 2251 4368 diabolus,
2293 4314 2346 4360 et
2369 4302 2775 4358 innumerabilia
2809 4304 2931 4358 talia
2959 4289 3356 4363 dicentur‘esse

84 4386 263 4440 cium.
288 4384 456 4440 l’orro
477 4395 650 4442 autem
682 4388 727 4442 si
755 4387 895 4463 bene
915 4388 1263 4461 intelligatur,
1294 4398 1349 4446 et
1369 4391 1433 4447 ad
1466 4394 1514 4448 id
1536 4393 1676 4464 quod
1710 4385 1756 4443 ι)
1785 4397 2080 4455 mendacia.
2112 4395 2249 4464 Quid
2285 4395 2428 4465 quod
2459 4395 2574 4451 haec
2609 4394 2810 4465 tropica
2860 4393 3059 4452 locutio
3085 4412 3254 4468 usque
3289 4400 3357 4454 ad

85 4477 267 4531 voluit
295 4477 598 4544 signiﬁcare
635 4479 898 4535 referatur
927 4521 942 4547 ,
988 4482 1255 4538 invenitur
1302 4500 1423 4541 esse
1474 4469 1675 4558 niysteo
1782 4504 1899 4545 eam
1929 4487 2170 4559 pervenit
2216 4502 2334 4557 qua:
2382 4486 2677 4556 appellatur
2704 4487 3026 4562 ἀντίφρασις,
3058 4495 3117 4542 αι
3145 4487 3356 4545 dicatur

86 4573 262 4625 rium.
293 4570 540 4640 Alioquin
571 4584 727 4627 erunt
765 4582 956 4630 cuncta
999 4577 1275 4632 mendacia
1313 4595 1432 4650 quae
1462 4592 1670 4651 propter

1782 4581 2054 4636 abundare
2098 4580 2240 4655 quod
2284 4594 2388 4633 non
2442 4585 2554 4642 est,
2596 4575 2808 4631 dicatur
2852 4576 3006 4632 dulce
3047 4580 3189 4650 quod
3245 4581 3360 4637 aci-

85 4661 387 4730 quamdam
412 4676 587 4716 rerum
608 4664 1072 4733 signiﬁcandarum
1102 4669 1524 4741 similitudinem,
1557 4690 1677 4729 cum
1784 4674 1908 4728 dum
1939 4679 2041 4740 est,
2089 4670 2242 4726 lucus
2276 4667 2418 4739 quod
2464 4683 2571 4721 non
2604 4667 2799 4737 luceat,
2847 4683 3021 4738 parca:
3065 4671 3208 4740 quod
3250 4686 3358 4727 non

86 4763 254 4822 gesta
285 4767 392 4806 non
425 4753 563 4819 sint,
599 4763 848 4823 tanquam
881 4770 1028 4826 gesta
1061 4770 1362 4816 narrantur.
1408 4763 1566 4819 Unde
1601 4776 1684 4822 cst
1786 4762 2040 4833 parcant?
2063 4760 2200 4815 unde
2225 4759 2355 4813 illud
2377 4768 2460 4813 est
2487 4760 2539 4813 in
2567 4757 2862 4829 Scripturis
2896 4762 3096 4815 sanctis
3130 4760 3224 4820 :Si
3251 4778 3356 4820 non

91 4848 181 4901 illa
217 4845 289 4899 de
319 4845 527 4900 duobus
558 4849 711 4901 unius
741 4848 973 4903 hominis
994 4850 1115 4905 filiis
1135 4891 1150 4916 ,
1185 4851 1384 4920 majore
1413 4855 1504 4924 qui
1527 4871 1676 4918 man-

93 4938 168 4991 sit
195 4935 344 5006 apud
371 4945 572 5003 patrem
601 4952 752 4991 suum
780 4977 794 4999 ,
824 4945 880 4992 et
905 4939 1109 4994 minore
1141 4943 1229 5010 qui
1262 4945 1417 5012 longe
1449 4946 1685 5016 peregrin

93 5039 266 5084 natus
300 5038 405 5092 est,
441 5039 544 5082 tam
593 5030 794 5098 prolixa
823 5031 1077 5084 narratio.
1124 5031 1178 5086 in
1210 5047 1316 5102 quo
1346 5051 1541 5104 genere
1581 5037 1683 5092 ﬁn-

94 5121 264 5190 gendi
300 5121 527 5173 humana
554 5122 714 5176 etiam
753 5121 892 5176 dicta
931 5123 1016 5176 vel
1061 5124 1195 5177 facta
1237 5126 1685 5184 irrationabilibus

96 5211 469 5265 animantibus
496 5221 551 5280 et
570 5213 728 5267 rebus
753 5227 911 5267 sensu
933 5213 1240 5268 carentibus
1268 5214 1513 5271 homines
1535 5217 1687 5270 addi-

97 5304 324 5360 derunt.
347 5310 404 5355 ut
425 5303 684 5370 ejusmodi
706 5305 841 5357 lit-tis
863 5303 1274 5371 narrationibus,
1295 5306 1390 5360 sed
1412 5308 1688 5362 veracibus

101 5393 589 5462 signiﬁcationibus
611 5394 750 5462 quod
783 5395 978 5448 vellent
1004 5395 1432 5451 commendatius
1475 5397 1688 5452 intima-

103 5498 254 5544 rent.
297 5486 401 5540 Nec
429 5489 568 5556 apud
596 5498 840 5543 auctores
870 5496 1073 5543 tantum
1115 5491 1449 5546 smcularium
1483 5491 1688 5549 litterae

101 5597 252 5648 rum,
277 5589 330 5635 ut
357 5583 494 5651 apud
530 5581 822 5650 Horatium,
859 5596 979 5639 mus
1007 5582 1238 5655 loquitur
1266 5586 1428 5654 muri,
1463 5595 1516 5643 et
1540 5601 1683 5643 mus-

1788 4855 1842 4907 in
1882 4850 2070 4905 faciem
2112 4849 2450 4904 benedixcrit
2503 4849 2620 4917 tibi,
2664 4850 2805 4918 quod
2853 4849 3096 4906 diabolus
3141 4853 3217 4906 ait
3264 4853 3371 4908 Do-

1789 4943 1954 5008 mino,
1988 4943 2054 4994 de
2081 4947 2268 4994 sancto
2287 4938 2409 5005 Job,
2436 4949 2488 4992 et
2514 4940 2831 5010 intelligitur
2861 4941 3222 5008 maledixerit,
3252 4959 3359 5014 quo

1789 5035 1950 5090 verbo
1997 5044 2050 5088 et
2079 5031 2339 5088 Nabuthei
2395 5032 2571 5086 ﬁctum
2620 5033 2823 5088 crimen
2852 5048 2881 5086 a
2911 5033 3358 5092 calumniantibus

1791 5128 2115 5182 nominatum
2156 5133 2257 5179 est.
2293 5125 2499 5180 Dictum
2529 5135 2611 5180 est
2640 5127 2780 5181 enim
2825 5126 2965 5195 quod
3009 5126 3348 5184 benedixerit

1792 5219 1923 5289 regi,
1961 5219 2059 5272 hoc
2086 5226 2185 5281 est,
2231 5216 2591 5272 maledixerit.
2633 5217 2699 5272 lii
2737 5233 2924 5273 omnes
2955 5220 3098 5273 modi
3132 5220 3361 5277 locutio-

1791 5325 1914 5362 num
1947 5307 2218 5362 mendacia
2249 5307 2591 5375 putabuntur,
2621 5307 2662 5360 si
2693 5307 2912 5373 locutio,
2943 5309 3025 5363 vel
3056 5310 3194 5365 actio
3225 5310 3360 5380 ﬁgu-

1792 5407 1922 5460 rata,
1983 5399 2036 5450 in
2083 5397 2360 5451 mendacio
2397 5396 2753 5464 deputabitur.
2801 5395 2857 5452 Si
2903 5407 3082 5454 autem
3128 5415 3232 5455 non
3275 5410 3359 5456 est

1789 5490 2145 5554 mendacium,
2176 5490 2388 5558 quando
2409 5491 2472 5543 ad
2517 5489 2923 5559 intelligentiam
2952 5492 3188 5546 veritatis
3210 5493 3353 5548 aliud

1787 5598 1850 5639 ex
1881 5583 1986 5638 alio
2016 5581 2365 5652 signiﬁcantia
2414 5575 2750 5648 referuntur,
2777 5582 3012 5652 profecto
3043 5598 3149 5658 non
3177 5585 3348 5640 solum
3445 5589 3450 5593 '
