  <div class='ocr_page' id='page_1' title='image "/cluster/home/n/w/nwhite01/storage/ocr_20150623/61-62/uva.x000827102/1011.png"; bbox 0 0 3904 6224; ppageno 0'>
   <div class='ocr_carea' id='block_1_1' title="bbox 503 225 604 282">
    <p class='ocr_par' dir='ltr' id='par_1_1' title="bbox 503 225 604 282">
     <span class='ocr_line' id='line_1_1' title="bbox 503 225 604 282; baseline 0 -1"><span class='ocrx_word' id='word_1_1' title='bbox 503 225 604 282; x_wconf 69' lang='lat' dir='ltr'><strong>MT</strong></span> 
     </span>
    </p>
   </div>
   <div class='ocr_carea' id='block_1_2' title="bbox 1555 230 3814 302">
    <p class='ocr_par' dir='ltr' id='par_1_2' title="bbox 1555 230 3814 302">
     <span class='ocr_line' id='line_1_2' title="bbox 1555 230 3814 302; baseline 0.001 -13"><span class='ocrx_word' id='word_1_2' title='bbox 1555 231 1628 290; x_wconf 83' lang='lat' dir='ltr'><strong>D.</strong></span> <span class='ocrx_word' id='word_1_3' title='bbox 1672 231 1991 292; x_wconf 73' lang='lat' dir='ltr'><strong>EUGYPPH</strong></span> <span class='ocrx_word' id='word_1_4' title='bbox 2031 230 2322 290; x_wconf 80' lang='lat' dir='ltr'><strong>ABBATIS</strong></span> <span class='ocrx_word' id='word_1_5' title='bbox 2361 233 2687 293; x_wconf 76' lang='lat' dir='ltr'><strong>AFRICANI</strong></span> <span class='ocrx_word' id='word_1_6' title='bbox 3491 296 3497 302; x_wconf 40' lang='lat'><strong>,</strong></span> <span class='ocrx_word' id='word_1_7' title='bbox 3718 238 3814 292; x_wconf 64' lang='lat'><strong>83&#39;-</strong></span> 
     </span>
    </p>
   </div>
   <div class='ocr_carea' id='block_1_3' title="bbox 488 314 3810 425">
    <p class='ocr_par' dir='ltr' id='par_1_3' title="bbox 488 314 3810 425">
     <span class='ocr_line' id='line_1_3' title="bbox 488 314 3810 425; baseline 0.003 -29"><span class='ocrx_word' id='word_1_8' title='bbox 488 317 556 416; x_wconf 49' lang='grc' dir='ltr'>,ιιι</span> <span class='ocrx_word' id='word_1_9' title='bbox 582 340 725 412; x_wconf 82' lang='lat' dir='ltr'><strong>quod</strong></span> <span class='ocrx_word' id='word_1_10' title='bbox 748 341 868 398; x_wconf 78' lang='lat' dir='ltr'><strong>fecit</strong></span> <span class='ocrx_word' id='word_1_11' title='bbox 898 357 928 400; x_wconf 92' lang='lat' dir='ltr'><strong>a</strong></span> <span class='ocrx_word' id='word_1_12' title='bbox 952 351 988 399; x_wconf 89' lang='grc' dir='ltr'><strong>ιι</strong></span> <span class='ocrx_word' id='word_1_13' title='bbox 1013 344 1145 400; x_wconf 77' lang='lat' dir='ltr'><strong>dixit</strong></span> <span class='ocrx_word' id='word_1_14' title='bbox 1184 314 1351 402; x_wconf 85' lang='lat' dir='ltr'><strong>.lacob</strong></span> <span class='ocrx_word' id='word_1_15' title='bbox 1379 348 1521 416; x_wconf 88' lang='lat' dir='ltr'><strong>patri</strong></span> <span class='ocrx_word' id='word_1_16' title='bbox 1555 357 1612 403; x_wconf 94' lang='lat' dir='ltr'><strong>ut</strong></span> <span class='ocrx_word' id='word_1_17' title='bbox 1639 348 2082 416; x_wconf 87' lang='lat' dir='ltr'><strong>benediceretur,</strong></span> <span class='ocrx_word' id='word_1_18' title='bbox 2113 351 2164 412; x_wconf 77' lang='grc' dir='ltr'><strong>Δ</strong></span> <span class='ocrx_word' id='word_1_19' title='bbox 2193 342 2633 420; x_wconf 75' lang='lat' dir='ltr'><strong>quandoquidem</strong></span> <span class='ocrx_word' id='word_1_20' title='bbox 2665 351 2755 407; x_wconf 80' lang='lat' dir='ltr'><strong>illa</strong></span> <span class='ocrx_word' id='word_1_21' title='bbox 2789 350 2935 408; x_wconf 80' lang='lat' dir='ltr'><strong>Petri</strong></span> <span class='ocrx_word' id='word_1_22' title='bbox 2972 363 3029 409; x_wconf 88' lang='lat' dir='ltr'><strong>et</strong></span> <span class='ocrx_word' id='word_1_23' title='bbox 3056 353 3326 412; x_wconf 72' lang='lat' dir='ltr'><strong>Barnabza</strong></span> <span class='ocrx_word' id='word_1_24' title='bbox 3354 353 3676 420; x_wconf 75' lang='lat' dir='ltr'><strong>simulatio,</strong></span> <span class='ocrx_word' id='word_1_25' title='bbox 3715 372 3810 425; x_wconf 75' lang='lat' dir='ltr'><strong>qna</strong></span> 
     </span>
    </p>
   </div>
   <div class='ocr_carea' id='block_1_4' title="bbox 503 424 2093 511">
    <p class='ocr_par' dir='ltr' id='par_1_4' title="bbox 503 424 2093 511">
     <span class='ocr_line' id='line_1_4' title="bbox 503 424 2093 511; baseline 0.005 -21"><span class='ocrx_word' id='word_1_26' title='bbox 503 433 616 490; x_wconf 73' lang='lat' dir='ltr'><strong>sed&quot;</strong></span> <span class='ocrx_word' id='word_1_27' title='bbox 631 450 800 507; x_wconf 90' lang='lat' dir='ltr'><strong>neque</strong></span> <span class='ocrx_word' id='word_1_28' title='bbox 829 437 961 494; x_wconf 91' lang='lat' dir='ltr'><strong>illud</strong></span> <span class='ocrx_word' id='word_1_29' title='bbox 985 439 1130 511; x_wconf 84' lang='lat' dir='ltr'><strong>quod</strong></span> <span class='ocrx_word' id='word_1_30' title='bbox 1156 439 1360 510; x_wconf 86' lang='lat' dir='ltr'><strong>Joseph</strong></span> <span class='ocrx_word' id='word_1_31' title='bbox 1385 441 1531 498; x_wconf 87' lang='lat' dir='ltr'><strong>velut</strong></span> <span class='ocrx_word' id='word_1_32' title='bbox 1559 424 1853 500; x_wconf 86' lang='lat' dir='ltr'><strong>illudendis</strong></span> <span class='ocrx_word' id='word_1_33' title='bbox 1882 445 2093 499; x_wconf 89' lang='lat' dir='ltr'><strong>locutus</strong></span> 
     </span>
    </p>
   </div>
   <div class='ocr_carea' id='block_1_5' title="bbox 503 521 2092 603">
    <p class='ocr_par' dir='ltr' id='par_1_5' title="bbox 503 521 2092 603">
     <span class='ocr_line' id='line_1_5' title="bbox 503 521 2092 603; baseline 0.006 -21"><span class='ocrx_word' id='word_1_34' title='bbox 503 527 588 583; x_wconf 67' lang='grc' dir='ltr'>εει</span> <span class='ocrx_word' id='word_1_35' title='bbox 631 528 904 601; x_wconf 74' lang='lat' dir='ltr'><strong>fratribus,</strong></span> <span class='ocrx_word' id='word_1_36' title='bbox 949 545 1048 586; x_wconf 91' lang='lat' dir='ltr'><strong>nec</strong></span> <span class='ocrx_word' id='word_1_37' title='bbox 1091 521 1232 603; x_wconf 84' lang='lat' dir='ltr'><strong>quod</strong></span> <span class='ocrx_word' id='word_1_38' title='bbox 1289 533 1460 590; x_wconf 83' lang='lat' dir='ltr'><strong>David</strong></span> <span class='ocrx_word' id='word_1_39' title='bbox 1500 535 1774 598; x_wconf 76' lang='lat' dir='ltr'><strong>simulavit</strong></span> <span class='ocrx_word' id='word_1_40' title='bbox 1807 535 2092 603; x_wconf 81' lang='lat' dir='ltr'><strong>insaniam,</strong></span> 
     </span>
    </p>
   </div>
   <div class='ocr_carea' id='block_1_6' title="bbox 504 546 2091 696">
    <p class='ocr_par' dir='ltr' id='par_1_6' title="bbox 504 546 2091 696">
     <span class='ocr_line' id='line_1_6' title="bbox 504 546 2091 603; baseline 0.006 -21"><span class='ocrx_word' id='word_1_41' title='bbox 504 546 588 583; x_wconf 71' lang='grc' dir='ltr'><strong>εει</strong></span> <span class='ocrx_word' id='word_1_42' title='bbox 631 546 904 601; x_wconf 72' lang='lat' dir='ltr'><strong>tratrinus,</strong></span> <span class='ocrx_word' id='word_1_43' title='bbox 949 546 1048 586; x_wconf 92' lang='lat' dir='ltr'><strong>nec</strong></span> <span class='ocrx_word' id='word_1_44' title='bbox 1129 546 1232 587; x_wconf 85' lang='lat' dir='ltr'><strong>nou</strong></span> <span class='ocrx_word' id='word_1_45' title='bbox 1289 546 1460 590; x_wconf 77' lang='lat' dir='ltr'><strong>David</strong></span> <span class='ocrx_word' id='word_1_46' title='bbox 1500 546 1774 598; x_wconf 75' lang='lat' dir='ltr'><strong>simulavit</strong></span> <span class='ocrx_word' id='word_1_47' title='bbox 1807 546 2091 603; x_wconf 79' lang='lat' dir='ltr'><strong>insaniam,</strong></span> 
     </span>
     <span class='ocr_line' id='line_1_7' title="bbox 504 546 2091 696; baseline 0.005 -22"><span class='ocrx_word' id='word_1_48' title='bbox 504 633 605 692; x_wconf 83' lang='lat' dir='ltr'><strong>nec</strong></span> <span class='ocrx_word' id='word_1_49' title='bbox 632 609 838 691; x_wconf 26' lang='lat' dir='ltr'><strong>extera;</strong></span> <span class='ocrx_word' id='word_1_50' title='bbox 857 546 1175 692; x_wconf 42' lang='lat' dir='ltr'><strong>hujusmnﬁi&#39;</strong></span> <span class='ocrx_word' id='word_1_51' title='bbox 1197 624 1478 681; x_wconf 88' lang='lat' dir='ltr'><strong>mendacia</strong></span> <span class='ocrx_word' id='word_1_52' title='bbox 1500 625 1793 696; x_wconf 77' lang='lat' dir='ltr'><strong>iudicanda</strong></span> <span class='ocrx_word' id='word_1_53' title='bbox 1825 637 1968 694; x_wconf 89' lang='lat' dir='ltr'><strong>sunt,</strong></span> <span class='ocrx_word' id='word_1_54' title='bbox 1998 629 2091 684; x_wconf 87' lang='lat' dir='ltr'><strong>sed</strong></span> 
     </span>
    </p>
   </div>
   <div class='ocr_carea' id='block_1_7' title="bbox 505 709 2092 790">
    <p class='ocr_par' dir='ltr' id='par_1_7' title="bbox 505 709 2092 790">
     <span class='ocr_line' id='line_1_8' title="bbox 505 709 2092 790; baseline 0.008 -26"><span class='ocrx_word' id='word_1_55' title='bbox 505 709 801 766; x_wconf 91' lang='lat' dir='ltr'><strong>locutiones</strong></span> <span class='ocrx_word' id='word_1_56' title='bbox 835 712 1191 786; x_wconf 77' lang='lat' dir='ltr'><strong>actionesque</strong></span> <span class='ocrx_word' id='word_1_57' title='bbox 1231 717 1591 788; x_wconf 60' lang='lat' dir='ltr'><strong>prophetica,</strong></span> <span class='ocrx_word' id='word_1_58' title='bbox 1632 719 1698 775; x_wconf 89' lang='lat' dir='ltr'><strong>ad</strong></span> <span class='ocrx_word' id='word_1_59' title='bbox 1728 734 1791 776; x_wconf 94' lang='lat' dir='ltr'><strong>ea</strong></span> <span class='ocrx_word' id='word_1_60' title='bbox 1816 735 1939 790; x_wconf 71' lang='lat' dir='ltr'><strong>qua:</strong></span> <span class='ocrx_word' id='word_1_61' title='bbox 1966 735 2092 776; x_wconf 89' lang='lat' dir='ltr'><strong>vera</strong></span> 
     </span>
    </p>
   </div>
   <div class='ocr_carea' id='block_1_8' title="bbox 495 793 2098 884">
    <p class='ocr_par' dir='ltr' id='par_1_8' title="bbox 495 793 2098 884">
     <span class='ocr_line' id='line_1_9' title="bbox 495 793 2098 884; baseline 0.006 -27"><span class='ocrx_word' id='word_1_62' title='bbox 495 798 625 857; x_wconf 78' lang='lat' dir='ltr'><strong>sunt</strong></span> <span class='ocrx_word' id='word_1_63' title='bbox 659 796 1005 884; x_wconf 80' lang='lat' dir='ltr'><strong>intelligenda</strong></span> <span class='ocrx_word' id='word_1_64' title='bbox 1040 804 1340 863; x_wconf 69' lang='lat' dir='ltr'><strong>referenda:</strong></span> <span class='ocrx_word' id='word_1_65' title='bbox 1368 825 1383 865; x_wconf 92' lang='lat'><strong>:</strong></span> <span class='ocrx_word' id='word_1_66' title='bbox 1414 793 1535 880; x_wconf 66' lang='lat' dir='ltr'><strong>qua:</strong></span> <span class='ocrx_word' id='word_1_67' title='bbox 1577 819 1867 881; x_wconf 73' lang='lat' dir='ltr'><strong>propterea</strong></span> <span class='ocrx_word' id='word_1_68' title='bbox 1901 811 2098 882; x_wconf 87' lang='lat' dir='ltr'><strong>ﬁgura-</strong></span> 
     </span>
    </p>
   </div>
   <div class='ocr_carea' id='block_1_9' title="bbox 504 894 2097 975">
    <p class='ocr_par' dir='ltr' id='par_1_9' title="bbox 504 894 2097 975">
     <span class='ocr_line' id='line_1_10' title="bbox 504 894 2097 975; baseline 0.008 -27"><span class='ocrx_word' id='word_1_69' title='bbox 504 894 570 948; x_wconf 83' lang='lat' dir='ltr'><strong>tis</strong></span> <span class='ocrx_word' id='word_1_70' title='bbox 589 894 734 950; x_wconf 89' lang='lat' dir='ltr'><strong>velut</strong></span> <span class='ocrx_word' id='word_1_71' title='bbox 774 896 1074 956; x_wconf 85' lang='lat' dir='ltr'><strong>amictibus</strong></span> <span class='ocrx_word' id='word_1_72' title='bbox 1102 898 1450 972; x_wconf 83' lang='lat' dir='ltr'><strong>obteguntur,</strong></span> <span class='ocrx_word' id='word_1_73' title='bbox 1484 911 1544 958; x_wconf 89' lang='lat' dir='ltr'><strong>ut</strong></span> <span class='ocrx_word' id='word_1_74' title='bbox 1583 917 1801 960; x_wconf 89' lang='lat' dir='ltr'><strong>sensum</strong></span> <span class='ocrx_word' id='word_1_75' title='bbox 1832 903 1921 975; x_wconf 88' lang='lat' dir='ltr'><strong>pie</strong></span> <span class='ocrx_word' id='word_1_76' title='bbox 1949 908 2097 974; x_wconf 64' lang='lat' dir='ltr'><strong>qure-</strong></span> 
     </span>
    </p>
   </div>
   <div class='ocr_carea' id='block_1_10' title="bbox 501 985 2094 1067">
    <p class='ocr_par' dir='ltr' id='par_1_10' title="bbox 501 985 2094 1067">
     <span class='ocr_line' id='line_1_11' title="bbox 501 985 2094 1067; baseline 0.007 -26"><span class='ocrx_word' id='word_1_77' title='bbox 501 985 671 1044; x_wconf 85' lang='lat' dir='ltr'><strong>rentis</strong></span> <span class='ocrx_word' id='word_1_78' title='bbox 714 999 1030 1060; x_wconf 82' lang='lat' dir='ltr'><strong>exerceant,</strong></span> <span class='ocrx_word' id='word_1_79' title='bbox 1076 1002 1129 1049; x_wconf 85' lang='lat' dir='ltr'><strong>et</strong></span> <span class='ocrx_word' id='word_1_80' title='bbox 1160 1009 1228 1050; x_wconf 92' lang='lat' dir='ltr'><strong>ne</strong></span> <span class='ocrx_word' id='word_1_81' title='bbox 1259 994 1400 1050; x_wconf 88' lang='lat' dir='ltr'><strong>nuda</strong></span> <span class='ocrx_word' id='word_1_82' title='bbox 1430 1009 1491 1051; x_wconf 91' lang='lat' dir='ltr'><strong>ac</strong></span> <span class='ocrx_word' id='word_1_83' title='bbox 1523 1005 1767 1067; x_wconf 89' lang='lat' dir='ltr'><strong>prompta</strong></span> <span class='ocrx_word' id='word_1_84' title='bbox 1812 996 2094 1053; x_wconf 80' lang='lat' dir='ltr'><strong>vilescant.</strong></span> 
     </span>
    </p>
   </div>
   <div class='ocr_carea' id='block_1_11' title="bbox 504 1079 2094 1155">
    <p class='ocr_par' dir='ltr' id='par_1_11' title="bbox 504 1079 2094 1155">
     <span class='ocr_line' id='line_1_12' title="bbox 504 1079 2094 1155; baseline 0.004 -20"><span class='ocrx_word' id='word_1_85' title='bbox 504 1079 760 1148; x_wconf 79' lang='lat' dir='ltr'><strong>Quamvis</strong></span> <span class='ocrx_word' id='word_1_86' title='bbox 799 1097 919 1153; x_wconf 66' lang='lat' dir='ltr'><strong>qua:</strong></span> <span class='ocrx_word' id='word_1_87' title='bbox 961 1082 1082 1140; x_wconf 85' lang='lat' dir='ltr'><strong>aliis</strong></span> <span class='ocrx_word' id='word_1_88' title='bbox 1122 1084 1256 1141; x_wconf 89' lang='lat' dir='ltr'><strong>locis</strong></span> <span class='ocrx_word' id='word_1_89' title='bbox 1302 1097 1486 1155; x_wconf 86' lang='lat' dir='ltr'><strong>aperte</strong></span> <span class='ocrx_word' id='word_1_90' title='bbox 1521 1101 1586 1142; x_wconf 91' lang='lat' dir='ltr'><strong>ac</strong></span> <span class='ocrx_word' id='word_1_91' title='bbox 1618 1087 1905 1144; x_wconf 78' lang='lat' dir='ltr'><strong>manifeste</strong></span> <span class='ocrx_word' id='word_1_92' title='bbox 1955 1087 2094 1143; x_wconf 71' lang='lat' dir='ltr'><strong>diita</strong></span> 
     </span>
    </p>
   </div>
   <div class='ocr_carea' id='block_1_12' title="bbox 505 1164 2094 1248">
    <p class='ocr_par' dir='ltr' id='par_1_12' title="bbox 505 1164 2094 1248">
     <span class='ocr_line' id='line_1_13' title="bbox 505 1164 2094 1248; baseline 0.005 -21"><span class='ocrx_word' id='word_1_93' title='bbox 505 1164 812 1248; x_wconf 82' lang='lat' dir='ltr'><strong>didicimus,</strong></span> <span class='ocrx_word' id='word_1_94' title='bbox 836 1189 958 1239; x_wconf 89' lang='lat' dir='ltr'><strong>cum</strong></span> <span class='ocrx_word' id='word_1_95' title='bbox 999 1191 1060 1231; x_wconf 89' lang='lat' dir='ltr'><strong>ea</strong></span> <span class='ocrx_word' id='word_1_96' title='bbox 1089 1177 1202 1247; x_wconf 88' lang='lat' dir='ltr'><strong>ipsa</strong></span> <span class='ocrx_word' id='word_1_97' title='bbox 1233 1177 1298 1233; x_wconf 91' lang='lat' dir='ltr'><strong>de</strong></span> <span class='ocrx_word' id='word_1_98' title='bbox 1320 1179 1512 1234; x_wconf 90' lang='lat' dir='ltr'><strong>abditis</strong></span> <span class='ocrx_word' id='word_1_99' title='bbox 1532 1190 1815 1247; x_wconf 91' lang='lat' dir='ltr'><strong>eruuntur,</strong></span> <span class='ocrx_word' id='word_1_100' title='bbox 1832 1179 2094 1247; x_wconf 86' lang='lat' dir='ltr'><strong>quodam-</strong></span> 
     </span>
    </p>
   </div>
   <div class='ocr_carea' id='block_1_13' title="bbox 504 1264 2096 1339">
    <p class='ocr_par' dir='ltr' id='par_1_13' title="bbox 504 1264 2096 1339">
     <span class='ocr_line' id='line_1_14' title="bbox 504 1264 2096 1339; baseline 0.004 -19"><span class='ocrx_word' id='word_1_101' title='bbox 504 1264 667 1322; x_wconf 88' lang='lat' dir='ltr'><strong>modo</strong></span> <span class='ocrx_word' id='word_1_102' title='bbox 699 1265 762 1328; x_wconf 84' lang='lat' dir='ltr'><strong>jn</strong></span> <span class='ocrx_word' id='word_1_103' title='bbox 792 1275 985 1324; x_wconf 85' lang='lat' dir='ltr'><strong>nostra</strong></span> <span class='ocrx_word' id='word_1_104' title='bbox 1007 1271 1332 1339; x_wconf 87' lang='lat' dir='ltr'><strong>cogitatione</strong></span> <span class='ocrx_word' id='word_1_105' title='bbox 1362 1281 1715 1339; x_wconf 86' lang='lat' dir='ltr'><strong>renovantur,</strong></span> <span class='ocrx_word' id='word_1_106' title='bbox 1747 1282 1800 1329; x_wconf 89' lang='lat' dir='ltr'><strong>et</strong></span> <span class='ocrx_word' id='word_1_107' title='bbox 1841 1282 2096 1329; x_wconf 82' lang='lat' dir='ltr'><strong>renovata</strong></span> 
     </span>
    </p>
   </div>
   <div class='ocr_carea' id='block_1_14' title="bbox 507 1344 2098 1440">
    <p class='ocr_par' dir='ltr' id='par_1_14' title="bbox 507 1344 2098 1440">
     <span class='ocr_line' id='line_1_15' title="bbox 507 1344 2098 1440; baseline 0.007 -30"><span class='ocrx_word' id='word_1_108' title='bbox 507 1344 840 1425; x_wconf 79' lang='lat' dir='ltr'><strong>dulcescunt,</strong></span> <span class='ocrx_word' id='word_1_109' title='bbox 870 1374 969 1416; x_wconf 89' lang='lat' dir='ltr'><strong>nec</strong></span> <span class='ocrx_word' id='word_1_110' title='bbox 989 1357 1296 1440; x_wconf 76' lang='lat' dir='ltr'><strong>invidentur</strong></span> <span class='ocrx_word' id='word_1_111' title='bbox 1324 1363 1660 1420; x_wconf 86' lang='lat' dir='ltr'><strong>discentibus</strong></span> <span class='ocrx_word' id='word_1_112' title='bbox 1683 1365 1825 1436; x_wconf 91' lang='lat' dir='ltr'><strong>quod</strong></span> <span class='ocrx_word' id='word_1_113' title='bbox 1859 1365 1944 1422; x_wconf 90' lang='lat' dir='ltr'><strong>his</strong></span> <span class='ocrx_word' id='word_1_114' title='bbox 1981 1381 2098 1421; x_wconf 85' lang='lat' dir='ltr'><strong>mo-</strong></span> 
     </span>
    </p>
   </div>
   <div class='ocr_carea' id='block_1_15' title="bbox 509 1443 2096 1532">
    <p class='ocr_par' dir='ltr' id='par_1_15' title="bbox 509 1443 2096 1532">
     <span class='ocr_line' id='line_1_16' title="bbox 509 1443 2096 1532; baseline 0.004 -21"><span class='ocrx_word' id='word_1_115' title='bbox 509 1456 591 1512; x_wconf 86' lang='lat' dir='ltr'><strong>dis</strong></span> <span class='ocrx_word' id='word_1_116' title='bbox 611 1455 993 1525; x_wconf 85' lang='lat' dir='ltr'><strong>obscurantur,</strong></span> <span class='ocrx_word' id='word_1_117' title='bbox 1024 1449 1119 1518; x_wconf 77' lang='lat' dir='ltr'><strong>sed</strong></span> <span class='ocrx_word' id='word_1_118' title='bbox 1151 1443 1600 1518; x_wconf 87' lang='lat' dir='ltr'><strong>commendantur</strong></span> <span class='ocrx_word' id='word_1_119' title='bbox 1623 1464 1833 1532; x_wconf 69' lang='lat' dir='ltr'><strong>magis;</strong></span> <span class='ocrx_word' id='word_1_120' title='bbox 1864 1471 1924 1518; x_wconf 90' lang='lat' dir='ltr'><strong>ut</strong></span> <span class='ocrx_word' id='word_1_121' title='bbox 1943 1464 2096 1532; x_wconf 86' lang='lat' dir='ltr'><strong>quasi</strong></span> 
     </span>
    </p>
   </div>
   <div class='ocr_carea' id='block_1_16' title="bbox 508 1545 2096 1634">
    <p class='ocr_par' dir='ltr' id='par_1_16' title="bbox 508 1545 2096 1634">
     <span class='ocr_line' id='line_1_17' title="bbox 508 1545 2096 1634; baseline 0.004 -31"><span class='ocrx_word' id='word_1_122' title='bbox 508 1547 781 1604; x_wconf 88' lang='lat' dir='ltr'><strong>subtracta</strong></span> <span class='ocrx_word' id='word_1_123' title='bbox 809 1551 1196 1634; x_wconf 82' lang='lat' dir='ltr'><strong>desiderentur</strong></span> <span class='ocrx_word' id='word_1_124' title='bbox 1219 1545 1518 1619; x_wconf 86' lang='lat' dir='ltr'><strong>ardentius,</strong></span> <span class='ocrx_word' id='word_1_125' title='bbox 1549 1561 1608 1608; x_wconf 91' lang='lat' dir='ltr'><strong>et</strong></span> <span class='ocrx_word' id='word_1_126' title='bbox 1637 1553 1978 1610; x_wconf 86' lang='lat' dir='ltr'><strong>inveniantur</strong></span> <span class='ocrx_word' id='word_1_127' title='bbox 2001 1553 2096 1609; x_wconf 87' lang='lat' dir='ltr'><strong>de-</strong></span> 
     </span>
    </p>
   </div>
   <div class='ocr_carea' id='block_1_17' title="bbox 406 1630 2095 1712">
    <p class='ocr_par' dir='ltr' id='par_1_17' title="bbox 406 1630 2095 1712">
     <span class='ocr_line' id='line_1_18' title="bbox 406 1630 2095 1712; baseline 0.004 -19"><span class='ocrx_word' id='word_1_128' title='bbox 406 1665 432 1709; x_wconf 63' lang='grc' dir='ltr'>χ</span> <span class='ocrx_word' id='word_1_129' title='bbox 517 1639 750 1696; x_wconf 89' lang='lat' dir='ltr'><strong>siderata</strong></span> <span class='ocrx_word' id='word_1_130' title='bbox 784 1630 1072 1712; x_wconf 76' lang='lat' dir='ltr'><strong>jucundius</strong></span> <span class='ocrx_word' id='word_1_131' title='bbox 1102 1660 1114 1697; x_wconf 91' lang='lat'><strong>:</strong></span> <span class='ocrx_word' id='word_1_132' title='bbox 1145 1631 1326 1700; x_wconf 86' lang='lat' dir='ltr'><strong>tamen</strong></span> <span class='ocrx_word' id='word_1_133' title='bbox 1353 1659 1478 1700; x_wconf 87' lang='lat' dir='ltr'><strong>vera</strong></span> <span class='ocrx_word' id='word_1_134' title='bbox 1507 1659 1614 1700; x_wconf 89' lang='lat' dir='ltr'><strong>non</strong></span> <span class='ocrx_word' id='word_1_135' title='bbox 1654 1644 1785 1704; x_wconf 79' lang='lat' dir='ltr'><strong>falsa</strong></span> <span class='ocrx_word' id='word_1_136' title='bbox 1823 1645 2095 1711; x_wconf 90' lang='lat' dir='ltr'><strong>dicuntur,</strong></span> 
     </span>
    </p>
   </div>
   <div class='ocr_carea' id='block_1_18' title="bbox 2198 439 3814 518">
    <p class='ocr_par' dir='ltr' id='par_1_18' title="bbox 2198 439 3814 518">
     <span class='ocr_line' id='line_1_19' title="bbox 2198 439 3814 518; baseline 0.004 -26"><span class='ocrx_word' id='word_1_137' title='bbox 2198 447 2387 510; x_wconf 82' lang='lat' dir='ltr'><strong>gentes</strong></span> <span class='ocrx_word' id='word_1_138' title='bbox 2421 439 2703 510; x_wconf 84' lang='lat' dir='ltr'><strong>judaizare</strong></span> <span class='ocrx_word' id='word_1_139' title='bbox 2732 442 3018 513; x_wconf 78' lang='lat' dir='ltr'><strong>cogebant,</strong></span> <span class='ocrx_word' id='word_1_140' title='bbox 3053 445 3248 501; x_wconf 75' lang='lat' dir='ltr'><strong>merito</strong></span> <span class='ocrx_word' id='word_1_141' title='bbox 3273 443 3627 518; x_wconf 82' lang='lat' dir='ltr'><strong>reprehensa</strong></span> <span class='ocrx_word' id='word_1_142' title='bbox 3657 456 3814 514; x_wconf 80' lang='lat' dir='ltr'><strong>atque</strong></span> 
     </span>
    </p>
   </div>
   <div class='ocr_carea' id='block_1_19' title="bbox 2197 529 3811 604">
    <p class='ocr_par' dir='ltr' id='par_1_19' title="bbox 2197 529 3811 604">
     <span class='ocr_line' id='line_1_20' title="bbox 2197 529 3811 604; baseline 0.004 -20"><span class='ocrx_word' id='word_1_143' title='bbox 2197 539 2449 600; x_wconf 88' lang='lat' dir='ltr'><strong>correpta</strong></span> <span class='ocrx_word' id='word_1_144' title='bbox 2496 529 2790 604; x_wconf 79' lang='lat' dir='ltr'><strong>[correcta]</strong></span> <span class='ocrx_word' id='word_1_145' title='bbox 2832 542 2935 598; x_wconf 89' lang='lat' dir='ltr'><strong>est,</strong></span> <span class='ocrx_word' id='word_1_146' title='bbox 2968 546 3022 592; x_wconf 87' lang='lat' dir='ltr'><strong>et</strong></span> <span class='ocrx_word' id='word_1_147' title='bbox 3065 552 3134 594; x_wconf 91' lang='lat' dir='ltr'><strong>ne</strong></span> <span class='ocrx_word' id='word_1_148' title='bbox 3175 546 3306 594; x_wconf 91' lang='lat' dir='ltr'><strong>tunc</strong></span> <span class='ocrx_word' id='word_1_149' title='bbox 3344 546 3624 603; x_wconf 77' lang='lat' dir='ltr'><strong>noceret,</strong></span> <span class='ocrx_word' id='word_1_150' title='bbox 3658 547 3718 592; x_wconf 87' lang='lat' dir='ltr'><strong>et</strong></span> <span class='ocrx_word' id='word_1_151' title='bbox 3749 553 3811 591; x_wconf 81' lang='lat' dir='ltr'><strong>ne</strong></span> 
     </span>
    </p>
   </div>
   <div class='ocr_carea' id='block_1_20' title="bbox 2200 623 3811 694">
    <p class='ocr_par' dir='ltr' id='par_1_20' title="bbox 2200 623 3811 694">
     <span class='ocr_line' id='line_1_21' title="bbox 2200 623 3811 694; baseline 0.006 -17"><span class='ocrx_word' id='word_1_152' title='bbox 2200 624 2439 694; x_wconf 81' lang='lat' dir='ltr'><strong>posteris</strong></span> <span class='ocrx_word' id='word_1_153' title='bbox 2482 624 2550 680; x_wconf 88' lang='lat' dir='ltr'><strong>ad</strong></span> <span class='ocrx_word' id='word_1_154' title='bbox 2581 623 2917 682; x_wconf 86' lang='lat' dir='ltr'><strong>imitandum</strong></span> <span class='ocrx_word' id='word_1_155' title='bbox 2957 630 3185 687; x_wconf 85' lang='lat' dir='ltr'><strong>valeret.</strong></span> <span class='ocrx_word' id='word_1_156' title='bbox 3215 632 3351 690; x_wconf 89' lang='lat' dir='ltr'><strong>Cum</strong></span> <span class='ocrx_word' id='word_1_157' title='bbox 3390 631 3540 687; x_wconf 78' lang='lat' dir='ltr'><strong>etiim</strong></span> <span class='ocrx_word' id='word_1_158' title='bbox 3582 629 3811 686; x_wconf 76' lang='lat' dir='ltr'><strong>vidisset</strong></span> 
     </span>
    </p>
   </div>
   <div class='ocr_carea' id='block_1_21' title="bbox 2197 716 3808 796">
    <p class='ocr_par' dir='ltr' id='par_1_21' title="bbox 2197 716 3808 796">
     <span class='ocr_line' id='line_1_22' title="bbox 2197 716 3808 796; baseline 0.006 -27"><span class='ocrx_word' id='word_1_159' title='bbox 2197 716 2475 784; x_wconf 84' lang='lat' dir='ltr'><strong>apostolus</strong></span> <span class='ocrx_word' id='word_1_160' title='bbox 2498 716 2714 787; x_wconf 88' lang='lat' dir='ltr'><strong>Paulus,</strong></span> <span class='ocrx_word' id='word_1_161' title='bbox 2745 719 2868 790; x_wconf 85' lang='lat' dir='ltr'><strong>quia</strong></span> <span class='ocrx_word' id='word_1_162' title='bbox 2900 736 2932 776; x_wconf 92' lang='lat' dir='ltr'><strong>n</strong></span> <span class='ocrx_word' id='word_1_163' title='bbox 2958 737 3007 777; x_wconf 82' lang='grc' dir='ltr'>-ιι</span> <span class='ocrx_word' id='word_1_164' title='bbox 3036 733 3185 780; x_wconf 89' lang='lat' dir='ltr'><strong>recte</strong></span> <span class='ocrx_word' id='word_1_165' title='bbox 3209 724 3600 796; x_wconf 80' lang='lat' dir='ltr'><strong>ingrediuntur</strong></span> <span class='ocrx_word' id='word_1_166' title='bbox 3627 723 3700 776; x_wconf 88' lang='lat' dir='ltr'><strong>ad</strong></span> <span class='ocrx_word' id='word_1_167' title='bbox 3723 737 3808 778; x_wconf 81' lang='lat' dir='ltr'><strong>ve-</strong></span> 
     </span>
    </p>
   </div>
   <div class='ocr_carea' id='block_1_22' title="bbox 2199 807 3806 881">
    <p class='ocr_par' dir='ltr' id='par_1_22' title="bbox 2199 807 3806 881">
     <span class='ocr_line' id='line_1_23' title="bbox 2199 807 3806 881; baseline 0.005 -19"><span class='ocrx_word' id='word_1_168' title='bbox 2199 807 2416 863; x_wconf 91' lang='lat' dir='ltr'><strong>ritatem</strong></span> <span class='ocrx_word' id='word_1_169' title='bbox 2461 807 2765 881; x_wconf 72' lang='lat' dir='ltr'><strong>Evangelii,</strong></span> <span class='ocrx_word' id='word_1_170' title='bbox 2805 810 2946 867; x_wconf 87' lang='lat' dir='ltr'><strong>dixit</strong></span> <span class='ocrx_word' id='word_1_171' title='bbox 2985 813 3148 869; x_wconf 84' lang='lat' dir='ltr'><strong>Petro</strong></span> <span class='ocrx_word' id='word_1_172' title='bbox 3185 830 3370 872; x_wconf 87' lang='lat' dir='ltr'><strong>coram</strong></span> <span class='ocrx_word' id='word_1_173' title='bbox 3403 816 3673 872; x_wconf 78' lang='lat' dir='ltr'><strong>omnibus</strong></span> <span class='ocrx_word' id='word_1_174' title='bbox 3709 834 3722 867; x_wconf 87' lang='lat'><strong>:</strong></span> <span class='ocrx_word' id='word_1_175' title='bbox 3757 815 3806 870; x_wconf 87' lang='lat' dir='ltr'><strong>Si</strong></span> 
     </span>
    </p>
   </div>
   <div class='ocr_carea' id='block_1_23' title="bbox 2200 901 3800 976">
    <p class='ocr_par' dir='ltr' id='par_1_23' title="bbox 2200 901 3800 976">
     <span class='ocr_line' id='line_1_24' title="bbox 2200 901 3800 976; baseline 0.003 -20"><span class='ocrx_word' id='word_1_176' title='bbox 2200 910 2256 956; x_wconf 92' lang='lat' dir='ltr'><strong>tu</strong></span> <span class='ocrx_word' id='word_1_177' title='bbox 2285 915 2406 957; x_wconf 91' lang='lat' dir='ltr'><strong>cum</strong></span> <span class='ocrx_word' id='word_1_178' title='bbox 2443 901 2520 956; x_wconf 87' lang='lat' dir='ltr'><strong>sis</strong></span> <span class='ocrx_word' id='word_1_179' title='bbox 2546 902 2764 959; x_wconf 68' lang='lat' dir='ltr'><strong>Judaaus</strong></span> <span class='ocrx_word' id='word_1_180' title='bbox 2785 944 2800 969; x_wconf 97' lang='lat'><strong>,</strong></span> <span class='ocrx_word' id='word_1_181' title='bbox 2841 903 3116 973; x_wconf 73' lang='lat' dir='ltr'><strong>gentiliter</strong></span> <span class='ocrx_word' id='word_1_182' title='bbox 3152 916 3210 963; x_wconf 86' lang='lat' dir='ltr'><strong>et</strong></span> <span class='ocrx_word' id='word_1_183' title='bbox 3239 923 3348 963; x_wconf 89' lang='lat' dir='ltr'><strong>non</strong></span> <span class='ocrx_word' id='word_1_184' title='bbox 3389 909 3618 976; x_wconf 76' lang='lat' dir='ltr'><strong>iudaice</strong></span> <span class='ocrx_word' id='word_1_185' title='bbox 3651 909 3800 960; x_wconf 68' lang='lat' dir='ltr'><strong>vivis.</strong></span> 
     </span>
    </p>
   </div>
   <div class='ocr_carea' id='block_1_24' title="bbox 2199 993 3805 1071">
    <p class='ocr_par' dir='ltr' id='par_1_24' title="bbox 2199 993 3805 1071">
     <span class='ocr_line' id='line_1_25' title="bbox 2199 993 3805 1071; baseline 0.003 -23"><span class='ocrx_word' id='word_1_186' title='bbox 2199 993 2473 1064; x_wconf 92' lang='lat' dir='ltr'><strong>quomodo</strong></span> <span class='ocrx_word' id='word_1_187' title='bbox 2499 1005 2689 1067; x_wconf 90' lang='lat' dir='ltr'><strong>gentes</strong></span> <span class='ocrx_word' id='word_1_188' title='bbox 2710 996 2855 1067; x_wconf 89' lang='lat' dir='ltr'><strong>cogis</strong></span> <span class='ocrx_word' id='word_1_189' title='bbox 2879 996 3200 1066; x_wconf 81' lang='lat' dir='ltr'><strong>judaiaare?</strong></span> <span class='ocrx_word' id='word_1_190' title='bbox 3227 998 3282 1055; x_wconf 93' lang='lat' dir='ltr'><strong>ld</strong></span> <span class='ocrx_word' id='word_1_191' title='bbox 3307 1012 3491 1057; x_wconf 82' lang='lat' dir='ltr'><strong>autem</strong></span> <span class='ocrx_word' id='word_1_192' title='bbox 3512 999 3669 1071; x_wconf 88' lang='lat' dir='ltr'><strong>quod</strong></span> <span class='ocrx_word' id='word_1_193' title='bbox 3695 1001 3805 1067; x_wconf 77' lang='lat' dir='ltr'><strong>ipse</strong></span> 
     </span>
    </p>
   </div>
   <div class='ocr_carea' id='block_1_25' title="bbox 2201 1085 3801 1161">
    <p class='ocr_par' dir='ltr' id='par_1_25' title="bbox 2201 1085 3801 1161">
     <span class='ocr_line' id='line_1_26' title="bbox 2201 1085 3801 1161; baseline 0.001 -20"><span class='ocrx_word' id='word_1_194' title='bbox 2201 1085 2350 1151; x_wconf 79' lang='lat' dir='ltr'><strong>fecit,</strong></span> <span class='ocrx_word' id='word_1_195' title='bbox 2366 1117 2376 1128; x_wconf 89' lang='grc'><strong><em>--</em></strong></span> <span class='ocrx_word' id='word_1_196' title='bbox 2400 1097 2460 1142; x_wconf 84' lang='grc' dir='ltr'><strong>ιιι</strong></span> <span class='ocrx_word' id='word_1_197' title='bbox 2495 1088 2757 1158; x_wconf 89' lang='lat' dir='ltr'><strong>quasdam</strong></span> <span class='ocrx_word' id='word_1_198' title='bbox 2803 1087 3216 1146; x_wconf 82' lang='lat' dir='ltr'><strong>observationes</strong></span> <span class='ocrx_word' id='word_1_199' title='bbox 3257 1090 3526 1161; x_wconf 85' lang='lat' dir='ltr'><strong>legitimas</strong></span> <span class='ocrx_word' id='word_1_200' title='bbox 3578 1092 3801 1145; x_wconf 80' lang='lat' dir='ltr'><strong>Judaica</strong></span> 
     </span>
    </p>
   </div>
   <div class='ocr_carea' id='block_1_26' title="bbox 2199 1179 3799 1251">
    <p class='ocr_par' dir='ltr' id='par_1_26' title="bbox 2199 1179 3799 1251">
     <span class='ocr_line' id='line_1_27' title="bbox 2199 1179 3799 1251; baseline -0.002 -16"><span class='ocrx_word' id='word_1_201' title='bbox 2199 1180 2592 1236; x_wconf 84' lang='lat' dir='ltr'><strong>consuetudine</strong></span> <span class='ocrx_word' id='word_1_202' title='bbox 2637 1179 2923 1236; x_wconf 86' lang='lat' dir='ltr'><strong>retinendo</strong></span> <span class='ocrx_word' id='word_1_203' title='bbox 2946 1190 3002 1236; x_wconf 88' lang='lat' dir='ltr'><strong>et</strong></span> <span class='ocrx_word' id='word_1_204' title='bbox 3025 1182 3238 1251; x_wconf 86' lang='lat' dir='ltr'><strong>agendo</strong></span> <span class='ocrx_word' id='word_1_205' title='bbox 3276 1198 3385 1238; x_wconf 88' lang='lat' dir='ltr'><strong>non</strong></span> <span class='ocrx_word' id='word_1_206' title='bbox 3428 1198 3489 1238; x_wconf 89' lang='lat' dir='ltr'><strong>se</strong></span> <span class='ocrx_word' id='word_1_207' title='bbox 3517 1184 3799 1238; x_wconf 74' lang='lat' dir='ltr'><strong>inimicum</strong></span> 
     </span>
    </p>
   </div>
   <div class='ocr_carea' id='block_1_27' title="bbox 2200 1265 3802 1341">
    <p class='ocr_par' dir='ltr' id='par_1_27' title="bbox 2200 1265 3802 1341">
     <span class='ocr_line' id='line_1_28' title="bbox 2200 1265 3802 1341; baseline 0 -17"><span class='ocrx_word' id='word_1_208' title='bbox 2200 1270 2304 1340; x_wconf 91' lang='lat' dir='ltr'><strong>legi</strong></span> <span class='ocrx_word' id='word_1_209' title='bbox 2323 1265 2722 1341; x_wconf 74' lang='lat' dir='ltr'><strong>&#39;prOphetisque</strong></span> <span class='ocrx_word' id='word_1_210' title='bbox 2770 1280 3128 1337; x_wconf 85' lang='lat' dir='ltr'><strong>monstraret,</strong></span> <span class='ocrx_word' id='word_1_211' title='bbox 3179 1271 3320 1327; x_wconf 86' lang='lat' dir='ltr'><strong>absit</strong></span> <span class='ocrx_word' id='word_1_212' title='bbox 3361 1282 3419 1327; x_wconf 92' lang='lat' dir='ltr'><strong>ut</strong></span> <span class='ocrx_word' id='word_1_213' title='bbox 3465 1272 3802 1327; x_wconf 75' lang='lat' dir='ltr'><strong>mendaciter</strong></span> 
     </span>
    </p>
   </div>
   <div class='ocr_carea' id='block_1_28' title="bbox 2199 1363 3797 1438">
    <p class='ocr_par' dir='ltr' id='par_1_28' title="bbox 2199 1363 3797 1438">
     <span class='ocr_line' id='line_1_29' title="bbox 2199 1363 3797 1438; baseline 0 -18"><span class='ocrx_word' id='word_1_214' title='bbox 2199 1378 2324 1420; x_wconf 88' lang='lat' dir='ltr'><strong>eum</strong></span> <span class='ocrx_word' id='word_1_215' title='bbox 2354 1363 2548 1421; x_wconf 77' lang='lat' dir='ltr'><strong>fecisse</strong></span> <span class='ocrx_word' id='word_1_216' title='bbox 2593 1365 2904 1437; x_wconf 84' lang='lat' dir='ltr'><strong>credamus.</strong></span> <span class='ocrx_word' id='word_1_217' title='bbox 2946 1365 3022 1422; x_wconf 89' lang='lat' dir='ltr'><strong>De</strong></span> <span class='ocrx_word' id='word_1_218' title='bbox 3062 1367 3172 1422; x_wconf 86' lang='lat' dir='ltr'><strong>hac-</strong></span> <span class='ocrx_word' id='word_1_219' title='bbox 3205 1366 3402 1438; x_wconf 86' lang='lat' dir='ltr'><strong>quippe</strong></span> <span class='ocrx_word' id='word_1_220' title='bbox 3443 1381 3502 1423; x_wconf 89' lang='lat' dir='ltr'><strong>re</strong></span> <span class='ocrx_word' id='word_1_221' title='bbox 3542 1368 3686 1421; x_wconf 83' lang='lat' dir='ltr'><strong>satis</strong></span> <span class='ocrx_word' id='word_1_222' title='bbox 3723 1379 3797 1423; x_wconf 76' lang='lat' dir='ltr'><strong>est</strong></span> 
     </span>
    </p>
   </div>
   <div class='ocr_carea' id='block_1_29' title="bbox 2200 1456 3796 1529">
    <p class='ocr_par' dir='ltr' id='par_1_29' title="bbox 2200 1456 3796 1529">
     <span class='ocr_line' id='line_1_30' title="bbox 2200 1456 3796 1529; baseline 0 -17"><span class='ocrx_word' id='word_1_223' title='bbox 2200 1456 2319 1528; x_wconf 76' lang='lat' dir='ltr'><strong>eius</strong></span> <span class='ocrx_word' id='word_1_224' title='bbox 2348 1466 2474 1513; x_wconf 91' lang='lat' dir='ltr'><strong>nota</strong></span> <span class='ocrx_word' id='word_1_225' title='bbox 2521 1459 2816 1526; x_wconf 87' lang='lat' dir='ltr'><strong>sententia,</strong></span> <span class='ocrx_word' id='word_1_226' title='bbox 2856 1458 3167 1529; x_wconf 76' lang='lat' dir='ltr'><strong>qua-fuerat</strong></span> <span class='ocrx_word' id='word_1_227' title='bbox 3197 1460 3550 1514; x_wconf 83' lang='lat' dir='ltr'><strong>constitutum</strong></span> <span class='ocrx_word' id='word_1_228' title='bbox 3584 1474 3690 1513; x_wconf 82' lang='lat' dir='ltr'><strong>nec</strong></span> <span class='ocrx_word' id='word_1_229' title='bbox 3717 1460 3796 1528; x_wconf 74' lang='lat' dir='ltr'><strong>Ju-</strong></span> 
     </span>
    </p>
   </div>
   <div class='ocr_carea' id='block_1_30' title="bbox 2201 1549 3796 1621">
    <p class='ocr_par' dir='ltr' id='par_1_30' title="bbox 2201 1549 3796 1621">
     <span class='ocr_line' id='line_1_31' title="bbox 2201 1549 3796 1621; baseline 0.002 -18"><span class='ocrx_word' id='word_1_230' title='bbox 2201 1549 2353 1605; x_wconf 81' lang='lat' dir='ltr'><strong>dacos</strong></span> <span class='ocrx_word' id='word_1_231' title='bbox 2381 1549 2475 1621; x_wconf 92' lang='lat' dir='ltr'><strong>qui</strong></span> <span class='ocrx_word' id='word_1_232' title='bbox 2512 1558 2638 1607; x_wconf 90' lang='lat' dir='ltr'><strong>tunc</strong></span> <span class='ocrx_word' id='word_1_233' title='bbox 2681 1551 2737 1606; x_wconf 90' lang='lat' dir='ltr'><strong>in</strong></span> <span class='ocrx_word' id='word_1_234' title='bbox 2768 1549 3045 1607; x_wconf 88' lang='lat' dir='ltr'><strong>Christum</strong></span> <span class='ocrx_word' id='word_1_235' title='bbox 3086 1551 3384 1607; x_wconf 86' lang='lat' dir='ltr'><strong>credebant</strong></span> <span class='ocrx_word' id='word_1_236' title='bbox 3430 1551 3796 1621; x_wconf 80' lang='lat' dir='ltr'><strong>prohibendos</strong></span> 
     </span>
    </p>
   </div>
   <div class='ocr_carea' id='block_1_31' title="bbox 2201 1644 3792 1714">
    <p class='ocr_par' dir='ltr' id='par_1_31' title="bbox 2201 1644 3792 1714">
     <span class='ocr_line' id='line_1_32' title="bbox 2201 1644 3792 1714; baseline 0 -16"><span class='ocrx_word' id='word_1_237' title='bbox 2201 1657 2325 1700; x_wconf 82' lang='lat' dir='ltr'><strong>esse</strong></span> <span class='ocrx_word' id='word_1_238' title='bbox 2367 1658 2398 1697; x_wconf 93' lang='lat' dir='ltr'><strong>a</strong></span> <span class='ocrx_word' id='word_1_239' title='bbox 2430 1644 2671 1712; x_wconf 84' lang='lat' dir='ltr'><strong>paternis</strong></span> <span class='ocrx_word' id='word_1_240' title='bbox 2718 1644 3124 1712; x_wconf 84' lang='lat' dir='ltr'><strong>traditionibus,</strong></span> <span class='ocrx_word' id='word_1_241' title='bbox 3179 1659 3280 1700; x_wconf 89' lang='lat' dir='ltr'><strong>nec</strong></span> <span class='ocrx_word' id='word_1_242' title='bbox 3318 1645 3384 1698; x_wconf 85' lang='lat' dir='ltr'><strong>ad</strong></span> <span class='ocrx_word' id='word_1_243' title='bbox 3421 1659 3513 1700; x_wconf 87' lang='lat' dir='ltr'><strong>eas</strong></span> <span class='ocrx_word' id='word_1_244' title='bbox 3541 1644 3792 1714; x_wconf 78' lang='lat' dir='ltr'><strong>gentiles.</strong></span> 
     </span>
    </p>
   </div>
   <div class='ocr_carea' id='block_1_32' title="bbox 515 1721 3789 1813">
    <p class='ocr_par' dir='ltr' id='par_1_32' title="bbox 515 1721 3789 1813">
     <span class='ocr_line' id='line_1_33' title="bbox 515 1721 3789 1813; baseline 0 -26"><span class='ocrx_word' id='word_1_245' title='bbox 515 1733 767 1813; x_wconf 86' lang='lat' dir='ltr'><strong>quoniam</strong></span> <span class='ocrx_word' id='word_1_246' title='bbox 790 1750 913 1790; x_wconf 87' lang='lat' dir='ltr'><strong>vcra</strong></span> <span class='ocrx_word' id='word_1_247' title='bbox 945 1751 1051 1792; x_wconf 91' lang='lat' dir='ltr'><strong>non</strong></span> <span class='ocrx_word' id='word_1_248' title='bbox 1077 1735 1210 1793; x_wconf 81' lang='lat' dir='ltr'><strong>lalsa</strong></span> <span class='ocrx_word' id='word_1_249' title='bbox 1239 1736 1632 1809; x_wconf 89' lang='lat' dir='ltr'><strong>signiﬁcantur,</strong></span> <span class='ocrx_word' id='word_1_250' title='bbox 1651 1752 1746 1794; x_wconf 89' lang='lat' dir='ltr'><strong>seu</strong></span> <span class='ocrx_word' id='word_1_251' title='bbox 1777 1728 1969 1807; x_wconf 83' lang='lat' dir='ltr'><strong>verbo,</strong></span> <span class='ocrx_word' id='word_1_252' title='bbox 1998 1752 2093 1793; x_wconf 87' lang='lat' dir='ltr'><strong>seu</strong></span> <span class='ocrx_word' id='word_1_253' title='bbox 2128 1742 2176 1801; x_wconf 84' lang='grc' dir='ltr'><strong>Β</strong></span> <span class='ocrx_word' id='word_1_254' title='bbox 2201 1748 2322 1788; x_wconf 89' lang='lat' dir='ltr'><strong>cum</strong></span> <span class='ocrx_word' id='word_1_255' title='bbox 2351 1732 2640 1790; x_wconf 85' lang='lat' dir='ltr'><strong>Christiani</strong></span> <span class='ocrx_word' id='word_1_256' title='bbox 2672 1721 2888 1801; x_wconf 86' lang='lat' dir='ltr'><strong>ﬁerent,</strong></span> <span class='ocrx_word' id='word_1_257' title='bbox 2917 1749 3040 1791; x_wconf 88' lang='lat' dir='ltr'><strong>esse</strong></span> <span class='ocrx_word' id='word_1_258' title='bbox 3067 1735 3365 1805; x_wconf 76' lang='lat' dir='ltr'><strong>cogendos,</strong></span> <span class='ocrx_word' id='word_1_259' title='bbox 3397 1745 3456 1790; x_wconf 90' lang='lat' dir='ltr'><strong>ut</strong></span> <span class='ocrx_word' id='word_1_260' title='bbox 3484 1736 3572 1790; x_wconf 85' lang='lat' dir='ltr'><strong>illa</strong></span> <span class='ocrx_word' id='word_1_261' title='bbox 3607 1749 3789 1790; x_wconf 80' lang='lat' dir='ltr'><strong>saera-</strong></span> 
     </span>
    </p>
   </div>
   <div class='ocr_carea' id='block_1_33' title="bbox 513 1824 2095 1900">
    <p class='ocr_par' dir='ltr' id='par_1_33' title="bbox 513 1824 2095 1900">
     <span class='ocr_line' id='line_1_34' title="bbox 513 1824 2095 1900; baseline 0.004 -25"><span class='ocrx_word' id='word_1_262' title='bbox 513 1825 671 1879; x_wconf 78' lang='lat' dir='ltr'><strong>lacto.</strong></span> <span class='ocrx_word' id='word_1_263' title='bbox 699 1824 829 1893; x_wconf 72' lang='lat' dir='ltr'><strong>Qua:</strong></span> <span class='ocrx_word' id='word_1_264' title='bbox 855 1825 1223 1896; x_wconf 84' lang='lat' dir='ltr'><strong>signiﬁcantur</strong></span> <span class='ocrx_word' id='word_1_265' title='bbox 1260 1827 1404 1883; x_wconf 89' lang='lat' dir='ltr'><strong>enim</strong></span> <span class='ocrx_word' id='word_1_266' title='bbox 1445 1828 1626 1900; x_wconf 85' lang='lat' dir='ltr'><strong>utique</strong></span> <span class='ocrx_word' id='word_1_267' title='bbox 1669 1828 1784 1898; x_wconf 87' lang='lat' dir='ltr'><strong>ipsa</strong></span> <span class='ocrx_word' id='word_1_268' title='bbox 1815 1827 2095 1884; x_wconf 88' lang='lat' dir='ltr'><strong>dicuntur:</strong></span> 
     </span>
    </p>
   </div>
   <div class='ocr_carea' id='block_1_34' title="bbox 515 1916 2099 1988">
    <p class='ocr_par' dir='ltr' id='par_1_34' title="bbox 515 1916 2099 1988">
     <span class='ocr_line' id='line_1_35' title="bbox 515 1916 2099 1988; baseline 0.004 -23"><span class='ocrx_word' id='word_1_269' title='bbox 515 1920 769 1980; x_wconf 88' lang='lat' dir='ltr'><strong>putantur</strong></span> <span class='ocrx_word' id='word_1_270' title='bbox 797 1924 974 1971; x_wconf 88' lang='lat' dir='ltr'><strong>autem</strong></span> <span class='ocrx_word' id='word_1_271' title='bbox 1005 1916 1282 1987; x_wconf 80' lang='lat' dir='ltr'><strong>mendacia</strong></span> <span class='ocrx_word' id='word_1_272' title='bbox 1315 1917 1568 1988; x_wconf 90' lang='lat' dir='ltr'><strong>quoniam</strong></span> <span class='ocrx_word' id='word_1_273' title='bbox 1603 1932 1710 1972; x_wconf 90' lang='lat' dir='ltr'><strong>non</strong></span> <span class='ocrx_word' id='word_1_274' title='bbox 1737 1932 1799 1974; x_wconf 90' lang='lat' dir='ltr'><strong>ea</strong></span> <span class='ocrx_word' id='word_1_275' title='bbox 1822 1931 1943 1988; x_wconf 65' lang='lat' dir='ltr'><strong>qua</strong></span> <span class='ocrx_word' id='word_1_276' title='bbox 1974 1932 2099 1973; x_wconf 74' lang='lat' dir='ltr'><strong>vera</strong></span> 
     </span>
    </p>
   </div>
   <div class='ocr_carea' id='block_1_35' title="bbox 517 2004 2097 2079">
    <p class='ocr_par' dir='ltr' id='par_1_35' title="bbox 517 2004 2097 2079">
     <span class='ocr_line' id='line_1_36' title="bbox 517 2004 2097 2079; baseline 0.002 -20"><span class='ocrx_word' id='word_1_277' title='bbox 517 2004 891 2074; x_wconf 82' lang='lat' dir='ltr'><strong>signiﬁcantur</strong></span> <span class='ocrx_word' id='word_1_278' title='bbox 935 2006 1076 2062; x_wconf 84' lang='lat' dir='ltr'><strong>dicta</strong></span> <span class='ocrx_word' id='word_1_279' title='bbox 1123 2008 1510 2077; x_wconf 84' lang='lat' dir='ltr'><strong>intelliguntur,</strong></span> <span class='ocrx_word' id='word_1_280' title='bbox 1564 2009 1658 2067; x_wconf 88' lang='lat' dir='ltr'><strong>sed</strong></span> <span class='ocrx_word' id='word_1_281' title='bbox 1707 2025 1767 2064; x_wconf 88' lang='lat' dir='ltr'><strong>ea</strong></span> <span class='ocrx_word' id='word_1_282' title='bbox 1808 2025 1929 2079; x_wconf 65' lang='lat' dir='ltr'><strong>quae</strong></span> <span class='ocrx_word' id='word_1_283' title='bbox 1968 2010 2097 2064; x_wconf 77' lang='lat' dir='ltr'><strong>falsa</strong></span> 
     </span>
    </p>
   </div>
   <div class='ocr_carea' id='block_1_36' title="bbox 515 2097 2096 2170">
    <p class='ocr_par' dir='ltr' id='par_1_36' title="bbox 515 2097 2096 2170">
     <span class='ocr_line' id='line_1_37' title="bbox 515 2097 2096 2170; baseline 0.004 -22"><span class='ocrx_word' id='word_1_284' title='bbox 515 2104 641 2152; x_wconf 90' lang='lat' dir='ltr'><strong>sunt</strong></span> <span class='ocrx_word' id='word_1_285' title='bbox 657 2097 794 2152; x_wconf 88' lang='lat' dir='ltr'><strong>dicta</strong></span> <span class='ocrx_word' id='word_1_286' title='bbox 808 2112 927 2153; x_wconf 88' lang='lat' dir='ltr'><strong>esse</strong></span> <span class='ocrx_word' id='word_1_287' title='bbox 939 2098 1251 2154; x_wconf 90' lang='lat' dir='ltr'><strong>creduntur.</strong></span> <span class='ocrx_word' id='word_1_288' title='bbox 1275 2099 1387 2155; x_wconf 91' lang='lat' dir='ltr'><strong>lloc</strong></span> <span class='ocrx_word' id='word_1_289' title='bbox 1406 2100 1733 2170; x_wconf 89' lang='lat' dir='ltr'><strong>utexemplis</strong></span> <span class='ocrx_word' id='word_1_290' title='bbox 1755 2101 1844 2154; x_wconf 91' lang='lat' dir='ltr'><strong>ﬁat</strong></span> <span class='ocrx_word' id='word_1_291' title='bbox 1862 2101 2096 2170; x_wconf 64' lang='lat' dir='ltr'><strong>planius,</strong></span> 
     </span>
    </p>
   </div>
   <div class='ocr_carea' id='block_1_37' title="bbox 476 2175 2099 2257">
    <p class='ocr_par' dir='ltr' id='par_1_37' title="bbox 476 2175 2099 2257">
     <span class='ocr_line' id='line_1_38' title="bbox 476 2175 2099 2257; baseline 0.006 -20"><span class='ocrx_word' id='word_1_292' title='bbox 476 2192 480 2199; x_wconf 85' lang='lat'>&#39;</span> <span class='ocrx_word' id='word_1_293' title='bbox 520 2183 574 2240; x_wconf 91' lang='lat' dir='ltr'><strong>id</strong></span> <span class='ocrx_word' id='word_1_294' title='bbox 618 2187 791 2255; x_wconf 89' lang='lat' dir='ltr'><strong>ipsum</strong></span> <span class='ocrx_word' id='word_1_295' title='bbox 837 2187 977 2257; x_wconf 89' lang='lat' dir='ltr'><strong>quod</strong></span> <span class='ocrx_word' id='word_1_296' title='bbox 1012 2187 1178 2244; x_wconf 84' lang='lat' dir='ltr'><strong>Jacob</strong></span> <span class='ocrx_word' id='word_1_297' title='bbox 1216 2175 1344 2245; x_wconf 73' lang='lat' dir='ltr'><strong>fecit</strong></span> <span class='ocrx_word' id='word_1_298' title='bbox 1378 2190 1614 2246; x_wconf 90' lang='lat' dir='ltr'><strong>attende.</strong></span> <span class='ocrx_word' id='word_1_299' title='bbox 1673 2189 1912 2246; x_wconf 67' lang='lat' dir='ltr'><strong>llwdinis</strong></span> <span class='ocrx_word' id='word_1_300' title='bbox 1950 2202 2099 2247; x_wconf 88' lang='lat' dir='ltr'><strong>certe</strong></span> 
     </span>
    </p>
   </div>
   <div class='ocr_carea' id='block_1_38' title="bbox 516 2273 2100 2353">
    <p class='ocr_par' dir='ltr' id='par_1_38' title="bbox 516 2273 2100 2353">
     <span class='ocr_line' id='line_1_39' title="bbox 516 2273 2100 2353; baseline 0.004 -22"><span class='ocrx_word' id='word_1_301' title='bbox 516 2276 742 2346; x_wconf 88' lang='lat' dir='ltr'><strong>pellibus</strong></span> <span class='ocrx_word' id='word_1_302' title='bbox 768 2278 1008 2335; x_wconf 85' lang='lat' dir='ltr'><strong>membra</strong></span> <span class='ocrx_word' id='word_1_303' title='bbox 1037 2281 1274 2335; x_wconf 80' lang='lat' dir='ltr'><strong>contexit</strong></span> <span class='ocrx_word' id='word_1_304' title='bbox 1300 2298 1314 2335; x_wconf 87' lang='lat'><strong>:</strong></span> <span class='ocrx_word' id='word_1_305' title='bbox 1349 2283 1392 2336; x_wconf 87' lang='lat' dir='ltr'><strong>si</strong></span> <span class='ocrx_word' id='word_1_306' title='bbox 1422 2296 1638 2337; x_wconf 87' lang='lat' dir='ltr'><strong>causam</strong></span> <span class='ocrx_word' id='word_1_307' title='bbox 1674 2273 1973 2353; x_wconf 75' lang='lat' dir='ltr'><strong>proximam</strong></span> <span class='ocrx_word' id='word_1_308' title='bbox 2015 2299 2100 2338; x_wconf 83' lang='lat' dir='ltr'><strong>re-</strong></span> 
     </span>
    </p>
   </div>
   <div class='ocr_carea' id='block_1_39' title="bbox 515 2356 2101 2443">
    <p class='ocr_par' dir='ltr' id='par_1_39' title="bbox 515 2356 2101 2443">
     <span class='ocr_line' id='line_1_40' title="bbox 515 2356 2101 2443; baseline 0.005 -20"><span class='ocrx_word' id='word_1_309' title='bbox 515 2370 808 2439; x_wconf 91' lang='lat' dir='ltr'><strong>quiramus,</strong></span> <span class='ocrx_word' id='word_1_310' title='bbox 862 2356 1146 2427; x_wconf 86' lang='lat' dir='ltr'><strong>mentitum</strong></span> <span class='ocrx_word' id='word_1_311' title='bbox 1189 2364 1518 2443; x_wconf 79' lang='lat' dir='ltr'><strong>putabimus,</strong></span> <span class='ocrx_word' id='word_1_312' title='bbox 1570 2374 1672 2430; x_wconf 85' lang='lat' dir='ltr'><strong>hoc</strong></span> <span class='ocrx_word' id='word_1_313' title='bbox 1697 2375 1845 2430; x_wconf 89' lang='lat' dir='ltr'><strong>enim</strong></span> <span class='ocrx_word' id='word_1_314' title='bbox 1886 2375 2012 2431; x_wconf 80' lang='lat' dir='ltr'><strong>fecit</strong></span> <span class='ocrx_word' id='word_1_315' title='bbox 2042 2384 2101 2431; x_wconf 91' lang='lat' dir='ltr'><strong>ut</strong></span> 
     </span>
    </p>
   </div>
   <div class='ocr_carea' id='block_1_40' title="bbox 515 2451 2098 2535">
    <p class='ocr_par' dir='ltr' id='par_1_40' title="bbox 515 2451 2098 2535">
     <span class='ocr_line' id='line_1_41' title="bbox 515 2451 2098 2535; baseline 0.004 -20"><span class='ocrx_word' id='word_1_316' title='bbox 515 2451 792 2531; x_wconf 83' lang='lat' dir='ltr'><strong>putaretur</strong></span> <span class='ocrx_word' id='word_1_317' title='bbox 833 2477 952 2519; x_wconf 87' lang='lat' dir='ltr'><strong>esse</strong></span> <span class='ocrx_word' id='word_1_318' title='bbox 978 2463 1087 2535; x_wconf 85' lang='lat' dir='ltr'><strong>qui</strong></span> <span class='ocrx_word' id='word_1_319' title='bbox 1119 2465 1226 2520; x_wconf 79' lang='lat' dir='ltr'><strong>non</strong></span> <span class='ocrx_word' id='word_1_320' title='bbox 1255 2474 1392 2520; x_wconf 88' lang='lat' dir='ltr'><strong>erat.</strong></span> <span class='ocrx_word' id='word_1_321' title='bbox 1426 2466 1482 2522; x_wconf 82' lang='lat' dir='ltr'><strong>Si</strong></span> <span class='ocrx_word' id='word_1_322' title='bbox 1509 2476 1692 2522; x_wconf 87' lang='lat' dir='ltr'><strong>autem</strong></span> <span class='ocrx_word' id='word_1_323' title='bbox 1742 2467 1844 2522; x_wconf 87' lang='lat' dir='ltr'><strong>hoc</strong></span> <span class='ocrx_word' id='word_1_324' title='bbox 1895 2465 2098 2522; x_wconf 82' lang='lat' dir='ltr'><strong>factum</strong></span> 
     </span>
    </p>
   </div>
   <div class='ocr_carea' id='block_1_41' title="bbox 515 2552 2097 2627">
    <p class='ocr_par' dir='ltr' id='par_1_41' title="bbox 515 2552 2097 2627">
     <span class='ocr_line' id='line_1_42' title="bbox 515 2552 2097 2627; baseline 0.004 -21"><span class='ocrx_word' id='word_1_325' title='bbox 515 2552 581 2608; x_wconf 87' lang='lat' dir='ltr'><strong>ad</strong></span> <span class='ocrx_word' id='word_1_326' title='bbox 613 2552 753 2609; x_wconf 75' lang='lat' dir='ltr'><strong>illud&quot;</strong></span> <span class='ocrx_word' id='word_1_327' title='bbox 777 2564 994 2625; x_wconf 86' lang='lat' dir='ltr'><strong>propter</strong></span> <span class='ocrx_word' id='word_1_328' title='bbox 1037 2556 1178 2626; x_wconf 90' lang='lat' dir='ltr'><strong>quod</strong></span> <span class='ocrx_word' id='word_1_329' title='bbox 1227 2556 1635 2627; x_wconf 89' lang='lat' dir='ltr'><strong>signiﬁcandum</strong></span> <span class='ocrx_word' id='word_1_330' title='bbox 1667 2572 1856 2612; x_wconf 81' lang='lat' dir='ltr'><strong>revera</strong></span> <span class='ocrx_word' id='word_1_331' title='bbox 1901 2557 2097 2612; x_wconf 81' lang='lat' dir='ltr'><strong>factum</strong></span> 
     </span>
    </p>
   </div>
   <div class='ocr_carea' id='block_1_42' title="bbox 517 2647 2101 2720">
    <p class='ocr_par' dir='ltr' id='par_1_42' title="bbox 517 2647 2101 2720">
     <span class='ocr_line' id='line_1_43' title="bbox 517 2647 2101 2720; baseline 0.003 -20"><span class='ocrx_word' id='word_1_332' title='bbox 517 2655 601 2701; x_wconf 91' lang='lat' dir='ltr'><strong>est</strong></span> <span class='ocrx_word' id='word_1_333' title='bbox 647 2647 955 2715; x_wconf 81' lang='lat' dir='ltr'><strong>referatur,</strong></span> <span class='ocrx_word' id='word_1_334' title='bbox 1007 2664 1104 2720; x_wconf 87' lang='lat' dir='ltr'><strong>per</strong></span> <span class='ocrx_word' id='word_1_335' title='bbox 1157 2647 1395 2704; x_wconf 66' lang='lat' dir='ltr'><strong>haedinas</strong></span> <span class='ocrx_word' id='word_1_336' title='bbox 1452 2649 1621 2718; x_wconf 87' lang='lat' dir='ltr'><strong>pelles</strong></span> <span class='ocrx_word' id='word_1_337' title='bbox 1676 2658 1938 2720; x_wconf 89' lang='lat' dir='ltr'><strong>peccata,</strong></span> <span class='ocrx_word' id='word_1_338' title='bbox 2004 2665 2101 2720; x_wconf 89' lang='lat' dir='ltr'><strong>per</strong></span> 
     </span>
    </p>
   </div>
   <div class='ocr_carea' id='block_1_43' title="bbox 518 2738 2100 2810">
    <p class='ocr_par' dir='ltr' id='par_1_43' title="bbox 518 2738 2100 2810">
     <span class='ocr_line' id='line_1_44' title="bbox 518 2738 2100 2810; baseline 0.004 -19"><span class='ocrx_word' id='word_1_339' title='bbox 518 2751 642 2794; x_wconf 87' lang='lat' dir='ltr'><strong>cum</strong></span> <span class='ocrx_word' id='word_1_340' title='bbox 717 2752 845 2793; x_wconf 90' lang='lat' dir='ltr'><strong>vero</strong></span> <span class='ocrx_word' id='word_1_341' title='bbox 912 2739 1000 2808; x_wconf 85' lang='lat' dir='ltr'><strong>qui</strong></span> <span class='ocrx_word' id='word_1_342' title='bbox 1070 2738 1147 2794; x_wconf 89' lang='lat' dir='ltr'><strong>eis</strong></span> <span class='ocrx_word' id='word_1_343' title='bbox 1210 2752 1270 2794; x_wconf 89' lang='lat' dir='ltr'><strong>se</strong></span> <span class='ocrx_word' id='word_1_344' title='bbox 1334 2740 1546 2808; x_wconf 84' lang='lat' dir='ltr'><strong>operuit</strong></span> <span class='ocrx_word' id='word_1_345' title='bbox 1602 2740 1694 2796; x_wconf 87' lang='lat' dir='ltr'><strong>ille</strong></span> <span class='ocrx_word' id='word_1_346' title='bbox 1766 2739 2100 2810; x_wconf 73' lang='lat' dir='ltr'><strong>signiﬁcatus</strong></span> 
     </span>
    </p>
   </div>
   <div class='ocr_carea' id='block_1_44' title="bbox 520 2832 2098 2908">
    <p class='ocr_par' dir='ltr' id='par_1_44' title="bbox 520 2832 2098 2908">
     <span class='ocr_line' id='line_1_45' title="bbox 520 2832 2098 2908; baseline 0.003 -24"><span class='ocrx_word' id='word_1_347' title='bbox 520 2839 607 2908; x_wconf 86' lang='lat' dir='ltr'><strong>est</strong></span> <span class='ocrx_word' id='word_1_348' title='bbox 647 2832 735 2900; x_wconf 88' lang='lat' dir='ltr'><strong>qui</strong></span> <span class='ocrx_word' id='word_1_349' title='bbox 793 2846 898 2886; x_wconf 91' lang='lat' dir='ltr'><strong>non</strong></span> <span class='ocrx_word' id='word_1_350' title='bbox 961 2846 1096 2898; x_wconf 91' lang='lat' dir='ltr'><strong>sua,</strong></span> <span class='ocrx_word' id='word_1_351' title='bbox 1165 2833 1256 2888; x_wconf 88' lang='lat' dir='ltr'><strong>sed</strong></span> <span class='ocrx_word' id='word_1_352' title='bbox 1330 2833 1500 2890; x_wconf 88' lang='lat' dir='ltr'><strong>aliena</strong></span> <span class='ocrx_word' id='word_1_353' title='bbox 1570 2844 1791 2906; x_wconf 88' lang='lat' dir='ltr'><strong>peccata</strong></span> <span class='ocrx_word' id='word_1_354' title='bbox 1845 2837 2098 2905; x_wconf 84' lang='lat' dir='ltr'><strong>portavit.</strong></span> 
     </span>
    </p>
   </div>
   <div class='ocr_carea' id='block_1_45' title="bbox 519 2917 2102 2994">
    <p class='ocr_par' dir='ltr' id='par_1_45' title="bbox 519 2917 2102 2994">
     <span class='ocr_line' id='line_1_46' title="bbox 519 2917 2102 2994; baseline 0.004 -18"><span class='ocrx_word' id='word_1_355' title='bbox 519 2921 696 2977; x_wconf 81' lang='lat' dir='ltr'><strong>Verax</strong></span> <span class='ocrx_word' id='word_1_356' title='bbox 721 2936 851 2993; x_wconf 90' lang='lat' dir='ltr'><strong>ergo</strong></span> <span class='ocrx_word' id='word_1_357' title='bbox 878 2923 1195 2994; x_wconf 85' lang='lat' dir='ltr'><strong>signiﬁcatio</strong></span> <span class='ocrx_word' id='word_1_358' title='bbox 1224 2925 1369 2979; x_wconf 86' lang='lat' dir='ltr'><strong>nullo</strong></span> <span class='ocrx_word' id='word_1_359' title='bbox 1398 2925 1556 2981; x_wconf 91' lang='lat' dir='ltr'><strong>modo</strong></span> <span class='ocrx_word' id='word_1_360' title='bbox 1587 2926 1925 2982; x_wconf 88' lang='lat' dir='ltr'><strong>mendacium</strong></span> <span class='ocrx_word' id='word_1_361' title='bbox 1953 2917 2102 2982; x_wconf 86' lang='lat' dir='ltr'><strong>recte</strong></span> 
     </span>
    </p>
   </div>
   <div class='ocr_carea' id='block_1_46' title="bbox 519 3013 2100 3084">
    <p class='ocr_par' dir='ltr' id='par_1_46' title="bbox 519 3013 2100 3084">
     <span class='ocr_line' id='line_1_47' title="bbox 519 3013 2100 3084; baseline 0.006 -16"><span class='ocrx_word' id='word_1_362' title='bbox 519 3013 624 3071; x_wconf 90' lang='lat' dir='ltr'><strong>dici</strong></span> <span class='ocrx_word' id='word_1_363' title='bbox 653 3023 847 3084; x_wconf 88' lang='lat' dir='ltr'><strong>potest.</strong></span> <span class='ocrx_word' id='word_1_364' title='bbox 885 3015 950 3072; x_wconf 91' lang='lat' dir='ltr'><strong>Ut</strong></span> <span class='ocrx_word' id='word_1_365' title='bbox 976 3024 1155 3071; x_wconf 88' lang='lat' dir='ltr'><strong>autem</strong></span> <span class='ocrx_word' id='word_1_366' title='bbox 1199 3017 1251 3072; x_wconf 89' lang='lat' dir='ltr'><strong>in</strong></span> <span class='ocrx_word' id='word_1_367' title='bbox 1290 3017 1429 3074; x_wconf 78' lang='lat' dir='ltr'><strong>facto</strong></span> <span class='ocrx_word' id='word_1_368' title='bbox 1459 3021 1530 3074; x_wconf 88' lang='lat' dir='ltr'><strong>ita</strong></span> <span class='ocrx_word' id='word_1_369' title='bbox 1574 3028 1629 3076; x_wconf 91' lang='lat' dir='ltr'><strong>et</strong></span> <span class='ocrx_word' id='word_1_370' title='bbox 1664 3021 1717 3076; x_wconf 92' lang='lat' dir='ltr'><strong>in</strong></span> <span class='ocrx_word' id='word_1_371' title='bbox 1746 3021 1931 3078; x_wconf 88' lang='lat' dir='ltr'><strong>verbo.</strong></span> <span class='ocrx_word' id='word_1_372' title='bbox 1969 3021 2100 3077; x_wconf 84' lang='lat' dir='ltr'><strong>Nam</strong></span> 
     </span>
    </p>
   </div>
   <div class='ocr_carea' id='block_1_47' title="bbox 2206 1824 3788 1896">
    <p class='ocr_par' dir='ltr' id='par_1_47' title="bbox 2206 1824 3788 1896">
     <span class='ocr_line' id='line_1_48' title="bbox 2206 1824 3788 1896; baseline 0.001 -18"><span class='ocrx_word' id='word_1_373' title='bbox 2206 1832 2383 1879; x_wconf 88' lang='lat' dir='ltr'><strong>menta</strong></span> <span class='ocrx_word' id='word_1_374' title='bbox 2428 1840 2549 1896; x_wconf 75' lang='lat' dir='ltr'><strong>qute</strong></span> <span class='ocrx_word' id='word_1_375' title='bbox 2586 1824 2844 1880; x_wconf 87' lang='lat' dir='ltr'><strong>divinitus</strong></span> <span class='ocrx_word' id='word_1_376' title='bbox 2892 1835 3161 1896; x_wconf 67' lang='lat' dir='ltr'><strong>praecepta</strong></span> <span class='ocrx_word' id='word_1_377' title='bbox 3201 1841 3326 1882; x_wconf 84' lang='lat' dir='ltr'><strong>esse</strong></span> <span class='ocrx_word' id='word_1_378' title='bbox 3367 1837 3646 1882; x_wconf 82' lang='lat' dir='ltr'><strong>constaret</strong></span> <span class='ocrx_word' id='word_1_379' title='bbox 3693 1844 3788 1880; x_wconf 85' lang='lat' dir='ltr'><strong>non</strong></span> 
     </span>
    </p>
   </div>
   <div class='ocr_carea' id='block_1_48' title="bbox 2206 1917 3789 1989">
    <p class='ocr_par' dir='ltr' id='par_1_48' title="bbox 2206 1917 3789 1989">
     <span class='ocr_line' id='line_1_49' title="bbox 2206 1917 3789 1989; baseline 0.001 -19"><span class='ocrx_word' id='word_1_380' title='bbox 2206 1923 2456 1986; x_wconf 87' lang='lat' dir='ltr'><strong>tanquam</strong></span> <span class='ocrx_word' id='word_1_381' title='bbox 2498 1918 2780 1988; x_wconf 86' lang='lat' dir='ltr'><strong>sacrilegia</strong></span> <span class='ocrx_word' id='word_1_382' title='bbox 2826 1917 3160 1988; x_wconf 70' lang='lat' dir='ltr'><strong>ingerentur,</strong></span> <span class='ocrx_word' id='word_1_383' title='bbox 3195 1934 3296 1974; x_wconf 89' lang='lat' dir='ltr'><strong>nec</strong></span> <span class='ocrx_word' id='word_1_384' title='bbox 3329 1930 3507 1974; x_wconf 89' lang='lat' dir='ltr'><strong>tamen</strong></span> <span class='ocrx_word' id='word_1_385' title='bbox 3539 1931 3789 1989; x_wconf 83' lang='lat' dir='ltr'><strong>putaren-</strong></span> 
     </span>
    </p>
   </div>
   <div class='ocr_carea' id='block_1_49' title="bbox 2205 2005 3786 2079">
    <p class='ocr_par' dir='ltr' id='par_1_49' title="bbox 2205 2005 3786 2079">
     <span class='ocr_line' id='line_1_50' title="bbox 2205 2005 3786 2079; baseline 0.003 -20"><span class='ocrx_word' id='word_1_386' title='bbox 2205 2013 2290 2059; x_wconf 86' lang='lat' dir='ltr'><strong>tur</strong></span> <span class='ocrx_word' id='word_1_387' title='bbox 2319 2005 2398 2062; x_wconf 92' lang='lat' dir='ltr'><strong>sic</strong></span> <span class='ocrx_word' id='word_1_388' title='bbox 2427 2007 2730 2062; x_wconf 85' lang='lat' dir='ltr'><strong>necessaria</strong></span> <span class='ocrx_word' id='word_1_389' title='bbox 2749 2047 2766 2074; x_wconf 95' lang='lat'><strong>,</strong></span> <span class='ocrx_word' id='word_1_390' title='bbox 2792 2007 2906 2079; x_wconf 85' lang='lat' dir='ltr'><strong>jam</strong></span> <span class='ocrx_word' id='word_1_391' title='bbox 2948 2007 3103 2063; x_wconf 85' lang='lat' dir='ltr'><strong>Novo</strong></span> <span class='ocrx_word' id='word_1_392' title='bbox 3141 2009 3495 2065; x_wconf 85' lang='lat' dir='ltr'><strong>Testamento</strong></span> <span class='ocrx_word' id='word_1_393' title='bbox 3523 2014 3786 2070; x_wconf 83' lang='lat' dir='ltr'><strong>revelato.</strong></span> 
     </span>
    </p>
   </div>
   <div class='ocr_carea' id='block_1_50' title="bbox 2204 2097 3784 2170">
    <p class='ocr_par' dir='ltr' id='par_1_50' title="bbox 2204 2097 3784 2170">
     <span class='ocr_line' id='line_1_51' title="bbox 2204 2097 3784 2170; baseline 0.003 -21"><span class='ocrx_word' id='word_1_394' title='bbox 2204 2104 2457 2165; x_wconf 83' lang='lat' dir='ltr'><strong>tanquam</strong></span> <span class='ocrx_word' id='word_1_395' title='bbox 2480 2097 2599 2153; x_wconf 88' lang='lat' dir='ltr'><strong>sine</strong></span> <span class='ocrx_word' id='word_1_396' title='bbox 2622 2097 2707 2153; x_wconf 90' lang='lat' dir='ltr'><strong>his</strong></span> <span class='ocrx_word' id='word_1_397' title='bbox 2732 2099 3043 2170; x_wconf 88' lang='lat' dir='ltr'><strong>quicunque</strong></span> <span class='ocrx_word' id='word_1_398' title='bbox 3067 2109 3512 2156; x_wconf 83' lang='lat' dir='ltr'><strong>converterentur</strong></span> <span class='ocrx_word' id='word_1_399' title='bbox 3531 2103 3598 2156; x_wconf 88' lang='lat' dir='ltr'><strong>ad</strong></span> <span class='ocrx_word' id='word_1_400' title='bbox 3632 2103 3784 2156; x_wconf 76' lang='grc' dir='ltr'>ῡευιιι</span> 
     </span>
    </p>
   </div>
   <div class='ocr_carea' id='block_1_51' title="bbox 2202 2184 3787 2262">
    <p class='ocr_par' dir='ltr' id='par_1_51' title="bbox 2202 2184 3787 2262">
     <span class='ocr_line' id='line_1_52' title="bbox 2202 2184 3787 2262; baseline 0.006 -24"><span class='ocrx_word' id='word_1_401' title='bbox 2202 2184 2334 2239; x_wconf 84' lang='lat' dir='ltr'><strong>salvi</strong></span> <span class='ocrx_word' id='word_1_402' title='bbox 2365 2199 2487 2241; x_wconf 89' lang='lat' dir='ltr'><strong>esse</strong></span> <span class='ocrx_word' id='word_1_403' title='bbox 2516 2201 2621 2241; x_wconf 92' lang='lat' dir='ltr'><strong>non</strong></span> <span class='ocrx_word' id='word_1_404' title='bbox 2652 2198 2893 2257; x_wconf 84' lang='lat' dir='ltr'><strong>possent.</strong></span> <span class='ocrx_word' id='word_1_405' title='bbox 2928 2189 3098 2245; x_wconf 84' lang='lat' dir='ltr'><strong>Erant</strong></span> <span class='ocrx_word' id='word_1_406' title='bbox 3119 2191 3262 2246; x_wconf 88' lang='lat' dir='ltr'><strong>enim</strong></span> <span class='ocrx_word' id='word_1_407' title='bbox 3291 2192 3384 2262; x_wconf 89' lang='lat' dir='ltr'><strong>qui</strong></span> <span class='ocrx_word' id='word_1_408' title='bbox 3416 2191 3515 2246; x_wconf 88' lang='lat' dir='ltr'><strong>hoc</strong></span> <span class='ocrx_word' id='word_1_409' title='bbox 3537 2195 3787 2262; x_wconf 56' lang='lat' dir='ltr'><strong>putabant</strong></span> 
     </span>
    </p>
   </div>
   <div class='ocr_carea' id='block_1_52' title="bbox 2201 2279 3784 2354">
    <p class='ocr_par' dir='ltr' id='par_1_52' title="bbox 2201 2279 3784 2354">
     <span class='ocr_line' id='line_1_53' title="bbox 2201 2279 3784 2354; baseline 0.003 -22"><span class='ocrx_word' id='word_1_410' title='bbox 2201 2286 2362 2345; x_wconf 90' lang='lat' dir='ltr'><strong>atque</strong></span> <span class='ocrx_word' id='word_1_411' title='bbox 2412 2279 2810 2348; x_wconf 82' lang='lat' dir='ltr'><strong>praedicabant,</strong></span> <span class='ocrx_word' id='word_1_412' title='bbox 2870 2281 3116 2352; x_wconf 88' lang='lat' dir='ltr'><strong>quamvis</strong></span> <span class='ocrx_word' id='word_1_413' title='bbox 3169 2283 3279 2353; x_wconf 84' lang='lat' dir='ltr'><strong>jam</strong></span> <span class='ocrx_word' id='word_1_414' title='bbox 3333 2295 3549 2354; x_wconf 86' lang='lat' dir='ltr'><strong>recepto</strong></span> <span class='ocrx_word' id='word_1_415' title='bbox 3594 2285 3784 2339; x_wconf 78' lang='lat' dir='ltr'><strong>Christi</strong></span> 
     </span>
    </p>
   </div>
   <div class='ocr_carea' id='block_1_53' title="bbox 2207 2367 3786 2440">
    <p class='ocr_par' dir='ltr' id='par_1_53' title="bbox 2207 2367 3786 2440">
     <span class='ocr_line' id='line_1_54' title="bbox 2207 2367 3786 2440; baseline 0.005 -19"><span class='ocrx_word' id='word_1_416' title='bbox 2207 2367 2518 2440; x_wconf 72' lang='lat' dir='ltr'><strong>Evangelio,</strong></span> <span class='ocrx_word' id='word_1_417' title='bbox 2565 2379 2620 2426; x_wconf 88' lang='lat' dir='ltr'><strong>et</strong></span> <span class='ocrx_word' id='word_1_418' title='bbox 2657 2372 2737 2428; x_wconf 87' lang='lat' dir='ltr'><strong>eis</strong></span> <span class='ocrx_word' id='word_1_419' title='bbox 2780 2373 3034 2430; x_wconf 91' lang='lat' dir='ltr'><strong>simulate</strong></span> <span class='ocrx_word' id='word_1_420' title='bbox 3076 2385 3468 2431; x_wconf 85' lang='lat' dir='ltr'><strong>consenserant</strong></span> <span class='ocrx_word' id='word_1_421' title='bbox 3512 2376 3700 2432; x_wconf 76' lang='lat' dir='ltr'><strong>Petrus</strong></span> <span class='ocrx_word' id='word_1_422' title='bbox 3741 2387 3786 2429; x_wconf 79' lang='lat' dir='ltr'><strong>et</strong></span> 
     </span>
    </p>
   </div>
   <div class='ocr_carea' id='block_1_54' title="bbox 2205 2458 3780 2534">
    <p class='ocr_par' dir='ltr' id='par_1_54' title="bbox 2205 2458 3780 2534">
     <span class='ocr_line' id='line_1_55' title="bbox 2205 2458 3780 2534; baseline 0.005 -23"><span class='ocrx_word' id='word_1_423' title='bbox 2205 2458 2477 2515; x_wconf 85' lang='lat' dir='ltr'><strong>Barnabas</strong></span> <span class='ocrx_word' id='word_1_424' title='bbox 2511 2473 2524 2517; x_wconf 91' lang='lat'><strong>:</strong></span> <span class='ocrx_word' id='word_1_425' title='bbox 2557 2461 2788 2532; x_wconf 84' lang='lat' dir='ltr'><strong>ideoque</strong></span> <span class='ocrx_word' id='word_1_426' title='bbox 2836 2463 3103 2534; x_wconf 84' lang='lat' dir='ltr'><strong>cogebant</strong></span> <span class='ocrx_word' id='word_1_427' title='bbox 3153 2475 3346 2534; x_wconf 79' lang='lat' dir='ltr'><strong>gentes</strong></span> <span class='ocrx_word' id='word_1_428' title='bbox 3388 2465 3678 2534; x_wconf 81' lang='lat' dir='ltr'><strong>judaizare.</strong></span> <span class='ocrx_word' id='word_1_429' title='bbox 3735 2470 3780 2520; x_wconf 79' lang='lat' dir='ltr'><strong>ld</strong></span> 
     </span>
    </p>
   </div>
   <div class='ocr_carea' id='block_1_55' title="bbox 2203 2551 3782 2627">
    <p class='ocr_par' dir='ltr' id='par_1_55' title="bbox 2203 2551 3782 2627">
     <span class='ocr_line' id='line_1_56' title="bbox 2203 2551 3782 2627; baseline 0.004 -21"><span class='ocrx_word' id='word_1_430' title='bbox 2203 2559 2319 2606; x_wconf 91' lang='lat' dir='ltr'><strong>erat</strong></span> <span class='ocrx_word' id='word_1_431' title='bbox 2348 2551 2488 2606; x_wconf 89' lang='lat' dir='ltr'><strong>enim</strong></span> <span class='ocrx_word' id='word_1_432' title='bbox 2521 2567 2748 2624; x_wconf 85' lang='lat' dir='ltr'><strong>cogere,</strong></span> <span class='ocrx_word' id='word_1_433' title='bbox 2780 2554 2860 2610; x_wconf 85' lang='lat' dir='ltr'><strong>sic</strong></span> <span class='ocrx_word' id='word_1_434' title='bbox 2889 2570 2950 2612; x_wconf 91' lang='lat' dir='ltr'><strong>ea</strong></span> <span class='ocrx_word' id='word_1_435' title='bbox 2983 2557 3292 2612; x_wconf 83' lang='lat' dir='ltr'><strong>necessaria</strong></span> <span class='ocrx_word' id='word_1_436' title='bbox 3326 2559 3637 2627; x_wconf 64' lang='lat' dir='ltr'><strong>praedicare.</strong></span> <span class='ocrx_word' id='word_1_437' title='bbox 3678 2569 3782 2612; x_wconf 85' lang='lat' dir='ltr'><strong>tan-</strong></span> 
     </span>
    </p>
   </div>
   <div class='ocr_carea' id='block_1_56' title="bbox 2203 2645 3779 2716">
    <p class='ocr_par' dir='ltr' id='par_1_56' title="bbox 2203 2645 3779 2716">
     <span class='ocr_line' id='line_1_57' title="bbox 2203 2645 3779 2716; baseline 0.007 -22"><span class='ocrx_word' id='word_1_438' title='bbox 2203 2657 2362 2712; x_wconf 86' lang='lat' dir='ltr'><strong>quam</strong></span> <span class='ocrx_word' id='word_1_439' title='bbox 2396 2651 2453 2698; x_wconf 89' lang='lat' dir='ltr'><strong>et</strong></span> <span class='ocrx_word' id='word_1_440' title='bbox 2480 2653 2700 2715; x_wconf 89' lang='lat' dir='ltr'><strong>recepto</strong></span> <span class='ocrx_word' id='word_1_441' title='bbox 2731 2645 3028 2716; x_wconf 86' lang='lat' dir='ltr'><strong>Evangelio</strong></span> <span class='ocrx_word' id='word_1_442' title='bbox 3056 2648 3204 2703; x_wconf 88' lang='lat' dir='ltr'><strong>nulla</strong></span> <span class='ocrx_word' id='word_1_443' title='bbox 3237 2649 3357 2706; x_wconf 86' lang='lat' dir='ltr'><strong>sine</strong></span> <span class='ocrx_word' id='word_1_444' title='bbox 3401 2650 3510 2706; x_wconf 86' lang='lat' dir='ltr'><strong>illis</strong></span> <span class='ocrx_word' id='word_1_445' title='bbox 3537 2652 3677 2705; x_wconf 86' lang='lat' dir='ltr'><strong>salus</strong></span> <span class='ocrx_word' id='word_1_446' title='bbox 3701 2666 3779 2705; x_wconf 73' lang='lat' dir='ltr'><strong>es-</strong></span> 
     </span>
    </p>
   </div>
   <div class='ocr_carea' id='block_1_57' title="bbox 2204 2735 3778 2812">
    <p class='ocr_par' dir='ltr' id='par_1_57' title="bbox 2204 2735 3778 2812">
     <span class='ocr_line' id='line_1_58' title="bbox 2204 2735 3778 2812; baseline 0.004 -22"><span class='ocrx_word' id='word_1_447' title='bbox 2204 2745 2290 2792; x_wconf 81' lang='lat' dir='ltr'><strong>set</strong></span> <span class='ocrx_word' id='word_1_448' title='bbox 2323 2737 2386 2790; x_wconf 82' lang='lat' dir='ltr'><strong>in</strong></span> <span class='ocrx_word' id='word_1_449' title='bbox 2426 2735 2659 2794; x_wconf 89' lang='lat' dir='ltr'><strong>Christo.</strong></span> <span class='ocrx_word' id='word_1_450' title='bbox 2699 2739 2814 2795; x_wconf 88' lang='lat' dir='ltr'><strong>Hoc</strong></span> <span class='ocrx_word' id='word_1_451' title='bbox 2841 2754 2998 2796; x_wconf 88' lang='lat' dir='ltr'><strong>error</strong></span> <span class='ocrx_word' id='word_1_452' title='bbox 3026 2742 3386 2811; x_wconf 88' lang='lat' dir='ltr'><strong>quorumdam</strong></span> <span class='ocrx_word' id='word_1_453' title='bbox 3427 2743 3661 2812; x_wconf 86' lang='lat' dir='ltr'><strong>putabat,</strong></span> <span class='ocrx_word' id='word_1_454' title='bbox 3691 2745 3778 2796; x_wconf 78' lang='lat' dir='ltr'><strong>huc</strong></span> 
     </span>
    </p>
   </div>
   <div class='ocr_carea' id='block_1_58' title="bbox 2205 2827 3774 2906">
    <p class='ocr_par' dir='ltr' id='par_1_58' title="bbox 2205 2827 3774 2906">
     <span class='ocr_line' id='line_1_59' title="bbox 2205 2827 3774 2906; baseline 0.005 -25"><span class='ocrx_word' id='word_1_455' title='bbox 2205 2827 2365 2882; x_wconf 90' lang='lat' dir='ltr'><strong>timor</strong></span> <span class='ocrx_word' id='word_1_456' title='bbox 2408 2829 2550 2884; x_wconf 88' lang='lat' dir='ltr'><strong>Petri</strong></span> <span class='ocrx_word' id='word_1_457' title='bbox 2592 2830 2901 2898; x_wconf 86' lang='lat' dir='ltr'><strong>simulabat,</strong></span> <span class='ocrx_word' id='word_1_458' title='bbox 2937 2832 3038 2889; x_wconf 88' lang='lat' dir='ltr'><strong>hoc</strong></span> <span class='ocrx_word' id='word_1_459' title='bbox 3063 2833 3286 2890; x_wconf 88' lang='lat' dir='ltr'><strong>libertas</strong></span> <span class='ocrx_word' id='word_1_460' title='bbox 3319 2835 3465 2890; x_wconf 86' lang='lat' dir='ltr'><strong>Pauli</strong></span> <span class='ocrx_word' id='word_1_461' title='bbox 3502 2835 3774 2906; x_wconf 75' lang='lat' dir='ltr'><strong>redargue-</strong></span> 
     </span>
    </p>
   </div>
   <div class='ocr_carea' id='block_1_59' title="bbox 2211 2918 3777 2992">
    <p class='ocr_par' dir='ltr' id='par_1_59' title="bbox 2211 2918 3777 2992">
     <span class='ocr_line' id='line_1_60' title="bbox 2211 2918 3777 2992; baseline 0.003 -19"><span class='ocrx_word' id='word_1_462' title='bbox 2211 2918 2322 2974; x_wconf 89' lang='lat' dir='ltr'><strong>bat.</strong></span> <span class='ocrx_word' id='word_1_463' title='bbox 2355 2919 2508 2988; x_wconf 86' lang='lat' dir='ltr'><strong>Quod</strong></span> <span class='ocrx_word' id='word_1_464' title='bbox 2538 2937 2667 2992; x_wconf 89' lang='lat' dir='ltr'><strong>ergo</strong></span> <span class='ocrx_word' id='word_1_465' title='bbox 2697 2922 2796 2990; x_wconf 89' lang='lat' dir='ltr'><strong>ait,</strong></span> <span class='ocrx_word' id='word_1_466' title='bbox 2843 2922 3106 2981; x_wconf 89' lang='lat' dir='ltr'><strong>Omnibus</strong></span> <span class='ocrx_word' id='word_1_467' title='bbox 3149 2928 3328 2980; x_wconf 88' lang='lat' dir='ltr'><strong>omnia</strong></span> <span class='ocrx_word' id='word_1_468' title='bbox 3361 2926 3530 2982; x_wconf 79' lang='lat' dir='ltr'><strong>factus</strong></span> <span class='ocrx_word' id='word_1_469' title='bbox 3561 2940 3700 2990; x_wconf 75' lang='lat' dir='ltr'><strong>sum,</strong></span> <span class='ocrx_word' id='word_1_470' title='bbox 3728 2939 3777 2978; x_wconf 89' lang='lat' dir='ltr'><strong>ut</strong></span> 
     </span>
    </p>
   </div>
   <div class='ocr_carea' id='block_1_60' title="bbox 2209 3014 3776 3086">
    <p class='ocr_par' dir='ltr' id='par_1_60' title="bbox 2209 3014 3776 3086">
     <span class='ocr_line' id='line_1_61' title="bbox 2209 3014 3776 3086; baseline 0.004 -20"><span class='ocrx_word' id='word_1_471' title='bbox 2209 3027 2395 3069; x_wconf 90' lang='lat' dir='ltr'><strong>omnes</strong></span> <span class='ocrx_word' id='word_1_472' title='bbox 2424 3014 2828 3083; x_wconf 81' lang='lat' dir='ltr'><strong>lucrifacerem,</strong></span> <span class='ocrx_word' id='word_1_473' title='bbox 2858 3017 3239 3086; x_wconf 88' lang='lat' dir='ltr'><strong>compatiendo</strong></span> <span class='ocrx_word' id='word_1_474' title='bbox 3258 3018 3313 3074; x_wconf 91' lang='lat' dir='ltr'><strong>id</strong></span> <span class='ocrx_word' id='word_1_475' title='bbox 3344 3018 3490 3084; x_wconf 74' lang='lat' dir='ltr'><strong>fecit,</strong></span> <span class='ocrx_word' id='word_1_476' title='bbox 3514 3033 3614 3072; x_wconf 88' lang='lat' dir='ltr'><strong>non</strong></span> <span class='ocrx_word' id='word_1_477' title='bbox 3643 3034 3776 3072; x_wconf 78' lang='lat' dir='ltr'><strong>men-</strong></span> 
     </span>
    </p>
   </div>
   <div class='ocr_carea' id='block_1_61' title="bbox 520 3104 3770 3185">
    <p class='ocr_par' dir='ltr' id='par_1_61' title="bbox 520 3104 3770 3185">
     <span class='ocr_line' id='line_1_62' title="bbox 520 3104 3770 3185; baseline 0.001 -24"><span class='ocrx_word' id='word_1_478' title='bbox 520 3120 640 3161; x_wconf 92' lang='lat' dir='ltr'><strong>cum</strong></span> <span class='ocrx_word' id='word_1_479' title='bbox 670 3104 918 3177; x_wconf 33' lang='lat' dir='ltr'><strong>eiipater</strong></span> <span class='ocrx_word' id='word_1_480' title='bbox 946 3107 1167 3164; x_wconf 80' lang='lat' dir='ltr'><strong>dixisset</strong></span> <span class='ocrx_word' id='word_1_481' title='bbox 1193 3126 1205 3161; x_wconf 89' lang='lat'>:</span> <span class='ocrx_word' id='word_1_482' title='bbox 1235 3110 1450 3180; x_wconf 80' lang='lat' dir='ltr'><strong>Quises</strong></span> <span class='ocrx_word' id='word_1_483' title='bbox 1492 3120 1569 3178; x_wconf 94' lang='lat' dir='ltr'><strong>tu,</strong></span> <span class='ocrx_word' id='word_1_484' title='bbox 1602 3111 1714 3168; x_wconf 73' lang='lat' dir='ltr'><strong>ﬁlii</strong></span> <span class='ocrx_word' id='word_1_485' title='bbox 1754 3113 1844 3185; x_wconf 90' lang='lat' dir='ltr'><strong>ille</strong></span> <span class='ocrx_word' id='word_1_486' title='bbox 1875 3129 2100 3183; x_wconf 82' lang='lat' dir='ltr'><strong>respon.</strong></span> <span class='ocrx_word' id='word_1_487' title='bbox 2132 3116 2179 3180; x_wconf 71' lang='grc' dir='ltr'>ο</span> <span class='ocrx_word' id='word_1_488' title='bbox 2211 3105 2413 3161; x_wconf 83' lang='lat' dir='ltr'><strong>tiendo.</strong></span> <span class='ocrx_word' id='word_1_489' title='bbox 2460 3106 2550 3162; x_wconf 85' lang='lat' dir='ltr'><strong>Fit</strong></span> <span class='ocrx_word' id='word_1_490' title='bbox 2578 3109 2722 3168; x_wconf 73' lang='lat' dir='ltr'><strong>enim</strong></span> <span class='ocrx_word' id='word_1_491' title='bbox 2750 3110 2978 3180; x_wconf 91' lang='lat' dir='ltr'><strong>quisque</strong></span> <span class='ocrx_word' id='word_1_492' title='bbox 3008 3118 3264 3181; x_wconf 88' lang='lat' dir='ltr'><strong>tanquam</strong></span> <span class='ocrx_word' id='word_1_493' title='bbox 3298 3110 3386 3164; x_wconf 89' lang='lat' dir='ltr'><strong>ille</strong></span> <span class='ocrx_word' id='word_1_494' title='bbox 3412 3110 3496 3167; x_wconf 89' lang='lat' dir='ltr'><strong>cui</strong></span> <span class='ocrx_word' id='word_1_495' title='bbox 3525 3112 3633 3164; x_wconf 88' lang='lat' dir='ltr'><strong>vult</strong></span> <span class='ocrx_word' id='word_1_496' title='bbox 3657 3114 3770 3164; x_wconf 84' lang='lat' dir='ltr'><strong>sub-</strong></span> 
     </span>
    </p>
   </div>
   <div class='ocr_carea' id='block_1_62' title="bbox 521 3197 2104 3272">
    <p class='ocr_par' dir='ltr' id='par_1_62' title="bbox 521 3197 2104 3272">
     <span class='ocr_line' id='line_1_63' title="bbox 521 3197 2104 3272; baseline 0.006 -19"><span class='ocrx_word' id='word_1_497' title='bbox 521 3197 600 3253; x_wconf 87' lang='lat' dir='ltr'><strong>dit</strong></span> <span class='ocrx_word' id='word_1_498' title='bbox 628 3214 643 3253; x_wconf 88' lang='lat'><strong>:</strong></span> <span class='ocrx_word' id='word_1_499' title='bbox 672 3197 784 3267; x_wconf 84' lang='lat' dir='ltr'><strong>Ego</strong></span> <span class='ocrx_word' id='word_1_500' title='bbox 813 3213 928 3254; x_wconf 87' lang='lat' dir='ltr'><strong>sum</strong></span> <span class='ocrx_word' id='word_1_501' title='bbox 961 3200 1099 3254; x_wconf 86' lang='lat' dir='ltr'><strong>Esau</strong></span> <span class='ocrx_word' id='word_1_502' title='bbox 1131 3201 1518 3272; x_wconf 88' lang='lat' dir='ltr'><strong>primogenitus</strong></span> <span class='ocrx_word' id='word_1_503' title='bbox 1546 3211 1687 3261; x_wconf 91' lang='lat' dir='ltr'><strong>tuus.</strong></span> <span class='ocrx_word' id='word_1_504' title='bbox 1726 3204 1840 3260; x_wconf 81' lang='lat' dir='ltr'><strong>Hoc</strong></span> <span class='ocrx_word' id='word_1_505' title='bbox 1879 3205 1925 3261; x_wconf 88' lang='lat' dir='ltr'><strong>si</strong></span> <span class='ocrx_word' id='word_1_506' title='bbox 1961 3207 2104 3262; x_wconf 85' lang='lat' dir='ltr'><strong>rele-</strong></span> 
     </span>
    </p>
   </div>
   <div class='ocr_carea' id='block_1_63' title="bbox 521 3285 2104 3367">
    <p class='ocr_par' dir='ltr' id='par_1_63' title="bbox 521 3285 2104 3367">
     <span class='ocr_line' id='line_1_64' title="bbox 521 3285 2104 3367; baseline 0.006 -21"><span class='ocrx_word' id='word_1_507' title='bbox 521 3297 676 3346; x_wconf 89' lang='lat' dir='ltr'><strong>ratur</strong></span> <span class='ocrx_word' id='word_1_508' title='bbox 705 3291 770 3346; x_wconf 90' lang='lat' dir='ltr'><strong>ad</strong></span> <span class='ocrx_word' id='word_1_509' title='bbox 803 3292 924 3348; x_wconf 88' lang='lat' dir='ltr'><strong>illos</strong></span> <span class='ocrx_word' id='word_1_510' title='bbox 965 3285 1098 3348; x_wconf 89' lang='lat' dir='ltr'><strong>duos</strong></span> <span class='ocrx_word' id='word_1_511' title='bbox 1137 3296 1411 3367; x_wconf 89' lang='lat' dir='ltr'><strong>geminos,</strong></span> <span class='ocrx_word' id='word_1_512' title='bbox 1443 3297 1784 3353; x_wconf 84' lang='lat' dir='ltr'><strong>mendacium</strong></span> <span class='ocrx_word' id='word_1_513' title='bbox 1818 3299 2104 3366; x_wconf 84' lang='lat' dir='ltr'><strong>videbitur,</strong></span> 
     </span>
    </p>
   </div>
   <div class='ocr_carea' id='block_1_64' title="bbox 523 3385 2105 3463">
    <p class='ocr_par' dir='ltr' id='par_1_64' title="bbox 523 3385 2105 3463">
     <span class='ocr_line' id='line_1_65' title="bbox 523 3385 2105 3463; baseline 0.004 -21"><span class='ocrx_word' id='word_1_514' title='bbox 523 3385 570 3442; x_wconf 91' lang='lat' dir='ltr'><strong>si</strong></span> <span class='ocrx_word' id='word_1_515' title='bbox 602 3394 780 3441; x_wconf 88' lang='lat' dir='ltr'><strong>autem</strong></span> <span class='ocrx_word' id='word_1_516' title='bbox 813 3385 940 3440; x_wconf 91' lang='lat' dir='ltr'><strong>illud</strong></span> <span class='ocrx_word' id='word_1_517' title='bbox 969 3398 1189 3458; x_wconf 89' lang='lat' dir='ltr'><strong>propter</strong></span> <span class='ocrx_word' id='word_1_518' title='bbox 1217 3390 1357 3459; x_wconf 89' lang='lat' dir='ltr'><strong>quod</strong></span> <span class='ocrx_word' id='word_1_519' title='bbox 1389 3390 1801 3461; x_wconf 84' lang='lat' dir='ltr'><strong>signiﬁcandum</strong></span> <span class='ocrx_word' id='word_1_520' title='bbox 1831 3394 1931 3447; x_wconf 85' lang='lat' dir='ltr'><strong>ista</strong></span> <span class='ocrx_word' id='word_1_521' title='bbox 1956 3402 2105 3463; x_wconf 89' lang='lat' dir='ltr'><strong>gesta</strong></span> 
     </span>
    </p>
   </div>
   <div class='ocr_carea' id='block_1_65' title="bbox 522 3473 2105 3552">
    <p class='ocr_par' dir='ltr' id='par_1_65' title="bbox 522 3473 2105 3552">
     <span class='ocr_line' id='line_1_66' title="bbox 522 3473 2105 3552; baseline 0.004 -20"><span class='ocrx_word' id='word_1_522' title='bbox 522 3473 773 3547; x_wconf 81' lang='lat' dir='ltr'><strong>dictaque</strong></span> <span class='ocrx_word' id='word_1_523' title='bbox 813 3478 1116 3548; x_wconf 87' lang='lat' dir='ltr'><strong>conscripta</strong></span> <span class='ocrx_word' id='word_1_524' title='bbox 1138 3488 1286 3547; x_wconf 88' lang='lat' dir='ltr'><strong>sunt,</strong></span> <span class='ocrx_word' id='word_1_525' title='bbox 1312 3481 1402 3535; x_wconf 90' lang='lat' dir='ltr'><strong>ille</strong></span> <span class='ocrx_word' id='word_1_526' title='bbox 1428 3491 1510 3536; x_wconf 87' lang='lat' dir='ltr'><strong>est</strong></span> <span class='ocrx_word' id='word_1_527' title='bbox 1541 3481 1626 3536; x_wconf 90' lang='lat' dir='ltr'><strong>hic</strong></span> <span class='ocrx_word' id='word_1_528' title='bbox 1649 3481 2028 3552; x_wconf 78' lang='lat' dir='ltr'><strong>intelligendus</strong></span> <span class='ocrx_word' id='word_1_529' title='bbox 2053 3484 2105 3538; x_wconf 92' lang='lat' dir='ltr'><strong>in</strong></span> 
     </span>
    </p>
   </div>
   <div class='ocr_carea' id='block_1_66' title="bbox 529 3572 2108 3645">
    <p class='ocr_par' dir='ltr' id='par_1_66' title="bbox 529 3572 2108 3645">
     <span class='ocr_line' id='line_1_67' title="bbox 529 3572 2108 3645; baseline 0.005 -22"><span class='ocrx_word' id='word_1_530' title='bbox 529 3584 660 3641; x_wconf 88' lang='lat' dir='ltr'><strong>pore</strong></span> <span class='ocrx_word' id='word_1_531' title='bbox 691 3584 811 3636; x_wconf 86' lang='lat' dir='ltr'><strong>suo,</strong></span> <span class='ocrx_word' id='word_1_532' title='bbox 856 3573 996 3640; x_wconf 89' lang='lat' dir='ltr'><strong>quod</strong></span> <span class='ocrx_word' id='word_1_533' title='bbox 1036 3581 1118 3626; x_wconf 89' lang='lat' dir='ltr'><strong>est</strong></span> <span class='ocrx_word' id='word_1_534' title='bbox 1149 3572 1264 3641; x_wconf 85' lang='lat' dir='ltr'><strong>ejus</strong></span> <span class='ocrx_word' id='word_1_535' title='bbox 1292 3573 1554 3641; x_wconf 85' lang='lat' dir='ltr'><strong>Ecclesia,</strong></span> <span class='ocrx_word' id='word_1_536' title='bbox 1595 3576 1686 3645; x_wconf 92' lang='lat' dir='ltr'><strong>qui</strong></span> <span class='ocrx_word' id='word_1_537' title='bbox 1717 3577 1783 3631; x_wconf 90' lang='lat' dir='ltr'><strong>de</strong></span> <span class='ocrx_word' id='word_1_538' title='bbox 1816 3576 1914 3630; x_wconf 90' lang='lat' dir='ltr'><strong>hac</strong></span> <span class='ocrx_word' id='word_1_539' title='bbox 1940 3591 1998 3631; x_wconf 90' lang='lat' dir='ltr'><strong>re</strong></span> <span class='ocrx_word' id='word_1_540' title='bbox 2026 3576 2108 3631; x_wconf 92' lang='lat' dir='ltr'><strong>Io-</strong></span> 
     </span>
    </p>
   </div>
   <div class='ocr_carea' id='block_1_67' title="bbox 528 3660 2112 3733">
    <p class='ocr_par' dir='ltr' id='par_1_67' title="bbox 528 3660 2112 3733">
     <span class='ocr_line' id='line_1_68' title="bbox 528 3660 2112 3733; baseline 0.004 -17"><span class='ocrx_word' id='word_1_541' title='bbox 528 3675 700 3733; x_wconf 89' lang='lat' dir='ltr'><strong>quens</strong></span> <span class='ocrx_word' id='word_1_542' title='bbox 723 3660 796 3715; x_wconf 90' lang='lat' dir='ltr'><strong>ait</strong></span> <span class='ocrx_word' id='word_1_543' title='bbox 829 3678 840 3712; x_wconf 89' lang='lat'>:</span> <span class='ocrx_word' id='word_1_544' title='bbox 873 3660 1003 3716; x_wconf 88' lang='lat' dir='ltr'><strong>Cum</strong></span> <span class='ocrx_word' id='word_1_545' title='bbox 1029 3661 1272 3718; x_wconf 86' lang='lat' dir='ltr'><strong>videritis</strong></span> <span class='ocrx_word' id='word_1_546' title='bbox 1300 3663 1572 3719; x_wconf 84' lang='lat' dir='ltr'><strong>Abraham</strong></span> <span class='ocrx_word' id='word_1_547' title='bbox 1603 3677 1657 3720; x_wconf 89' lang='lat' dir='ltr'><strong>et</strong></span> <span class='ocrx_word' id='word_1_548' title='bbox 1689 3665 1839 3721; x_wconf 88' lang='lat' dir='ltr'><strong>lsaac</strong></span> <span class='ocrx_word' id='word_1_549' title='bbox 1861 3675 1914 3720; x_wconf 78' lang='lat' dir='ltr'><strong>et</strong></span> <span class='ocrx_word' id='word_1_550' title='bbox 1945 3667 2112 3722; x_wconf 71' lang='lat' dir='ltr'><strong>Iacob</strong></span> 
     </span>
    </p>
   </div>
   <div class='ocr_carea' id='block_1_68' title="bbox 527 3753 2113 3829">
    <p class='ocr_par' dir='ltr' id='par_1_68' title="bbox 527 3753 2113 3829">
     <span class='ocr_line' id='line_1_69' title="bbox 527 3753 2113 3829; baseline 0.001 -18"><span class='ocrx_word' id='word_1_551' title='bbox 527 3768 580 3811; x_wconf 90' lang='lat' dir='ltr'><strong>et</strong></span> <span class='ocrx_word' id='word_1_552' title='bbox 604 3768 792 3810; x_wconf 86' lang='lat' dir='ltr'><strong>omnes</strong></span> <span class='ocrx_word' id='word_1_553' title='bbox 817 3753 1106 3826; x_wconf 77' lang='lat' dir='ltr'><strong>prophetas</strong></span> <span class='ocrx_word' id='word_1_554' title='bbox 1136 3756 1190 3811; x_wconf 90' lang='lat' dir='ltr'><strong>in</strong></span> <span class='ocrx_word' id='word_1_555' title='bbox 1221 3771 1387 3827; x_wconf 86' lang='lat' dir='ltr'><strong>regno</strong></span> <span class='ocrx_word' id='word_1_556' title='bbox 1418 3757 1536 3825; x_wconf 90' lang='lat' dir='ltr'><strong>Dei,</strong></span> <span class='ocrx_word' id='word_1_557' title='bbox 1581 3773 1678 3813; x_wconf 86' lang='lat' dir='ltr'><strong>vos</strong></span> <span class='ocrx_word' id='word_1_558' title='bbox 1703 3766 1883 3814; x_wconf 87' lang='lat' dir='ltr'><strong>autem</strong></span> <span class='ocrx_word' id='word_1_559' title='bbox 1913 3759 2113 3829; x_wconf 86' lang='lat' dir='ltr'><strong>expelli</strong></span> 
     </span>
    </p>
   </div>
   <div class='ocr_carea' id='block_1_69' title="bbox 527 3845 2110 3919">
    <p class='ocr_par' dir='ltr' id='par_1_69' title="bbox 527 3845 2110 3919">
     <span class='ocr_line' id='line_1_70' title="bbox 527 3845 2110 3919; baseline 0.001 -18"><span class='ocrx_word' id='word_1_560' title='bbox 527 3846 697 3913; x_wconf 77' lang='lat' dir='ltr'><strong>foras,</strong></span> <span class='ocrx_word' id='word_1_561' title='bbox 738 3856 793 3900; x_wconf 89' lang='lat' dir='ltr'><strong>et</strong></span> <span class='ocrx_word' id='word_1_562' title='bbox 823 3846 1040 3901; x_wconf 82' lang='lat' dir='ltr'><strong>venient</strong></span> <span class='ocrx_word' id='word_1_563' title='bbox 1069 3845 1135 3901; x_wconf 92' lang='lat' dir='ltr'><strong>ab</strong></span> <span class='ocrx_word' id='word_1_564' title='bbox 1166 3848 1397 3914; x_wconf 91' lang='lat' dir='ltr'><strong>oriente,</strong></span> <span class='ocrx_word' id='word_1_565' title='bbox 1428 3858 1482 3902; x_wconf 91' lang='lat' dir='ltr'><strong>ct</strong></span> <span class='ocrx_word' id='word_1_566' title='bbox 1522 3849 1829 3914; x_wconf 88' lang='lat' dir='ltr'><strong>occidente,</strong></span> <span class='ocrx_word' id='word_1_567' title='bbox 1871 3859 1926 3905; x_wconf 91' lang='lat' dir='ltr'><strong>et</strong></span> <span class='ocrx_word' id='word_1_568' title='bbox 1955 3850 2110 3919; x_wconf 81' lang='lat' dir='ltr'><strong>aqui-</strong></span> 
     </span>
    </p>
   </div>
   <div class='ocr_carea' id='block_1_70' title="bbox 527 3940 2114 4011">
    <p class='ocr_par' dir='ltr' id='par_1_70' title="bbox 527 3940 2114 4011">
     <span class='ocr_line' id='line_1_71' title="bbox 527 3940 2114 4011; baseline 0.002 -18"><span class='ocrx_word' id='word_1_569' title='bbox 527 3940 669 4006; x_wconf 85' lang='lat' dir='ltr'><strong>lone,</strong></span> <span class='ocrx_word' id='word_1_570' title='bbox 702 3947 757 3995; x_wconf 90' lang='lat' dir='ltr'><strong>et</strong></span> <span class='ocrx_word' id='word_1_571' title='bbox 786 3948 987 4004; x_wconf 90' lang='lat' dir='ltr'><strong>austro,</strong></span> <span class='ocrx_word' id='word_1_572' title='bbox 1021 3948 1074 3996; x_wconf 90' lang='lat' dir='ltr'><strong>et</strong></span> <span class='ocrx_word' id='word_1_573' title='bbox 1099 3941 1420 3996; x_wconf 88' lang='lat' dir='ltr'><strong>accumbent</strong></span> <span class='ocrx_word' id='word_1_574' title='bbox 1448 3941 1500 3995; x_wconf 92' lang='lat' dir='ltr'><strong>in</strong></span> <span class='ocrx_word' id='word_1_575' title='bbox 1534 3956 1702 4011; x_wconf 85' lang='lat' dir='ltr'><strong>regno</strong></span> <span class='ocrx_word' id='word_1_576' title='bbox 1733 3941 1864 3997; x_wconf 89' lang='lat' dir='ltr'><strong>Dei:</strong></span> <span class='ocrx_word' id='word_1_577' title='bbox 1893 3950 1950 3998; x_wconf 91' lang='lat' dir='ltr'><strong>et</strong></span> <span class='ocrx_word' id='word_1_578' title='bbox 1987 3956 2114 3996; x_wconf 89' lang='lat' dir='ltr'><strong>ecce</strong></span> 
     </span>
    </p>
   </div>
   <div class='ocr_carea' id='block_1_71' title="bbox 527 4032 2113 4106">
    <p class='ocr_par' dir='ltr' id='par_1_71' title="bbox 527 4032 2113 4106">
     <span class='ocr_line' id='line_1_72' title="bbox 527 4032 2113 4106; baseline 0.003 -20"><span class='ocrx_word' id='word_1_579' title='bbox 527 4041 652 4089; x_wconf 87' lang='lat' dir='ltr'><strong>sunt</strong></span> <span class='ocrx_word' id='word_1_580' title='bbox 703 4032 980 4089; x_wconf 86' lang='lat' dir='ltr'><strong>novissimi</strong></span> <span class='ocrx_word' id='word_1_581' title='bbox 1008 4034 1098 4104; x_wconf 90' lang='lat' dir='ltr'><strong>qui</strong></span> <span class='ocrx_word' id='word_1_582' title='bbox 1141 4041 1296 4091; x_wconf 90' lang='lat' dir='ltr'><strong>erant</strong></span> <span class='ocrx_word' id='word_1_583' title='bbox 1333 4035 1513 4106; x_wconf 91' lang='lat' dir='ltr'><strong>primi,</strong></span> <span class='ocrx_word' id='word_1_584' title='bbox 1547 4043 1602 4091; x_wconf 94' lang='lat' dir='ltr'><strong>et</strong></span> <span class='ocrx_word' id='word_1_585' title='bbox 1644 4044 1769 4090; x_wconf 89' lang='lat' dir='ltr'><strong>sunt</strong></span> <span class='ocrx_word' id='word_1_586' title='bbox 1816 4035 1974 4105; x_wconf 89' lang='lat' dir='ltr'><strong>primi</strong></span> <span class='ocrx_word' id='word_1_587' title='bbox 2022 4035 2113 4106; x_wconf 91' lang='lat' dir='ltr'><strong>qui</strong></span> 
     </span>
    </p>
   </div>
   <div class='ocr_carea' id='block_1_72' title="bbox 527 4119 2111 4202">
    <p class='ocr_par' dir='ltr' id='par_1_72' title="bbox 527 4119 2111 4202">
     <span class='ocr_line' id='line_1_73' title="bbox 527 4119 2111 4202; baseline 0 -15"><span class='ocrx_word' id='word_1_588' title='bbox 527 4140 680 4188; x_wconf 85' lang='lat' dir='ltr'><strong>erant</strong></span> <span class='ocrx_word' id='word_1_589' title='bbox 707 4131 1007 4187; x_wconf 87' lang='lat' dir='ltr'><strong>novissimi.</strong></span> <span class='ocrx_word' id='word_1_590' title='bbox 1051 4119 1144 4186; x_wconf 83' lang='lat' dir='ltr'><strong>Sic</strong></span> <span class='ocrx_word' id='word_1_591' title='bbox 1177 4132 1320 4187; x_wconf 92' lang='lat' dir='ltr'><strong>enim</strong></span> <span class='ocrx_word' id='word_1_592' title='bbox 1351 4131 1753 4202; x_wconf 89' lang='lat' dir='ltr'><strong>quodammodo</strong></span> <span class='ocrx_word' id='word_1_593' title='bbox 1784 4130 1962 4188; x_wconf 90' lang='lat' dir='ltr'><strong>minor</strong></span> <span class='ocrx_word' id='word_1_594' title='bbox 2001 4147 2111 4187; x_wconf 86' lang='lat' dir='ltr'><strong>ma-</strong></span> 
     </span>
    </p>
   </div>
   <div class='ocr_carea' id='block_1_73' title="bbox 530 4221 2116 4293">
    <p class='ocr_par' dir='ltr' id='par_1_73' title="bbox 530 4221 2116 4293">
     <span class='ocr_line' id='line_1_74' title="bbox 530 4221 2116 4293; baseline 0.002 -18"><span class='ocrx_word' id='word_1_595' title='bbox 530 4221 660 4289; x_wconf 80' lang='lat' dir='ltr'><strong>ioris</strong></span> <span class='ocrx_word' id='word_1_596' title='bbox 691 4222 976 4292; x_wconf 88' lang='lat' dir='ltr'><strong>primatum</strong></span> <span class='ocrx_word' id='word_1_597' title='bbox 1013 4221 1174 4277; x_wconf 82' lang='lat' dir='ltr'><strong>frater</strong></span> <span class='ocrx_word' id='word_1_598' title='bbox 1204 4221 1443 4291; x_wconf 84' lang='lat' dir='ltr'><strong>abStulit,</strong></span> <span class='ocrx_word' id='word_1_599' title='bbox 1478 4229 1639 4293; x_wconf 90' lang='lat' dir='ltr'><strong>atq-ue</strong></span> <span class='ocrx_word' id='word_1_600' title='bbox 1675 4222 1729 4277; x_wconf 94' lang='lat' dir='ltr'><strong>in</strong></span> <span class='ocrx_word' id='word_1_601' title='bbox 1753 4237 1814 4278; x_wconf 91' lang='lat' dir='ltr'><strong>se</strong></span> <span class='ocrx_word' id='word_1_602' title='bbox 1843 4223 2116 4278; x_wconf 88' lang='lat' dir='ltr'><strong>transtulit</strong></span> 
     </span>
    </p>
   </div>
   <div class='ocr_carea' id='block_1_74' title="bbox 531 4304 2118 4386">
    <p class='ocr_par' dir='ltr' id='par_1_74' title="bbox 531 4304 2118 4386">
     <span class='ocr_line' id='line_1_75' title="bbox 531 4304 2118 4386; baseline 0.001 -17"><span class='ocrx_word' id='word_1_603' title='bbox 531 4313 731 4369; x_wconf 79' lang='lat' dir='ltr'><strong>fratris.</strong></span> <span class='ocrx_word' id='word_1_604' title='bbox 761 4313 897 4369; x_wconf 90' lang='lat' dir='ltr'><strong>Cum</strong></span> <span class='ocrx_word' id='word_1_605' title='bbox 927 4312 1089 4383; x_wconf 90' lang='lat' dir='ltr'><strong>igitur</strong></span> <span class='ocrx_word' id='word_1_606' title='bbox 1120 4323 1224 4368; x_wconf 91' lang='lat' dir='ltr'><strong>tam</strong></span> <span class='ocrx_word' id='word_1_607' title='bbox 1259 4304 1386 4370; x_wconf 85' lang='lat' dir='ltr'><strong>vera</strong></span> <span class='ocrx_word' id='word_1_608' title='bbox 1414 4322 1631 4386; x_wconf 90' lang='lat' dir='ltr'><strong>tamque</strong></span> <span class='ocrx_word' id='word_1_609' title='bbox 1658 4315 1924 4372; x_wconf 88' lang='lat' dir='ltr'><strong>veraciter</strong></span> <span class='ocrx_word' id='word_1_610' title='bbox 1952 4315 2118 4385; x_wconf 89' lang='lat' dir='ltr'><strong>signi-</strong></span> 
     </span>
    </p>
   </div>
   <div class='ocr_carea' id='block_1_75' title="bbox 2210 3198 3763 3272">
    <p class='ocr_par' dir='ltr' id='par_1_75' title="bbox 2210 3198 3763 3272">
     <span class='ocr_line' id='line_1_76' title="bbox 2210 3198 3763 3272; baseline 0.003 -21"><span class='ocrx_word' id='word_1_611' title='bbox 2210 3198 2414 3263; x_wconf 89' lang='lat' dir='ltr'><strong>venire,</strong></span> <span class='ocrx_word' id='word_1_612' title='bbox 2445 3199 2660 3270; x_wconf 89' lang='lat' dir='ltr'><strong>quando</strong></span> <span class='ocrx_word' id='word_1_613' title='bbox 2687 3209 2830 3255; x_wconf 84' lang='lat' dir='ltr'><strong>tanta</strong></span> <span class='ocrx_word' id='word_1_614' title='bbox 2875 3202 3242 3257; x_wconf 85' lang='lat' dir='ltr'><strong>misericordia</strong></span> <span class='ocrx_word' id='word_1_615' title='bbox 3290 3203 3556 3269; x_wconf 82' lang='lat' dir='ltr'><strong>subvenit,</strong></span> <span class='ocrx_word' id='word_1_616' title='bbox 3584 3212 3763 3272; x_wconf 84' lang='lat' dir='ltr'><strong>quanta</strong></span> 
     </span>
    </p>
   </div>
   <div class='ocr_carea' id='block_1_76' title="bbox 2207 3291 3772 3366">
    <p class='ocr_par' dir='ltr' id='par_1_76' title="bbox 2207 3291 3772 3366">
     <span class='ocr_line' id='line_1_77' title="bbox 2207 3291 3772 3366; baseline 0.001 -19"><span class='ocrx_word' id='word_1_617' title='bbox 2207 3291 2308 3347; x_wconf 88' lang='lat' dir='ltr'><strong>sibi</strong></span> <span class='ocrx_word' id='word_1_618' title='bbox 2337 3292 2614 3348; x_wconf 82' lang='lat' dir='ltr'><strong>subveniri</strong></span> <span class='ocrx_word' id='word_1_619' title='bbox 2654 3294 2814 3349; x_wconf 89' lang='lat' dir='ltr'><strong>vellet</strong></span> <span class='ocrx_word' id='word_1_620' title='bbox 2854 3296 2897 3350; x_wconf 84' lang='lat' dir='ltr'><strong>si</strong></span> <span class='ocrx_word' id='word_1_621' title='bbox 2935 3304 3078 3351; x_wconf 89' lang='lat' dir='ltr'><strong>esset</strong></span> <span class='ocrx_word' id='word_1_622' title='bbox 3111 3297 3227 3366; x_wconf 86' lang='lat' dir='ltr'><strong>ipse</strong></span> <span class='ocrx_word' id='word_1_623' title='bbox 3262 3297 3317 3350; x_wconf 89' lang='lat' dir='ltr'><strong>in</strong></span> <span class='ocrx_word' id='word_1_624' title='bbox 3347 3297 3533 3351; x_wconf 84' lang='lat' dir='ltr'><strong>eadem</strong></span> <span class='ocrx_word' id='word_1_625' title='bbox 3575 3297 3772 3351; x_wconf 74' lang='lat' dir='ltr'><strong>miseria</strong></span> 
     </span>
    </p>
   </div>
   <div class='ocr_carea' id='block_1_77' title="bbox 2207 3385 3773 3458">
    <p class='ocr_par' dir='ltr' id='par_1_77' title="bbox 2207 3385 3773 3458">
     <span class='ocr_line' id='line_1_78' title="bbox 2207 3385 3773 3458; baseline 0.001 -20"><span class='ocrx_word' id='word_1_626' title='bbox 2207 3385 2559 3440; x_wconf 86' lang='lat' dir='ltr'><strong>constitutus.</strong></span> <span class='ocrx_word' id='word_1_627' title='bbox 2590 3385 2780 3456; x_wconf 86' lang='lat' dir='ltr'><strong>Itaque</strong></span> <span class='ocrx_word' id='word_1_628' title='bbox 2822 3387 2904 3454; x_wconf 88' lang='lat' dir='ltr'><strong>ﬁt,</strong></span> <span class='ocrx_word' id='word_1_629' title='bbox 2938 3397 3190 3454; x_wconf 89' lang='lat' dir='ltr'><strong>tanquam</strong></span> <span class='ocrx_word' id='word_1_630' title='bbox 3221 3387 3332 3454; x_wconf 90' lang='lat' dir='ltr'><strong>ille,</strong></span> <span class='ocrx_word' id='word_1_631' title='bbox 3363 3403 3469 3443; x_wconf 86' lang='lat' dir='ltr'><strong>non</strong></span> <span class='ocrx_word' id='word_1_632' title='bbox 3507 3388 3623 3458; x_wconf 88' lang='lat' dir='ltr'><strong>quia</strong></span> <span class='ocrx_word' id='word_1_633' title='bbox 3655 3387 3773 3441; x_wconf 78' lang='lat' dir='ltr'><strong>ialiit</strong></span> 
     </span>
    </p>
   </div>
   <div class='ocr_carea' id='block_1_78' title="bbox 2209 3474 3773 3548">
    <p class='ocr_par' dir='ltr' id='par_1_78' title="bbox 2209 3474 3773 3548">
     <span class='ocr_line' id='line_1_79' title="bbox 2209 3474 3773 3548; baseline 0.003 -20"><span class='ocrx_word' id='word_1_634' title='bbox 2209 3474 2377 3540; x_wconf 89' lang='lat' dir='ltr'><strong>illum,</strong></span> <span class='ocrx_word' id='word_1_635' title='bbox 2417 3475 2513 3532; x_wconf 90' lang='lat' dir='ltr'><strong>sed</strong></span> <span class='ocrx_word' id='word_1_636' title='bbox 2541 3477 2662 3547; x_wconf 90' lang='lat' dir='ltr'><strong>quia</strong></span> <span class='ocrx_word' id='word_1_637' title='bbox 2693 3493 2751 3533; x_wconf 68' lang='lat' dir='ltr'><strong>se</strong></span> <span class='ocrx_word' id='word_1_638' title='bbox 2779 3478 2980 3548; x_wconf 81' lang='lat' dir='ltr'><strong>cogitat</strong></span> <span class='ocrx_word' id='word_1_639' title='bbox 3006 3485 3145 3534; x_wconf 85' lang='lat' dir='ltr'><strong>sicut</strong></span> <span class='ocrx_word' id='word_1_640' title='bbox 3175 3478 3346 3534; x_wconf 91' lang='lat' dir='ltr'><strong>illum.</strong></span> <span class='ocrx_word' id='word_1_641' title='bbox 3374 3479 3525 3536; x_wconf 83' lang='lat' dir='ltr'><strong>Unde</strong></span> <span class='ocrx_word' id='word_1_642' title='bbox 3552 3479 3672 3535; x_wconf 89' lang='lat' dir='ltr'><strong>illud</strong></span> <span class='ocrx_word' id='word_1_643' title='bbox 3697 3489 3773 3533; x_wconf 85' lang='lat' dir='ltr'><strong>est</strong></span> 
     </span>
    </p>
   </div>
   <div class='ocr_carea' id='block_1_79' title="bbox 2210 3565 3776 3638">
    <p class='ocr_par' dir='ltr' id='par_1_79' title="bbox 2210 3565 3776 3638">
     <span class='ocr_line' id='line_1_80' title="bbox 2210 3565 3776 3638; baseline 0.002 -19"><span class='ocrx_word' id='word_1_644' title='bbox 2210 3565 2326 3634; x_wconf 84' lang='lat' dir='ltr'><strong>ejus</strong></span> <span class='ocrx_word' id='word_1_645' title='bbox 2365 3567 2591 3636; x_wconf 88' lang='lat' dir='ltr'><strong>apostoli</strong></span> <span class='ocrx_word' id='word_1_646' title='bbox 2628 3567 2768 3637; x_wconf 90' lang='lat' dir='ltr'><strong>quod</strong></span> <span class='ocrx_word' id='word_1_647' title='bbox 2806 3568 2919 3638; x_wconf 88' lang='lat' dir='ltr'><strong>jam</strong></span> <span class='ocrx_word' id='word_1_648' title='bbox 2959 3583 3118 3637; x_wconf 89' lang='lat' dir='ltr'><strong>supra</strong></span> <span class='ocrx_word' id='word_1_649' title='bbox 3167 3570 3579 3625; x_wconf 87' lang='lat' dir='ltr'><strong>commemoravi</strong></span> <span class='ocrx_word' id='word_1_650' title='bbox 3613 3587 3624 3622; x_wconf 92' lang='lat'>:</span> <span class='ocrx_word' id='word_1_651' title='bbox 3658 3568 3776 3624; x_wconf 80' lang='lat' dir='ltr'><strong>Fra-</strong></span> 
     </span>
    </p>
   </div>
   <div class='ocr_carea' id='block_1_80' title="bbox 2213 3656 3774 3729">
    <p class='ocr_par' dir='ltr' id='par_1_80' title="bbox 2213 3656 3774 3729">
     <span class='ocr_line' id='line_1_81' title="bbox 2213 3656 3774 3729; baseline 0.003 -21"><span class='ocrx_word' id='word_1_652' title='bbox 2213 3661 2340 3720; x_wconf 89' lang='lat' dir='ltr'><strong>tres,</strong></span> <span class='ocrx_word' id='word_1_653' title='bbox 2383 3656 2426 3710; x_wconf 89' lang='lat' dir='ltr'><strong>si</strong></span> <span class='ocrx_word' id='word_1_654' title='bbox 2477 3667 2886 3728; x_wconf 69' lang='lat' dir='ltr'><strong>przeorcupatus</strong></span> <span class='ocrx_word' id='word_1_655' title='bbox 2912 3658 2962 3729; x_wconf 85' lang='lat'><strong>5</strong></span> <span class='ocrx_word' id='word_1_656' title='bbox 2995 3659 3159 3714; x_wconf 78' lang='lat' dir='ltr'><strong>fuerit</strong></span> <span class='ocrx_word' id='word_1_657' title='bbox 3197 3659 3362 3714; x_wconf 89' lang='lat' dir='ltr'><strong>homo</strong></span> <span class='ocrx_word' id='word_1_658' title='bbox 3407 3661 3456 3714; x_wconf 90' lang='lat' dir='ltr'><strong>in</strong></span> <span class='ocrx_word' id='word_1_659' title='bbox 3490 3661 3659 3729; x_wconf 84' lang='lat' dir='ltr'><strong>aliquo</strong></span> <span class='ocrx_word' id='word_1_660' title='bbox 3695 3659 3774 3712; x_wconf 83' lang='lat' dir='ltr'><strong>de-</strong></span> 
     </span>
    </p>
   </div>
   <div class='ocr_carea' id='block_1_81' title="bbox 2215 3740 3774 3820">
    <p class='ocr_par' dir='ltr' id='par_1_81' title="bbox 2215 3740 3774 3820">
     <span class='ocr_line' id='line_1_82' title="bbox 2215 3740 3774 3820; baseline 0.001 -19"><span class='ocrx_word' id='word_1_661' title='bbox 2215 3740 2363 3812; x_wconf 82' lang='lat' dir='ltr'><strong>licto,</strong></span> <span class='ocrx_word' id='word_1_662' title='bbox 2397 3761 2495 3804; x_wconf 87' lang='lat' dir='ltr'><strong>vos</strong></span> <span class='ocrx_word' id='word_1_663' title='bbox 2517 3749 2605 3819; x_wconf 90' lang='lat' dir='ltr'><strong>qui</strong></span> <span class='ocrx_word' id='word_1_664' title='bbox 2648 3750 2920 3818; x_wconf 85' lang='lat' dir='ltr'><strong>spiritales</strong></span> <span class='ocrx_word' id='word_1_665' title='bbox 2951 3749 3080 3804; x_wconf 73' lang='lat' dir='ltr'><strong>istis</strong></span> <span class='ocrx_word' id='word_1_666' title='bbox 3125 3751 3378 3811; x_wconf 83' lang='lat' dir='ltr'><strong>iostruite</strong></span> <span class='ocrx_word' id='word_1_667' title='bbox 3411 3749 3696 3820; x_wconf 87' lang='lat' dir='ltr'><strong>hujusmodi</strong></span> <span class='ocrx_word' id='word_1_668' title='bbox 3729 3752 3774 3802; x_wconf 85' lang='lat' dir='ltr'><strong>in</strong></span> 
     </span>
    </p>
   </div>
   <div class='ocr_carea' id='block_1_82' title="bbox 2213 3836 3774 3915">
    <p class='ocr_par' dir='ltr' id='par_1_82' title="bbox 2213 3836 3774 3915">
     <span class='ocr_line' id='line_1_83' title="bbox 2213 3836 3774 3915; baseline 0.003 -23"><span class='ocrx_word' id='word_1_669' title='bbox 2213 3837 2417 3908; x_wconf 85' lang='lat' dir='ltr'><strong>Spiritu</strong></span> <span class='ocrx_word' id='word_1_670' title='bbox 2449 3841 2903 3908; x_wconf 76' lang='lat' dir='ltr'><strong>mansuetudinis,</strong></span> <span class='ocrx_word' id='word_1_671' title='bbox 2933 3841 3220 3898; x_wconf 86' lang='lat' dir='ltr'><strong>intendens</strong></span> <span class='ocrx_word' id='word_1_672' title='bbox 3249 3836 3306 3900; x_wconf 67' lang='lat' dir='ltr'><strong>te</strong></span> <span class='ocrx_word' id='word_1_673' title='bbox 3336 3846 3526 3915; x_wconf 84' lang='lat' dir='ltr'><strong>ipsum,</strong></span> <span class='ocrx_word' id='word_1_674' title='bbox 3569 3861 3630 3899; x_wconf 89' lang='lat' dir='ltr'><strong>ne</strong></span> <span class='ocrx_word' id='word_1_675' title='bbox 3653 3854 3701 3898; x_wconf 80' lang='lat' dir='ltr'><strong>et</strong></span> <span class='ocrx_word' id='word_1_676' title='bbox 3729 3859 3774 3897; x_wconf 77' lang='lat' dir='ltr'><strong>tu</strong></span> 
     </span>
    </p>
   </div>
   <div class='ocr_carea' id='block_1_83' title="bbox 2215 3932 3771 4005">
    <p class='ocr_par' dir='ltr' id='par_1_83' title="bbox 2215 3932 3771 4005">
     <span class='ocr_line' id='line_1_84' title="bbox 2215 3932 3771 4005; baseline 0.001 -19"><span class='ocrx_word' id='word_1_677' title='bbox 2215 3932 2462 3987; x_wconf 88' lang='lat' dir='ltr'><strong>tenteris.</strong></span> <span class='ocrx_word' id='word_1_678' title='bbox 2491 3932 2626 3986; x_wconf 84' lang='lat' dir='ltr'><strong>Nam</strong></span> <span class='ocrx_word' id='word_1_679' title='bbox 2659 3933 2704 3988; x_wconf 89' lang='lat' dir='ltr'><strong>si</strong></span> <span class='ocrx_word' id='word_1_680' title='bbox 2738 3941 3056 4003; x_wconf 84' lang='lat' dir='ltr'><strong>propterea,</strong></span> <span class='ocrx_word' id='word_1_681' title='bbox 3086 3937 3209 4005; x_wconf 91' lang='lat' dir='ltr'><strong>quia</strong></span> <span class='ocrx_word' id='word_1_682' title='bbox 3241 3935 3406 3994; x_wconf 86' lang='lat' dir='ltr'><strong>dixit:</strong></span> <span class='ocrx_word' id='word_1_683' title='bbox 3463 3936 3564 3990; x_wconf 79' lang='lat' dir='ltr'><strong>Fac</strong></span> <span class='ocrx_word' id='word_1_684' title='bbox 3589 3951 3646 3991; x_wconf 92' lang='lat' dir='ltr'><strong>us</strong></span> <span class='ocrx_word' id='word_1_685' title='bbox 3671 3952 3771 3990; x_wconf 84' lang='lat' dir='ltr'><strong>sum</strong></span> 
     </span>
    </p>
   </div>
   <div class='ocr_carea' id='block_1_84' title="bbox 2214 4021 3772 4098">
    <p class='ocr_par' dir='ltr' id='par_1_84' title="bbox 2214 4021 3772 4098">
     <span class='ocr_line' id='line_1_85' title="bbox 2214 4021 3772 4098; baseline 0.003 -22"><span class='ocrx_word' id='word_1_686' title='bbox 2214 4021 2411 4078; x_wconf 66' lang='lat' dir='ltr'><strong>Iudaeis</strong></span> <span class='ocrx_word' id='word_1_687' title='bbox 2442 4031 2689 4092; x_wconf 84' lang='lat' dir='ltr'><strong>tanquam</strong></span> <span class='ocrx_word' id='word_1_688' title='bbox 2719 4024 2958 4091; x_wconf 77' lang='lat' dir='ltr'><strong>Judzeus,</strong></span> <span class='ocrx_word' id='word_1_689' title='bbox 3010 4035 3065 4080; x_wconf 91' lang='lat' dir='ltr'><strong>et</strong></span> <span class='ocrx_word' id='word_1_690' title='bbox 3114 4028 3199 4082; x_wconf 88' lang='lat' dir='ltr'><strong>his</strong></span> <span class='ocrx_word' id='word_1_691' title='bbox 3227 4028 3318 4097; x_wconf 90' lang='lat' dir='ltr'><strong>qui</strong></span> <span class='ocrx_word' id='word_1_692' title='bbox 3355 4027 3458 4082; x_wconf 84' lang='lat' dir='ltr'><strong>sub</strong></span> <span class='ocrx_word' id='word_1_693' title='bbox 3486 4028 3598 4098; x_wconf 82' lang='lat' dir='ltr'><strong>lege</strong></span> <span class='ocrx_word' id='word_1_694' title='bbox 3639 4039 3772 4083; x_wconf 84' lang='lat' dir='ltr'><strong>erant</strong></span> 
     </span>
    </p>
   </div>
   <div class='ocr_carea' id='block_1_85' title="bbox 2220 4114 3767 4188">
    <p class='ocr_par' dir='ltr' id='par_1_85' title="bbox 2220 4114 3767 4188">
     <span class='ocr_line' id='line_1_86' title="bbox 2220 4114 3767 4188; baseline 0.004 -20"><span class='ocrx_word' id='word_1_695' title='bbox 2220 4122 2467 4184; x_wconf 88' lang='lat' dir='ltr'><strong>tanquam</strong></span> <span class='ocrx_word' id='word_1_696' title='bbox 2503 4115 2603 4170; x_wconf 88' lang='lat' dir='ltr'><strong>sub</strong></span> <span class='ocrx_word' id='word_1_697' title='bbox 2639 4114 2793 4186; x_wconf 86' lang='lat' dir='ltr'><strong>lege,</strong></span> <span class='ocrx_word' id='word_1_698' title='bbox 2847 4117 2969 4172; x_wconf 76' lang='lat' dir='ltr'><strong>ideo</strong></span> <span class='ocrx_word' id='word_1_699' title='bbox 3012 4119 3281 4188; x_wconf 87' lang='lat' dir='ltr'><strong>putandus</strong></span> <span class='ocrx_word' id='word_1_700' title='bbox 3331 4130 3419 4176; x_wconf 87' lang='lat' dir='ltr'><strong>est</strong></span> <span class='ocrx_word' id='word_1_701' title='bbox 3468 4121 3767 4176; x_wconf 85' lang='lat' dir='ltr'><strong>mendaciter</strong></span> 
     </span>
    </p>
   </div>
   <div class='ocr_carea' id='block_1_86' title="bbox 2219 4205 3769 4287">
    <p class='ocr_par' dir='ltr' id='par_1_86' title="bbox 2219 4205 3769 4287">
     <span class='ocr_line' id='line_1_87' title="bbox 2219 4205 3769 4287; baseline 0.003 -27"><span class='ocrx_word' id='word_1_702' title='bbox 2219 4206 2525 4287; x_wconf 64' lang='lat' dir='ltr'><strong>suscepisse</strong></span> <span class='ocrx_word' id='word_1_703' title='bbox 2563 4205 2697 4277; x_wconf 87' lang='lat' dir='ltr'><strong>legis</strong></span> <span class='ocrx_word' id='word_1_704' title='bbox 2731 4209 2932 4264; x_wconf 89' lang='lat' dir='ltr'><strong>veteris</strong></span> <span class='ocrx_word' id='word_1_705' title='bbox 2961 4221 3320 4276; x_wconf 86' lang='lat' dir='ltr'><strong>sacramenta,</strong></span> <span class='ocrx_word' id='word_1_706' title='bbox 3355 4212 3539 4268; x_wconf 91' lang='lat' dir='ltr'><strong>dehuit</strong></span> <span class='ocrx_word' id='word_1_707' title='bbox 3579 4225 3627 4268; x_wconf 86' lang='lat' dir='ltr'><strong>et</strong></span> <span class='ocrx_word' id='word_1_708' title='bbox 3650 4211 3769 4269; x_wconf 77' lang='lat' dir='ltr'><strong>Geu-</strong></span> 
     </span>
    </p>
   </div>
   <div class='ocr_carea' id='block_1_87' title="bbox 2221 4298 3763 4375">
    <p class='ocr_par' dir='ltr' id='par_1_87' title="bbox 2221 4298 3763 4375">
     <span class='ocr_line' id='line_1_88' title="bbox 2221 4298 3763 4375; baseline 0.006 -21"><span class='ocrx_word' id='word_1_709' title='bbox 2221 4298 2350 4354; x_wconf 90' lang='lat' dir='ltr'><strong>tium</strong></span> <span class='ocrx_word' id='word_1_710' title='bbox 2383 4298 2739 4355; x_wconf 88' lang='lat' dir='ltr'><strong>idololatriam</strong></span> <span class='ocrx_word' id='word_1_711' title='bbox 2757 4302 2949 4358; x_wconf 87' lang='lat' dir='ltr'><strong>eodem</strong></span> <span class='ocrx_word' id='word_1_712' title='bbox 2973 4304 3136 4358; x_wconf 85' lang='lat' dir='ltr'><strong>modo</strong></span> <span class='ocrx_word' id='word_1_713' title='bbox 3163 4306 3481 4361; x_wconf 83' lang='lat' dir='ltr'><strong>mentiendo</strong></span> <span class='ocrx_word' id='word_1_714' title='bbox 3505 4306 3763 4375; x_wconf 77' lang='lat' dir='ltr'><strong>suscipere.</strong></span> 
     </span>
    </p>
   </div>
   <div class='ocr_carea' id='block_1_88' title="bbox 533 4390 2101 4476">
    <p class='ocr_par' dir='ltr' id='par_1_88' title="bbox 533 4403 2101 4476">
     <span class='ocr_line' id='line_1_89' title="bbox 533 4403 2101 4476; baseline 0.003 -18"><span class='ocrx_word' id='word_1_715' title='bbox 533 4405 784 4471; x_wconf 86' lang='lat' dir='ltr'><strong>ﬁcenlur,</strong></span> <span class='ocrx_word' id='word_1_716' title='bbox 842 4403 966 4473; x_wconf 89' lang='lat' dir='ltr'><strong>quid</strong></span> <span class='ocrx_word' id='word_1_717' title='bbox 1021 4405 1109 4460; x_wconf 88' lang='lat' dir='ltr'><strong>hic</strong></span> <span class='ocrx_word' id='word_1_718' title='bbox 1162 4404 1322 4461; x_wconf 88' lang='lat' dir='ltr'><strong>debet</strong></span> <span class='ocrx_word' id='word_1_719' title='bbox 1369 4407 1544 4476; x_wconf 90' lang='lat' dir='ltr'><strong>putari</strong></span> <span class='ocrx_word' id='word_1_720' title='bbox 1590 4406 1787 4461; x_wconf 77' lang='lat' dir='ltr'><strong>factum</strong></span> <span class='ocrx_word' id='word_1_721' title='bbox 1845 4406 2101 4464; x_wconf 75' lang='lat' dir='ltr'><strong>dictumvt</strong></span> 
     </span>
    </p>
   </div>
   <div class='ocr_carea' id='block_1_89' title="bbox 2205 4390 3767 4476">
    <p class='ocr_par' dir='ltr' id='par_1_89' title="bbox 2221 4390 3767 4466">
     <span class='ocr_line' id='line_1_90' title="bbox 2221 4390 3767 4466; baseline 0.003 -23"><span class='ocrx_word' id='word_1_722' title='bbox 2221 4391 2349 4460; x_wconf 91' lang='lat' dir='ltr'><strong>quia</strong></span> <span class='ocrx_word' id='word_1_723' title='bbox 2381 4390 2517 4446; x_wconf 83' lang='lat' dir='ltr'><strong>dixit</strong></span> <span class='ocrx_word' id='word_1_724' title='bbox 2546 4409 2559 4445; x_wconf 88' lang='lat'><strong>:</strong></span> <span class='ocrx_word' id='word_1_725' title='bbox 2594 4392 2770 4448; x_wconf 79' lang='lat' dir='ltr'><strong>Etiam</strong></span> <span class='ocrx_word' id='word_1_726' title='bbox 2815 4393 2898 4448; x_wconf 89' lang='lat' dir='ltr'><strong>his</strong></span> <span class='ocrx_word' id='word_1_727' title='bbox 2933 4395 3022 4465; x_wconf 90' lang='lat' dir='ltr'><strong>qui</strong></span> <span class='ocrx_word' id='word_1_728' title='bbox 3053 4395 3171 4451; x_wconf 89' lang='lat' dir='ltr'><strong>sine</strong></span> <span class='ocrx_word' id='word_1_729' title='bbox 3200 4396 3320 4466; x_wconf 84' lang='lat' dir='ltr'><strong>lege</strong></span> <span class='ocrx_word' id='word_1_730' title='bbox 3357 4406 3513 4452; x_wconf 86' lang='lat' dir='ltr'><strong>erant</strong></span> <span class='ocrx_word' id='word_1_731' title='bbox 3556 4409 3767 4466; x_wconf 84' lang='lat' dir='ltr'><strong>tanquam</strong></span> 
     </span>
    </p>
   </div>
   <div class='ocr_carea' id='block_1_90' title="bbox 533 4483 2101 4566">
    <p class='ocr_par' dir='ltr' id='par_1_90' title="bbox 533 4492 2101 4566">
     <span class='ocr_line' id='line_1_91' title="bbox 533 4492 2101 4566; baseline 0.003 -17"><span class='ocrx_word' id='word_1_732' title='bbox 533 4495 902 4552; x_wconf 79' lang='lat' dir='ltr'><strong>mendaciter?</strong></span> <span class='ocrx_word' id='word_1_733' title='bbox 938 4492 1069 4551; x_wconf 92' lang='lat' dir='ltr'><strong>Cum</strong></span> <span class='ocrx_word' id='word_1_734' title='bbox 1099 4496 1241 4550; x_wconf 90' lang='lat' dir='ltr'><strong>enim</strong></span> <span class='ocrx_word' id='word_1_735' title='bbox 1273 4511 1390 4565; x_wconf 79' lang='lat' dir='ltr'><strong>qua:</strong></span> <span class='ocrx_word' id='word_1_736' title='bbox 1428 4495 1829 4566; x_wconf 89' lang='lat' dir='ltr'><strong>signiﬁcantur,</strong></span> <span class='ocrx_word' id='word_1_737' title='bbox 1864 4513 1970 4564; x_wconf 87' lang='lat' dir='ltr'><strong>non</strong></span> <span class='ocrx_word' id='word_1_738' title='bbox 2012 4499 2101 4554; x_wconf 88' lang='lat' dir='ltr'><strong>uti-</strong></span> 
     </span>
    </p>
   </div>
   <div class='ocr_carea' id='block_1_91' title="bbox 2205 4483 3767 4566">
    <p class='ocr_par' dir='ltr' id='par_1_91' title="bbox 2223 4484 3767 4559">
     <span class='ocr_line' id='line_1_92' title="bbox 2223 4484 3767 4559; baseline 0.001 -20"><span class='ocrx_word' id='word_1_739' title='bbox 2223 4484 2341 4541; x_wconf 88' lang='lat' dir='ltr'><strong>sine</strong></span> <span class='ocrx_word' id='word_1_740' title='bbox 2373 4488 2488 4556; x_wconf 88' lang='lat' dir='ltr'><strong>lege</strong></span> <span class='ocrx_word' id='word_1_741' title='bbox 2516 4502 2577 4542; x_wconf 90' lang='lat' dir='ltr'><strong>se</strong></span> <span class='ocrx_word' id='word_1_742' title='bbox 2609 4487 2909 4554; x_wconf 84' lang='lat' dir='ltr'><strong>lactum,&quot;ut</strong></span> <span class='ocrx_word' id='word_1_743' title='bbox 2929 4503 3024 4544; x_wconf 89' lang='lat' dir='ltr'><strong>eos</strong></span> <span class='ocrx_word' id='word_1_744' title='bbox 3051 4489 3412 4546; x_wconf 70' lang='lat' dir='ltr'><strong>lucrifacrrct.</strong></span> <span class='ocrx_word' id='word_1_745' title='bbox 3448 4491 3593 4559; x_wconf 77' lang='lat' dir='ltr'><strong>Quod</strong></span> <span class='ocrx_word' id='word_1_746' title='bbox 3621 4489 3767 4558; x_wconf 84' lang='lat' dir='ltr'><strong>utique</strong></span> 
     </span>
    </p>
   </div>
   <div class='ocr_carea' id='block_1_92' title="bbox 534 4576 3769 4658">
    <p class='ocr_par' dir='ltr' id='par_1_92' title="bbox 534 4576 3769 4658">
     <span class='ocr_line' id='line_1_93' title="bbox 534 4576 3769 4658; baseline 0.003 -18"><span class='ocrx_word' id='word_1_747' title='bbox 534 4600 639 4653; x_wconf 84' lang='lat' dir='ltr'><strong>que</strong></span> <span class='ocrx_word' id='word_1_748' title='bbox 665 4600 772 4639; x_wconf 87' lang='lat' dir='ltr'><strong>non</strong></span> <span class='ocrx_word' id='word_1_749' title='bbox 794 4592 920 4639; x_wconf 88' lang='lat' dir='ltr'><strong>sunt</strong></span> <span class='ocrx_word' id='word_1_750' title='bbox 957 4586 1009 4639; x_wconf 91' lang='lat' dir='ltr'><strong>in</strong></span> <span class='ocrx_word' id='word_1_751' title='bbox 1040 4586 1289 4650; x_wconf 86' lang='lat' dir='ltr'><strong>veritate,</strong></span> <span class='ocrx_word' id='word_1_752' title='bbox 1314 4585 1411 4641; x_wconf 90' lang='lat' dir='ltr'><strong>sed</strong></span> <span class='ocrx_word' id='word_1_753' title='bbox 1433 4597 1558 4641; x_wconf 89' lang='lat' dir='ltr'><strong>sunt</strong></span> <span class='ocrx_word' id='word_1_754' title='bbox 1589 4601 1682 4642; x_wconf 93' lang='lat' dir='ltr'><strong>seu</strong></span> <span class='ocrx_word' id='word_1_755' title='bbox 1703 4587 2118 4658; x_wconf 67' lang='lat' dir='ltr'><strong>praeterita,seu</strong></span> <span class='ocrx_word' id='word_1_756' title='bbox 2225 4591 2331 4631; x_wconf 81' lang='grc' dir='ltr'><strong>ηοη</strong></span> <span class='ocrx_word' id='word_1_757' title='bbox 2385 4576 2534 4644; x_wconf 56' lang='lat' dir='ltr'><strong>feeit.</strong></span> <span class='ocrx_word' id='word_1_758' title='bbox 2570 4593 2675 4634; x_wconf 80' lang='grc' dir='ltr'>ῐιοη</span> <span class='ocrx_word' id='word_1_759' title='bbox 2721 4580 2863 4646; x_wconf 81' lang='lat' dir='ltr'><strong>enim</strong></span> <span class='ocrx_word' id='word_1_760' title='bbox 2901 4580 3097 4636; x_wconf 70' lang='grc' dir='ltr'><strong>εὶιουδῖ</strong></span> <span class='ocrx_word' id='word_1_761' title='bbox 3147 4582 3474 4637; x_wconf 69' lang='grc' dir='ltr'><strong>δεεῒὶσωτὶι</strong></span> <span class='ocrx_word' id='word_1_762' title='bbox 3520 4583 3663 4636; x_wconf 63' lang='lat' dir='ltr'><strong>idum</strong></span> <span class='ocrx_word' id='word_1_763' title='bbox 3698 4589 3769 4634; x_wconf 69' lang='grc' dir='ltr'><strong>θυι</strong></span> 
     </span>
    </p>
   </div>
   <div class='ocr_carea' id='block_1_93' title="bbox 537 4664 3768 4750">
    <p class='ocr_par' dir='ltr' id='par_1_93' title="bbox 537 4664 3768 4750">
     <span class='ocr_line' id='line_1_94' title="bbox 537 4664 3768 4750; baseline 0.005 -21"><span class='ocrx_word' id='word_1_764' title='bbox 537 4674 844 4746; x_wconf 68' lang='grc' dir='ltr'><strong>ρι’ωεθιιιίδ,</strong></span> <span class='ocrx_word' id='word_1_765' title='bbox 891 4687 983 4729; x_wconf 90' lang='lat' dir='ltr'><strong>seu</strong></span> <span class='ocrx_word' id='word_1_766' title='bbox 1011 4673 1210 4741; x_wconf 73' lang='lat' dir='ltr'><strong>futura,</strong></span> <span class='ocrx_word' id='word_1_767' title='bbox 1261 4675 1614 4746; x_wconf 90' lang='lat' dir='ltr'><strong>proculdubio</strong></span> <span class='ocrx_word' id='word_1_768' title='bbox 1631 4664 1768 4733; x_wconf 80' lang='lat' dir='ltr'><strong>vera</strong></span> <span class='ocrx_word' id='word_1_769' title='bbox 1799 4678 2122 4750; x_wconf 88' lang='lat' dir='ltr'><strong>signiﬁcatio</strong></span> <span class='ocrx_word' id='word_1_770' title='bbox 2225 4667 2471 4722; x_wconf 66' lang='grc' dir='ltr'><strong>εάοτδνίι</strong></span> <span class='ocrx_word' id='word_1_771' title='bbox 2520 4669 2629 4725; x_wconf 67' lang='lat'><strong>“&quot;3</strong></span> <span class='ocrx_word' id='word_1_772' title='bbox 2673 4670 2944 4742; x_wconf 68' lang='lat' dir='ltr'><strong>ﬁgmenta.</strong></span> <span class='ocrx_word' id='word_1_773' title='bbox 2977 4686 3042 4728; x_wconf 75' lang='grc' dir='ltr'><strong>³ο</strong></span> <span class='ocrx_word' id='word_1_774' title='bbox 3071 4688 3175 4729; x_wconf 78' lang='grc' dir='ltr'><strong>ηοη</strong></span> <span class='ocrx_word' id='word_1_775' title='bbox 3225 4675 3402 4742; x_wconf 72' lang='grc' dir='ltr'><strong>ροιῑυε</strong></span> <span class='ocrx_word' id='word_1_776' title='bbox 3451 4674 3630 4738; x_wconf 60' lang='lat' dir='ltr'><strong>“be”:</strong></span> <span class='ocrx_word' id='word_1_777' title='bbox 3674 4684 3768 4724; x_wconf 62' lang='grc' dir='ltr'><strong>ω’·</strong></span> 
     </span>
    </p>
   </div>
   <div class='ocr_carea' id='block_1_94' title="bbox 536 4755 2101 4837">
    <p class='ocr_par' dir='ltr' id='par_1_94' title="bbox 536 4765 2101 4837">
     <span class='ocr_line' id='line_1_95' title="bbox 536 4765 2101 4837; baseline 0.001 -15"><span class='ocrx_word' id='word_1_778' title='bbox 536 4775 622 4822; x_wconf 85' lang='lat' dir='ltr'><strong>est</strong></span> <span class='ocrx_word' id='word_1_779' title='bbox 658 4765 968 4836; x_wconf 90' lang='lat' dir='ltr'><strong>nullumque</strong></span> <span class='ocrx_word' id='word_1_780' title='bbox 1006 4766 1365 4821; x_wconf 87' lang='lat' dir='ltr'><strong>mendacium.</strong></span> <span class='ocrx_word' id='word_1_781' title='bbox 1398 4765 1502 4821; x_wconf 85' lang='lat' dir='ltr'><strong>Sed</strong></span> <span class='ocrx_word' id='word_1_782' title='bbox 1544 4766 1819 4837; x_wconf 87' lang='lat' dir='ltr'><strong>aliquanto</strong></span> <span class='ocrx_word' id='word_1_783' title='bbox 1844 4783 2101 4824; x_wconf 35' lang='lat' dir='ltr'><strong>commen‘</strong></span> 
     </span>
    </p>
   </div>
   <div class='ocr_carea' id='block_1_95' title="bbox 2205 4755 3766 4837">
    <p class='ocr_par' dir='ltr' id='par_1_95' title="bbox 2226 4755 3766 4832">
     <span class='ocr_line' id='line_1_96' title="bbox 2226 4755 3766 4832; baseline 0.001 -20"><span class='ocrx_word' id='word_1_784' title='bbox 2226 4755 2387 4828; x_wconf 79' lang='lat' dir='ltr'><strong>quam</strong></span> <span class='ocrx_word' id='word_1_785' title='bbox 2405 4769 2607 4832; x_wconf 84' lang='lat' dir='ltr'><strong>martyr</strong></span> <span class='ocrx_word' id='word_1_786' title='bbox 2633 4761 2858 4830; x_wconf 85' lang='lat' dir='ltr'><strong>Christi,</strong></span> <span class='ocrx_word' id='word_1_787' title='bbox 2882 4763 3194 4819; x_wconf 86' lang='lat' dir='ltr'><strong>detestanda</strong></span> <span class='ocrx_word' id='word_1_788' title='bbox 3220 4775 3276 4820; x_wconf 90' lang='lat' dir='ltr'><strong>et</strong></span> <span class='ocrx_word' id='word_1_789' title='bbox 3313 4765 3524 4820; x_wconf 84' lang='lat' dir='ltr'><strong>vitanda</strong></span> <span class='ocrx_word' id='word_1_790' title='bbox 3547 4775 3766 4820; x_wconf 82' lang='lat' dir='ltr'><strong>monstra-</strong></span> 
     </span>
    </p>
   </div>
   <div class='ocr_carea' id='block_1_96' title="bbox 535 4849 3768 4933">
    <p class='ocr_par' dir='ltr' id='par_1_96' title="bbox 535 4849 3768 4933">
     <span class='ocr_line' id='line_1_97' title="bbox 535 4849 3768 4933; baseline -0 -20"><span class='ocrx_word' id='word_1_791' title='bbox 535 4849 713 4914; x_wconf 84' lang='lat' dir='ltr'><strong>datius</strong></span> <span class='ocrx_word' id='word_1_792' title='bbox 735 4867 949 4929; x_wconf 86' lang='lat' dir='ltr'><strong>oportet</strong></span> <span class='ocrx_word' id='word_1_793' title='bbox 977 4869 1034 4914; x_wconf 92' lang='lat' dir='ltr'><strong>ut</strong></span> <span class='ocrx_word' id='word_1_794' title='bbox 1061 4856 1233 4913; x_wconf 91' lang='lat' dir='ltr'><strong>dicam</strong></span> <span class='ocrx_word' id='word_1_795' title='bbox 1260 4872 1354 4913; x_wconf 90' lang='lat' dir='ltr'><strong>cur</strong></span> <span class='ocrx_word' id='word_1_796' title='bbox 1377 4859 1478 4913; x_wconf 92' lang='lat' dir='ltr'><strong>ista</strong></span> <span class='ocrx_word' id='word_1_797' title='bbox 1508 4858 1638 4933; x_wconf 84' lang='lat' dir='ltr'><strong>mihi</strong></span> <span class='ocrx_word' id='word_1_798' title='bbox 1664 4859 1904 4914; x_wconf 88' lang='lat' dir='ltr'><strong>videatur</strong></span> <span class='ocrx_word' id='word_1_799' title='bbox 1927 4862 2117 4932; x_wconf 58' lang='lat' dir='ltr'><strong>triparc</strong></span> <span class='ocrx_word' id='word_1_800' title='bbox 2230 4852 2324 4906; x_wconf 78' lang='lat' dir='ltr'><strong>Vil-</strong></span> <span class='ocrx_word' id='word_1_801' title='bbox 2357 4851 2686 4909; x_wconf 70' lang='lat' dir='ltr'><strong>Mendacium</strong></span> <span class='ocrx_word' id='word_1_802' title='bbox 2721 4864 2800 4909; x_wconf 81' lang='lat' dir='ltr'><strong>est</strong></span> <span class='ocrx_word' id='word_1_803' title='bbox 2834 4856 3033 4925; x_wconf 82' lang='lat' dir='ltr'><strong>quippe</strong></span> <span class='ocrx_word' id='word_1_804' title='bbox 3065 4857 3194 4911; x_wconf 78' lang='lat' dir='ltr'><strong>falsa</strong></span> <span class='ocrx_word' id='word_1_805' title='bbox 3223 4857 3542 4924; x_wconf 59' lang='lat' dir='ltr'><strong>signiﬁcatio</strong></span> <span class='ocrx_word' id='word_1_806' title='bbox 3567 4871 3674 4910; x_wconf 81' lang='lat' dir='ltr'><strong>cu</strong></span> <span class='ocrx_word' id='word_1_807' title='bbox 3699 4869 3768 4904; x_wconf 77' lang='lat' dir='ltr'><strong>W-</strong></span> 
     </span>
    </p>
   </div>
   <div class='ocr_carea' id='block_1_97' title="bbox 540 4945 3772 5019">
    <p class='ocr_par' dir='ltr' id='par_1_97' title="bbox 540 4945 3772 5019">
     <span class='ocr_line' id='line_1_98' title="bbox 540 4945 3772 5019; baseline -0.003 -11"><span class='ocrx_word' id='word_1_808' title='bbox 540 4957 634 5009; x_wconf 89' lang='lat' dir='ltr'><strong>tita</strong></span> <span class='ocrx_word' id='word_1_809' title='bbox 657 4951 797 5006; x_wconf 88' lang='lat' dir='ltr'><strong>ratio</strong></span> <span class='ocrx_word' id='word_1_810' title='bbox 823 4949 1128 5019; x_wconf 86' lang='lat' dir='ltr'><strong>disputandi</strong></span> <span class='ocrx_word' id='word_1_811' title='bbox 1159 4949 1420 5004; x_wconf 86' lang='lat' dir='ltr'><strong>adversus</strong></span> <span class='ocrx_word' id='word_1_812' title='bbox 1443 4964 1535 5005; x_wconf 91' lang='lat' dir='ltr'><strong>eos</strong></span> <span class='ocrx_word' id='word_1_813' title='bbox 1565 4950 1654 5019; x_wconf 90' lang='lat' dir='ltr'><strong>qui</strong></span> <span class='ocrx_word' id='word_1_814' title='bbox 1689 4961 1940 5018; x_wconf 87' lang='lat' dir='ltr'><strong>patronas</strong></span> <span class='ocrx_word' id='word_1_815' title='bbox 1971 4968 2118 5008; x_wconf 44' lang='lat' dir='ltr'><strong>mene</strong></span> <span class='ocrx_word' id='word_1_816' title='bbox 2233 4945 2440 5002; x_wconf 90' lang='lat' dir='ltr'><strong>luntate</strong></span> <span class='ocrx_word' id='word_1_817' title='bbox 2468 4947 2682 5003; x_wconf 76' lang='lat' dir='ltr'><strong>fallendi</strong></span> <span class='ocrx_word' id='word_1_818' title='bbox 2709 4965 2724 5004; x_wconf 92' lang='lat'>:</span> <span class='ocrx_word' id='word_1_819' title='bbox 2752 4963 2856 5003; x_wconf 92' lang='lat' dir='ltr'><strong>non</strong></span> <span class='ocrx_word' id='word_1_820' title='bbox 2881 4958 2963 5002; x_wconf 88' lang='lat' dir='ltr'><strong>est</strong></span> <span class='ocrx_word' id='word_1_821' title='bbox 2986 4960 3165 5003; x_wconf 91' lang='lat' dir='ltr'><strong>autem</strong></span> <span class='ocrx_word' id='word_1_822' title='bbox 3198 4949 3326 5002; x_wconf 66' lang='lat' dir='ltr'><strong>falsa</strong></span> <span class='ocrx_word' id='word_1_823' title='bbox 3360 4949 3684 5018; x_wconf 83' lang='lat' dir='ltr'><strong>signiﬁcato,</strong></span> <span class='ocrx_word' id='word_1_824' title='bbox 3705 4947 3772 4998; x_wconf 78' lang='lat' dir='ltr'><strong>ubi</strong></span> 
     </span>
    </p>
   </div>
   <div class='ocr_carea' id='block_1_98' title="bbox 535 5032 3772 5114">
    <p class='ocr_par' dir='ltr' id='par_1_98' title="bbox 535 5032 3772 5114">
     <span class='ocr_line' id='line_1_99' title="bbox 535 5032 3772 5114; baseline -0.004 -13"><span class='ocrx_word' id='word_1_825' title='bbox 535 5045 706 5102; x_wconf 83' lang='lat' dir='ltr'><strong>daciis</strong></span> <span class='ocrx_word' id='word_1_826' title='bbox 754 5045 864 5100; x_wconf 87' lang='lat' dir='ltr'><strong>suis</strong></span> <span class='ocrx_word' id='word_1_827' title='bbox 906 5043 1212 5114; x_wconf 87' lang='lat' dir='ltr'><strong>Scripturas</strong></span> <span class='ocrx_word' id='word_1_828' title='bbox 1251 5041 1434 5096; x_wconf 90' lang='lat' dir='ltr'><strong>volunt</strong></span> <span class='ocrx_word' id='word_1_829' title='bbox 1486 5032 1747 5098; x_wconf 68' lang='lat' dir='ltr'><strong>adhibere</strong></span> <span class='ocrx_word' id='word_1_830' title='bbox 1782 5041 2018 5107; x_wconf 87' lang='lat' dir='ltr'><strong>divinas,</strong></span> <span class='ocrx_word' id='word_1_831' title='bbox 2068 5054 2120 5098; x_wconf 90' lang='lat' dir='ltr'><strong>nt</strong></span> <span class='ocrx_word' id='word_1_832' title='bbox 2238 5049 2293 5096; x_wconf 88' lang='lat' dir='ltr'><strong>et</strong></span> <span class='ocrx_word' id='word_1_833' title='bbox 2318 5039 2362 5094; x_wconf 86' lang='lat' dir='ltr'><strong>si</strong></span> <span class='ocrx_word' id='word_1_834' title='bbox 2383 5039 2526 5094; x_wconf 89' lang='lat' dir='ltr'><strong>aliud</strong></span> <span class='ocrx_word' id='word_1_835' title='bbox 2548 5054 2611 5094; x_wconf 90' lang='lat' dir='ltr'><strong>ex</strong></span> <span class='ocrx_word' id='word_1_836' title='bbox 2636 5040 2742 5094; x_wconf 91' lang='lat' dir='ltr'><strong>alio</strong></span> <span class='ocrx_word' id='word_1_837' title='bbox 2771 5039 3122 5109; x_wconf 82' lang='lat' dir='ltr'><strong>signiﬁcatur,</strong></span> <span class='ocrx_word' id='word_1_838' title='bbox 3152 5055 3334 5094; x_wconf 87' lang='lat' dir='ltr'><strong>verum</strong></span> <span class='ocrx_word' id='word_1_839' title='bbox 3361 5049 3636 5095; x_wconf 88' lang='lat' dir='ltr'><strong>esttamen</strong></span> <span class='ocrx_word' id='word_1_840' title='bbox 3661 5036 3772 5102; x_wconf 82' lang='lat' dir='ltr'><strong>quod</strong></span> 
     </span>
    </p>
   </div>
   <div class='ocr_carea' id='block_1_99' title="bbox 537 5117 3770 5207">
    <p class='ocr_par' dir='ltr' id='par_1_99' title="bbox 537 5117 3770 5207">
     <span class='ocr_line' id='line_1_100' title="bbox 537 5117 3770 5207; baseline -0.004 -17"><span class='ocrx_word' id='word_1_841' title='bbox 537 5133 691 5207; x_wconf 70' lang='lat' dir='ltr'><strong>prius</strong></span> <span class='ocrx_word' id='word_1_842' title='bbox 727 5117 1078 5191; x_wconf 79' lang='lat' dir='ltr'><strong>ostendamus</strong></span> <span class='ocrx_word' id='word_1_843' title='bbox 1119 5132 1374 5187; x_wconf 88' lang='lat' dir='ltr'><strong>nonnulla</strong></span> <span class='ocrx_word' id='word_1_844' title='bbox 1412 5147 1532 5201; x_wconf 75' lang='lat' dir='ltr'><strong>qua:</strong></span> <span class='ocrx_word' id='word_1_845' title='bbox 1565 5132 1635 5186; x_wconf 89' lang='lat' dir='ltr'><strong>ibi</strong></span> <span class='ocrx_word' id='word_1_846' title='bbox 1681 5140 1936 5201; x_wconf 85' lang='lat' dir='ltr'><strong>putantur</strong></span> <span class='ocrx_word' id='word_1_847' title='bbox 1978 5148 2119 5198; x_wconf 82' lang='lat' dir='ltr'><strong>esse,</strong></span> <span class='ocrx_word' id='word_1_848' title='bbox 2237 5131 2588 5200; x_wconf 86' lang='lat' dir='ltr'><strong>signiﬁcatur,</strong></span> <span class='ocrx_word' id='word_1_849' title='bbox 2620 5131 2663 5185; x_wconf 89' lang='lat' dir='ltr'><strong>si</strong></span> <span class='ocrx_word' id='word_1_850' title='bbox 2690 5141 2835 5186; x_wconf 88' lang='lat' dir='ltr'><strong>recte</strong></span> <span class='ocrx_word' id='word_1_851' title='bbox 2864 5131 3215 5202; x_wconf 86' lang='lat' dir='ltr'><strong>intelligatur.</strong></span> <span class='ocrx_word' id='word_1_852' title='bbox 3250 5133 3386 5187; x_wconf 88' lang='lat' dir='ltr'><strong>Sunt</strong></span> <span class='ocrx_word' id='word_1_853' title='bbox 3410 5130 3640 5201; x_wconf 56' lang='lat' dir='ltr'><strong>quadam</strong></span> <span class='ocrx_word' id='word_1_854' title='bbox 3663 5128 3770 5195; x_wconf 80' lang='lat' dir='ltr'><strong>ejus-</strong></span> 
     </span>
    </p>
   </div>
   <div class='ocr_carea' id='block_1_100' title="bbox 541 5220 3769 5292">
    <p class='ocr_par' dir='ltr' id='par_1_100' title="bbox 541 5220 3769 5292">
     <span class='ocr_line' id='line_1_101' title="bbox 541 5220 3769 5292; baseline -0.004 -11"><span class='ocrx_word' id='word_1_855' title='bbox 541 5225 818 5282; x_wconf 77' lang='lat' dir='ltr'><strong>meudacia</strong></span> <span class='ocrx_word' id='word_1_856' title='bbox 860 5239 964 5279; x_wconf 92' lang='lat' dir='ltr'><strong>non</strong></span> <span class='ocrx_word' id='word_1_857' title='bbox 997 5236 1140 5290; x_wconf 88' lang='lat' dir='ltr'><strong>esse,</strong></span> <span class='ocrx_word' id='word_1_858' title='bbox 1176 5223 1314 5292; x_wconf 89' lang='lat' dir='ltr'><strong>quod</strong></span> <span class='ocrx_word' id='word_1_859' title='bbox 1346 5232 1633 5292; x_wconf 88' lang='lat' dir='ltr'><strong>putantur,</strong></span> <span class='ocrx_word' id='word_1_860' title='bbox 1675 5225 1720 5278; x_wconf 91' lang='lat' dir='ltr'><strong>si</strong></span> <span class='ocrx_word' id='word_1_861' title='bbox 1755 5232 1902 5280; x_wconf 86' lang='lat' dir='ltr'><strong>recte</strong></span> <span class='ocrx_word' id='word_1_862' title='bbox 1929 5226 2126 5282; x_wconf 74' lang='lat' dir='ltr'><strong>intelli-</strong></span> <span class='ocrx_word' id='word_1_863' title='bbox 2238 5223 2383 5282; x_wconf 83' lang='lat' dir='ltr'><strong>modi</strong></span> <span class='ocrx_word' id='word_1_864' title='bbox 2427 5223 2588 5277; x_wconf 87' lang='lat' dir='ltr'><strong>etiam</strong></span> <span class='ocrx_word' id='word_1_865' title='bbox 2632 5223 2924 5278; x_wconf 83' lang='lat' dir='ltr'><strong>Sslvatoris</strong></span> <span class='ocrx_word' id='word_1_866' title='bbox 2974 5224 3025 5276; x_wconf 90' lang='lat' dir='ltr'><strong>in</strong></span> <span class='ocrx_word' id='word_1_867' title='bbox 3076 5223 3402 5291; x_wconf 83' lang='lat' dir='ltr'><strong>Evangelio,</strong></span> <span class='ocrx_word' id='word_1_868' title='bbox 3450 5220 3567 5290; x_wconf 89' lang='lat' dir='ltr'><strong>quia</strong></span> <span class='ocrx_word' id='word_1_869' title='bbox 3600 5228 3649 5272; x_wconf 87' lang='lat' dir='ltr'><strong>et</strong></span> <span class='ocrx_word' id='word_1_870' title='bbox 3684 5220 3769 5284; x_wconf 72' lang='lat' dir='ltr'><strong>ipse</strong></span> 
     </span>
    </p>
   </div>
   <div class='ocr_carea' id='block_1_101' title="bbox 539 5310 3766 5389">
    <p class='ocr_par' dir='ltr' id='par_1_101' title="bbox 539 5310 3766 5389">
     <span class='ocr_line' id='line_1_102' title="bbox 539 5310 3766 5389; baseline -0 -19"><span class='ocrx_word' id='word_1_871' title='bbox 539 5327 763 5387; x_wconf 86' lang='lat' dir='ltr'><strong>gantur;</strong></span> <span class='ocrx_word' id='word_1_872' title='bbox 805 5314 1000 5373; x_wconf 86' lang='lat' dir='ltr'><strong>deinde</strong></span> <span class='ocrx_word' id='word_1_873' title='bbox 1029 5316 1073 5370; x_wconf 90' lang='lat' dir='ltr'><strong>si</strong></span> <span class='ocrx_word' id='word_1_874' title='bbox 1101 5331 1205 5386; x_wconf 90' lang='lat' dir='ltr'><strong>qua</strong></span> <span class='ocrx_word' id='word_1_875' title='bbox 1239 5315 1311 5369; x_wconf 88' lang='lat' dir='ltr'><strong>ibi</strong></span> <span class='ocrx_word' id='word_1_876' title='bbox 1342 5315 1618 5370; x_wconf 90' lang='lat' dir='ltr'><strong>mendacia</strong></span> <span class='ocrx_word' id='word_1_877' title='bbox 1661 5317 1943 5374; x_wconf 75' lang='lat' dir='ltr'><strong>manifesta</strong></span> <span class='ocrx_word' id='word_1_878' title='bbox 1977 5330 2123 5389; x_wconf 87' lang='lat' dir='ltr'><strong>sunt,</strong></span> <span class='ocrx_word' id='word_1_879' title='bbox 2239 5312 2499 5367; x_wconf 81' lang='lat' dir='ltr'><strong>Dominus</strong></span> <span class='ocrx_word' id='word_1_880' title='bbox 2543 5313 2928 5383; x_wconf 79' lang='lat' dir='ltr'><strong>prophetarum</strong></span> <span class='ocrx_word' id='word_1_881' title='bbox 2976 5312 3236 5388; x_wconf 73' lang='lat' dir='ltr'><strong>propheta</strong></span> <span class='ocrx_word' id='word_1_882' title='bbox 3272 5325 3396 5366; x_wconf 82' lang='lat' dir='ltr'><strong>esse</strong></span> <span class='ocrx_word' id='word_1_883' title='bbox 3426 5310 3658 5380; x_wconf 70' lang='lat' dir='ltr'><strong>dignam!</strong></span> <span class='ocrx_word' id='word_1_884' title='bbox 3689 5313 3766 5359; x_wconf 68' lang='grc' dir='ltr'><strong>θα·</strong></span> 
     </span>
    </p>
   </div>
   <div class='ocr_carea' id='block_1_102' title="bbox 543 5397 3767 5474">
    <p class='ocr_par' dir='ltr' id='par_1_102' title="bbox 543 5397 3767 5474">
     <span class='ocr_line' id='line_1_103' title="bbox 543 5397 3767 5474; baseline -0.002 -8"><span class='ocrx_word' id='word_1_885' title='bbox 543 5407 802 5466; x_wconf 88' lang='lat' dir='ltr'><strong>imitanda</strong></span> <span class='ocrx_word' id='word_1_886' title='bbox 859 5423 966 5464; x_wconf 91' lang='lat' dir='ltr'><strong>non</strong></span> <span class='ocrx_word' id='word_1_887' title='bbox 1011 5421 1160 5468; x_wconf 82' lang='lat' dir='ltr'><strong>esse;</strong></span> <span class='ocrx_word' id='word_1_888' title='bbox 1210 5409 1368 5462; x_wconf 86' lang='lat' dir='ltr'><strong>tertio</strong></span> <span class='ocrx_word' id='word_1_889' title='bbox 1410 5415 1594 5462; x_wconf 87' lang='lat' dir='ltr'><strong>contra</strong></span> <span class='ocrx_word' id='word_1_890' title='bbox 1640 5422 1831 5463; x_wconf 81' lang='lat' dir='ltr'><strong>omnr-s</strong></span> <span class='ocrx_word' id='word_1_891' title='bbox 1888 5413 2128 5467; x_wconf 90' lang='lat' dir='ltr'><strong>omnium</strong></span> <span class='ocrx_word' id='word_1_892' title='bbox 2236 5405 2386 5459; x_wconf 74' lang='lat' dir='ltr'><strong>Talia</strong></span> <span class='ocrx_word' id='word_1_893' title='bbox 2414 5414 2540 5460; x_wconf 83' lang='lat' dir='ltr'><strong>sunt</strong></span> <span class='ocrx_word' id='word_1_894' title='bbox 2577 5404 2668 5459; x_wconf 85' lang='lat' dir='ltr'><strong>illa</strong></span> <span class='ocrx_word' id='word_1_895' title='bbox 2692 5405 2778 5460; x_wconf 86' lang='lat' dir='ltr'><strong>ubi</strong></span> <span class='ocrx_word' id='word_1_896' title='bbox 2807 5403 2874 5459; x_wconf 87' lang='lat' dir='ltr'><strong>de</strong></span> <span class='ocrx_word' id='word_1_897' title='bbox 2904 5405 3132 5460; x_wconf 89' lang='lat' dir='ltr'><strong>muliere</strong></span> <span class='ocrx_word' id='word_1_898' title='bbox 3162 5418 3283 5474; x_wconf 80' lang='lat' dir='ltr'><strong>quae</strong></span> <span class='ocrx_word' id='word_1_899' title='bbox 3311 5401 3516 5457; x_wconf 77' lang='lat' dir='ltr'><strong>ﬂuxum</strong></span> <span class='ocrx_word' id='word_1_900' title='bbox 3544 5397 3767 5469; x_wconf 65' lang='lat' dir='ltr'><strong>sanguinis</strong></span> 
     </span>
    </p>
   </div>
   <div class='ocr_carea' id='block_1_103' title="bbox 542 5489 3765 5573">
    <p class='ocr_par' dir='ltr' id='par_1_103' title="bbox 542 5489 3765 5573">
     <span class='ocr_line' id='line_1_104' title="bbox 542 5489 3765 5573; baseline -0.004 -15"><span class='ocrx_word' id='word_1_901' title='bbox 542 5501 850 5572; x_wconf 81' lang='lat' dir='ltr'><strong>opiniones,</strong></span> <span class='ocrx_word' id='word_1_902' title='bbox 876 5500 1070 5571; x_wconf 88' lang='lat' dir='ltr'><strong>quibus</strong></span> <span class='ocrx_word' id='word_1_903' title='bbox 1101 5499 1311 5554; x_wconf 83' lang='lat' dir='ltr'><strong>videtur</strong></span> <span class='ocrx_word' id='word_1_904' title='bbox 1339 5498 1406 5553; x_wconf 87' lang='lat' dir='ltr'><strong>ad</strong></span> <span class='ocrx_word' id='word_1_905' title='bbox 1439 5499 1540 5553; x_wconf 88' lang='lat' dir='ltr'><strong>viri</strong></span> <span class='ocrx_word' id='word_1_906' title='bbox 1571 5500 1694 5555; x_wconf 88' lang='lat' dir='ltr'><strong>boni</strong></span> <span class='ocrx_word' id='word_1_907' title='bbox 1726 5501 1963 5557; x_wconf 78' lang='lat' dir='ltr'><strong>ofﬁcium</strong></span> <span class='ocrx_word' id='word_1_908' title='bbox 2002 5507 2128 5573; x_wconf 82' lang='lat' dir='ltr'><strong>&#39;pcr-</strong></span> <span class='ocrx_word' id='word_1_909' title='bbox 2236 5497 2538 5567; x_wconf 70' lang='lat' dir='ltr'><strong>patiebatur</strong></span> <span class='ocrx_word' id='word_1_910' title='bbox 2566 5496 2679 5551; x_wconf 81' lang='lat' dir='ltr'><strong>ait:</strong></span> <span class='ocrx_word' id='word_1_911' title='bbox 2712 5498 2843 5564; x_wconf 87' lang='lat' dir='ltr'><strong>Quis</strong></span> <span class='ocrx_word' id='word_1_912' title='bbox 2872 5512 2957 5553; x_wconf 89' lang='lat' dir='ltr'><strong>tne</strong></span> <span class='ocrx_word' id='word_1_913' title='bbox 2988 5496 3202 5568; x_wconf 79' lang='lat' dir='ltr'><strong>tetigit?</strong></span> <span class='ocrx_word' id='word_1_914' title='bbox 3236 5505 3294 5552; x_wconf 85' lang='lat' dir='ltr'><strong>et</strong></span> <span class='ocrx_word' id='word_1_915' title='bbox 3339 5495 3408 5552; x_wconf 87' lang='lat' dir='ltr'><strong>de</strong></span> <span class='ocrx_word' id='word_1_916' title='bbox 3443 5495 3631 5551; x_wconf 83' lang='lat' dir='ltr'><strong>Lazaro</strong></span> <span class='ocrx_word' id='word_1_917' title='bbox 3655 5509 3668 5547; x_wconf 90' lang='lat'><strong>:</strong></span> <span class='ocrx_word' id='word_1_918' title='bbox 3690 5489 3765 5544; x_wconf 78' lang='lat' dir='ltr'><strong>Ubi</strong></span> 
     </span>
    </p>
   </div>
   <div class='ocr_carea' id='block_1_104' title="bbox 545 5584 3764 5668">
    <p class='ocr_par' dir='ltr' id='par_1_104' title="bbox 545 5584 3764 5668">
     <span class='ocr_line' id='line_1_105' title="bbox 545 5584 3764 5668; baseline -0.001 -20"><span class='ocrx_word' id='word_1_919' title='bbox 545 5595 721 5652; x_wconf 84' lang='lat' dir='ltr'><strong>tincre</strong></span> <span class='ocrx_word' id='word_1_920' title='bbox 761 5595 1047 5668; x_wconf 87' lang='lat' dir='ltr'><strong>aliquando</strong></span> <span class='ocrx_word' id='word_1_921' title='bbox 1089 5594 1326 5661; x_wconf 85' lang='lat' dir='ltr'><strong>mentiri,</strong></span> <span class='ocrx_word' id='word_1_922' title='bbox 1378 5594 1694 5650; x_wconf 87' lang='lat' dir='ltr'><strong>omnimodo</strong></span> <span class='ocrx_word' id='word_1_923' title='bbox 1732 5596 2022 5650; x_wconf 86' lang='lat' dir='ltr'><strong>tenendum</strong></span> <span class='ocrx_word' id='word_1_924' title='bbox 2075 5599 2128 5652; x_wconf 93' lang='lat' dir='ltr'><strong>in</strong></span> <span class='ocrx_word' id='word_1_925' title='bbox 2236 5587 2495 5658; x_wconf 73' lang='lat' dir='ltr'><strong>PosuiSliS</strong></span> <span class='ocrx_word' id='word_1_926' title='bbox 2531 5589 2691 5645; x_wconf 83' lang='lat' dir='ltr'><strong>eum?</strong></span> <span class='ocrx_word' id='word_1_927' title='bbox 2738 5588 2827 5644; x_wconf 79' lang='lat' dir='ltr'><strong>Sic</strong></span> <span class='ocrx_word' id='word_1_928' title='bbox 2869 5590 3066 5659; x_wconf 83' lang='lat' dir='ltr'><strong>quippe</strong></span> <span class='ocrx_word' id='word_1_929' title='bbox 3107 5588 3480 5658; x_wconf 65' lang='lat' dir='ltr'><strong>interrogavit,</strong></span> <span class='ocrx_word' id='word_1_930' title='bbox 3519 5584 3656 5658; x_wconf 74' lang='lat' dir='ltr'><strong>quasi</strong></span> <span class='ocrx_word' id='word_1_931' title='bbox 3693 5594 3764 5634; x_wconf 70' lang='grc' dir='ltr'>ιιθο</span> 
     </span>
    </p>
   </div>
   <div class='ocr_carea' id='block_1_105' title="bbox 544 5682 3762 5775">
    <p class='ocr_par' dir='ltr' id='par_1_105' title="bbox 544 5682 3762 5775">
     <span class='ocr_line' id='line_1_106' title="bbox 544 5682 3762 5775; baseline 0.001 -33"><span class='ocrx_word' id='word_1_932' title='bbox 544 5683 785 5745; x_wconf 81' lang='lat' dir='ltr'><strong>doctrina</strong></span> <span class='ocrx_word' id='word_1_933' title='bbox 838 5685 1114 5756; x_wconf 83' lang='lat' dir='ltr'><strong>religionis</strong></span> <span class='ocrx_word' id='word_1_934' title='bbox 1162 5686 1310 5744; x_wconf 91' lang='lat' dir='ltr'><strong>nullo</strong></span> <span class='ocrx_word' id='word_1_935' title='bbox 1356 5687 1516 5744; x_wconf 87' lang='lat' dir='ltr'><strong>modo</strong></span> <span class='ocrx_word' id='word_1_936' title='bbox 1567 5701 1686 5745; x_wconf 90' lang='lat' dir='ltr'><strong>cssc</strong></span> <span class='ocrx_word' id='word_1_937' title='bbox 1735 5690 2126 5762; x_wconf 65' lang='lat' dir='ltr'><strong>mentiendum,</strong></span> <span class='ocrx_word' id='word_1_938' title='bbox 2237 5689 2411 5748; x_wconf 80' lang='lat' dir='ltr'><strong>sciens</strong></span> <span class='ocrx_word' id='word_1_939' title='bbox 2446 5689 2586 5761; x_wconf 89' lang='lat' dir='ltr'><strong>quod</strong></span> <span class='ocrx_word' id='word_1_940' title='bbox 2634 5690 2813 5775; x_wconf 84' lang='lat' dir='ltr'><strong>utique</strong></span> <span class='ocrx_word' id='word_1_941' title='bbox 2861 5688 3086 5752; x_wconf 86' lang='lat' dir='ltr'><strong>sciebat.</strong></span> <span class='ocrx_word' id='word_1_942' title='bbox 3137 5702 3200 5745; x_wconf 90' lang='lat' dir='ltr'><strong>ac</strong></span> <span class='ocrx_word' id='word_1_943' title='bbox 3235 5703 3330 5759; x_wconf 88' lang='lat' dir='ltr'><strong>per</strong></span> <span class='ocrx_word' id='word_1_944' title='bbox 3367 5687 3466 5744; x_wconf 88' lang='lat' dir='ltr'><strong>hoc</strong></span> <span class='ocrx_word' id='word_1_945' title='bbox 3501 5682 3682 5744; x_wconf 76' lang='lat' dir='ltr'><strong>nescire</strong></span> <span class='ocrx_word' id='word_1_946' title='bbox 3719 5691 3762 5732; x_wconf 68' lang='grc' dir='ltr'><strong>δε</strong></span> 
     </span>
    </p>
   </div>
  </div>
