3904 6224
70 266 179 320 839

1294 264 1512 324 τηεεΑ
1525 262 1730 320 υηεε.
1773 264 1926 324 CAP.
1967 268 2189 326 CXCIII.

3229 270 3333 325 850

68 381 256 446 tinxit,
307 392 364 435 ut
405 381 608 452 aliquid
652 380 795 435 aliud
826 379 912 435 illa
944 379 1086 435 velut
1130 379 1425 449 ignorantia
1467 392 1560 432 sua
1591 376 1666 429 si-
1697 378 1744 432 A
1775 380 2144 435 mentiendum
2186 380 2419 436 secundo
2448 393 2665 450 genere,
2694 379 2814 448 quia
2840 377 2967 432 nulli
2992 375 3226 433 facienda
3255 389 3336 434 est

62 471 390 538 gnificaret.
443 473 572 540 Quae
627 472 964 543 signiﬁcatio,
1019 472 1269 542 quoniam
1319 486 1479 527 verax
1523 477 1660 535 erat,

66 561 430 616 mendacium
464 561 715 630 profecto.
741 578 846 616 non
875 571 1010 618 erat.
1045 563 1149 618 Eos
1189 577 1416 633 namque
1462 560 1664 631 signiro

62 655 300 718 cubant,
337 655 450 709 sive
487 656 572 708 illa
603 656 903 733 sanguinis.
927 655 1130 711 fluxum
1169 656 1394 725 patiens,
1426 654 1539 708 sive
1573 652 1665 707 ille

62 756 337 800 mortuus
367 746 770 816 quatriduanus,
815 763 947 818 quos
986 748 1154 803 etiam
1198 747 1286 816 qui
1315 754 1503 801 cuncta
1534 760 1666 816 quo-

60 837 375 890 datnmodo
412 837 616 892 sciebat
661 839 970 909 nesciebat.
1001 838 1130 893 Nam
1167 847 1221 893 et
1254 838 1340 892 illa
1369 847 1546 908 typum
1578 851 1666 906 ge-

61 928 228 977 rcbsl
253 925 434 993 plebis
458 928 726 997 gentium,
754 929 894 984 unde
925 929 1199 998 praemissa
1245 929 1415 982 fuerat
1442 927 1667 997 prophe-

63 1013 137 1064 tia
187 1030 205 1067 :
259 1015 504 1084 Populus
539 1034 696 1088 quem
739 1035 843 1075 non
886 1019 1116 1090 cognovi
1158 1019 1374 1073 servivit
1412 1017 1560 1073 mibi.
1605 1017 1669 1072 Et

66 1105 331 1162 Lazarus
346 1118 586 1163 remotus
603 1124 634 1162 ε.
652 1111 955 1165 viventibus
975 1119 1223 1177 tanquam
1247 1107 1315 1164 ibi
1339 1108 1548 1178 jacebat
1578 1122 1670 1177 per

63 1196 504 1264 significativam
531 1199 960 1265 similitudinem,
990 1199 1080 1255 ubi
1113 1199 1207 1254 ille
1236 1198 1391 1268 cujus
1417 1212 1519 1254 vos
1543 1208 1626 1253 est
1653 1215 1666 1251 :

65 1286 371 1356 Proiectus
416 1304 532 1344 sum
567 1304 599 1344 a
637 1289 776 1347 facie
817 1289 1096 1346 oculorum
1139 1300 1376 1346 tuorum.
1428 1286 1496 1343 Et
1549 1287 1671 1342 ideo

67 1388 347 1448 tanquam
403 1382 698 1437 nesciretur
718 1396 748 1436 a
779 1379 1026 1450 Christo,
1053 1389 1111 1437 et
1141 1381 1228 1435 illa
1257 1394 1374 1451 quae
1404 1379 1579 1443 fuerit,
1617 1388 1673 1433 et

65 1469 176 1523 iste
204 1470 306 1524 ubi
339 1471 543 1540 positus
568 1471 744 1539 fuerit,
766 1473 939 1528 verbis
967 1471 1345 1541 interrogantis
1375 1479 1458 1526 est
1482 1470 1672 1540 figura-

68 1572 212 1627 tum,
227 1573 296 1618 et
309 1579 471 1620 omne
482 1565 705 1620 vitatum
719 1565 895 1620 veraci
909 1562 1298 1635 signiﬁcatione
1312 1561 1668 1618 mendacium.

644 1671 874 1732 CAPUT
909 1672 1116 1730 CXCII.

1768 470 1999 538 injuria;
2050 486 2156 526 non
2204 481 2289 528 est
2341 471 2705 528 mentiendum
2755 472 2911 526 tertio
2960 485 3177 541 genere,
3213 470 3334 540 quia

1767 560 1892 615 nulli
1920 576 2040 617 cum
2073 563 2297 619 alterius
2325 563 2515 633 injuria
2543 562 2924 619 consulendum
2955 569 3075 627 est;
3119 577 3223 617 non
3254 569 3336 616 est

1769 651 2129 708 mentiendum
2162 660 2356 723 quarto
2383 668 2600 720 genere,
2632 663 2848 724 propter
2869 653 3129 710 mendacii
3162 652 3336 708 libidi-

1769 757 1912 808 nem,
1936 757 2055 812 qua:
2086 758 2181 812 per
2197 756 2258 798 se
2279 743 2446 811 ipsam
2477 741 2664 797 vitiosa
2689 752 2806 809 est;
2839 758 2944 798 non
2974 752 3057 799 est
3077 743 3339 797 mentien-

1769 831 1895 885 dum
1938 833 2124 902 quinto
2165 846 2396 902 genere,
2427 831 2546 900 quia
2585 845 2683 886 nec
2703 831 2814 901 ipsa
2856 832 3056 887 veritas
3087 833 3190 886 fine
3222 833 3335 902 pla-

1775 921 1934 976 cendi
1964 921 2270 978 hominibus
2292 920 2615 977 enuntianda
2645 930 2748 988 est,
2769 931 2971 992 quanto
2992 923 3167 978 minus
3188 938 3338 978 men-

1771 1014 1982 1070 dacium
2011 1014 2156 1090 quod
2181 1029 2276 1082 per
2297 1015 2531 1086 seipsum
2551 1055 2565 1079 ,
2599 1015 2722 1085 quia
2749 1014 3081 1070 mendacium
3109 1023 3212 1078 est,
3236 1014 3339 1069 uti—

1773 1121 1878 1174 que
1909 1115 2062 1175 turpe
2097 1106 2212 1162 est?
2260 1105 2375 1162 Non
2406 1113 2490 1162 est
2527 1106 2884 1162 mentiendum
2922 1114 3077 1160 sexto
3114 1121 3334 1175 genere,

1776 1211 1951 1267 neque
1980 1197 2122 1251 enim
2152 1205 2300 1252 recte
2320 1197 2482 1252 etiam
2512 1196 2797 1253 testimonii
2823 1194 3022 1251 veritas
3042 1211 3138 1265 pro
3163 1196 3342 1263 cujus-
3368 1199 3371 1202 '

1775 1304 1934 1360 quam
1962 1291 2239 1359 temporali
2268 1291 2553 1347 commodo
2574 1305 2638 1346 ac
2659 1291 2827 1345 salute
2855 1290 3237 1361 corrumpitur.
3264 1290 3344 1346 Ad

1776 1381 2162 1450 sempiternam
2191 1395 2320 1438 vero
2357 1382 2580 1438 salutem
2616 1383 2790 1437 nullus
2826 1382 3101 1437 ducendus
3123 1392 3205 1437 est
3233 1383 3342 1452 opi-

1753 1471 1985 1550 ‘tulante
2031 1471 2338 1539 mendacio;
2394 1487 2499 1527 non
2539 1475 2682 1528 enim
2725 1473 2877 1527 malis
2917 1473 3340 1527 convertentium

1779 1564 2019 1619 moribus
2045 1563 2111 1619 ad
2152 1564 2323 1619 bonos
2348 1579 2527 1619 mores
2571 1563 2960 1618 convertendus
2991 1571 3095 1629 est,
3143 1561 3265 1631 quia
3299 1561 3343 1615 si

1781 1669 1908 1725 erga
1937 1654 2087 1710 illum
2118 1655 2418 1711 faciendum
2458 1665 2562 1721 est,
2603 1655 2761 1709 debet
2789 1655 2947 1708 etiam
2977 1656 3090 1723 ipse
3121 1657 3344 1707 conver-

100 1761 188 1815 De
220 1763 483 1817 mendacii
517 1764 782 1836 generibus
809 1774 919 1820 octo
936 1781 955 1829 ;
995 1764 1215 1819 ex'libro
1245 1765 1308 1818 de
1343 1763 1632 1819 Mcudecio.
1703 1751 1753 1812 Β
1780 1759 1870 1800 ⁸³⁸
1898 1745 2076 1800 (ποτε
2098 1759 2227 1815 οτεο
2252 1745 2408 1811 ³¹ί⁰³ν
2432 1754 2589 1814 “qn”
2614 1745 2682 1799 Ῐίθ
2716 1759 2821 1836 ηοη
2850 1743 2914 1836 δέ
2943 1743 3131 1836 δοθᾲοεν
3160 1741 3255 1836 “fl
3279 1743 3344 1836 3}!

144 1869 400 1925 Primum
446 1887 614 1942 genus
644 1880 727 1927 est
754 1872 982 1941 capitale
1026 1871 1358 1927 mendacium
1403 1872 1668 1942 longeque

71 1956 431 2027 fugiendum,
460 1962 602 2032 quod
635 1963 692 2016 fit
721 1962 772 2017 in
813 1963 1056 2019 doctrina
1086 1963 1378 2034 religionis,
1413 1964 1478 2018 ad
1523 1963 1664 2034 quod

74 2052 434 2108 mendacium
455 2053 600 2109 nulla
628 2054 934 2112 conditione
959 2056 1236 2125 quisquam
1268 2057 1427 2111 debet
1450 2055 1665 2114 adduci.

72 2143 428 2212 Secundum,
478 2147 792 2216 utaliquem
827 2147 984 2202 laedat
1016 2147 1243 2216 injuste,
1276 2148 1417 2217 quod
1450 2149 1555 2203 tale
1584 2159 1670 2205 est

74 2245 130 2288 ut
170 2245 236 2290 et
265 2235 401 2290 nulli
440 2236 631 2307 prosit,
668 2249 722 2292 et
749 2237 890 2293 obsit
913 2238 1090 2292 alicui.
1125 2237 1385 2300 Tertium,
1417 2238 1558 2309 quod
1596 2238 1666 2293 ita

77 2325 316 2391 prodest
351 2326 529 2394 alteri,
572 2313 628 2382 ut
666 2329 808 2382 obsit
843 2327 1020 2395 alteri,
1053 2328 1294 2398 quamvis
1334 2344 1439 2383 non
1472 2329 1537 2383 ad
1571 2330 1670 2384 iut-

79 2413 415 2470 munditiam
444 2416 586 2472 obsit
614 2417 970 2486 corporalem.
999 2418 1277 2486 Quartum,
1307 2419 1447 2489 quod
1470 2418 1526 2474 fit
1557 2419 1667 2475 sola

82 2507 397 2562 mentiendi
422 2507 746 2577 fallendique
777 2508 1015 2574 libidine,
1042 2509 1184 2579 quod
1212 2512 1400 2564 verum
1417 2509 1669 2582 [merum]

84 2597 436 2653 mendacium
469 2609 572 2654 est.
606 2599 880 2667 Quintum,
914 2600 1055 2670 quod
1093 2601 1152 2655 tit
1181 2601 1425 2670 placendi
1456 2601 1664 2670 cupidi-

83 2695 196 2740 tate
219 2687 293 2742 de
323 2688 472 2742 suavi
502 2688 737 2758 eloquio.
773 2689 865 2743 llis
893 2691 1142 2746 omnibus
1171 2690 1386 2760 penitus
1412 2699 1468 2745 et
1491 2691 1669 2746 vitatis

84 2782 255 2842 atque
279 2775 521 2846 rejectis,
551 2777 790 2847 sequitur
818 2787 1027 2832 sextum
1069 2794 1257 2848 genus,
1289 2779 1428 2848 quod
1459 2787 1512 2835 et
1539 2778 1669 2834 nulli

84 2865 272 2932 obeat,
304 2875 360 2922 et
389 2867 603 2935 prodest
625 2869 806 2932 a'icui,
857 2870 1005 2924 velut
1027 2870 1070 2924 si
1101 2861 1361 2940 quiSpiam
1391 2871 1668 2940 pecuniam

85 2955 323 3025 alicujus
350 2957 542 3027 injuste
569 2958 878 3030 tollendam,
921 2959 1099 3014 sciens
1131 2959 1220 3014 ubi
1252 2962 1340 3025 sit,
1374 2963 1584 3017 nescire
1610 2977 1669 3018 se

86 3047 407 3102 mentiatur.
429 3046 748 3116 Septimum,
782 3048 922 3119 quod
947 3058 1001 3105 et
1019 3049 1148 3103 nulli
1178 3049 1351 3116 obest,
1378 3058 1434 3106 et
1452 3051 1670 3121 prodest

90 3137 278 3204 alicui,
315 3139 460 3192 velut
487 3139 530 3192 si
576 3138 764 3194 nolens
799 3140 1068 3195 hominem
1111 3140 1175 3194 ad
1208 3124 1436 3194 mortem
1474 3142 1666 3211 quassi-

86 3233 198 3279 tum
229 3227 481 3300 prodere,
517 3231 806 3284 mentiatur
836 3234 940 3286 non
969 3230 1142 3284 aulum
1170 3230 1374 3298 justum
1398 3221 1560 3300 eique
1589 3233 1670 3286 in-

90 3299 534 3384 nocentemﬁsed
575 3330 630 3375 et
653 3337 800 3375 reum
839 3321 960 3390 quia
1013 3322 1329 3376 Christianae
1370 3299 1669 3394 disciplin-1c

90 3409 157 3461 sit
193 3420 256 3465 ut
293 3425 468 3480 neque
505 3411 571 3465 de
601 3413 915 3479 cujusquam
953 3411 1292 3479 correptione
1330 3412 1665 3481 desperetur,

91 3515 264 3569 neque
303 3503 548 3567 cuiquam
591 3502 881 3572 paenitendi
918 3501 1092 3556 aditus
1135 3502 1540 3557 intercludatur.
1596 3505 1672 3560 De

95 3590 297 3660 quibus
325 3594 533 3648 duobus
549 3592 835 3663 generibus
864 3608 982 3662 quae
1011 3593 1184 3648 solent
1204 3593 1400 3647 habere
1421 3608 1670 3664 magnam

91 3674 540 3764 controversiam,
572 3684 703 3737 satis
735 3685 1107 3749 tractavimus,
1134 3692 1187 3739 ct
1215 3685 1338 3754 quid
1373 3684 1525 3740 nobis
1559 3686 1703 3755 pla-'

90 3783 234 3830 ceret
263 3776 621 3841 ostendimus,
664 3784 716 3828 ut
759 3774 1110 3843 suscipiendis
1143 3775 1669 3830 incommoditatibus

92 3882 210 3934 quae
240 3868 470 3922 honeste
503 3882 563 3921 ac
604 3867 815 3920 fortiter
846 3867 1160 3933 tolerantur,
1205 3868 1318 3922 ba~c
1348 3884 1558 3937 quoque
1583 3884 1673 3937 ge-

95 3973 220 4013 nera
249 3959 554 4014 devitentur
581 3975 610 4011 a
643 3957 885 4024 fortibus,
934 3967 988 4013 et
1023 3959 1286 4023 fidelibus,
1315 3967 1370 4014 et
1395 3961 1672 4015 veracibus

93 4047 218 4104 \iris
248 4064 311 4104 ac
337 4049 568 4105 feminis.
603 4050 716 4104 Non
740 4065 869 4120 ergo
902 4050 1267 4105 mentiendum
1299 4053 1557 4122 quaerenti
1581 4052 1670 4107 ubi

96 4141 159 4190 sit
202 4141 298 4210 qui
337 4155 394 4195 se
437 4139 558 4195 fidei
601 4140 900 4210 cujuspiam
945 4142 1308 4207 commiserit,
1349 4144 1440 4197 sed
1483 4143 1670 4197 fortius

96 4221 528 4300 respondendum
556 4250 567 4284 :
604 4232 712 4286 Nec
739 4232 979 4301 prodam,
1010 4248 1108 4288 nec
1137 4235 1382 4288 mentiar.
1400 4234 1546 4288 Fecit
1571 4235 1671 4289 hoc

96 4323 382 4394 cpiscopus
431 4325 702 4394 quondam
765 4324 1102 4395 Tagastensis
1142 4327 1407 4392 Ecclesiae,
1464 4327 1672 4384 Firmus

97 4416 341 4479 nomine,
393 4414 594 4470 firmior
621 4415 908 4469 voluntate.
964 4415 1094 4470 Nam
1121 4432 1240 4470 cum
1267 4416 1332 4470 ab
1362 4431 1427 4470 eo
1451 4431 1667 4485 quaere-

98 4512 239 4557 retur
271 4504 430 4558 homo
453 4505 607 4574 jussu
633 4495 994 4574 imperatoris,
1025 4520 1123 4576 per
1153 4507 1486 4575 apparitores
1509 4506 1576 4561 ab
1602 4522 1669 4563 eo

99 4594 319 4660 missos,
367 4611 525 4666 quem
555 4598 620 4652 ad
651 4614 710 4653 se
748 4597 1138 4667 confugientem
1169 4598 1440 4669 diligentia
1472 4609 1667 4668 quanta

101 4696 308 4752 peteret
337 4689 656 4754 occultabat,
692 4690 967 4758 respondit
996 4691 1356 4760 quaerentibus
1385 4705 1484 4746 nec
1522 4705 1670 4745 men-

101 4777 179 4831 tiri
219 4793 286 4834 se
313 4793 490 4848 posse,
523 4795 622 4834 nec
654 4781 919 4833 hominem
955 4782 1210 4849 prodere,
1244 4795 1537 4850 passusque
1563 4788 1669 4834 tam

102 4870 260 4925 multa
291 4877 554 4925 tormenta
581 4871 821 4938 corporis
850 4871 1105 4941 (nondum
1150 4874 1290 4927 enim
1323 4880 1472 4926 erant
1503 4871 1669 4940 impe-

102 4971 301 5017 ratores
322 4961 650 5032 Christiani),
675 4965 964 5032 permansit
991 4966 1040 5018 in
1063 4965 1348 5019 sententia.
1377 4957 1575 5019 Deinde
1600 4963 1666 5020 ad

105 5049 479 5119 imperatorem
528 5051 719 5108 ductus
751 5067 917 5122 usque
961 5052 1095 5107 adeo
1139 5053 1460 5109 miserabilis
1502 5069 1666 5124 appa-

103 5147 214 5206 ruit.
254 5157 311 5198 ut
334 5144 449 5214 ipsc
472 5145 672 5219 homini
701 5160 855 5214 quem
878 5145 1125 5200 servabat
1153 5147 1532 5217 indulgentiam
1551 5148 1667 5202 sine

103 5233 195 5286 ulla
222 5234 544 5291 difficultate
573 5235 904 5304 impetraret.
937 5235 1073 5301 Quid
1108 5235 1208 5291 hoc
1237 5237 1348 5292 fieri
1373 5237 1668 5307 potestfor-

106 5325 198 5379 tius
224 5334 387 5394 atque
416 5325 780 5382 constantius?
811 5325 1068 5382 Octavum
1097 5335 1177 5382 est
1206 5342 1373 5397 genus
1404 5327 1664 5382 mendacii

98 5417 230 5489 quod
263 5416 468 5471 et'nulli
498 5417 672 5485 obest,
699 5426 752 5473 et
779 5416 844 5471 ad
873 5418 971 5472 hoc
1001 5416 1236 5486 prodeSt,
1263 5426 1318 5470 nt
1339 5417 1405 5472 ab
1440 5418 1668 5473 immun-

107 5504 216 5561 ditia
246 5506 516 5576 corporali
546 5506 774 5575 aliquem
808 5515 1039 5564 tueatur.
1074 5507 1187 5562 Non
1216 5507 1373 5578 igitur
1404 5509 1666 5564 mentien-

107 5597 218 5655 dum
250 5600 303 5656 in
332 5599 578 5655 doctrina
612 5600 849 5667 pietatis,
887 5616 1134 5671 magnum
1177 5601 1318 5656 enim
1356 5601 1531 5682 scelus
1559 5614 1659 5666 est,

109 5696 155 5747 et
194 5693 422 5765 primum
474 5705 645 5765 genus
689 5691 1019 5753 detestabilis
1071 5681 1528 5759 mendaciifnon
1581 5705 1662 5751 est

1775 1835 1945 1891 malos
1968 1851 2146 1892 mores
2169 1840 2517 1892 convertatur
2537 1877 2552 1902 ,
2580 1852 2702 1891 cum
2733 1835 2833 1890 hoc
2859 1835 2908 1890 ei
2932 1834 3197 1905 praebetur
3225 1833 3346 1888 imi-

1773 1927 1989 1980 tandum
2014 1940 2297 1992 converso,
2318 1928 2461 1997 quod
2479 1929 2528 1983 ei
2553 1929 2844 1997 praestitum
2871 1937 2952 1981 est
2965 1924 3343 1981 convertendo.

1769 2017 1957 2087 Neque
2000 2017 2230 2086 septimo
2266 2030 2464 2088 genere
2498 2017 2858 2072 mentiendum
2897 2024 3006 2082 est,
3057 2031 3162 2072 non
3203 2017 3344 2070 en'm

1768 2107 2080 2178 cujusquam
2122 2110 2476 2165 commoditas
2522 2117 2614 2163 aut
2653 2109 2796 2164 salus
2835 2109 3142 2178 temporalis
3191 2108 3344 2175 perfl-

1768 2197 1970 2252 cicadae
1998 2198 2120 2253 fidei
2145 2198 2472 2268 praeferenda
2493 2207 2606 2264 est;
2629 2213 2725 2255 nec
2745 2199 2789 2253 si
2818 2199 3094 2268 quisquam
3119 2198 3170 2253 in
3192 2210 3340 2253 recte

1771 2291 1924 2344 factis
1950 2288 2146 2344 nostris
2174 2298 2286 2344 tam
2311 2290 2448 2345 male
2480 2297 2753 2354 movetur,
2781 2299 2837 2344 ut
2860 2289 2950 2344 flat
2977 2290 3140 2344 etiam
3167 2289 3344 2342 animn

1772 2379 2027 2444 deterior,
2053 2381 2312 2450 longeque
2339 2366 2545 2454 pietate
2577 2381 2855 2449 remotior,
2887 2390 3167 2451 propterea
3196 2391 3344 2436 recte

1774 2470 1910 2525 facta
1933 2470 2234 2526 deserenda
2262 2479 2410 2538 sunt,
2443 2484 2566 2527 cum
2599 2470 2650 2526 id
2683 2470 2836 2526 nobis
2869 2470 3133 2539 praecipue
3161 2480 3345 2525 tenen-

1772 2560 1900 2615 dum
1938 2561 2028 2626 sit,
2061 2576 2166 2632 quo
2205 2574 2404 2618 vocare
2433 2568 2596 2630 atque
2642 2559 2871 2614 invitare
2917 2559 3174 2614 debemus
3216 2574 3350 2628 quos

1773 2652 1910 2705 sicut
1966 2650 2326 2721 nosmetipsos
2377 2649 2671 2722 diligimus,
2731 2649 3132 2719 fortissimeque
3170 2648 3350 2702 animo

1774 2741 2002 2800 bibenda
2024 2752 2130 2798 .est
2164 2741 2456 2812 apostolica
2497 2741 2584 2796 illa
2612 2741 2878 2796 sententia
2913 2759 2926 2794 :
2961 2740 3100 2796 Aliis
3133 2740 3347 2810 quidem

1773 2849 1958 2888 sumus
1986 2833 2120 2888 odor
2144 2834 2262 2888 vitae
2294 2836 2346 2890 in
2375 2833 2565 2896 vitam,
2595 2832 2713 2887 aliis
2745 2832 2878 2887 odor
2906 2831 3091 2885 mortis
3124 2831 3174 2884 in
3205 2845 3346 2884 mor-

1775 2938 1906 2993 tem,
1938 2937 1989 2983 et
2019 2945 2032 2981 :
2063 2928 2144 2983 Ad
2185 2929 2300 2984 haec
2325 2929 2445 2999 quis
2471 2927 2739 2983 idoneus?
2783 2927 2891 2982 Nec
2917 2937 3106 2980 octavo
3146 2940 3344 2995 genere

1774 3017 2140 3074 mentiendqu
2172 3028 2274 3087 est,
2309 3017 2429 3088 quia
2457 3029 2507 3072 et
2537 3018 2588 3073 in
2619 3018 2772 3073 bonis
2800 3017 3018 3073 castitas
3049 3018 3211 3070 animi
3244 3032 3337 3083 pu-

1694 3107 1740 3171 C
1773 3110 1956 3165 dicitia
1979 3109 2244 3180 corporis,
2285 3117 2341 3165 et
2377 3108 2430 3163 in
2461 3109 2617 3164 malis
2646 3108 2698 3164 id
2721 3108 2861 3179 quod
2905 3109 3004 3179 ipsi
3041 3108 3257 3189 facimus
3281 3122 3346 3162 eo

1774 3200 1915 3271 quod
1945 3199 2060 3256 fieri
2085 3200 2312 3254 sinimus
2340 3199 2513 3269 majus
2550 3208 2654 3254 est.
2691 3198 2744 3253 In
2776 3199 2858 3254 his
2885 3207 3060 3253 autem
3092 3208 3215 3254 octo
3250 3211 3344 3268 ge-

1775 3291 2010 3355 neribus,
2049 3300 2198 3347 tanto
2233 3291 2459 3360 quisque
2489 3291 2662 3345 minus
2702 3301 2886 3360 peccat
2909 3305 3030 3346 cum
3070 3290 3341 3354 mentitur,

1773 3389 1970 3450 quanto
1997 3381 2222 3451 emergit
2251 3379 2316 3436 ad
2346 3389 2629 3445 octavum;
2664 3390 2811 3436 tanto
2851 3379 3103 3450 amplius,
3146 3388 3346 3450 quanto

1773 3472 1966 3542 mergit
1994 3471 2057 3526 ad
2089 3472 2340 3540 primum.
2372 3471 2628 3540 Quisquis
2659 3482 2835 3526 autem
2863 3486 2985 3528 esse
3011 3472 3223 3540 aliquod
3247 3487 3342 3542 ge.

1775 3576 1874 3617 nus
1903 3561 2166 3617 mendacii
2201 3561 2345 3632 quod
2374 3567 2648 3632 peccatum
2679 3577 2784 3616 non
2815 3563 2888 3617 sit
2927 3563 3208 3630 putiverit,
3251 3562 3346 3616 de-

1774 3653 1934 3722 cipiet
1979 3667 2037 3707 se
2070 3653 2240 3722 ipsum
2279 3652 2525 3723 turpiter,
2565 3666 2684 3708 cum
2718 3653 2992 3708 honestum
3025 3667 3085 3708 se
3110 3654 3346 3722 decepto.

1775 3757 1886 3821 rem
1910 3742 2200 3798 arbitratur
2220 3742 2467 3799 aliorum.

2318 3855 2545 3912 CAPUT
2571 3855 2792 3910 CXCIII.

1773 3968 1964 4024 Contra
2013 3984 2099 4022 eos
2148 3968 2238 4036 qui
2282 3973 2350 4021 ad
2388 3967 2730 4022 mentiendum
2779 3967 2912 4020 velut
2958 3968 3336 4036 patrocinantia

1843 4039 1939 4092 sibi
1991 4039 2054 4091 de
2098 4039 2378 4105 Scripturis
2427 4038 2655 4106 exempla
2707 4047 3041 4104 proponunt;
3091 4053 3155 4092 ea:
3209 4039 3339 4092 libro

1844 4117 2029 4163 contra‘
2047 4107 2373 4162 Mendacium
2403 4109 2468 4161 ad
2505 4107 2856 4161 Consentium.

1844 4219 2064 4287 Quando
2102 4218 2256 4275 nobis
2284 4219 2351 4275 de
2376 4209 2662 4286 Scripturis
2688 4217 2888 4288 sanctis
2919 4219 3206 4275 mentiendi
3241 4236 3338 4288 po-

1775 4319 1973 4365 nuntur
1997 4296 2260 4378 exempla,
2291 4317 2383 4363 aut
2411 4309 2691 4364 mendacia
2723 4323 2827 4364 non
2855 4317 2999 4374 sunt,
3025 4310 3117 4364 sed
3148 4320 3340 4380 putan-

1775 4411 1860 4456 tur
1893 4415 2020 4457 esse
2059 4401 2186 4456 dum
2231 4416 2338 4456 non
2382 4402 2792 4471 intelliguntur;
2837 4409 2929 4455 aut
2980 4401 3342 4460 simendacia

1770 4501 1921 4558 sunt,
1944 4491 2199 4546 imitanda
2248 4507 2351 4547 non
2390 4500 2531 4556 sunt,
2573 4492 2695 4560 quia
2728 4491 2867 4559 justa
2910 4505 3030 4547 esse
3067 4507 3172 4547 non
3211 4509 3336 4564 pose

1771 4591 1914 4638 sunt.
1945 4582 2051 4637 Sed
2075 4582 2215 4650 quod
2239 4583 2497 4651 scriptum
2525 4590 2626 4648 est,
2656 4581 2791 4636 bene
2817 4582 2980 4636 Deum
3007 4582 3196 4638 fecisse
3218 4598 3338 4639 cum

1775 4677 2030 4730 llazbrazis
2061 4673 2460 4739 obstetricibus,
2501 4681 2703 4728 etcum
2745 4671 2931 4726 Rahab
2970 4672 3336 4728 Jerichontina

1774 4773 2078 4834 meretrice,
2113 4786 2217 4825 non
2248 4771 2368 4825 ideo
2404 4770 2598 4824 factum
2626 4777 2726 4833 est,
2775 4768 2895 4837 quia
2931 4759 3161 4825 mentitr'c
3192 4779 3336 4833 sunt,

1774 4862 1868 4917 sed
1897 4862 2022 4929 quia
2055 4860 2108 4914 in
2143 4859 2388 4914 homines
2426 4859 2515 4912 Dei
2549 4858 2924 4913 misericordes
2953 4857 3183 4912 fuerunt.
3224 4857 3340 4936 Non

1779 4963 1860 5010 est
1880 4955 2061 5023 itaque
2083 4953 2136 5007 in
2168 4952 2247 5006 eis
2273 4957 2608 5006 remunerate
2641 4948 2862 5014 fallacia,
2893 4947 2984 5002 sed
3018 4947 3340 5001 benevbleu-
3426 4994 3428 4997 .

1777 5049 1868 5112 tia,
1884 5047 2182 5116 benignitas
2205 5043 2419 5109 mentis,
2444 5058 2548 5098 non
2575 5042 2823 5111 iniquitas
2844 5041 3162 5095 mentientis.
3191 5039 3337 5095 Sicut

1774 5141 1913 5196 enim
1951 5141 2148 5195 mirum
2192 5140 2591 5208 absurdumque
2629 5153 2732 5192 non
2770 5145 2940 5198 esset,
2975 5135 3017 5188 si
3047 5135 3154 5189 alio
3193 5136 3338 5203 prius

1773 5243 2013 5304 tempore
2035 5233 2320 5288 commissa
2351 5231 2417 5284 ab
2441 5231 2518 5286 eis
2546 5244 2704 5299 opera
2731 5228 2863 5281 mala
2892 5227 3099 5296 Densa
3120 5237 3340 5294 propter

1773 5322 2067 5394 posteriora
2110 5335 2275 5391 opera
2311 5322 2446 5376 bona
2486 5319 2646 5374 vellet
2683 5317 2961 5385 ignoscere
2990 5331 3003 5368 :
3035 5315 3104 5369 ita
3137 5317 3335 5371 miran-

1769 5419 1894 5472 dum
1939 5431 2043 5471 non
2084 5425 2188 5479 est.
2232 5414 2397 5484 quod,
2447 5428 2552 5468 uno
2597 5420 2856 5478 tempore,
2902 5409 2955 5464 in
2996 5424 3096 5464 una
3144 5425 3336 5478 cause,

1772 5511 1910 5564 Deus
1932 5517 2216 5580 utrumque
2243 5504 2597 5574 conspiciens.
2628 5501 2676 5554 id
2698 5509 2780 5555 est
2809 5499 3000 5553 factum
3032 5500 3335 5558 miscricor-

1769 5601 1907 5654 diter
1937 5598 2238 5666 factumque
2267 5594 2544 5656 fallaciter,
2570 5599 2624 5646 ct
2649 5590 2841 5645 bonum
2867 5592 3252 5656 remuneravit,
3281 5604 3335 5649 et

1781 5687 2000 5762 prbpter
2040 5675 2142 5742 hoc
2182 5683 2380 5741 bonum
2426 5681 2555 5740 illud
2599 5680 2793 5738 malum
2831 5678 3049 5751 ignovit.
3096 5683 3149 5740 Si
3192 5685 3330 5740 enim
