3904 6224
1632 324 1696 385 D.
1739 323 2060 383 EUGYPPII
2098 322 2392 382 ABBATIS
2427 321 2750 382 AFRICANI
3755 323 3842 376 εἰιέ

548 449 768 511 peccata
819 456 962 512 quat,
1002 449 1220 512 propter
1257 440 1435 508 carnis
1478 441 1997 512 concupiscentiam,
2025 452 2134 496 non
2165 438 2214 498 Α
2243 435 2393 492 addit
2415 438 2596 508 potius
2624 436 2690 490 ad
2715 443 2948 502 reatum,
2981 444 3034 493 et
3063 451 3161 493 sua
3191 435 3534 498 excusando.
3556 449 3669 490 non
3694 449 3841 491 acea-

548 545 768 603 propter
791 532 1214 588 misericordiam
1244 531 1399 599 ﬁunt,
1424 543 1646 604 prepter
1673 533 1968 602 posteriora
1993 542 2130 591 tem-

548 641 676 694 pora
702 625 1082 679 misericordia
1111 623 1480 692 dimittuntur,
1508 641 1605 681 cur
1630 640 1737 679 non
1766 625 1981 689 merito,
2008 640 2130 695 quae

547 726 764 787 propter
809 717 984 786 ipsam
1036 718 1468 774 misericordiam
1521 718 1966 775 committuntur?
2009 733 2132 789 gra-

548 808 666 865 vius
691 818 776 865 est
796 810 937 865 enim
971 823 1248 880 peccatum
1277 813 1422 883 quod
1451 813 1632 869 animo
1662 812 1926 877 nocentis,
1967 827 2128 882 quam

548 901 690 971 quod
712 901 893 968 animo
944 904 1316 960 subvenientis
1350 905 1604 961 efﬁcitur.
1639 907 1715 959 Ac
1738 919 1834 975 per
1860 904 1962 960 hoc
1988 904 2032 958 si
2067 905 2132 958 ii-

547 993 635 1048 lud
658 994 867 1050 deletur
904 1011 1071 1066 opere
1101 999 1491 1055 misericordia:
1533 1007 1718 1068 postea
1745 998 2152 1067 subsequente,

546 1101 644 1142 cur
682 1087 784 1143 hoc
805 1089 946 1158 quod
985 1098 1070 1146 est
1106 1091 1283 1148 levius
1319 1108 1426 1149 non
1456 1091 1698 1148 deleatur
1737 1091 1855 1162 ipsa
1897 1089 2132 1147 bomin's

549 1175 940 1242 misericordia,
972 1188 1024 1235 et
1056 1181 1399 1250 praecedente
1433 1190 1493 1237 ut
1527 1190 1731 1252 peccet,
1765 1189 1820 1236 et
1842 1179 2134 1237 comitante

547 1282 670 1323 cum
701 1269 926 1342 peccat?
958 1275 1030 1324 Ita
1058 1272 1276 1340 quidem
1302 1271 1469 1330 videri
1505 1279 1718 1342 potest;
1759 1284 2133 1329 verumtamen

546 1359 691 1413 aliud
719 1372 794 1415 est
819 1361 1022 1425 dicere.
1057 1378 1280 1431 peccare
1318 1364 1533 1434 quidem
1569 1377 1674 1420 non
1713 1363 1994 1428 debuisse;
2030 1362 2133 1418 sed

439 1477 445 1492 ι
547 1464 709 1520 opera
764 1453 1145 1508 misericordia:
1201 1453 1413 1521 faciam,
1473 1455 1670 1524 quibus
1721 1455 1934 1511 deleam
1986 1453 2132 1524 quod

547 1552 671 1598 ante
701 1543 941 1615 peccavi,
989 1556 1042 1601 et
1090 1543 1232 1600 aliud
1281 1554 1366 1601 est
1406 1544 1620 1613 dicere,
1674 1560 1899 1615 peccare
1936 1545 2131 1616 debeo,

547 1633 666 1703 quia
695 1650 800 1693 non
827 1651 1043 1704 possum
1072 1635 1229 1693 aliter
1259 1637 1501 1694 misereri
1536 1655 1550 1691 :
1580 1636 1728 1694 aliud
1752 1645 1858 1704 est,
1887 1637 2132 1708 inquam,

469 1733 473 1737 ‘
548 1725 752 1793 dicere,
782 1727 902 1798 quia
930 1726 1041 1797 jam
1066 1729 1410 1799 peccavimus
1441 1727 1866 1785 benefaciamus:
1911 1736 1967 1784 et
1988 1726 2132 1782 aliud

2235 529 2407 584 saudo
2436 538 2679 599 peccata,
2704 529 2917 597 ignorat
2936 543 3044 582 non
3070 543 3134 583 se
3163 544 3384 598 poenam
3415 519 3736 589 removere,
3757 525 3839 579 sed

2234 617 2465 672 veniam.
2480 616 2635 687 Apud
2655 616 2900 672 homines
2917 618 3059 672 enim
3073 617 3294 688 judiccs
3311 619 3572 689 quoniam
3591 618 3707 673 falli
3730 631 3840 686 pos-

2234 719 2379 776 sunt,
2412 725 2753 781 quacumque
2783 709 2930 764 velut
2951 726 3182 780 purgare
3212 712 3422 768 fallacia
3454 710 3618 781 quod
3654 725 3837 780 perpe-

2235 817 2350 856 ram
2404 800 2604 856 factum
2635 810 2744 867 est,
2788 801 3047 869 prodesse
3097 803 3304 872 aliquid
3354 803 3582 858 videtur
3611 803 3681 856 ad
3727 811 3839 855 ten:-

2238 896 2543 966 puszapud
2590 895 2757 951 Deum
2786 904 2987 963 autem,
3031 896 3124 969 qui
3156 897 3269 956 falli
3312 914 3422 953 non
3467 908 3680 968 potest,
3741 913 3834 950 nou

2236 1002 2320 1044 est
2357 989 2662 1046 adhibenda
2693 987 2856 1044 fallax
2901 988 3171 1060 defensio,
3221 991 3318 1046 sed
3347 1006 3513 1048 verax
3565 991 3836 1046 confessio

2239 1089 2615 1149 peccatorum,
2636 1087 2692 1136 et
2720 1081 2812 1135 alii
2841 1067 3058 1151 quidem
3088 1081 3180 1152 qui
3223 1097 3318 1137 sua
3365 1097 3716 1139 consuevere
3754 1098 3836 1136 ex-

2237 1190 2430 1232 cusare
2481 1183 2736 1244 peccata,
2793 1175 2905 1230 fato
2950 1190 3013 1232 se
3053 1176 3120 1230 ad
3169 1177 3500 1245 peccandum
3539 1188 3837 1245 queruntur

2241 1264 2466 1336 impelli,
2500 1279 2752 1336 tanquam
2785 1267 2888 1322 hoc
2933 1266 3278 1322 decreverint
3305 1266 3506 1330 sidera,
3542 1275 3606 1323 et
3642 1269 3836 1322 caelum

2240 1361 2393 1431 prius
2421 1360 2543 1415 talia
2567 1359 2911 1415 decernendo
2933 1360 3239 1430 peccaverit
3262 1357 3560 1431 [peccare].
3597 1368 3656 1414 ut
3682 1359 3836 1413 boum

2241 1457 2429 1520 postea
2477 1448 2602 1505 talia
2659 1447 3051 1504 committenda
3099 1456 3373 1518 peccaret.
3425 1449 3529 1503 Alii
3585 1447 3835 1502 Fortuna

2239 1541 2450 1597 malunt
2489 1540 2754 1611 imputare
2798 1541 2942 1610 quod
2995 1548 3247 1610 peccant,
3293 1541 3550 1610 quoniam
3604 1540 3834 1595 fortuitis

2239 1631 2455 1687 casibus
2481 1631 2672 1702 agitari
2702 1640 2915 1703 putant,
2945 1647 3046 1687 nec
3075 1641 3258 1686 tamen
3290 1631 3393 1687 hoc
3414 1646 3475 1686 se
3506 1631 3735 1687 fortuita
3766 1641 3836 1684 Ie-

2241 1726 2515 1792 meritate,
2551 1723 2644 1780 sed
2675 1733 2956 1794 perspecta
2980 1726 3192 1781 ratiune
3216 1739 3408 1794 sapere
3435 1734 3602 1795 atque
3624 1739 3834 1778 asseve-

547 1825 632 1872 est
653 1817 852 1883 dicere,
883 1834 1164 1889 peccemus
1187 1828 1245 1875 ut
1271 1820 1686 1879 benefaciamus.
1712 1820 1787 1875 ibi
1812 1817 2030 1886 dicitur,
2062 1818 2140 1874 fa-
2170 1811 2220 1872 Β
2246 1833 2372 1873 rare
2395 1816 2748 1874 contendunt.
2781 1816 2965 1884 Qualis
3002 1831 3132 1888 ergo
3161 1816 3428 1873 dementia
3460 1827 3564 1880 est,
3601 1816 3834 1883 disputa-

548 1917 758 1972 ciamus
783 1918 945 1984 bona,
970 1917 1090 1987 quia
1111 1918 1336 1974 fecimus
1354 1917 1518 1985 mala;
1549 1917 1638 1973 hic
1661 1916 2140 1984 autem,.faciamus

549 2005 690 2060 mala
718 2015 776 2060 ut
812 2007 1031 2063 veniant
1064 2008 1223 2073 bona,
1244 2003 1306 2063 ac
1326 2023 1420 2077 per
1435 2007 1537 2063 hoc
1560 2007 1632 2062 ibi
1658 2005 2021 2062 exbaurienda
2055 2013 2139 2061 est

548 2099 815 2154 sententia
853 2099 1092 2169 peccati,
1128 2098 1214 2154 hic
1242 2099 1481 2154 cavenda
1518 2108 1603 2153 est
1634 2097 1877 2154 doctrina
1907 2097 2134 2168 peccati.

1095 2187 1324 2246 CAPUT
1361 2189 1590 2246 CXCIV.

551 2278 740 2336 Contra
761 2280 983 2336 diversos
1015 2281 1100 2351 qui
1128 2281 1282 2336 rariis
1309 2281 1475 2335 modis
1506 2296 1601 2335 suo
1630 2280 1866 2344 nituntur
1891 2295 2139 2334 excusare
2168 2331 2170 2334 ,

619 2359 848 2418 peccata,
889 2367 1004 2423 qua;
1033 2351 1464 2423 nullat'mptmt'la
1503 2368 1610 2407 esse
1650 2368 1801 2423 posse
1828 2352 2136 2422 conﬁrmat;

617 2437 680 2475 ea:
707 2438 936 2476 sermone
961 2420 1026 2476 de
1054 2419 1401 2478 Continentia.
1651 2419 1661 2423 ⁷
1726 2426 1728 2429 ’

621 2533 690 2588 Ut
713 2511 904 2602 spiritu
950 2541 1138 2588 nostro
1170 2521 1334 2604 opera
1364 2535 1544 2590 carnis
1573 2534 1982 2601 mortificemus,
2027 2533 2138 2604 spi-

453 2645 455 2648 '
554 2625 654 2680 ritu
675 2625 769 2681 Dei
809 2625 1038 2696 agimur,
1082 2625 1174 2695 qui
1201 2625 1293 2678 dat
1314 2625 1692 2681 continentiam
1717 2641 1819 2696 qua
1842 2624 2137 2703 fronemus,

556 2718 854 2783 olomemus,
907 2717 1184 2771 vincamus
1229 2717 1742 2786 concupiscentiam.
1779 2716 1845 2775 In
1886 2717 1989 2786 hoc
2027 2725 2136 2771 tam

559 2823 754 2876 magno
788 2808 977 2878 pratlio
1017 2807 1069 2862 in
1097 2823 1204 2879 quo
1232 2805 1365 2863 vivit
1395 2809 1559 2863 humo
1580 2808 1682 2864 sub
1722 2809 1916 2879 gratia,
1940 2819 2137 2872 etcum

563 2901 700 2954 bene
731 2908 931 2968 pugnat
977 2898 1195 2968 adjutus
1240 2897 1476 2954 exsultat
1515 2898 1569 2953 in
1615 2897 1846 2954 Domino
1874 2914 1994 2954 cum
2025 2908 2137 2954 tre-

559 3005 707 3045 more
732 3006 745 3044 :
770 3005 877 3045 non
908 2989 1104 3045 desunt
1132 3000 1336 3060 tamen,
1379 2979 1542 3044 etiam
1584 2989 1826 3044 strenuis
1857 2989 2138 3046 bellatori-

557 3081 676 3143 bus,
708 3088 765 3135 et
791 3095 1012 3148 operum
1050 3079 1228 3136 carnis
1259 3079 1503 3151 quamvis
1530 3078 1748 3134 invictis
1793 3079 2141 3136 mortificato-

2245 1910 2419 1965 tiones
2446 1923 2573 1965 suas
2599 1909 2792 1962 rationi
2822 1908 3085 1974 tribuere,
3112 1918 3168 1964 et
3190 1909 3430 1964 actiones
3458 1924 3590 1964 suas
3623 1910 3834 1964 casibus

2239 2002 2570 2073 subjugare?
2600 2001 2706 2057 Alii
2757 2008 2926 2055 totum
2957 2001 3099 2070 quod
3146 2000 3286 2056 male
3315 2000 3520 2055 faciunt
3548 2001 3606 2055 in
3652 2002 3827 2056 diabo-

2239 2096 2345 2150 lum
2375 2093 2636 2156 referunt,
2667 2105 2769 2146 nec
2790 2091 2980 2147 volunt
2997 2107 3119 2147 cum
3147 2092 3238 2147 ilio
3269 2093 3470 2148 habere
3495 2093 3580 2147 vel
3609 2106 3825 2163 partem.

2237 2201 2357 2242 cum
2387 2184 2535 2242 illum
2561 2186 2662 2242 sibi
2688 2171 2914 2241 occultis
2940 2185 3377 2257 suggestionibus
3415 2187 3556 2241 mala
3599 2187 3830 2242 suasisse

2238 2277 2494 2348 suspicari
2529 2277 2752 2346 possint,
2783 2293 2843 2333 se
2880 2288 3060 2333 autem
3107 2277 3216 2332 illis
3243 2278 3686 2348 suggestionibus
3726 2295 3821 2332 un-

2238 2368 2538 2438 decumque
2562 2367 2755 2444 fuerint
2784 2367 3148 2435 consensisse,
3180 2367 3432 2424 dubitare
3463 2383 3574 2424 non
3600 2370 3824 2439 possim.

2237 2459 2369 2518 Sunt
2401 2459 2562 2515 etiam
2589 2458 2678 2529 qui
2700 2459 3102 2515 excusationem
3124 2457 3281 2514 suam
3303 2462 3635 2524 extendunt,
3669 2460 3720 2514 in
3742 2475 3822 2514 ae-

2240 2535 2572 2606 cusationem
2601 2549 2720 2616 Dei,
2745 2549 2930 2606 divino
2948 2549 3151 2619 judicio
3181 2550 3388 2618 miseri,
3415 2564 3516 2606 suo
3544 2561 3726 2606 autem
3748 2550 3819 2605 ia-

2239 2656 2365 2698 rore
2400 2639 2704 2711 blasphemi
2731 2657 2745 2707 ;
2780 2642 2981 2697 etenim
3013 2640 3274 2699 adversus
3313 2657 3434 2697 eum
3464 2639 3581 2716 [ex]
3613 2652 3818 2697 eontra-

2241 2731 2324 2787 rio
2346 2730 2608 2801 principio
2630 2729 2888 2786 inducunt
2915 2730 3039 2808 mali
3062 2729 3419 2786 substantiam
3449 2733 3815 2796 rebellantem.

2243 2821 2331 2876 cui
2361 2834 2469 2876 non
2502 2821 2765 2892 potuisset
2793 2822 3073 2889 resistere,
3106 2821 3210 2876 nisi
3246 2823 3563 2878 substantia
3597 2836 3816 2881 natura-

2245 2926 2350 2984 que
2395 2926 2508 2967 sua:
2556 2921 2788 2981 partem,
2815 2911 2993 2968 eidem
3040 2912 3322 2968 rebellanti
3363 2916 3818 2979 contamioaudata

2241 3001 2800 3075 corrumpendamque
2829 3002 3152 3070 miscuisset,
3182 3019 3231 3061 et
3260 3013 3388 3061 tunc
3416 3021 3480 3062 se
3501 3021 3726 3076 peccare
3746 3009 3816 3062 tli-

2184 3151 2186 3153 ,
2245 3106 2395 3162 cunt,
2427 3095 2641 3166 quando
2670 3103 2858 3167 natura
2885 3097 3007 3152 mali
3039 3099 3298 3167 praevalet
3326 3109 3536 3155 natura
3566 3101 3679 3158 Dei.
3704 3101 3816 3156 Hac

557 3170 725 3235 ribus,
755 3172 931 3241 aliqua
975 3172 1194 3228 vulnera
1242 3181 1608 3242 peccatorum,
1658 3181 1877 3243 propter
1904 3187 2024 3243 quae
2053 3187 2140 3228 sa-

2246 3159 2682 3244 Manichaeorumt
2712 3195 2794 3243 est
2842 3186 3273 3243 immundissima
3333 3190 3562 3256 insania,
3604 3207 3817 3261 quorum

557 3265 729 3320 nanda
769 3265 1013 3332 quotidie
1060 3267 1329 3322 veraciter
1357 3266 1577 3322 dicant:
1607 3264 1828 3323 Dimitte
1857 3266 2016 3322 nobis
2045 3266 2139 3323 de-

557 3358 663 3414 bita
692 3369 909 3424 nostra;
963 3368 1150 3415 contra
1179 3359 1367 3415 eadem
1406 3359 1534 3415 vitia
1565 3367 1618 3412 et
1647 3365 1834 3414 contra
1864 3358 2138 3415 diabolum

555 3452 854 3522 principem
894 3467 1186 3522 regemque
1214 3451 1489 3520 vitiorum,
1539 3450 1712 3507 multo
1741 3450 2046 3522 vigilantius
2084 3462 2140 3507 et

557 3545 733 3599 aerius
781 3544 898 3613 ipsa
949 3544 1194 3598 oratione
1243 3551 1540 3608 certantes,
1573 3557 1642 3598 ne
1679 3542 1894 3598 valeant
1938 3527 2138 3613 aliquid

559 3629 854 3688 mortiferae
883 3637 1252 3703 suggestiones
1282 3634 1422 3704 eius.
1453 3635 1646 3704 quibus
1672 3637 1892 3711 instigat
1921 3636 2141 3707 insuper

560 3731 898 3792 peecatorem
949 3724 1014 3777 ad
1065 3738 1159 3779 sua
1202 3725 1531 3791 excusanda,
1576 3726 1755 3797 potius
1795 3741 1952 3799 quam
1984 3743 2143 3783 accu-

562 3815 726 3870 sanda
780 3822 1032 3884 peccata;
1067 3829 1130 3871 ac
1178 3815 1256 3870 sic
1279 3815 1370 3871 illa
1399 3817 1645 3883 vulnera,
1691 3833 1796 3872 non
1844 3811 2141 3873 modo'non

561 3913 836 3973 sanentur,
889 3921 1074 3959 verum
1125 3906 1286 3961 etiam
1330 3906 1432 3962 etsi
1481 3906 1753 3963 mortifera
1806 3923 1914 3963 non
1964 3919 2143 3975 erant,

560 3999 795 4068 graviter
820 4007 875 4052 et
896 3997 1166 4053 letltalitcr
1196 3997 1505 4069 inligantur.
1543 3999 1610 4052 Et
1635 3999 1721 4053 hic
1748 4013 1877 4070 ergo
1903 3999 2143 4056 cautiore

559 4106 694 4159 opus
744 4100 826 4146 est
875 4089 1224 4156 continentia,
1275 4105 1379 4161 qua
1421 4090 1742 4145 cohibeatur
1784 4091 2000 4160 superbi
2043 4092 2147 4148 ho-

560 4182 721 4236 minis
762 4183 1054 4251 appetitus,
1086 4197 1193 4252 quo
1233 4183 1408 4252 placet
1433 4181 1558 4250 sibi,
1588 4191 1642 4239 et
1673 4197 1779 4238 non
1805 4183 1916 4238 vult
1962 4184 2146 4253 culpa-

561 4271 684 4326 bilis
729 4271 979 4336 inveniri,
1037 4271 1464 4341 dedignaturque
1507 4286 1628 4326 cum
1661 4281 1848 4341 peccat
1893 4274 2144 4329 convinci

564 4361 705 4430 quod
729 4361 847 4431 ipse
876 4361 1207 4430 peccaverit,
1257 4377 1361 4417 non
1411 4362 1616 4417 salubri
1646 4364 1944 4422 humilitate
1970 4364 2145 4423 susci-

566 4454 716 4521 piens
770 4454 1168 4508 accusationem
1213 4454 1316 4519 sul,
1364 4453 1461 4508 sed
1517 4457 1917 4512 excusationem
1969 4458 2146 4528 potius
2195 4486 2200 4491 ·

2244 3277 2674 3334 Inacbinamenta
2713 3278 2980 3334 diabolica
3012 3277 3264 3337 facillime
3296 3285 3495 3336 veritas
3533 3281 3814 3338 indubitata

2239 3367 2523 3438 subvertit,
2555 3387 2675 3439 quae
2703 3371 2798 3427 Dei
2824 3382 3066 3427 naturam
3113 3372 3642 3431 incontaminabilem
3667 3387 3817 3443 atque

2240 3463 2704 3533 incorruptibilem
2749 3463 3064 3518 conﬁtetur.
3120 3463 3275 3529 Quid
3316 3473 3496 3520 autem
3547 3465 3813 3536 flagitiosa:

2242 3552 2712 3609 contaminationis
2738 3563 2790 3608 et
2825 3554 3186 3623 corruptionis
3209 3554 3323 3628 [de]
3349 3556 3464 3609 istis
3501 3557 3688 3611 merito
3719 3573 3733 3610 :

2243 3644 2504 3706 creditur,
2537 3660 2566 3698 a
2601 3644 2793 3713 quibus
2819 3644 2979 3706 Deus,
3007 3645 3096 3713 qui
3124 3660 3336 3699 summe
3362 3655 3521 3715 atque
3553 3647 3814 3715 incompa-

2245 3734 2491 3790 rabiliter
2519 3735 2689 3789 bonus
2738 3744 2841 3800 est,
2872 3736 3307 3792 contaminabllis
3354 3743 3413 3790 et
3463 3737 3811 3804 corruptibilis

2245 3827 2516 3882 creditur?
2573 3827 2711 3882 Sunt
2757 3834 2813 3881 et
2877 3825 2968 3896 qui
3017 3841 3084 3881 eo
3131 3829 3293 3882 modo
3355 3826 3420 3894 lin
3485 3827 3812 3882 exensatioe

2249 3925 2589 3988 peccatorum
2620 3932 2836 3971 suorum
2863 3930 3116 3987 accusant
3138 3917 3333 3984 Deum,
3362 3926 3423 3972 ut
3444 3919 3623 3996 dicant
3640 3919 3691 3974 el
3717 3919 3813 3988 pla-

2247 4026 2370 4067 cere
2415 4020 2630 4080 peceata
2661 4029 2674 4062 :
2700 4009 2832 4065 Nam
2881 4012 2926 4066 si
2956 4011 3325 4082 displicerent,
3373 4014 3630 4082 inquiunt,
3677 4013 3811 4070 nullo

2247 4103 2407 4159 modo
2433 4119 2495 4157 ea
2523 4103 2637 4158 ﬁeri
2662 4103 3186 4172 omnipotentissima
3219 4106 3404 4173 utique
3423 4114 3682 4175 potestate
3704 4122 3808 4175 pth

2249 4198 2520 4262 mitteret;
2551 4197 2855 4266 quasivero,
2876 4207 3094 4267 peccata
3118 4198 3257 4253 Deus
3274 4196 3535 4269 impunita
3563 4214 3680 4254 esse
3702 4213 3810 4268 per.

2252 4288 2459 4343 miserit
2483 4290 2642 4342 etiam
2666 4288 2719 4342 in
2751 4288 2852 4354 eis,
2882 4303 3018 4358 quos
3045 4303 3076 4342 a
3104 4289 3370 4358 supplicio
3395 4291 3716 4362 sempiterno
3740 4306 3810 4345 re-

2251 4381 2509 4435 missione
2546 4379 2740 4435 liberat
2770 4387 3136 4450 peccatorum.
3186 4380 3377 4435 Nullus
3405 4382 3597 4451 quippe
3632 4381 3807 4435 delum:

2251 4470 2510 4540 gravioris
2539 4483 2714 4539 paenae
2758 4470 2952 4541 accipit
2981 4470 3215 4537 veniam,
3250 4471 3355 4526 nisi
3387 4473 3809 4542 qualemcumque

567 4545 780 4599 ruinosa
806 4545 1038 4600 elatione
1064 4545 1413 4614 conquirens.
1445 4544 1525 4600 Ad
1556 4545 1694 4600 hanc
1720 4548 2027 4615 superbiam
2050 4563 2142 4603 co-

2253 4536 2375 4615 etsi
2405 4536 2564 4631 longe
2592 4561 2855 4616 minorem
2875 4536 3049 4630 quam
3079 4536 3316 4618 debebat
3335 4536 3554 4619 solverit
3579 4536 3771 4633 penam
3795 4580 3808 4623 ;

569 4636 876 4702 ercendam,
921 4635 1309 4690 continentiam
1339 4635 1525 4705 petivit
1559 4651 1589 4689 a
1636 4634 1864 4691 Domino
1908 4637 2022 4704 ille,
2054 4651 2150 4694 cu-

566 4727 654 4798 jus
703 4729 952 4797 superius
997 4727 1160 4780 verba
1186 4727 1297 4795 jam
1347 4727 1520 4796 posui,
1552 4735 1605 4782 et
1647 4729 1785 4783 sicut
1813 4730 1961 4799 potui
2001 4745 2151 4786 eom-

569 4817 849 4883 mendavi;
883 4813 1111 4886 namque
1137 4831 1259 4872 cum
1288 4816 1512 4873 dixisset
1537 4834 1549 4872 :
1577 4817 1746 4882 Pone,
1774 4819 2019 4887 Domine,
2054 4836 2150 4877 cu-

570 4911 800 4964 stodiam
844 4909 927 4963 ori
961 4923 1100 4973 meo,
1149 4917 1203 4963 et
1232 4905 1430 4962 ostium
1459 4907 1804 4964 continentiae
1841 4909 2041 4966 circum
2072 4911 2151 4966 la-

570 5002 656 5058 bia
679 5017 818 5068 mea,
850 5016 917 5057 ne
964 5001 1198 5056 declinet
1243 5015 1336 5055 eor
1363 5017 1542 5057 meum
1589 5003 1642 5058 in
1683 5004 1842 5059 verba
1876 5005 2150 5077 maligna:

573 5095 715 5150 aride
747 5097 846 5150 hoc
886 5095 1112 5161 diceret,
1163 5093 1468 5150 evidentius
1519 5098 1795 5165 explicans
1824 5116 1838 5153 :
1864 5100 1943 5154 Ad
1991 5115 2155 5157 excu-

571 5188 790 5252 sandas,
824 5187 1016 5257 inquit,
1047 5187 1428 5242 excusationes
1459 5186 1512 5242 in
1546 5191 1803 5257 peccatis.
1842 5192 1985 5260 Quid
2011 5197 2154 5251 enim

575 5282 860 5351 malignius
892 5283 976 5338 his
1007 5283 1205 5350 verbis,
1239 5283 1433 5354 quibus
1460 5284 1632 5339 malus
1661 5287 1859 5342 malum
1891 5305 1951 5346 se
1975 5300 2152 5362 negat,

576 5374 742 5428 etiam
792 5377 861 5430 de
903 5377 1045 5431 malo
1091 5393 1255 5447 opere
1305 5377 1604 5444 convictus,
1638 5382 1775 5451 (μιηά
1807 5399 2005 5452 negare
2051 5402 2155 5440 non

578 5465 792 5520 valeat?
821 5475 875 5521 et
896 5468 1148 5537 quoniam
1179 5469 1376 5524 factum
1399 5484 1503 5524 non
1527 5481 1703 5540 potest
1726 5483 1924 5544 tegere,
1953 5492 2050 5531 nec
2066 5478 2159 5532 be—

578 5557 849 5612 nefactum
883 5568 1055 5628 potest
1082 5560 1288 5628 dicere,
1315 5571 1364 5616 et
1393 5576 1423 5615 a
1453 5577 1512 5618 se
1543 5562 1741 5618 factum
1772 5565 1917 5622 videt
1938 5581 2154 5638 patere;

580 5652 767 5714 quaerit
798 5652 849 5705 in
905 5652 1045 5707 aliud
1095 5652 1296 5708 referre
1343 5653 1488 5724 quod
1537 5653 1690 5720 fecit,
1744 5665 1994 5727 tanquam
2033 5661 2159 5718 inde

581 5743 750 5806 possit
795 5747 1004 5802 auferre
1042 5745 1182 5817 quod
1233 5749 1451 5817 meruit,
1480 5748 1670 5806 nolens
1702 5764 1839 5816 esse
1885 5765 1943 5809 se
1987 5769 2165 5824 reum,

2253 4658 2414 4719 atque
2441 4651 2513 4705 ita
2563 4650 2869 4720 impertitur
2915 4651 3138 4722 largitas
3185 4651 3592 4717 misericordiae,
3623 4662 3677 4706 ut
3715 4668 3810 4704 non

2255 4743 2589 4813 relinquatur
2618 4742 2782 4797 etiam
2804 4742 3006 4812 justitia
3037 4743 3362 4812 disciplina.
3395 4743 3528 4800 Nam
3564 4755 3615 4800 et
3640 4759 3810 4814 pecca-

2255 4841 2366 4888 tum
2395 4831 2541 4902 quod
2593 4833 2820 4888 inultum
2852 4833 3081 4900 videtur,
3133 4834 3299 4890 habet
3344 4836 3674 4906 pedisequam
3702 4848 3806 4902 pc-

2259 4939 2381 4980 nam
2424 4941 2595 4993 suam,
2627 4938 2684 4982 ut
2727 4943 2886 4983 nemo
2917 4927 2982 4983 de
3025 4927 3298 4994 admisso,
3350 4937 3443 4983 aut
3486 4927 3726 4983 amaritud
3750 4943 3807 4980 ne

2258 5020 2456 5087 doleat,
2486 5031 2578 5076 aut
2605 5023 2847 5077 caecitate
2875 5038 2981 5076 non
3015 5023 3216 5095 doleat.
3249 5022 3402 5077 Sicut
3429 5037 3557 5091 ergo
3584 5031 3631 5076 to
3652 5020 3765 5074 dicis
3792 5039 3804 5072 ;

2261 5111 2368 5169 Cur
2396 5117 2665 5183 permittat
2694 5115 2815 5178 ista,
2863 5115 2906 5169 si
2938 5113 3258 5182 displicent?
3302 5114 3376 5168 lta
3407 5128 3509 5183 ego
3546 5113 3688 5167 dico:
3713 5108 3807 5162 Cur

2264 5207 2412 5276 punit
2446 5207 2571 5271 ista,
2624 5206 2667 5261 si
2712 5205 2952 5274 [lact-nt?
2998 5207 3077 5261 Ac
3109 5221 3203 5275 per
3243 5205 3345 5260 hoc
3371 5205 3510 5259 sicut
3538 5218 3630 5273 ego
3665 5200 3807 5256 conti-

2268 5308 2406 5364 teor,
2440 5298 2582 5368 quod
2612 5299 2834 5355 omnino
2859 5301 2955 5353 ista
2991 5312 3096 5353 non
3125 5298 3341 5361 ﬁerent,
3371 5297 3470 5350 nisi
3502 5295 3566 5349 ab
3592 5293 3804 5360 omnipo-

2268 5399 2413 5445 tente
2445 5392 2925 5459 peimittercntur;
2955 5394 3022 5444 ita
3053 5398 3107 5444 tu
3139 5389 3421 5454 confitere,
3455 5386 3676 5442 iacienda
3711 5399 3806 5439 son

2263 5500 2383 5539 esse
2415 5501 2533 5551 quae
2584 5501 2611 5537 a
2661 5485 2805 5554 justo
2848 5487 3160 5554 puniuntur,
3211 5492 3270 5537 ut
3314 5498 3418 5538 non
3455 5481 3678 5538 faciendo
3700 5492 3806 5547 qua

2270 5574 2440 5642 punit,
2473 5589 2779 5629 mereamur
2821 5575 2891 5630 ab
2939 5589 3004 5628 eo
3035 5573 3268 5642 decere,
3310 5587 3406 5628 cur
3436 5571 3670 5641 permittit
3699 5565 3808 5622 esse

2271 5679 2390 5734 qua:
2436 5665 2640 5732 puniat.
2675 5663 3040 5720 Perfectorum
3089 5674 3170 5719 cst
3213 5666 3379 5727 enim,
3418 5663 3549 5718 sicut
3581 5660 3810 5727 scriptum

2272 5767 2382 5826 est,
2410 5756 2615 5814 solidus
2644 5757 2823 5828 cibus,
2845 5757 2895 5812 in
2929 5771 3034 5827 quo
3063 5755 3114 5812 lii
3142 5756 3233 5828 qui
3263 5757 3397 5811 bene
3425 5741 3808 5825 proiecerc,jata
