3904 6224
181 233 314 291 853

1399 238 1828 296 TilESAURl'S.
1870 237 2021 294 CAP.
2065 240 2286 299 CXCI".

3363 245 3466 311 sat

183 343 510 424 intelligam.
550 355 618 411 ad
664 353 1110 422 omnipotentiam
1168 351 1267 408 Dei
1318 354 1492 420 potius
1533 353 1584 407 id
1614 354 1782 422 petti-
1814 353 1865 413 Λ
1895 365 1998 408 tur.
2027 355 2149 410 llaec
2182 357 2340 427 igitur
2385 357 2513 424 duo,
2547 374 2664 428 quat
2694 373 2833 414 nunc
2864 360 3089 413 invicem
3120 361 3468 417 adversantur

180 446 410 512 nuisse,
453 455 512 500 ut
559 461 624 502 ex
669 445 835 499 libero
886 442 1136 506 arbitrio,
1184 442 1470 497 voluntatis
1516 443 1786 498 venientia

179 539 342 592 mala
374 556 495 595 esse
522 539 881 611 permitteret.
915 536 1030 591 lam
1067 534 1259 608 [tanta]
1287 536 1481 606 quippe
1503 545 1586 591 est
1610 536 1786 590 omni-

181 643 395 700 potens
425 633 636 686 bonitas
659 629 797 700 eius,
830 639 887 684 ut
925 630 1086 683 etiam
1119 628 1186 685 de
1215 627 1371 684 malis
1415 629 1589 683 facere
1617 629 1780 697 possit

185 721 370 801 bona,
403 724 516 778 sive
547 719 893 790 ignoscendo,
926 720 1038 774 sive
1067 718 1326 784 sanando,
1354 719 1467 776 sive
1495 719 1560 773 ad
1584 719 1785 774 utilita-

183 826 287 870 tes
324 817 531 884 piorum
563 814 886 885 coaptando,
937 824 1095 885 atque
1139 815 1421 882 vertendo,
1470 815 1583 869 sive
1621 812 1782 868 etiam

176 905 502 974 justissima
555 905 898 960 vindicando.
957 906 1148 962 Omnia
1202 920 1430 974 namque
1489 905 1590 959 ista
1644 903 1783 958 bona

178 1007 347 1060 sunt,
383 1006 437 1051 et
482 995 590 1051 Deo
637 995 778 1051 bono
827 1005 987 1066 atque
1033 997 1390 1063 omnipotenti
1437 994 1785 1065 dignissima;

180 1104 302 1144 nec
342 1097 518 1143 tamen
561 1087 695 1142 ﬁunt
736 1088 838 1143 nisi
869 1090 936 1144 de
979 1089 1150 1142 malis.
1202 1087 1339 1154 Quid
1384 1087 1542 1156 igitur
1571 1086 1784 1151 melius,

181 1182 332 1250 quid
367 1181 788 1252 omnipotentius
816 1195 903 1246 eo,
950 1180 1042 1250 qui
1092 1194 1213 1235 cum
1244 1181 1384 1234 male
1430 1177 1565 1233 nihil
1603 1177 1781 1242 faciat,

185 1272 349 1326 bene
392 1271 555 1326 etiam
601 1270 672 1326 de
699 1269 856 1326 malis
901 1269 1058 1324 iacit?
1084 1267 1394 1324 Clamantes
1437 1267 1504 1321 ad
1544 1280 1666 1321 eum
1697 1264 1786 1335 qui

183 1366 346 1420 male
376 1367 583 1430 iecere,
623 1365 842 1420 Dimitte
892 1363 1046 1420 nobis
1073 1364 1252 1419 debita
1295 1371 1477 1417 nostra
1501 1402 1519 1429 ,
1547 1360 1784 1425 exaudit,

191 1459 462 1528 ignoscit.
497 1459 805 1514 Nocuerunt
836 1473 932 1514 sua
961 1457 1100 1512 mala
1133 1455 1503 1526 peccantibus,
1540 1452 1790 1508 subvenit

187 1565 392 1608 eorum
423 1549 778 1620 medeturque
799 1548 1166 1618 languoribus,
1191 1548 1419 1602 saeviunt
1448 1560 1667 1601 suorum
1695 1545 1788 1598 ho-

185 1657 338 1709 stes,
386 1642 454 1698 de
485 1643 699 1696 illorum
745 1641 949 1696 saevitia
999 1638 1129 1694 facit
1173 1648 1457 1707 martyres.
1508 1635 1788 1690 Postremo

1891 448 1943 501 in
1975 449 2148 512 nobis,
2179 450 2431 514 quoniaru
2460 453 2509 505 in
2543 461 2768 522 utraque
2792 467 2888 506 nos
2916 467 3117 519 sumus,
3155 464 3209 507 ut
3236 467 3467 508 concor-

1889 538 2020 592 dent
2049 553 2264 595 oremus
2298 550 2353 595 et
2396 557 2633 610 agamus.
2681 544 2796 598 Non
2825 545 2966 598 enim
3001 544 3229 598 alterum
3280 561 3464 600 eorum

1891 639 2077 698 putare
2122 631 2384 686 debemus
2430 632 2726 698 inimicum,
2779 635 2872 690 sed
2926 636 3135 700 vitium,
3187 650 3293 705 quo
3341 649 3467 689 caro

1888 722 2222 792 concupiscit
2269 723 2527 777 adversus
2578 724 3019 792 spiritumzquod
3071 737 3315 779 sanatum
3371 738 3471 778 nec

1888 813 2062 883 ipsum
2090 815 2212 880 erit,
2247 824 2299 868 et
2328 814 2628 869 substantia
2655 824 2877 882 utraque
2906 816 3049 870 salva
3078 817 3205 882 erit,
3235 823 3291 870 et
3328 815 3471 870 inter

1891 917 2172 974 utramque
2211 905 2352 960 nulla
2387 921 2560 975 pugna
2609 907 2730 960 erit.
2776 905 3067 960 Audiamus
3112 908 3468 975 Apostolum:

1889 999 2034 1065 Scio,
2093 999 2288 1068 inquit,
2339 1000 2460 1068 quia
2501 1013 2606 1053 non
2657 997 2859 1052 habitat
2899 997 2950 1051 in
2997 1013 3100 1062 me,
3132 999 3233 1052 hoc
3276 1007 3373 1061 est,
3413 998 3471 1053 in

1892 1104 2057 1145 carne
2090 1106 2208 1146 mea
2240 1092 2459 1146 bonum.
2491 1091 2605 1146 Hoc
2634 1093 2819 1160 utique
2852 1092 2945 1157 ait,
2993 1092 3114 1161 quia
3143 1091 3322 1146 vinum
3355 1108 3474 1146 car-

1892 1182 1975 1236 nis
2003 1182 2054 1236 in
2081 1198 2139 1237 re
2170 1184 2308 1238 bona
2331 1199 2437 1238 non
2465 1191 2548 1240 est
2578 1185 2776 1239 bonum
2806 1201 2819 1235 :
2845 1182 2985 1251 quod
3014 1197 3138 1236 cum
3163 1195 3282 1237 esse
3308 1182 3475 1236 destio

1897 1276 2041 1342 tetit,
2073 1290 2200 1330 caro
2229 1278 2350 1341 erit,
2377 1277 2470 1332 sed
2495 1277 2605 1347 jam
2632 1276 2832 1340 vitiata,
2857 1277 2939 1329 vel
2964 1274 3176 1339 vitiosa,
3206 1289 3309 1328 non
3338 1274 3472 1338 erit;

1893 1382 2048 1437 quam
2075 1376 2251 1423 tamen
2281 1368 2345 1423 ad
2369 1381 2605 1424 nostram
2632 1368 2898 1438 pertinere
2931 1376 3178 1420 naturam
3211 1363 3354 1418 idem
3378 1364 3475 1416 do-

1891 1468 2011 1515 ctor
2032 1460 2265 1514 ostendit
2310 1461 2477 1529 prius,
2525 1458 2935 1514 dicendozscio
2961 1458 3084 1528 quia
3134 1471 3238 1510 non
3269 1454 3476 1514 habitat

1895 1551 1947 1605 in
1975 1567 2080 1617 me,
2113 1550 2254 1620 quod
2284 1559 2341 1605 ut
2369 1558 2663 1621 exponeret
2689 1549 2915 1616 addidit,
2958 1549 3063 1603 hoc
3096 1554 3200 1611 est,
3232 1545 3284 1599 in
3312 1556 3476 1598 carne

1894 1657 2011 1697 mea
2039 1642 2236 1696 bonum
2271 1661 2282 1694 :
2307 1657 2367 1696 se
2397 1642 2573 1710 itaque
2602 1642 2732 1696 dicit
2760 1655 2879 1696 esse
2905 1653 3122 1695 carnem
3152 1653 3328 1704 suam,
3367 1652 3475 1692 non

191 1738 370 1790 etiam
419 1734 741 1790 condemnat
783 1747 898 1795 eos,
944 1744 1079 1799 quos
1111 1728 1453 1784 damnatione
1481 1726 1680 1795 iudicat
1713 1725 1791 1779 di-
1822 1729 2024 1802 Bergo
2051 1732 2163 1800 ipsa
2203 1739 2287 1786 est
2328 1730 2542 1785 inimica
2593 1741 2795 1796 nostra,
2847 1739 2900 1785 et
2931 1730 3145 1799 quando
3186 1729 3302 1798 eius
3335 1726 3478 1781 vitiis

187 1843 340 1898 gnos
373 1832 486 1898 (sua
511 1828 635 1881 licet
659 1827 730 1880 illi
763 1825 898 1880 mala
928 1824 1199 1894 patiuntur
1221 1820 1587 1895 [patiantur]),
1612 1832 1788 1875 tamen

192 1920 332 1972 facit
363 1918 452 1972 ille
483 1917 622 1985 quod
670 1917 869 1970 bonum
899 1924 1003 1971 est.
1039 1911 1153 1968 Non
1184 1922 1364 1984 potest
1409 1914 1552 1968 enim
1593 1912 1788 1966 bonum

194 2023 314 2062 non
347 2022 492 2073 esse,
524 2008 664 2076 quod
695 2004 896 2075 justum
927 2013 1027 2059 est.
1064 2004 1130 2058 Et
1153 2005 1335 2074 utique
1374 2004 1511 2059 sicut
1535 1990 1790 2072 iniustum

195 2111 291 2158 est
340 2110 635 2170 peccatum,
689 2098 758 2151 ita
802 2097 1007 2160 justum
1059 2104 1143 2151 est
1195 2094 1398 2165 peccati
1445 2093 1791 2164 supplicium.

196 2191 323 2246 Non
370 2202 548 2244 autem
579 2198 815 2258 potestas
853 2189 962 2243 Deo
1004 2185 1175 2243 defuit
1220 2187 1380 2242 talem
1413 2185 1590 2242 facere
1621 2186 1792 2240 homi-

198 2299 361 2346 nem,
393 2282 483 2351 qui
514 2295 736 2350 peccare
768 2295 873 2333 non
903 2288 1107 2349 posset,
1141 2279 1233 2334 sed
1265 2279 1315 2348 7
1341 2277 1529 2332 maluit
1552 2292 1677 2333 eum
1719 2288 1794 2330 ta-

201 2375 318 2428 lem
352 2373 549 2438 facere,
581 2373 665 2424 cui
692 2370 964 2440 adjaceret
993 2385 1221 2440 peccare
1245 2371 1290 2425 si
1322 2369 1503 2434 vellet,
1535 2384 1643 2424 non
1672 2384 1796 2438 pec-

202 2481 341 2520 care
369 2464 414 2518 si
443 2463 645 2518 nollet:
674 2462 798 2537 hoc.
829 2461 1142 2529 prohibens,
1189 2461 1315 2515 illud
1363 2460 1709 2529 prcecipiens,
1740 2469 1796 2514 ut

207 2559 364 2624 prius
412 2556 522 2609 illic
551 2553 717 2627 [esset
761 2553 860 2625 illi]
886 2563 941 2608 et
988 2554 1184 2608 bonum
1230 2553 1480 2609 meritum
1525 2568 1633 2606 non
1677 2565 1799 2620 pec-
1846 2549 1849 2551 ’

205 2662 364 2709 care,
392 2653 446 2699 et
487 2655 669 2714 postea
696 2643 897 2714 justum
933 2645 1210 2714 praemium
1243 2660 1346 2698 non
1373 2657 1527 2712 posse
1552 2657 1796 2712 peccare.

209 2738 349 2793 Nam
380 2737 539 2792 etiam
584 2737 721 2791 tales
767 2747 985 2791 sanctos
1015 2751 1140 2790 suos
1186 2737 1238 2791 itt
1291 2735 1399 2791 ﬁne
1428 2736 1663 2790 laeturus
1692 2745 1797 2802 est,

209 2830 307 2898 qui
338 2829 556 2882 omnino
585 2842 810 2898 peccare
839 2843 942 2881 non
973 2829 1201 2898 possint.
1231 2827 1388 2882 Tales
1420 2827 1580 2882 habet
1603 2828 1802 2897 quippe

209 2923 379 2976 etiam
413 2935 554 2975 nunc
586 2922 802 2989 angelos
833 2935 982 2983 suos,
1012 2935 1148 2988 quos
1198 2920 1252 2973 in
1282 2920 1372 2973 illo
1421 2920 1499 2974 sic
1534 2933 1798 2982 amamus,

217 3024 279 3068 ut
309 3014 377 3067 de
404 3013 548 3066 nullo
574 3027 760 3066 eorum
802 3027 868 3064 ne
902 3010 1173 3080 peccando
1211 3010 1304 3065 ﬁat
1331 3011 1576 3065 diabolus
1616 3008 1804 3065 formi~

1897 1825 2186 1889 resistitur,
2241 1824 2356 1893 ipsa
2405 1834 2634 1890 amatur,
2682 1824 2806 1893 quia
2852 1825 2964 1892 ipsa
3017 1832 3250 1876 curatur.
3309 1821 3478 1876 Nemo

1895 1915 2040 1970 enim
2075 1929 2304 1984 unquam
2348 1926 2566 1969 carnem
2614 1927 2762 1967 suam
2796 1912 2919 1967 odio
2951 1911 3112 1966 habet
3141 1929 3154 1977 ;
3189 1911 3324 1964 sicut
3368 1909 3482 1977 ipse

1898 2006 2186 2076 Apostolus
2229 2002 2381 2068 dicit,
2433 2013 2488 2059 et
2528 2003 2634 2057 alio
2685 2004 2803 2058 loco
2857 2002 2932 2056 ait
2966 2020 2978 2055 :
3011 2002 3172 2071 Igitur
3213 2001 3331 2071 ipse
3379 2013 3483 2069 ego

1898 2106 2074 2151 mente
2100 2095 2274 2151 servio
2302 2096 2403 2165 legi
2429 2094 2548 2159 Dei,
2577 2109 2741 2150 carne
2766 2104 2943 2150 autem
2975 2093 3076 2165 legi
3108 2093 3331 2162 peccati.
3367 2091 3480 2145 Au-

1898 2189 2048 2244 diant
2077 2190 2166 2254 qui
2195 2202 2354 2244 aures
2384 2187 2620 2254 habent;
2649 2188 2813 2257 igitur
2840 2187 2955 2258 ipse
2986 2202 3108 2257 ego,
3151 2202 3250 2256 ego
3279 2197 3480 2252 mente,

1909 2295 2008 2349 ego
2039 2294 2221 2345 carne,
2268 2279 2365 2334 sed
2395 2289 2576 2335 mente
2605 2279 2781 2334 servio
2809 2279 2906 2349 legi
2962 2279 3084 2343 Dei;
3117 2292 3280 2332 carne
3308 2284 3486 2330 autem

1903 2369 2004 2438 legi
2038 2369 2263 2436 peccati.
2310 2368 2588 2437 Quomodo
2630 2367 2852 2442 [autem]
2904 2382 3068 2425 carne
3097 2368 3199 2438 legi
3245 2367 3489 2436 peccati?

1905 2460 2142 2531 nunquid
2165 2460 2610 2528 concupiscentia
2637 2461 3022 2516 consentiendo
3043 2461 3285 2516 carnali?
3308 2461 3486 2522 Absit;

1905 2552 2002 2607 sed
2034 2562 2211 2608 motus
2239 2552 2630 2607 desideriorum
2663 2552 2770 2607 illic
2800 2552 3067 2620 habendo,
3115 2569 3250 2624 quos
3289 2553 3490 2608 habere

1909 2645 2141 2712 nolebat,
2190 2655 2246 2700 et
2298 2654 2474 2700 tamen
2524 2645 2792 2711 habebat;
2847 2643 2942 2700 sed
2984 2645 3062 2699 eis
3111 2660 3215 2699 non
3258 2660 3489 2699 consen-

1910 2739 2110 2807 tiendo,
2145 2748 2324 2795 mente
2354 2737 2621 2794 serviebat
2655 2739 2759 2810 legi
2793 2737 2909 2805 Dei,
2935 2745 2986 2793 et
3017 2738 3232 2793 tenebat
3254 2736 3498 2792 membra

1909 2849 1976 2889 ne
2012 2833 2201 2888 ﬁerent
2223 2847 2372 2888 arma
2403 2832 2627 2903 peccati.
2651 2832 2793 2896 Sunt
2814 2846 2942 2902 ergo
2970 2831 3023 2886 in
3049 2830 3203 2887 nobis
3229 2830 3494 2886 desideria

1911 2926 2072 2992 mala,
2103 2925 2296 2995 quibus
2343 2940 2450 2979 non
2481 2924 2868 2980 consentiendo
2909 2931 3015 2994 non
3063 2922 3293 2978 vivimus
3332 2915 3495 2976 mule.

1911 3019 2045 3074 Sunt
2090 3018 2143 3072 in
2191 3017 2346 3072 nobis
2390 3016 2843 3084 concopiScentia:
2893 3023 3254 3084 peccatorum,
3302 3013 3497 3084 quibus

213 3107 448 3170 demus;
480 3103 620 3171 (ιυοά
653 3105 720 3158 de
752 3104 968 3157 “"minc
996 3103 1404 3173 hominejusma
1439 3103 1491 3157 in
1525 3101 1685 3172 “"303
1717 3101 1799 3156 νῖ·
1831 3108 1878 3171 C
1911 3128 2016 3166 non
2046 3111 2350 3166 obediendo
2396 3125 2502 3165 non
2533 3109 2839 3179 perﬁcimus
2885 3109 3104 3173 malum,
3135 3105 3230 3160 sed
3279 3120 3371 3160 eas
3406 3105 3498 3158 lia-

218 3207 290 3250 tae
315 3195 639 3248 mortalitate
670 3193 1063 3261 przesumimus.
1093 3194 1226 3248 tales
1255 3205 1431 3248 autem
1463 3207 1650 3247 omnes
1672 3189 1806 3247 futu-

219 3305 340 3350 ros,
372 3290 422 3340 in
453 3287 594 3340 illius
643 3289 762 3340 vita:
796 3287 1198 3340 immortalitate
1226 3285 1566 3340 conﬁdimus.
1613 3284 1801 3340 Omni-

220 3389 417 3450 potens
447 3379 588 3432 enim
626 3379 783 3440 Deus,
815 3377 902 3446 qui
947 3387 1197 3445 Operatur
1229 3377 1388 3438 bona,
1420 3376 1580 3429 etiam
1612 3375 1679 3430 de
1708 3387 1810 3430 no-

221 3472 356 3525 stris
379 3469 553 3532 malis,
581 3467 759 3538 qualia
786 3467 932 3522 dabit
951 3468 1109 3531 bona,
1131 3481 1250 3522 cum
1277 3465 1581 3521 liberaverit
1604 3466 1672 3521 ab
1695 3480 1811 3520 om-

221 3563 386 3617 nibus
420 3560 575 3614 malis
591 3563 613 3612 ’ἐ

783 3628 1007 3685 CAPUT
1049 3628 1252 3683 CXCV.

227 3743 309 3798 De
337 3760 395 3797 eo
425 3746 558 3815 quod
587 3745 659 3796 ait
695 3742 990 3812 Apostolus,
1017 3743 1373 3815 mente_servio
1401 3742 1501 3814 legi
1525 3743 1642 3812 Dei,
1676 3753 1810 3810 etc.;

535 3831 598 3868 ex
625 3817 801 3868 eodem
831 3829 1060 3868 sermone
1085 3815 1147 3867 de
1169 3812 1514 3870 Coutinentia.

303 3945 595 4015 Apostolus
619 3961 724 4000 non
758 3946 868 3999 ait:
895 3944 1275 4015 Unusquisque
1312 3953 1490 4002 autem
1525 3954 1758 4002 tentatur
1784 3963 1814 4003 a

226 4038 689 4107 concupiscentia.
720 4039 813 4091 sed
861 4037 1090 4102 addidit,
1123 4052 1217 4091 sua
1244 4054 1261 4092 ;
1286 4046 1343 4093 ut
1383 4041 1470 4109 qui
1506 4039 1606 4094 hoc
1645 4040 1814 4105 audit,

230 4127 523 4195 intelligat,
568 4127 836 4195 quomodo
863 4127 1104 4181 clamare
1136 4127 1348 4192 debeat,
1392 4128 1502 4198 Ego
1543 4128 1690 4183 dixi:
1723 4131 1818 4185 Do.

231 4217 408 4281 mine,
443 4217 716 4272 miserere
741 4219 868 4283 mei,
905 4233 1033 4271 sana
1077 4218 1307 4273 animam
1341 4234 1535 4285 meam,
1568 4222 1818 4290 quoniam

232 4306 454 4375 peccavi
495 4306 610 4359 tibi.
661 4307 774 4360 Non
825 4307 966 4360 enim
1023 4307 1305 4361 sanatione
1351 4307 1684 4379 indiguisset,
1716 4310 1820 4364 nisi

231 4397 510 4467 peccando
555 4412 614 4452 se
664 4398 775 4468 ipsa
826 4396 1091 4464 vitiasset,
1144 4406 1204 4452 ut
1233 4398 1490 4453 adversus
1538 4414 1656 4453 eam
1693 4415 1822 4455 caro

1911 3206 2088 3262 bendo
2114 3205 2350 3261 nondum
2376 3203 2680 3273 perﬁcimus
2701 3201 2921 3257 bonum.
2947 3200 3242 3270 Utrumque
3263 3198 3501 3255 ostendit

1913 3298 2240 3366 Apostolus,
2297 3311 2398 3351 nec
2443 3299 2642 3351 bonum
2692 3294 2779 3351 hic
2826 3294 3008 3366 perlici
3054 3293 3146 3348 ubi
3191 3292 3388 3346 malum
3425 3291 3501 3343 sie

1911 3387 2324 3456 c0ncupiscitur,
2377 3401 2476 3442 nec
2529 3386 2726 3440 malum
2779 3385 2866 3440 hic
2908 3383 3235 3453 perﬁciendo
3286 3380 3343 3454 [p
3379 3379 3496 3435 rﬁci

1911 3474 2146 3548 quando]
2161 3477 2248 3530 tali
2266 3476 2717 3544 concupiscentiae
2735 3491 2841 3530 non
2861 3474 3124 3529 obeditur.
3153 3473 3283 3527 Illud
3303 3471 3499 3542 quippe

1913 3569 2147 3636 ostendit
2173 3567 2261 3622 ubi
2284 3568 2358 3621 ait
2383 3585 2396 3620 :
2424 3567 2576 3622 Velle
2601 3565 2811 3634 adiacet
2849 3565 2999 3630 mihi,
3031 3564 3293 3632 perﬁcere
3316 3575 3494 3619 auiem

1916 3663 2138 3726 bonum,
2167 3674 2274 3715 non
2298 3677 2313 3726 ;
2342 3659 2446 3713 hoc
2483 3673 2611 3714 vero
2637 3658 2725 3713 ubi
2755 3658 2826 3711 ait
2852 3675 2866 3710 :
2895 3656 3096 3726 Spiritu
3124 3654 3416 3716 ambulate.
3445 3662 3499 3707 et

1920 3753 2385 3824 concupiscentias
2411 3753 2589 3808 carnis
2626 3765 2733 3806 non
2761 3749 3099 3820 perliceretis
3133 3748 3211 3821 [et
3233 3745 3503 3802 desideria

1861 3895 1865 3898 .
1920 3851 2097 3904 carnis
2123 3863 2188 3902 ne
2211 3843 2594 3917 perleceritis];
2622 3859 2796 3915 neque
2818 3846 2959 3900 enim
2990 3843 3062 3898 ibi
3085 3841 3238 3908 dicit,
3272 3855 3380 3895 non
3402 3839 3504 3894 sibi

1922 3940 2170 4008 adjacere
2197 3938 2370 3994 facere
2399 3938 2624 4002 bonum,
2655 3937 2748 3992 sed
2775 3937 3068 4005 perlicere;
3109 3949 3282 4003 neque
3312 3934 3397 3986 hic
3419 3932 3505 3986 div

1923 4030 2016 4099 cit,
2068 4029 2530 4097 concupiscentias
2577 4027 2755 4082 carnis
2803 4041 2870 4080 ne
2920 4024 3242 4087 habueritis,
3293 4022 3389 4077 sed
3440 4038 3505 4076 ne

1925 4122 2296 4192 perleceretis.
2330 4121 2488 4174 Fiunt
2537 4120 2715 4188 itaque
2768 4119 2819 4172 in
2861 4117 3016 4172 nobis
3059 4115 3508 4184 concupiscentim

1925 4216 2104 4282 make,
2134 4215 2351 4285 quando
2384 4213 2468 4268 hic
2500 4209 2600 4287 [id]
2624 4212 2763 4282 quod
2795 4226 2900 4264 non
2926 4211 3050 4264 licet
3089 4209 3240 4272 libet,
3273 4206 3366 4261 sed
3399 4221 3510 4260 non

1927 4308 2296 4378 perﬁciuntur,
2328 4322 2450 4363 cum
2475 4306 2577 4377 legi
2608 4306 2702 4360 Dei
2733 4315 2911 4360 mente
2935 4303 3224 4369 serviente,
3259 4299 3510 4354 libidines

1927 4401 2306 4468 continentur;
2339 4409 2394 4456 et
2423 4399 2622 4454 bonum
2654 4400 2711 4453 lit
2745 4413 2867 4452 cum
2898 4397 2950 4452 id
2979 4395 3118 4466 quod
3171 4395 3308 4448 male
3343 4392 3504 4454 .libet,

231 4482 332 4544 Eua
371 4492 794 4559 concupisceret,
848 4489 901 4544 id
948 4497 1032 4543 est
1072 4490 1186 4556 ipsa
1241 4489 1456 4545 sibimet
1495 4491 1616 4559 ipsi,
1656 4505 1720 4545 ex
1759 4506 1820 4546 ea
1853 4483 1901 4542 Β
1930 4494 2176 4548 vincente
2205 4492 2344 4546 bona
2373 4491 2752 4555 delectatione,
2786 4505 2891 4543 non
2921 4487 3016 4555 ﬁt;
3050 4487 3143 4542 sed
3177 4485 3300 4541 boni
3335 4483 3512 4553 perfe-

234 4591 392 4649 parte
421 4595 521 4650 qua
556 4581 607 4635 in
641 4595 804 4636 carne
845 4581 1110 4634 inﬁrmata
1151 4589 1251 4647 est,
1299 4594 1641 4653 repugnaret.
1685 4584 1826 4640 Caro

233 4677 386 4731 enim
424 4675 557 4730 nihil
587 4676 688 4730 nisi
723 4692 822 4746 per
853 4678 1086 4731 animam
1118 4678 1471 4748 concupiscit,
1504 4679 1597 4733 sed
1627 4694 1825 4734 concu-

238 4772 452 4839 piscere
507 4783 636 4823 caro
693 4770 952 4825 adversus
1014 4771 1270 4840 Spiritum
1330 4771 1532 4828 dicitur
1571 4773 1824 4842 :quando

233 4861 419 4915 anima
448 4859 646 4914 carnali
691 4863 1128 4930 concupiscentia
1170 4865 1361 4933 spiritu
1393 4863 1707 4930 reluctatur,
1741 4875 1823 4919 to-

238 4966 353 5008 tum
400 4953 502 5007 hoc
551 4967 647 5008 nos
676 4969 899 5019 sumus;
942 4965 994 5008 et
1041 4970 1166 5011 caro
1198 4957 1333 5027 ipsa,
1366 4974 1484 5028 qua:
1512 4959 1822 5016 discedente

236 5046 416 5100 anima
439 5046 684 5109 moritur,
711 5055 890 5100 nostra
922 5063 1043 5116 pars
1067 5049 1249 5103 inﬁma
1280 5061 1381 5113 eSt,
1426 5067 1530 5105 non
1575 5049 1833 5121 fugienda~

236 5138 544 5201 dimittitur,
575 5137 669 5193 sed
695 5139 996 5206 recipienda
1032 5142 1306 5205 reponitur
1329 5140 1689 5215 [deponitur],
1722 5158 1821 5197 nec

238 5236 455 5297 recepta
488 5227 709 5282 ulterius
740 5229 1092 5299 relinquetur.
1120 5231 1430 5286 Seminatur
1459 5237 1602 5288 enim
1629 5249 1824 5304 corpus

239 5319 492 5383 animale,
528 5320 699 5391 surgit
727 5335 921 5390 corpus
952 5323 1210 5389 spiritale.
1245 5325 1394 5379 Tunc
1431 5324 1540 5394 jam
1583 5342 1709 5380 caro
1738 5327 1814 5381 nio

241 5411 313 5468 hil
344 5414 617 5479 concupis'
642 5413 681 5466 it
729 5413 986 5468 adversus
1035 5414 1302 5482 spiritum,
1353 5417 1570 5486 quando
1615 5427 1670 5472 ct
1710 5418 1821 5488 ipsa

239 5504 495 5576 spiritalis
526 5505 826 5572 vocabitur,
857 5507 1106 5574 quoniam
1135 5508 1343 5576 spiritui
1375 5524 1478 5562 non
1504 5511 1676 5564 solum
1707 5511 1824 5566 sine

241 5601 346 5656 ulla
377 5600 755 5668 repugnantia,
807 5617 992 5657 verum
1033 5601 1194 5656 etiam
1228 5601 1344 5655 sine
1385 5601 1486 5655 ulla
1519 5604 1824 5673 corporalis

240 5692 484 5755 alimenti
522 5691 841 5764 indigentia,
894 5695 946 5754 in
987 5703 1245 5754 aeternum
1284 5693 1596 5752 viviticanda
1633 5697 1824 5760 subde-
1861 5760 1864 5763 _

1931 4584 2037 4639 ctio
2069 4599 2175 4638 non
2220 4581 2491 4652 impletur,
2519 4581 2752 4652 quandiu
2802 4581 2901 4648 legi
2949 4579 3153 4649 peccati
3203 4589 3366 4631 carne
3397 4589 3512 4629 scr-

1932 4680 2109 4734 viente
2139 4677 2302 4733 libido
2329 4676 2503 4744 illicit,
2544 4684 2620 4740 et,
2656 4673 2903 4743 quamvis
2934 4670 3290 4735 contineatur,
3323 4680 3499 4723 tamen

1931 4778 2194 4824 movetur.
2225 4768 2340 4823 Non
2371 4768 2513 4821 enim
2545 4775 2680 4836 opus
2710 4774 2871 4832 esset,
2910 4774 2968 4818 ut
2994 4765 3379 4830 contineretur,
3407 4761 3506 4815 nisi

1929 4867 2257 4917 moveretur.
2311 4858 2425 4914 Erit
2469 4857 2790 4928 quandoque
2835 4859 2995 4911 etiam
3051 4856 3308 4925 perfectio
3348 4853 3508 4921 boni,

1929 4952 2141 5023 quando
2181 4952 2518 5019 consumptio
2563 4949 2684 5003 mali
2719 4966 2732 5002 :
2767 4947 2898 5002 illud
2943 4962 3243 5012 summum,
3280 4945 3380 5000 hoc
3412 4946 3512 4999 erit

1929 5044 2155 5098 nullum.
2183 5043 2335 5112 Quod
2365 5043 2408 5097 si
2454 5042 2503 5096 in
2535 5043 2631 5096 ista
2658 5040 2981 5095 mortalitate
3012 5037 3333 5110 sperandum
3363 5045 3515 5104 puta-

1929 5152 2069 5201 mus,
2100 5135 2352 5189 lallimur.
2384 5133 2533 5188 Tunc
2581 5133 2724 5188 enim
2779 5132 2914 5199 erit,
2964 5130 3176 5200 quando
3217 5141 3363 5182 mors
3408 5142 3512 5182 non

1928 5229 2049 5292 erit,
2083 5237 2136 5283 et
2165 5228 2235 5282 ibi
2267 5227 2389 5292 erit,
2421 5226 2511 5281 ubi
2550 5228 2653 5280 vita
2704 5233 2901 5280 aeterna
2948 5223 3074 5279 erit.
3102 5221 3193 5275 llio
3222 5209 3364 5274 enim
3413 5233 3516 5273 sa:-

1931 5318 2050 5374 culo
2076 5319 2159 5390 [in
2191 5318 2281 5372 illo
2309 5317 2448 5373 enim
2499 5315 2740 5389 smculo],
2775 5324 2829 5369 et
2871 5315 2921 5368 in
2958 5313 3047 5367 illo
3076 5326 3241 5380 regno
3269 5313 3372 5366 erit
3419 5311 3511 5364 hoc

1937 5425 2062 5465 num
2105 5425 2396 5478 summum,
2433 5417 2486 5464 et
2515 5408 2710 5463 malum
2742 5405 2964 5469 nullum,
2995 5403 3207 5473 quando
3237 5402 3335 5457 erit
3364 5410 3418 5457 et
3441 5400 3512 5458 ibi

1945 5501 2058 5575 [ubi
2089 5500 2213 5572 erit]
2246 5501 2522 5572 sapientia:
2552 5515 2703 5556 amor
2749 5511 3012 5567 summus,
3056 5494 3402 5552 continentia:
3432 5499 3525 5553 la--

1932 5595 2030 5652 bor
2056 5592 2250 5651 nullus.
