3904 6224
451 203 558 264 I53

995 309 1221 381 caper
1259 323 1490 380 cxcvr.

455 417 642 474 Utrum
663 417 809 474 aliud
839 419 905 473 sit
931 415 1302 489 anime,_al_t'ud
1338 418 1573 484 spiritus,
1608 436 1674 472 an
1700 430 1914 489 utroque
1939 435 2034 473 no-

523 491 658 562 mine
681 505 760 544 res
787 505 888 562 una
912 487 1156 562 uocetur?
1182 486 1266 542 Ea:
1285 488 1415 543 libro
1438 490 1500 545 de
1532 489 1741 562 Origine
1763 486 1948 544 anima:
1965 492 2034 544 ad
2098 502 2103 508 ‘

529 559 780 615 Victorem
814 558 1164 614 Vincentium.

430 726 434 730 .
524 669 712 726 Restat
740 671 1027 728 ostendere
1055 670 1527 743 quemadmodum,
1551 672 1797 744 quamvis
1826 680 1880 729 et
1909 687 2031 742 pro-

451 763 565 830 prie
591 761 798 818 dicatur
840 763 1085 834 spiritus,
1119 780 1225 819 non
1258 766 1506 822 universa
1552 767 1750 832 anima,
1798 765 1893 820 sed
1925 765 2028 820 ali-

1529 213 1591 267 D.
1633 205 1816 266 ευοι
1831 208 1962 266 PP"
2000 211 2018 265 Α

2121 205 2290 264 ιΑτιδ
2334 209 2654 267 AFRICANI
3635 215 3723 273 856

2070 319 2120 380 A
2149 322 2381 388 p‘cdititts
2406 325 2550 393 quod
2580 324 2723 389 dico,
2758 323 2987 393 teipsum
3017 332 3208 380 testem
3231 324 3395 381 citius
3422 335 3480 382 et
3504 340 3722 384 eum

2141 412 2260 468 dius
2287 414 2590 480 adhibebo;
2642 419 2724 472 sic
2767 417 2912 472 enim
2961 417 3210 489 spiritum
3251 417 3517 485 deﬁnisti,
3549 428 3610 474 ut
3644 434 3722 487 pe-

2141 518 2266 560 cora
2291 515 2593 576 appareant
2639 522 2746 562 non
2801 507 3052 578 spiritum
3107 508 3328 576 habere,
3359 510 3456 565 sed
3504 509 3721 566 animam

2139 595 2408 669 [habere].
2461 597 2801 653 irrationalia
2845 599 2968 656 ideo
3023 603 3223 673 quippe
3258 603 3540 667 dicuntur,
3593 605 3719 671 quod

2136 689 2242 741 vim
2267 703 2372 743 non
2417 687 2652 744 habeant
2699 689 3073 759 intelligentia
3114 704 3275 765 atque
3306 693 3551 749 rationis.
3584 692 3720 750 Unde

2133 795 2254 835 cum
2313 778 2588 836 hominem
2646 779 2821 850 ipsum
2876 797 3196 840 amtnonere
3248 785 3517 841 voluisses
3582 798 3718 840 suam

449 853 576 925 quid
597 853 792 924 ipsius,
818 856 958 911 sicut
982 857 1269 926 Apostolus
1296 858 1423 912 dicit
1449 876 1461 912 :
1487 856 1554 913 Et
1580 858 1786 928 integer
1810 857 2018 928 spiritus

2135 882 2295 926 nosse
2327 878 2573 925 naturam
2605 871 2956 945 [admonens
2975 887 3127 928 suam
3151 890 3317 930 nosse
3344 872 3630 948 natural].
3656 875 3716 928 ita

452 954 650 1012 vester,
678 955 732 1002 et
759 946 962 1015 anima,
991 956 1046 1003 et
1072 961 1285 1017 corpus.
1314 948 1408 1004 Vel
1440 949 1565 1004 illud
1607 949 1776 1004 multo
1802 963 2026 1019 expres-

450 1037 560 1091 sius
587 1037 640 1092 in
665 1036 803 1093 libro
830 1036 932 1094 Job
957 1055 970 1092 :
996 1038 1282 1094 Absolvisti
1309 1041 1539 1093 animam
1571 1054 1741 1096 meam
1765 1055 1794 1093 a
1834 1041 2025 1107 spintu

451 1144 571 1187 meo
598 1146 614 1197 ;
642 1138 822 1189 tamen
870 1141 922 1189 et
952 1131 1200 1187 universa
1247 1132 1546 1202 appellatur
1581 1133 1758 1188 anima
1790 1133 1890 1187 hoc
1929 1147 2026 1187 no—

449 1226 625 1290 mine;
650 1226 897 1297 quamvis
927 1225 1100 1281 multo
1128 1225 1297 1295 magis
1343 1225 1457 1281 haec
1485 1226 1712 1297 quastio
1749 1227 2023 1281 nominum

450 1315 689 1370 videatur
729 1329 869 1381 esse,
914 1330 1020 1370 non
1063 1331 1269 1372 rerum.
1311 1315 1442 1371 Cum
1486 1317 1628 1372 enim
1659 1325 1869 1373 constet
1905 1331 2025 1372 esse

447 1407 648 1476 aliquid
676 1407 728 1463 in
752 1408 948 1474 anima,
973 1406 1116 1476 quod
1169 1409 1382 1477 proprie
1427 1408 1647 1477 spiritus
1696 1408 2022 1477 nominetur,

447 1513 552 1568 quo
581 1509 825 1569 excepto,
872 1497 1086 1568 proprie
1127 1498 1435 1554 nominatur
1477 1507 1534 1555 et
1576 1500 1776 1566 anima,
1804 1499 1910 1569 jam
1954 1501 2023 1557 de

447 1589 607 1644 rebus
634 1589 766 1659 ipsis
795 1590 942 1645 nulla
969 1592 1242 1646 contentio
1271 1600 1390 1657 est;
1416 1592 1713 1663 prtesertim
1743 1593 1866 1664 quia
1896 1592 2022 1648 illud

2131 959 2339 1016 locutus
2362 975 2459 1016 es:
2495 980 2514 1014 ι
2540 961 2673 1017 Nam
2704 978 2828 1017 cum
2860 963 3002 1018 Deus
3033 963 3209 1020 bonus
3232 966 3364 1020 nihil
3388 980 3498 1022 non
3524 967 3713 1021 ratione

2096 1108 2103 1114 ,
2128 1051 2742 1136 condiderit,ipsumque
2755 1055 3047 1123 hominem,
3063 1057 3263 1112 animal
3275 1056 3561 1124 rationale,
3575 1058 3705 1113 intel-

2130 1148 2303 1202 lectus
2316 1161 2592 1216 capacem,
2606 1150 2832 1206 rationis
2849 1159 3151 1222 compotem
3175 1165 3448 1222 sensuque
3463 1151 3706 1218 vivacem,

2127 1239 2220 1309 qui
2235 1239 2414 1295 omnia
2434 1240 2654 1296 rationis
2671 1244 2908 1310 expertia
2925 1243 3176 1313 prudenti
3191 1243 3711 1301 ordiuationedistri-

2126 1331 2277 1397 buat,
2309 1334 2691 1402 procreaverit.
2722 1353 2741 1386 ι
2787 1333 2880 1390 llis
2923 1336 3031 1390 tuis
3056 1336 3239 1391 verbis
3265 1336 3400 1390 satis
3425 1336 3711 1391 asserui-ti.

2125 1424 2267 1494 quod
2293 1424 2514 1479 omnino
2552 1425 2893 1480 verissimum
2936 1434 3043 1496 est,
3107 1425 3384 1482 hominem
3414 1439 3540 1482 esse
3577 1441 3707 1482 com-

2126 1523 2304 1584 potem
2357 1516 2581 1571 rationis
2627 1524 2790 1586 atque
2820 1516 3195 1588 intelligentia
3244 1531 3526 1587 capacem,
3573 1518 3703 1589 quod

2128 1608 2312 1678 utique
2337 1623 2444 1664 non
2476 1619 2600 1666 sunt
2629 1607 2880 1665 animalia
2909 1610 3135 1667 rationis
3170 1610 3450 1679 expertia;
3486 1609 3621 1666 nde
3644 1624 3707 1666 te-

447 1682 606 1740 etiam
632 1684 754 1740 dico
785 1699 908 1757 ego,
938 1683 1153 1756 proprie
1179 1685 1362 1739 vocari
1391 1683 1662 1754 spiritum,
1701 1685 1845 1755 quod
1889 1694 1946 1742 et
1969 1695 2018 1741 tu

2129 1699 2387 1757 stimonio
2417 1700 2604 1759 divino
2633 1717 2750 1770 eos,
2791 1703 2882 1774 qui
2933 1719 3041 1759 non
3088 1704 3394 1776 intelligunt
3442 1704 3708 1775 pecoribus

357 1792 359 1794 ‘
447 1773 599 1840 dicis,
627 1774 682 1830 id
706 1785 790 1831 cst
821 1791 925 1846 quo
957 1775 1338 1832 ratiocinamur
1365 1786 1422 1832 et
1445 1778 1792 1848 intelligimus
1809 1781 2028 1850 quando

448 1868 521 1922 ita
549 1866 801 1924 distincte
827 1868 928 1924 ista
957 1867 1228 1934 dicuntur,
1260 1869 1711 1938 quemadmodum
1736 1871 2026 1941 Apostolus

447 1959 519 2013 ait
549 1959 655 2014 :Et
683 1959 888 2030 integer
915 1959 1135 2030 spiritus
1160 1971 1358 2028 vester,
1391 1969 1447 2018 et
1485 1964 1684 2030 anima,
1717 1972 1779 2040 et.
1806 1978 2023 2035 corpus.

448 2049 598 2106 llnnc
624 2059 800 2107 autem
829 2052 1097 2123 spiritum,
1127 2056 1287 2109 etiam
1331 2062 1565 2110 mentem
1602 2055 1805 2111 videtnr
1837 2060 2024 2128 appel-

449 2141 583 2206 lare,
613 2155 734 2196 cum
761 2141 928 2198 dicit:
957 2143 1136 2200 Mente
1166 2146 1341 2200 servio
1375 2146 1474 2216 legi
1508 2146 1623 2213 Dei,
1653 2162 1816 2205 carne
1842 2159 2021 2206 autem

445 2234 548 2303 legi
579 2234 806 2304 peccati.
839 2234 970 2290 Nam
1003 2235 1116 2306 ipsa
1140 2238 1403 2293 sententia
1432 2248 1517 2295 est
1543 2257 1557 2294 :
1583 2239 1650 2297 Et
1671 2255 1797 2298 caro
1821 2257 2026 2300 concu-

441 2325 597 2394 piScit
642 2325 899 2382 adversus
951 2328 1222 2396 spiritum,
1273 2330 1495 2400 spiritus
1538 2341 1719 2389 autem
1765 2335 2022 2393 adversus

441 2429 680 2471 carnem.
707 2415 774 2472 Ut
803 2416 945 2487 quod
977 2417 1211 2486 ibi-dixit
1235 2418 1408 2494 [dicit]
1453 2434 1654 2492 mente,
1688 2425 1788 2481 hoc
1819 2427 2022 2484 intel'i-

441 2513 595 2575 gatnr
619 2506 704 2561 hic
731 2508 975 2576 spiritum
1004 2509 1203 2564 dicere.
1223 2509 1336 2567 Non
1361 2517 1501 2570 sicut
1531 2524 1583 2570 tu
1607 2517 1881 2575 existimas
1907 2523 2024 2578 uni-

443 2613 651 2653 versam
703 2610 938 2656 mentem
993 2606 1192 2670 vocari,
1232 2622 1350 2675 qua:
1393 2620 1604 2668 constat
1638 2627 1704 2668 ex
1753 2615 1928 2678 anima
1968 2630 2023 2672 et

443 2689 653 2758 Spiritu,
682 2690 823 2760 quod
855 2692 945 2746 ubi
977 2691 1167 2764 legeris
1194 2697 1396 2752 nescio.
1441 2699 1671 2758 Mentem
1699 2690 2021 2778 quippe’no-

445 2789 634 2846 stram,
663 2783 762 2836 nisi
795 2783 1054 2842 rationale
1080 2794 1135 2841 et
1177 2788 1540 2850 intellectuale
1567 2805 1808 2854 nostrum
1840 2799 2021 2859 dicere

442 2889 546 2929 non
582 2876 860 2931 solemus:
885 2892 948 2933 ac
977 2894 1072 2949 per
1113 2880 1215 2938 hoc
1259 2884 1400 2953 quod
1430 2885 1504 2941 ait
1545 2889 1762 2957 quidem
1792 2893 2022 2964 Aposto—

443 2965 520 3019 lus
547 2981 560 3018 :
590 2967 1157 3054 renovaminispiritu
1208 2977 1402 3030 mentis
1447 2989 1668 3048 vestras,
1703 2985 1830 3054 quid
1873 2986 2018 3044 aliud

2129 1794 2486 1863 comparasti,
2513 1810 2621 1851 non
2650 1795 2831 1866 utique
2847 1796 3174 1854 habentibus
3195 1797 3558 1863 intellectum;
3581 1798 3705 1867 quod

2129 1895 2184 1942 et
2213 1886 2322 1942 alio
2346 1885 2466 1942 loco
2496 1889 2756 1958 scriptum
2782 1897 2865 1945 est
2889 1906 2904 1942 :
2948 1889 3124 1945 Nolite
3152 1904 3273 1946 esse
3299 1892 3446 1947 sicut
3473 1905 3634 1962 equus
3658 1902 3705 1947 et

2127 1977 2324 2041 mulus,
2357 1976 2552 2048 quibus
2573 1993 2680 2035 non
2709 1989 2791 2034 est
2808 1980 3137 2036 intellectus.
3165 1982 3296 2050 Quae
3320 1998 3450 2038 cum
3482 1984 3550 2038 ita
3581 1985 3699 2047 sint,

2124 2068 2346 2125 attende
2364 2069 2526 2125 etiam
2551 2069 2743 2141 quibus
2776 2069 2953 2127 verbis
2975 2072 3222 2144 spiritum
3253 2074 3533 2131 deﬁnieris
3555 2087 3697 2148 atque

2124 2159 2498 2230 descripseris,
2511 2175 2634 2218 cum
2650 2161 2799 2219 illum
2811 2162 2879 2219 ab
2891 2164 3067 2219 anima
3084 2165 3420 2235 distinguere
3436 2169 3687 2225 nitereris:

2131 2271 2151 2305 ι
2171 2252 2297 2309 Haec
2311 2252 2510 2321 anima,
2534 2253 2732 2325 inquis,
2756 2270 2877 2328 qua:
2895 2271 2959 2313 ex
2984 2255 3115 2312 ﬂatu
3138 2257 3231 2314 Dei
3249 2259 3417 2315 habet
3432 2262 3694 2331 originem,

2081 2366 2088 2384 α
2124 2345 2242 2401 sine
2265 2359 2425 2400 sensu
2456 2345 2674 2416 proprio
2717 2354 2879 2418 atque
2929 2345 3209 2404 intellectu
3245 2348 3442 2406 intimo
3466 2366 3581 2407 esse
3607 2368 3697 2408 non

2126 2440 2322 2507 potuit,
2356 2437 2503 2509 quod
2529 2448 2614 2495 est
2638 2438 2880 2510 spiritus.
2911 2458 2934 2493 ι
2957 2441 3022 2496 Et
3044 2440 3204 2511 paulo
3236 2454 3392 2512 post:
3422 2463 3441 2497 ι
3470 2445 3697 2514 Quamvis

2125 2528 2214 2601 [Et
2233 2527 2499 2601 quamvis]
2525 2529 2724 2598 anima,
2775 2530 2976 2602 inquis,
3026 2532 3231 2590 enimet
3278 2550 3502 2605 corpus,
3541 2547 3693 2592 tamen

2122 2621 2265 2691 quod
2298 2623 2484 2688 sentit,
2527 2619 2668 2691 quod
2699 2621 2861 2693 sapit,
2891 2621 3036 2693 quod
3067 2623 3229 2694 viget,
3265 2626 3488 2696 spiritus
3519 2627 3581 2682 sit
3608 2643 3692 2682 oe-

2123 2729 2276 2772 cesse
2289 2724 2393 2770 est.
2415 2732 2434 2766 ι
2455 2713 2586 2770 ltem
2601 2715 2758 2784 paulo
2771 2723 2922 2784 post:
2945 2733 2963 2768 ι
2986 2715 3144 2771 Aliud
3166 2718 3290 2782 erit,
3308 2719 3690 2790 inquis,anina,

2122 2809 2265 2864 aliud
2288 2808 2528 2879 spiritus,
2555 2807 2817 2878 sapientia
2834 2817 2916 2864 est
2933 2822 3124 2867 sensus
3145 2810 3364 2869 animas.
3388 2832 3406 2865 ι
3435 2812 3523 2869 llis
3536 2817 3696 2870 verbis

2122 2901 2253 2957 satis
2280 2900 2484 2956 indicas
2524 2900 2651 2972 quid
2684 2899 2852 2975 [esse]
2876 2903 3039 2959 etiam
3067 2904 3316 2974 spiritum
3343 2907 3566 2963 hominis
3585 2922 3690 2963 sen-

2122 2994 2245 3061 tias,
2268 2993 2320 3049 id
2349 3003 2432 3050 est
2449 2994 2711 3060 rationale
2729 3007 2969 3052 nostrum
2984 3013 3091 3068 quo
3112 3008 3277 3054 sentit
3292 3001 3692 3071 atqueintelligit

436 3050 565 3162 dixit
596 3053 955 3160 [odicitxn'isi]
1005 3069 1163 3162 quam
1215 3067 1544 3162 renovamini
1592 3050 1772 3130 mente
1801 3082 2023 3134 vestra?
2053 3066 2098 3128 (ἶ
2128 3050 2304 3141 anima
2337 3103 2349 3140 :
2382 3101 2486 3142 non
2524 3054 2663 3144 sicut
2691 3091 2923 3144 sentitur
2945 3050 3193 3162 cirporis
3231 3050 3500 3161 sensibus,
3527 3092 3611 3149 sed
3625 3050 3692 3148 :io

435 3144 524 3198 Sic
549 3147 692 3200 enim
722 3146 946 3216 spiritus
978 3152 1172 3208 mentis
1201 3155 1332 3211 nihil
1372 3167 1456 3212 est
1487 3160 1632 3217 aliud
1659 3179 1817 3234 quam
1846 3184 2019 3238 mens,

436 3235 703 3304 quomodo
731 3254 925 3310 corpus
958 3247 1143 3300 carnis
1172 3246 1308 3302 nihil
1336 3249 1479 3305 a'iud
1514 3263 1691 3323 potest
1715 3272 1835 3314 esse
1861 3235 2019 3330 quam

434 3341 559 3384 caro
587 3344 607 3385 :
627 3346 746 3386 nam
770 3344 822 3418 et
848 3333 1231 3408 hoc'sciiptnm
1255 3351 1336 3397 est
1367 3362 1378 3396 ε
1405 3343 1457 3400 In
1487 3349 1876 3417 exspoliatione
1897 3369 2020 3412 cor-

437 3427 582 3489 poris
605 3424 778 3479 carnis
805 3427 897 3482 ubi
945 3443 1161 3486 carnem
1205 3447 1401 3504 corpus
1431 3438 1684 3508 appellat,
1713 3443 1841 3500 dicit
1887 3462 2021 3505 sane

432 3513 606 3568 etalio
631 3517 788 3572 modo
804 3521 1052 3587 spiritum
1082 3521 1337 3591 hominis,
1362 3527 1519 3596 quem
1548 3547 1768 3600 prorsus
1790 3550 1821 3590 a
1840 3548 2019 3595 mente

431 3603 712 3662 discernit.
764 3608 819 3663 Si
864 3610 1006 3664 enim
1049 3627 1280 3670 oravero
1319 3617 1522 3688 lingua,
1571 3622 1764 3694 inquit,
1797 3629 2018 3696 Spiritus

434 3709 588 3748 meus
626 3705 769 3790 orat,
830 3714 982 3755 mens
1034 3713 1213 3760 autem
1265 3720 1383 3763 mea
1427 3709 1544 3766 sine
1592 3705 1765 3770 fruetu
1815 3717 2018 3790 [infru-

428 3784 635 3857 ctuosth
667 3795 766 3842 est.
813 3788 1006 3845 Verum
1051 3808 1194 3849 nunc
1242 3812 1347 3852 non
1379 3799 1448 3855 de
1477 3801 1581 3857 isto
1619 3784 2016 3880 spiritu-loqui-

428 3890 548 3930 mur
591 3878 679 3945 qui
732 3886 818 3937 est
852 3895 880 3934 a
914 3893 1096 3940 mente
1134 3885 1445 3945 distinctus.
1500 3892 1670 3949 liabet
1715 3897 1815 3955 iste
1861 3878 2014 3958 suam

425 3965 773 4036 camden-qne
829 3969 1104 4029 difficilem
1134 3980 1563 4063 .quznstioncm;
1627 3987 1808 4044 multis
1870 3993 2011 4048 enim

421 4056 595 4113 modis
658 4069 818 4129 atque
883 4061 937 4118 in
1009 4056 1242 4124 diversis
1315 4069 1800 4141 signiﬁcationibus
1872 4085 2010 4138 scri-

423 4157 590 4237 plura:
645 4147 839 4244 divi":
902 4154 1149 4223 spiritum
1218 4161 1542 4230 nominant;
1617 4168 1716 4224 sed
1777 4170 1846 4226 de
1905 4189 2011 4244 quo

422 4235 562 4336 nunc
613 4235 861 4310 agimus,
928 4259 1036 4314 quo
1113 4248 1536 4322 ratiocinamur,
1615 4235 2005 4336 intelligimus,

420 4329 696 4428 sapimus,
738 4345 949 4390 constat
987 4336 1125 4395 inter
1185 4357 1284 4397 nos
1347 4347 1426 4402 sic
1483 4363 1603 4406 eum
1662 4329 1825 4413 etiam
1876 4329 2006 4428 pro;

422 4420 534 4493 prie
577 4413 844 4492 spiritum
909 4435 1248 4502 nuncupari,
1321 4447 1377 4492 ut
1455 4456 1562 4498 non
1619 4446 1691 4502 sit
1755 4413 2005 4509 univ'crsa
2039 4442 2093 4502 1)

419 4512 617 4614 anima,
661 4515 756 4570 sed
789 4518 990 4589 aliquid
1030 4523 1168 4592 ejus.
1198 4526 1398 4585 Tamen
1438 4533 1672 4594 animum
1698 4541 1857 4597 etiam
1896 4547 2007 4615 spi-

420 4609 576 4719 ritum
599 4609 812 4719 esseisi
842 4623 1120 4682 propterea
1149 4635 1335 4692 negas,
1359 4626 1483 4696 quia
1513 4631 1629 4700 ejus
1655 4609 2005 4708 intelligentia

409 4973 598 5077 decent
625 4975 818 5077 qum-in
848 4978 1090 5077 satiram
1123 4986 1302 5061 [tunc]
1330 4993 1566 5066 (uerunt.
1592 4973 1844 5074 Sed-quid
1867 5024 2004 5077 opus

410 5077 489 5120 est
524 5065 611 5123 hic
634 5067 835 5127 diutius
863 5072 1176 5134 immorari?
1202 5081 1319 5140 Jam
1343 5101 1486 5144 nunc
1517 5093 1658 5148 unde
1685 5065 2005 5155 facilius-os;

410 5165 692 5225 tendamus
719 5167 959 5236 attende,
994 5185 1111 5226 eam
1137 5187 1256 5243 qua:
1281 5181 1459 5236 anima
1501 5192 1604 5252 est,
1648 5189 1810 5244 etiam
1843 5193 2004 5261 spiri-

412 5269 520 5314 tum
550 5260 676 5332 dici,
712 5278 869 5335 quam
907 5262 1073 5337 lcum]
1103 5267 1256 5323 audis
1287 5273 1367 5327 vel
1401 5273 1559 5347 legis,
1607 5279 1835 5339 Domino
1879 5260 2003 5343 imo-

409 5352 603 5421 riente,
637 5355 778 5424 quod
797 5356 1055 5428 scripturn
1087 5369 1191 5428 est,
1220 5361 1566 5425 Etdeclinato
1586 5376 1761 5440 capite
1783 5380 2003 5437 tradidit

411 5443 674 5511 spiritum.
709 5445 779 5500 ita
812 5448 889 5501 vis
923 5450 1148 5522 intelligi
1193 5461 1443 5526 tanquam
1475 5476 1504 5514 a
1544 5475 1694 5533 parte
1732 5471 2000 5541 signiﬁca-

411 5538 542 5591 verit
586 5548 776 5607 totum,
807 5557 908 5595 non
947 5547 1088 5612 quod
1127 5563 1190 5602 ea
1221 5565 1342 5618 qua:
1385 5552 1562 5608 anima
1593 5568 1694 5626 cst,
1753 5538 1920 5633 possit
1947 5580 2001 5624 et

410 5631 624 5702 spiritus
670 5636 990 5705 nuncupari.
1048 5639 1119 5695 At
1157 5658 1256 5712 ego
1313 5655 1367 5701 ut
1403 5648 1602 5717 pos‘shn
1631 5631 1858 5721 prtbare
1899 5676 1998 5716 ει-

2126 3186 2218 3234 cut
2244 3187 2328 3234 est
2361 3179 2454 3236 ille
2479 3179 2701 3238 intimus
2738 3197 2953 3251 sensus,
2980 3199 3045 3258 ex
3073 3199 3180 3254 quo
3201 3194 3286 3240 cst
3315 3186 3569 3256 appellata
3583 3199 3690 3239 sett-

2127 3271 2312 3326 tentia.
2346 3272 2480 3328 l‘linc
2507 3285 2685 3329 autem
2731 3275 3013 3344 pecoribus
3058 3275 3178 3332 sine
3208 3276 3540 3333 dubitatione
3565 3292 3691 3347 pra:-

2124 3362 2392 3432 ponimur,
2425 3378 2491 3419 co
2520 3365 2663 3436 quod
2717 3374 2842 3422 sunt
2871 3366 2957 3422 illa
3014 3367 3242 3424 rationis
3292 3370 3546 3440 expertia.
3586 3367 3690 3423 Non

2123 3452 2322 3510 habent
2352 3456 2533 3526 itaque
2561 3457 2808 3527 spiritum
2839 3474 3055 3529 pecora,
3086 3460 3138 3515 id
3169 3469 3252 3516 est
3278 3459 3612 3528 intellectum,
3637 3473 3688 3515 et

2123 3548 2345 3603 rationis
2372 3562 2436 3602 ac
2464 3549 2742 3619 sapientite
2770 3564 3010 3621 sensum,
3053 3551 3149 3607 sed
3198 3553 3434 3608 animam
3483 3561 3685 3608 tantum.

2123 3636 2255 3691 Nam
2283 3646 2337 3691 et
2359 3637 2426 3692 de
2457 3639 2561 3692 illis
2587 3639 2787 3694 dictum
2810 3627 2890 3696 est
2917 3658 2930 3696 :
2960 3640 3269 3696 Producant
3292 3656 3444 3712 aqua:
3467 3640 3684 3711 rcpentia

2122 3726 2422 3782 animarum
2450 3728 2758 3797 viventium,
2786 3737 2841 3785 ct
2885 3729 3145 3799 producat
3190 3741 3338 3787 terra
3367 3733 3583 3787 animam
3612 3733 3684 3784 vi.

2121 3828 2354 3874 ventem.
2379 3819 2448 3876 Ut
2463 3835 2591 3891 ergo
2614 3822 2924 3892 plenissime
2945 3837 3008 3878 ac
3035 3822 3347 3893 planissime
3368 3827 3564 3882 noveris
3576 3841 3682 3880 eam

2119 3926 2236 3979 quin
2257 3913 2436 3967 anima
2451 3921 2556 3980 est,
2571 3928 2720 3969 more
2742 3913 3044 3970 divinorum
3065 3916 3403 3986 eloquiurum
3421 3918 3566 3973 etiam
3582 3917 3682 3987 spi~

2118 4002 2278 4056 ritum
2295 4002 2430 4072 dici,
2461 4004 2760 4074 appellatur
2783 4003 2993 4074 pecOiis
3031 4006 3275 4074 spiritus.
3306 4007 3371 4062 Et
3399 4010 3562 4079 utique
3587 4024 3681 4062 non

2117 4094 2318 4151 habent
2334 4111 2527 4166 pecora
2541 4096 2688 4153 illum
2705 4098 2970 4168 spiritum,
2988 4115 3149 4169 quem
3172 4108 3260 4157 tua
3275 4101 3485 4157 dilectio
3500 4102 3680 4156 (ὕδωρ,

2115 4202 2248 4244 nens
2277 4189 2345 4242 ab
2374 4189 2549 4245 anima
2574 4190 2832 4246 deﬁnivit.
2873 4191 3022 4247 Unde
3052 4193 3394 4250 manifestum
3423 4203 3519 4260 est,
3550 4195 3676 4264 quod

2113 4281 2350 4350 generali
2375 4282 2633 4337 vocabulo
2663 4283 2842 4338 anima
2887 4286 3097 4353 pecoris
3131 4295 3282 4342 recte
3310 4288 3476 4356 potuit
3499 4287 3568 4342 sic
3595 4301 3677 4339 vo—

2114 4373 2246 4438 cari,
2271 4373 2410 4428 sicut
2435 4373 2632 4443 legitur
2663 4374 2715 4428 in
2762 4375 2900 4429 libro
2932 4375 3282 4431 Ecclesiaste.
3333 4379 3454 4444 Quis
3501 4379 3590 4434 scit
3633 4377 3676 4433 si

2117 4464 2337 4535 spiritus
2366 4465 2594 4520 liliorum
2627 4464 2882 4536 hominis,
2922 4468 3182 4524 ascendat
3225 4469 3341 4538 ipse
3382 4484 3604 4534 sursum,
3628 4482 3675 4524 et

2118 4553 2339 4628 spiritus
2371 4558 2580 4628 pecoris
2611 4557 2657 4614 si
2686 4559 2980 4615 descendat
3025 4561 3142 4629 ipse
3188 4561 3436 4618 deorsum
3486 4563 3534 4617 in
3575 4571 3672 4616 ter-

2118 4664 2254 4704 ram.
2289 4650 2529 4719 Itemque
2553 4651 2604 4704 in
2635 4649 2823 4705 diluvii
2863 4652 3116 4708 vastitate
3162 4653 3236 4710 ita
3285 4657 3529 4725 scriptum
3558 4663 3672 4710 est:

2119 4743 2186 4796 Et
2217 4750 2427 4796 mortua
2467 4752 2549 4798 est
2591 4744 2770 4799 omnis
2814 4759 2962 4813 caro,
3009 4762 3130 4816 quos
3179 4750 3494 4805 movebatur
3533 4763 3670 4818 super

2117 4843 2336 4900 terram,
2363 4834 2683 4904 volatilium,
2717 4852 2990 4905 pecorum,
3020 4849 3074 4894 et
3115 4840 3500 4908 jumentorum,
3529 4852 3577 4896 et
3602 4839 3670 4895 le-

2115 4941 2316 4989 raruni,
2347 4934 2402 4981 et
2427 4928 2602 4981 omnis
2629 4943 2852 4997 serpens
2880 4930 2969 4999 qui
2995 4940 3244 4987 movetur
3273 4948 3433 5003 super
3455 4943 3666 4988 terram:

2113 5029 2168 5073 et
2195 5021 2370 5072 omnis
2394 5017 2576 5086 homo,
2609 5027 2663 5074 et
2683 5021 2864 5077 omnia
2879 5037 3214 5092 quaecunque
3237 5023 3432 5078 habent
3450 5023 3665 5092 spiritum

2114 5117 2255 5169 vitze.
2294 5114 2393 5171 Ubi
2424 5117 2646 5173 remotis
2674 5118 2928 5175 omnibus
2969 5121 3321 5178 dubitationis
3363 5121 3665 5192 ambsgibus.

2111 5209 2363 5276 generale
2395 5226 2592 5266 nomen
2616 5211 2808 5269 animze
2862 5229 2984 5271 esse
3030 5215 3381 5288 intelligimus
3427 5217 3661 5287 spiritum.

2111 5298 2276 5368 Cujus
2308 5300 2522 5369 quidem
2574 5304 2807 5360 nominis
2847 5305 3189 5374 significatio,
3244 5319 3350 5362 tam
3400 5311 3498 5364 late
3524 5315 3662 5377 patet.

2113 5398 2170 5444 ut
2196 5389 2355 5445 etiam
2383 5389 2528 5455 Deus
2557 5404 2784 5450 vocetur
2811 5395 3066 5466 spiritus;
3096 5407 3151 5452 et
3181 5398 3281 5452 iste
3310 5400 3462 5454 ﬂatus
3488 5399 3662 5459 aerius.

2109 5481 2351 5551 quamvis
2393 5485 2461 5536 sit
2490 5498 2803 5554 corporeus,
2854 5488 3157 5558 appellatur
3199 5491 3251 5544 in
3288 5493 3489 5562 psalmo
3515 5485 3662 5561 Spiri-

2113 5581 2198 5630 tus
2230 5577 2600 5645 tcmpcstatis;
2659 5591 2984 5650 quaprOptcr
3031 5597 3149 5638 eam
3201 5600 3323 5654 qua:
3368 5588 3534 5642 anima
3573 5591 3662 5648 εει,

2109 5663 2272 5722 ctiam
2321 5667 2566 5738 spiritum
2619 5671 2916 5742 nuncupari
2959 5683 3084 5744 puto
3105 5714 3128 5742 ,_
3177 5679 3468 5734 secundum
3513 5674 3659 5733 illud'
