3904 6224
123 266 243 330 857

1306 263 1739 324 TIIESAURUS.
1779 264 1934 322 CAP.
1973 263 2242 322 CXCVIII.

3306 271 3407 328 858

123 389 360 446 Auferes
410 387 662 458 spiritum
720 397 928 451 eorum,
961 395 1015 439 et
1060 382 1332 439 dellcient.
1369 382 1437 438 Et
1476 383 1671 439 lterum
1701 400 1718 438 :
1750 385 1802 446 Α
1828 383 2062 454 quinque
2109 392 2411 454 temporum
2465 383 2721 464 articulos
2769 383 3112 454 praenuntiari
3161 391 3408 440 venturus

124 483 292 538 Exiet
323 481 537 553 spiritus
567 494 782 545 eorum,
813 486 871 533 ct
898 485 1196 538 revertetur
1219 476 1273 531 in
1299 485 1496 531 terram
1526 491 1675 532 suam
1701 492 1717 531 :

124 574 242 630 hoc
269 585 371 641 est,
405 586 604 649 corpus
649 570 700 624 in
755 570 1026 640 pulverem
1083 585 1261 626 suum.
1323 569 1466 641 Ergo
1522 583 1720 626 nomen

122 668 332 723 anima:
352 667 571 736 Spiritus
592 673 674 719 est
695 663 804 736 ,ab
831 679 919 733 eo,
948 662 1090 733 quod
1118 663 1376 734 spiritalis
1389 671 1501 730 est;
1526 662 1726 718 animm

127 778 336 818 nomen
373 769 457 816 est
484 760 552 815 ab
580 775 667 827 eo,
696 758 836 829 quod
865 773 1061 826 corpus
1081 759 1305 824 animat,
1330 756 1433 811 hoc
1459 767 1565 822 est,
1590 756 1723 810 vivi-

125 857 286 911 ticet.
341 853 575 910 ὣς»ιίωο
603 851 741 923 quod
770 851 1073 907 admonitus
1123 852 1206 906 his
1247 866 1366 921 quae
1394 863 1725 905 commemo-

125 947 251 1002 ravi
293 947 592 1001 divinarum
626 944 945 1001 testimoniis
978 946 1312 1015 paginarum,
1345 941 1436 996 ubi
1466 950 1520 996 et
1545 941 1722 995 anima

126 1040 374 1107 pecoris,
399 1029 620 1093 'cui'non
641 1046 722 1092 est
745 1037 1067 1102 intellectus,
1099 1034 1365 1105 appellata
1391 1035 1598 1104 legatur
1618 1032 1724 1102 spi.

125 1130 274 1184 ritus
303 1147 318 1182 :
352 1145 454 1184 non
487 1129 706 1200 negabis
736 1129 980 1185 ulterius.
1011 1129 1277 1196 Quocirca
1322 1125 1370 1182 si
1413 1133 1470 1181 et
1497 1125 1585 1180 illa
1607 1139 1728 1194 quas

125 1223 201 1276 de
243 1223 425 1278 anima
483 1221 799 1294 incorporea
839 1223 1104 1292 disputata
1138 1230 1261 1276 sunt
1287 1219 1450 1289 capis
1480 1227 1534 1274 et
1560 1217 1726 1287 sapis,

130 1327 247 1368 non
273 1321 376 1379 est,
411 1313 551 1369 unde
575 1314 664 1370 tibi
692 1313 997 1384 displiceat,
1030 1314 1172 1384 quod
1195 1328 1313 1367 eam
1337 1327 1422 1366 me
1448 1309 1591 1366 scire
1618 1301 1730 1366 dixi

129 1421 245 1458 non
272 1419 471 1476 corpus
500 1419 640 1471 esse,
673 1404 765 1462 sed
796 1405 1079 1475 spiritum;
1126 1403 1248 1474 quia
1296 1413 1350 1459 et
1381 1417 1582 1473 corpus
1624 1416 1732 1457 non

127 1511 262 1552 esse
291 1508 640 1565 monstratur,
671 1508 724 1553 et
755 1498 995 1570 generali
1023 1497 1246 1553 nomine
1274 1495 1497 1568 spiritus
1528 1509 1734 1550 nuncu-

132 1595 324 1657 patur.
355 1588 534 1642 Lauda
564 1589 743 1643 anima
770 1602 886 1644 mea
915 1589 1224 1652 Dominum,
1274 1585 1506 1640 laudabo
1554 1584 1732 1639 Domi-

133 1695 269 1734 num
303 1680 358 1735 in
386 1680 496 1735 vita
540 1696 688 1746 mea;
723 1681 946 1750 psallam
989 1679 1103 1734 Deo
1147 1693 1269 1733 meo
1300 1677 1535 1747 quandiu
1571 1692 1731 1732 sum:

1831 476 2244 547 prophetarique
2268 492 2374 532 non
2395 476 2626 532 destitit.
2663 479 2728 532 Et
2751 477 2874 533 huic
2900 479 2976 533 rei
3001 491 3304 532 consonans
3323 493 3408 545 per

1828 583 1984 639 quem
2013 569 2102 625 lex
2132 568 2251 624 data
2279 579 2384 636 est,
2409 569 2576 624 libros
2598 570 2831 640 quinque
2859 568 3205 639 conscripsit.
3231 567 3298 622 Et
3320 582 3416 622 stt-

1829 659 1982 729 perbi
2021 659 2316 714 carnaliter
2365 660 2683 728 sentientes,
2729 659 2980 715 et’snam
3026 658 3290 728 justitiam
3317 673 3414 711 vo-

1831 747 1998 804 lentes
2040 748 2393 814 constituere,
2427 763 2533 802 non
2563 757 2747 816 aperta
2780 764 2940 804 manu
2966 747 3170 807 Christi
3222 748 3411 818 repleti

1829 848 1955 906 sunt
2004 837 2406 904 benedictione,
2462 824 2577 892 sed
2604 840 2895 893 constricta
2949 848 3109 908 atque
3161 838 3414 894 conclusa

1830 932 2026 988 retenti
2053 941 2199 987 sunt.
2229 933 2412 1000 Itaque
2443 929 2550 984 illis
2578 922 2809 999 Obligati
2853 938 2980 985 sunt
3017 930 3204 999 pedes,
3237 940 3289 985 et
3319 945 3416 984 ce-

1832 1023 2113 1088 ciderunt;
2165 1037 2264 1077 nos
2318 1036 2459 1080 vero.
2499 1011 2833 1075 surreximui
2881 1031 2937 1076 et
2983 1021 3151 1075 erecti
3207 1035 3412 1075 sumus.

1833 1115 2088 1183 Quamvis
2117 1127 2268 1182 ergo,
2296 1107 2358 1167 ut
2381 1111 2517 1178 dixi,
2544 1111 2862 1180 praemiserit
2892 1111 3147 1166 Dominus
3176 1111 3418 1166 Christus

1833 1205 2117 1275 quamdam
2146 1212 2350 1274 partem
2379 1204 2622 1272 corporis
2644 1202 2702 1272 9
2726 1203 2811 1257 sui
2829 1201 2889 1262 in
2912 1204 3138 1267 sanctis,
3171 1203 3261 1268 qui
3291 1217 3413 1257 eum

1835 1295 2087 1351 nascendi
2121 1304 2361 1366 tempore
2387 1296 2725 1363 praeierunt;
2756 1304 2952 1372 tamet;
2987 1294 3102 1364 ipse
3148 1303 3232 1351 est
3257 1303 3420 1363 caput

1835 1387 2077 1458 corporis
2104 1386 2380 1456 Ecclesiae,
2411 1387 2594 1457 illique
2621 1402 2811 1441 omnes
2828 1387 3004 1442 eidem
3031 1386 3249 1456 corpori
3269 1385 3425 1455 cujus

1837 1480 1926 1535 ille
1952 1490 2109 1550 caput
2137 1478 2495 1544 cohaeserunt,
2535 1477 2803 1534 credendo
2833 1479 2887 1532 in
2929 1492 3051 1532 eum
3100 1492 3259 1548 quem
3287 1492 3427 1548 prun

1837 1571 2173 1627 nuntiabant.
2200 1569 2316 1626 Non
2345 1570 2488 1626 enim
2513 1569 2893 1643 praecurrendo
2923 1569 3117 1624 divulsi
3141 1577 3291 1635 sunt,
3322 1569 3421 1623 ad-

1834 1662 2009 1733 juncti
2036 1663 2213 1732 potius
2243 1662 2609 1732 obsequendo.
2643 1660 2773 1734 Nam
2804 1663 2924 1718 etsi
2966 1676 3157 1726 manus
3187 1676 3217 1716 a
3247 1661 3424 1732 capite

130 1779 329 1824 sancta
348 1777 404 1825 et
419 1735 890 1838 spiritalis'anima,
912 1768 1025 1839 ipsa
1039 1782 1100 1824 se
1115 1768 1181 1823 ad
1202 1735 1524 1828 laud-nudum
1552 1765 1735 1834 Domi-

1853 1753 2093 1835 praemitti
2127 1761 2326 1822 potest,
2354 1751 2627 1808 connexio
2657 1761 2835 1806 tamen
2854 1735 2983 1822 ejus:
2998 1752 3099 1806 sub
3125 1753 3298 1822 capite
3321 1763 3424 1816 est,

134 1875 275 1915 num
297 1862 634 1925 cohortatur,
655 1869 708 1915 ct
734 1858 1119 1919 excellentiore
1139 1859 1231 1914 sui
1256 1866 1406 1935 parte
1434 1872 1496 1914 ea
1524 1872 1647 1929 qua
1676 1858 1732 1911 in

135 1970 199 2012 se
242 1956 455 2012 minora
495 1967 651 2020 sunt,
694 1955 899 2010 incitat.
932 1953 1048 2010 Non
1086 1953 1229 2008 enim
1263 1951 1363 2008 alia
1394 1961 1624 2023 estquae
1649 1949 1731 2006 dio

134 2049 237 2113 cit,
265 2056 324 2103 et
347 2047 453 2100 alia
467 2045 554 2100 cui
575 2045 830 2113 dicit,aut
846 2056 899 2100 ut
915 2045 1093 2101 carnis
1117 2044 1232 2101 haec
1259 2059 1358 2099 vox
1384 2055 1488 2112 est,
1519 2059 1641 2115 qua:
1666 2043 1736 2099 ab

138 2140 331 2195 anima
358 2147 412 2195 et
440 2141 601 2195 vitam
617 2141 780 2196 sumit
801 2149 854 2196 et
881 2155 1097 2197 sensum
1115 2181 1131 2206 ,
1155 2154 1256 2195 nec
1280 2139 1398 2196 sine
1426 2139 1606 2194 anima
1633 2137 1734 2192 ali-

137 2231 274 2301 quid
313 2241 490 2302 potest
511 2233 670 2298 velle,
703 2233 786 2288 vel
820 2233 983 2288 nolle.
1012 2233 1148 2301 Quia
1178 2247 1312 2289 vero
1343 2233 1513 2303 ipsius
1543 2233 1736 2288 anima:

139 2320 653 2394 duplices'actiones
668 2334 814 2392 sunt,
829 2335 882 2383 et
901 2325 1002 2381 alio
1020 2325 1197 2382 ofﬁcio
1213 2325 1438 2396 erigitur
1457 2325 1524 2379 ad
1547 2325 1735 2389 Deum.

139 2417 252 2474 alio
272 2418 566 2474 inclinatur
591 2419 655 2473 ad
670 2435 920 2476 carnem:
946 2420 993 2475 si
1018 2406 1330 2477 beneservit
1348 2418 1581 2489 spiritui,
1607 2420 1742 2474 bene

142 2509 413 2580 presidet
439 2510 609 2576 carni,
641 2520 696 2566 et
721 2526 814 2582 per
842 2511 898 2566 id
913 2511 1054 2582 quod
1082 2507 1324 2567 adhaeret
1345 2510 1474 2577 Deo,
1504 2510 1555 2564 id
1577 2509 1741 2564 etiam

142 2603 296 2673 quod
330 2603 571 2658 adhaeret
597 2604 831 2673 corpori,
862 2604 932 2659 ad
956 2604 1264 2674 superiores
1285 2604 1470 2658 invitat
1493 2603 1738 2670 allectus,

145 2704 206 2749 ut
257 2695 575 2750 rationabili
624 2693 903 2751 dominatu
959 2702 1161 2750 tantum
1229 2692 1459 2752 subditis
1521 2695 1742 2758 tribuat,

144 2797 414 2857 quantum
437 2787 501 2841 ad
537 2786 765 2842 salutem
810 2795 894 2842 sat
920 2794 1003 2842 est
1029 2825 1046 2853 ,
1089 2802 1156 2842 ne
1203 2787 1276 2842 ita
1305 2784 1746 2855 corruptibilibus
1802 2806 1809 2831 ε

146 2879 468 2949 implicetur
499 2887 554 2932 ut
585 2878 675 2933 illa
706 2882 821 2948 ejus
847 2877 1077 2950 dignitas
1105 2892 1208 2949 qua
1235 2877 1324 2932 uni
1361 2877 1471 2932 Deo
1496 2885 1579 2933 est
1607 2876 1746 2931 sub-

147 2974 321 3044 iecta,
371 2974 658 3030 minuatur.
702 2975 852 3032 Mens
897 2976 1077 3046 itaque
1104 2989 1310 3030 summa
1337 2972 1582 3044 quasdam
1623 2986 1748 3040 pars

148 3068 374 3134 animae,
407 3067 745 3138 scmetipsam
785 3069 840 3123 in
867 3067 1117 3143 omnibus
1148 3068 1261 3123 suis
1289 3066 1518 3122 incitans
1540 3065 1749 3122 conati-

151 3161 280 3230 bus,
305 3160 436 3216 dicit
461 3179 474 3216 :
500 3160 702 3229 Lauda,
733 3160 911 3216 anima
941 3175 1082 3226 mea,
1118 3145 1439 3218 Dominum.

695 3272 919 3330 CAPUT
958 3271 1213 3329 CXCVII.

154 3367 320 3439 Quod
340 3371 582 3439 antiquos
607 3371 771 3440 justas
801 3377 952 3435 caput
975 3367 1207 3440 Christus
1233 3366 1369 3440 uelut
1391 3381 1600 3440 manum
1616 3379 1750 3435 prur-

213 3442 429 3495 ‘mimit
468 3436 794 3503 nasciturus;
824 3455 888 3494 ex
931 3439 1062 3494 libro
1113 3438 1176 3492 de
1224 3436 1614 3494 Catechisandis
1659 3451 1752 3489 ru-

227 3513 412 3568 dibus.

223 3624 353 3681 Non
396 3625 466 3679 ob
509 3624 652 3680 aliud
685 3632 808 3679 ante
834 3623 1131 3680 adventum
1157 3622 1368 3678 Domini
1397 3621 1594 3690 scripta
1628 3628 1752 3675 sunt

155 3718 343 3772 omnia
373 3731 494 3785 quae
526 3717 578 3770 in
593 3715 792 3771 sanctis
805 3714 1096 3785 Scripturis
1117 3715 1371 3786 legimus,
1393 3715 1493 3771 nisi
1519 3725 1578 3770 ut
1607 3715 1753 3769 illius

155 3809 640 3867 commendaretur
689 3810 971 3876 adventus,
1023 3820 1078 3865 et
1107 3810 1280 3864 futura
1333 3809 1755 3879 praesignaretur

160 3903 428 3965 Ecclesia,
462 3901 514 3956 id
536 3911 618 3956 est
652 3902 877 3972 pOpulus
901 3901 995 3958 Dei
1025 3915 1121 3970 per
1150 3914 1342 3955 omnes
1370 3908 1579 3970 gentes,
1612 3898 1750 3967 quod

157 4009 242 4052 cst
267 4011 470 4066 corpus
502 3998 650 4063 ejus;
686 3995 950 4066 adpmctis
986 4003 1145 4062 atque
1178 3989 1544 4057 annumeratis
1573 3989 1750 4043 omni-

159 4092 260 4146 bus
299 4089 532 4156 sanctis,
582 4087 671 4156 qui
717 4088 875 4141 etiam
908 4095 1030 4141 ante
1076 4086 1361 4140 adventum
1392 4083 1510 4153 ejus
1557 4083 1609 4136 in
1653 4081 1755 4136 hoc

159 4183 366 4238 saeculo
399 4181 666 4244 vixerunt,
710 4179 782 4233 ita
810 4194 928 4233 eum
959 4177 1240 4233 credentes
1286 4185 1568 4230 venturum
1609 4188 1751 4240 esse,

161 4277 305 4330 sicut
339 4288 439 4326 nos
469 4272 695 4325 venisse.
741 4271 889 4326 Sicut
935 4270 1077 4324 enim
1128 4269 1294 4324 Jacob
1345 4282 1561 4322 manum
1610 4268 1756 4335 prius

162 4365 289 4420 dum
327 4372 662 4427 nasceretur,
707 4361 884 4417 emisit
930 4377 994 4416 ex
1031 4370 1205 4426 utero,
1242 4375 1342 4430 qua
1366 4357 1528 4414 etiam
1560 4357 1750 4428 pedem

166 4456 559 4528 prmuascentis
591 4454 769 4531 fratris
803 4455 1048 4519 tenebat;
1078 4453 1272 4507 deinde
1309 4452 1493 4519 utique
1514 4457 1756 4505 secutum

166 4559 248 4606 est
278 4558 466 4618 caput,
499 4557 607 4602 tum
640 4548 851 4601 demum
898 4547 1205 4600 necessario
1238 4544 1478 4599 membra
1520 4559 1584 4595 ca
1605 4551 1755 4606 tera;

166 4641 263 4695 sed
298 4650 483 4694 tamen
512 4645 669 4708 caput
700 4653 804 4690 non
838 4645 1040 4690 tantum
1065 4652 1127 4690 ea
1159 4636 1398 4691 membra
1422 4651 1540 4704 qua:
1572 4641 1755 4688 secuta

167 4741 314 4795 sunt,
345 4729 446 4784 sed
477 4728 635 4782 ctiam
665 4731 830 4798 ipsam
865 4743 1082 4783 manum
1106 4743 1225 4796 quae
1253 4729 1302 4780 in
1329 4722 1596 4781 nascendo
1624 4740 1760 4794 pra:-

169 4825 356 4886 cessit,
390 4820 650 4890 dignitate
693 4837 753 4876 ac
781 4831 1047 4891 potestate
1096 4820 1383 4889 praecedit;
1417 4829 1470 4874 et
1518 4805 1758 4887 quamvis

172 4930 277 4968 non
306 4926 552 4982 tempore
584 4914 893 4982 apparendi,
917 4901 1103 4967 tamen
1150 4927 1351 4966 naturae
1382 4912 1568 4966 ordine
1616 4910 1762 4978 |tl‘lt.5

172 5016 251 5062 cst
301 5025 314 5058 :
366 5008 439 5059 ita
494 5015 546 5060 et
599 5006 858 5060 Dominus
916 5008 1071 5060 Jcsus
1129 5004 1407 5072 Christus,
1453 5015 1762 5074 'antequam

174 5105 464 5168 appareret
496 5097 546 5150 in
579 5112 757 5162 carne,
792 5108 845 5152 et
875 5096 1270 5166 quodammodo
1299 5114 1363 5151 ex
1395 5107 1546 5151 utero
1569 5095 1766 5151 secreti

175 5191 280 5256 sui,
310 5189 376 5243 ad
406 5189 681 5243 hominum
727 5189 911 5242 oculos
960 5188 1220 5246 mediator
1254 5189 1344 5242 Dei
1390 5196 1444 5242 et
1491 5188 1765 5242 hominum

179 5281 341 5335 homo
372 5281 710 5350 procederet,
753 5281 842 5349 qui
883 5289 964 5336 est
995 5295 1158 5347 super
1197 5282 1372 5334 omnia
1422 5281 1562 5334 Deus
1605 5285 1768 5335 benc-

176 5373 357 5427 dictus
391 5372 445 5425 in
489 5373 704 5438 saecula,
756 5387 850 5442 pra
871 5373 1016 5428 misit
1045 5372 1098 5427 in
1127 5375 1330 5427 sauct's
1371 5373 1687 5442 patriarchis
1718 5381 1770 5426 et

181 5465 464 5536 prophetis
493 5467 776 5534 quamdam
809 5475 1009 5535 partem
1049 5465 1290 5533 corporis
1339 5467 1440 5530 sui,
1475 5481 1577 5535 qua
1626 5466 1772 5520 velut

183 5573 342 5610 manu
385 5571 448 5611 se
478 5559 803 5612 nasciturum
836 5573 955 5612 esse
988 5558 1370 5627 przenuntians,
1400 5559 1559 5612 etiam
1604 5554 1773 5628 popu-

186 5648 292 5703 lum
323 5648 562 5718 superbe
610 5649 1025 5716 prmcedentem,
1054 5649 1283 5704 vinculis
1316 5651 1468 5718 legis,
1514 5659 1767 5718 tanquam

182 5739 366 5816 digitis
437 5739 675 5813 quinque
753 5742 1080 5812 supplantat,
1134 5740 1524 5815 quia[quod]
1576 5750 1628 5797 et
1679 5757 1772 5812 per

1841 1853 2164 1914 quapropter
2190 1843 2370 1897 omnia
2407 1857 2529 1914 qua:
2558 1853 2681 1898 ante
2706 1843 2905 1913 scripta
2935 1852 3080 1908 sunt,
3112 1854 3176 1899 ut
3213 1859 3310 1900 nos
3335 1845 3429 1900 do~

1838 1949 2084 1994 ueremur
2111 1937 2309 2007 scripta
2325 1946 2472 2002 sunt,
2502 1945 2557 1991 et
2586 1934 2768 2006 ﬁgurae
2790 1943 2991 1990 nostra:
3020 1920 3261 2003 fuerunt,
3293 1945 3348 1990 et
3377 1936 3430 2004 in

1840 2029 2005 2100 figura
2026 2029 2416 2099 contingebant
2443 2027 2523 2083 eis
2552 2045 2564 2081 :
2596 2028 2797 2099 scripta
2816 2037 2952 2105 sunt
2991 2035 3172 2083 autem
3203 2034 3426 2102 propter

1841 2135 1960 2187 nos,
1986 2122 2038 2176 in
2068 2116 2262 2192 quibus
2300 2117 2482 2194 [quos]
2533 2119 2655 2175 linis
2681 2119 3002 2176 sarculorum
3029 2118 3270 2187 obvenit.
3302 2119 3436 2186 Qua:

1838 2219 2017 2267 autem
2051 2211 2225 2282 major
2280 2219 2442 2266 causa
2493 2219 2577 2267 est
2620 2210 2880 2266 adventus
2933 2210 3167 2277 Domini,
3226 2209 3329 2265 nisi
3377 2203 3437 2266 ut

1843 2301 2156 2359 ostenderet
2199 2302 2340 2358 Deus
2383 2301 2730 2357 dilectionem
2762 2315 2913 2357 suam
2945 2300 2999 2355 in
3053 2299 3230 2365 nobis,
3277 2314 3432 2356 com-

1847 2392 2107 2450 mendans
2144 2406 2262 2448 eam
2296 2391 2664 2458 vehementer,
2696 2391 2845 2462 quia.
2881 2406 3003 2447 cum
3025 2374 3208 2447 adhuc
3232 2388 3433 2447 inimici

1826 2498 2110 2552 esaemus,
2138 2484 2383 2540 Christus
2408 2499 2505 2554 pro
2539 2484 2695 2540 nobis
2723 2496 2966 2539 mortuus
2987 2495 3098 2550 est;
3125 2484 3225 2539 hoc
3249 2492 3431 2540 autem

1848 2576 1989 2646 ideo,
2021 2577 2144 2646 quia
2196 2576 2315 2631 linis
2347 2575 2600 2645 pracepti
2630 2581 2682 2630 et
2712 2573 2987 2642 plenitudo
3032 2573 3164 2645 legis
3193 2575 3432 2632 charitas

1847 2678 1950 2738 est,
1981 2676 2038 2723 ut
2074 2676 2126 2724 et
2157 2682 2258 2722 nos
2298 2664 2526 2723 invicem
2554 2665 2864 2736 diligamus,
2904 2673 2962 2720 et
2985 2665 3437 2735 quemadmodum

1849 2760 1940 2820 ille
1987 2774 2084 2829 pro
2127 2759 2283 2815 nobis
2312 2759 2545 2814 animam
2575 2770 2728 2814 suam
2760 2756 2958 2826 posuit,
2987 2756 3065 2811 sic
3094 2767 3152 2813 et
3196 2770 3294 2811 nos
3340 2772 3437 2827 pro

1850 2836 2105 2906 fratribus
2144 2851 2344 2905 nostris
2369 2850 2578 2904 animas
2623 2857 2838 2903 nostras
2869 2862 3149 2917 ponamus,
3176 2859 3226 2903 et
3261 2848 3435 2917 ipsum

1852 2942 2041 3007 Deum,
2074 2942 2328 3014 quoniam
2371 2941 2519 3012 prior
2543 2939 2729 2995 dilexit
2757 2953 2854 2994 nos
2875 2980 2891 3006 ,
2921 2949 2972 2994 et
3020 2938 3130 2994 tilio
3156 2955 3254 2993 suo
3282 2941 3440 2994 unico

1851 3052 1958 3092 non
1985 3037 2242 3107 pepercit,
2271 3034 2366 3092 sed
2410 3048 2508 3105 pro
2535 3033 2691 3089 nobis
2716 3032 2964 3087 omnibus
2997 3031 3214 3087 tradidit
3263 3047 3386 3088 cum
3423 3050 3436 3085 :

1779 3135 1824 3200 c
1856 3130 1899 3185 si
1922 3145 2103 3185 amare
2139 3129 2359 3200 pigebit,
2392 3127 2582 3184 saltem
2615 3125 2896 3182 redamare
2925 3139 3031 3203 non
3057 3124 3256 3194 pigeat.
3287 3125 3440 3180 Nulla

1851 3231 1933 3279 est
1961 3223 2102 3277 enim
2129 3221 2300 3293 major
2325 3220 2394 3276 ad
2424 3233 2663 3275 amore
2696 3217 2942 3272 invitatio
2963 3232 3120 3286 quam
3148 3217 3462 3287 praetenire-

1850 3312 2102 3369 amando.

2371 3379 2602 3437 CAPUT
2642 3378 2923 3436 CXCVIII.

1855 3474 1920 3529 Ut
1973 3474 2255 3529 Christiani
2298 3473 2562 3528 scolastici
2609 3474 2922 3529 solmcismos
2961 3474 3304 3541 quorumdam
3359 3474 3441 3539 pie

1853 3554 1858 3559 ’
1927 3546 2156 3598 tollerent
2181 3545 2537 3609 sacerdotum;
2557 3560 2622 3599 ea:
2640 3545 2819 3599 eodem
2848 3544 2984 3598 libro
3010 3546 3074 3598 de
3103 3543 3411 3598 Catechizan
3429 3574 3442 3586 -

1925 3617 2006 3669 dis
2031 3615 2267 3669 rudibus.

1927 3731 2019 3786 llis
2049 3744 2178 3800 ergo
2206 3728 2296 3801 qui
2342 3729 2593 3802 loquendi
2622 3737 2740 3785 arte
2767 3730 2980 3786 caeteris
3011 3729 3320 3785 hominibus
3346 3745 3443 3785 ex-

1855 3821 2054 3878 cellere
2083 3822 2351 3889 videntur,
2391 3837 2513 3878 cum
2569 3810 2791 3877 veniunt
2839 3831 2896 3876 ut
2945 3820 3239 3877 Christiani
3293 3811 3457 3886 ﬁant,

1857 3914 1958 3968 hoc
1979 3912 2208 3981 amplius
2230 3927 2385 3979 quam
2412 3912 2519 3968 illis
2542 3911 2834 3967 illitteratis
2862 3913 3135 3980 impertire
3156 3911 3443 3980 debemus;

1856 4005 2214 4075 quod'sedulo
2247 4003 2504 4058 monendi
2530 4011 2674 4068 sunt,
2694 4011 2750 4057 ut
2774 4002 3077 4058 humilitate
3109 4003 3272 4056 induti
3289 4002 3445 4058 Chri-

1856 4097 2050 4159 stiana,
2080 4094 2285 4149 discant
2308 4109 2413 4148 non
2428 4103 2774 4149 contemnere
2793 4110 2925 4162 quos
2943 4096 3299 4164 cognoverint
3318 4097 3445 4148 ino-

1857 4203 1973 4242 rnm
2004 4185 2127 4240 vitia
2160 4200 2316 4254 quam
2340 4184 2626 4240 verborum
2655 4184 3170 4254 ampliusdevitare,
3198 4195 3252 4239 et
3281 4186 3443 4243 corde

1859 4289 2046 4341 casto,
2097 4276 2329 4346 linguam
2373 4276 2724 4332 exercitatam
2783 4291 2848 4330 ne
2894 4275 3135 4350 conferre
3191 4276 3447 4341 audeant,

1862 4387 2017 4443 qnam
2051 4373 2213 4424 etiam
2262 4368 2520 4448 praeferre
2550 4377 2963 4424 consueverant.
3015 4368 3241 4424 Maxime
3269 4381 3478 4436 autem,

1865 4464 1947 4520 isti
1979 4461 2207 4518 docendi
2241 4469 2372 4516 sunt
2397 4460 2692 4531 scripturas
2738 4462 2924 4517 audire
2963 4461 3189 4531 divinas,
3225 4475 3290 4517 ne
3329 4479 3451 4517 sor-

1873 4555 1997 4610 deat
2023 4555 2104 4609 eis
2128 4551 2353 4608 solidum
2387 4551 2681 4623 eloquium,
2733 4553 2860 4623 quia
2911 4567 3015 4607 non
3060 4564 3143 4608 est
3191 4553 3453 4622 inﬂatum,

1869 4662 2042 4719 neque
2083 4648 2412 4702 arbitrentur
2439 4645 2745 4701 carnalibus
2774 4644 3168 4715 integumentis,
3218 4645 3456 4700 involuta

1871 4749 2029 4813 atque
2059 4749 2249 4810 operta
2281 4739 2423 4795 dicta
2453 4738 2535 4793 vel
2582 4737 2720 4791 facta
2766 4737 3063 4803 hominum,
3116 4753 3234 4807 quae
3264 4738 3315 4792 in
3347 4739 3455 4793 ἰΙΙις

1873 4828 2023 4888 libris
2047 4834 2317 4902 leguntur,
2363 4847 2466 4886 non
2497 4829 2793 4885 evolvenda
2843 4837 3003 4899 atque
3045 4829 3350 4898 aperienda,
3401 4838 3456 4884 ut

1877 4925 2273 4992 intelligantur;
2300 4923 2394 4978 sed
2426 4923 2506 4976 sic
2535 4921 2867 4990 accipienda,
2913 4932 2971 4974 ut
3013 4921 3202 4976 litteras
3239 4930 3455 4985 sonant,

1868 5018 2042 5086 doque
2088 5017 2201 5085 ipsa
2246 5015 2473 5068 utilitate
2529 5012 2763 5077 secreti,
2811 5011 2953 5066 unde
3001 5013 3158 5065 etiam
3201 5013 3452 5080 mysteria

1872 5115 2156 5168 vocantur,
2190 5106 2316 5176 quid
2351 5105 2562 5159 valeant
2586 5105 2925 5172 mnigmatum
2970 5102 3187 5155 latebra:
3216 5099 3282 5154 ad
3304 5116 3456 5154 amo-

1873 5215 1984 5254 rem
2027 5199 2268 5253 veritatis
2321 5197 2644 5258 acucndum,
2701 5192 3202 5261 discutiendumque
3256 5192 3451 5247 fastidii

1876 5301 2176 5359 torporem,
2210 5291 2324 5358 ipsa
2345 5286 2679 5357 experientia
2722 5283 3052 5355 probandum
3082 5291 3201 5349 est;
3235 5284 3449 5350 talibus,

1879 5395 1998 5436 cum
2031 5381 2232 5451 aliquid
2283 5380 2361 5436 eis
2390 5380 2530 5448 quod
2561 5379 2612 5434 in
2659 5386 2903 5450 promptu
2953 5377 3206 5446 positum,
3240 5393 3346 5433 non
3384 5377 3456 5434 ita

1882 5474 2151 5542 movebat,
2181 5473 2507 5529 enodatione
2534 5469 2808 5540 allegoria:
2848 5469 3077 5537 alicujus
3108 5470 3330 5524 eruitur.
3365 5471 3457 5527 llis

1880 5568 2018 5622 enim
2049 5567 2279 5621 maxime
2307 5567 2436 5620 utile
2478 5574 2560 5620 cst
2589 5576 2768 5626 nosse,
2813 5562 2881 5614 ita
2915 5575 3033 5615 csse
3072 5565 3458 5632 prmponendas

1884 5656 2061 5711 verbis
2090 5657 2403 5720 sententias,
2435 5663 2491 5708 ut
2521 5645 2847 5721 praeponitur
2875 5651 3084 5704 animus
3112 5651 3346 5720 corpori.
3382 5652 3456 5709 Ex

1882 5763 1988 5819 quo
2017 5748 2096 5820 tit,
2131 5755 2188 5804 ut
2217 5748 2290 5804 ita
2321 5746 2476 5803 malle
2508 5743 2735 5801 debeant
2766 5743 3026 5810 veriores,
3056 5757 3215 5813 quam
3261 5742 3462 5803 disser-
