3904 6224
494 300 603 358 859

1562 295 1622 351 Ι).
1669 291 1990 350 EUGYPPII
2031 288 2326 351 AllBATlS
2371 294 2696 354 AFRICANI
3681 305 3772 364 860

490 420 662 473 tiores
692 383 887 472 audire
935 427 1213 470 sermones
1241 411 1384 466 sicut
1431 411 1589 464 malle
1619 410 1816 465 debent
1846 407 2085 476 pruden-
2115 406 2169 467 Α
2196 424 2348 476 mus;
2383 413 2510 482 quia
2540 413 2682 465 enim
2738 411 2929 466 merita
2981 411 3254 468 hominum
3287 429 3386 485 pro
3431 417 3628 486 quibus
3673 422 3770 489 agi-

493 511 681 573 liores,
712 522 871 576 quam
905 504 1253 560 formosiores
1303 500 1767 580 habereamicos.
1820 498 2083 554 Noverint

491 602 681 663 etiam,
706 613 816 652 non
858 610 980 651 esse
1010 609 1195 649 vocem
1223 592 1291 647 ad
1323 607 1480 663 aures
1512 593 1627 656 Dei,
1659 592 1760 646 nisi
1803 593 1970 647 animi
2000 593 2079 647 af-

495 690 715 744 fectum.
746 685 823 740 Ita
864 685 1007 739 enim
1038 700 1146 738 nou
1177 683 1479 738 irridebunt
1506 684 1549 736 si
1583 683 1792 751 aliquos
1813 683 2082 738 antistites

492 791 547 837 et
576 782 848 835 ministros
873 778 1132 833 Ecclesi:e
1159 765 1298 833 forte
1323 777 1816 842 animadverterint,
1849 778 1929 832 vel
1960 791 2081 832 cum

490 869 836 924 barbarismis
865 875 924 924 et
949 868 1272 937 soloecismis
1296 868 1460 922 Deum
1485 868 1757 933 invocare,
1782 868 1863 921 vel
1893 866 2085 922 eadem

491 959 688 1024 verba,
732 976 850 1030 quae
883 960 1235 1031 pronuntiant
1281 975 1387 1014 non
1421 959 1718 1027 intelligere
1751 958 2085 1026 perturbate-

491 1070 594 1121 que
623 1053 999 1125 distinguere:
1028 1069 1133 1108 non
1185 1053 1306 1123 quia
1359 1054 1460 1106 ista
1509 1051 1729 1106 minime
1770 1051 2082 1119 corrigenda

488 1153 633 1210 sunt,
682 1154 742 1200 ut
773 1147 1002 1214 p0pulus
1053 1145 1122 1198 ad
1177 1144 1229 1199 id
1275 1144 1416 1213 quod
1466 1143 1622 1211 plane
1661 1140 1914 1208 intelligit
1942 1139 2086 1193 dicat

489 1235 694 1299 Amen;
743 1234 837 1289 sed
871 1246 1047 1288 tamen
1091 1234 1176 1302 pie
1219 1231 1498 1287 toleranda
1525 1241 1650 1285 sunt
1675 1229 1746 1284 ab
1771 1230 1849 1283 eis
1882 1229 1969 1300 qui
2001 1227 2083 1282 di-

489 1326 719 1380 dicerint
765 1334 822 1379 ut
850 1321 986 1379 sono
1018 1325 1070 1378 in
1121 1325 1260 1389 foro,
1295 1323 1373 1377 sic
1403 1331 1530 1376 voto
1565 1321 1618 1376 in
1655 1320 1893 1375 Ecclesia
1921 1320 2085 1373 bene-

490 1415 614 1469 dici.
640 1415 822 1486 Itaque
852 1415 1078 1469 forensis
1109 1414 1225 1480 illa,
1257 1426 1640 1481 nonnunquam
1672 1411 1808 1464 lorte
1839 1409 1977 1465 bona
2004 1407 2086 1463 di-

490 1508 617 1572 ctio,
649 1521 920 1576 nunquam
954 1517 1134 1560 tamen
1167 1505 1476 1560 benedictio
1505 1504 1609 1558 dici
1635 1510 1829 1571 potest.

1038 1619 1265 1676 CAPUT
1306 1618 1535 1675 CXCIX.

497 1714 570 1767 De
601 1714 891 1768 humilitate
910 1712 1127 1785 gallina:
1162 1713 1308 1785 illius
1330 1754 1344 1777 ,
1378 1714 1529 1785 cujus
1558 1712 1776 1765 blandas
1805 1709 1915 1785 alas
1943 1713 2085 1785 refu-

2189 519 2328 571 mus,
2358 505 2531 577 qualia
2561 505 2669 559 sint
2713 506 2854 573 apud
2889 505 3054 560 Deum
3086 521 3188 562 non
3237 509 3506 576 novimus,
3549 511 3678 578 quid
3703 515 3771 566 eis

2185 594 2251 648 ad
2282 602 2491 661 tempus
2512 594 2784 663 expediat,
2814 607 2907 650 aut
2932 597 3097 666 nulla,
3123 608 3211 652 aut
3242 602 3562 654 tenuissima
3585 609 3675 654 aut
3703 604 3771 654 in-

2188 688 2487 742 certissima
2512 689 2825 757 conjectura
2862 691 3200 760 suspicamur
3232 694 3434 763 potius,
3464 708 3626 763 quam
3646 709 3770 746 como

2189 779 2604 847 prehendimus;
2654 791 2979 850 quapropter
3027 798 3114 839 res
3159 785 3376 855 quidem
3423 785 3658 856 agendas
3686 801 3770 856 pro

2188 878 2372 924 nostro
2401 881 2559 939 captu
2589 871 2844 925 ordinare
2884 871 3171 940 debemus,
3204 890 3337 945 quas
3372 891 3439 931 eo
3490 876 3651 930 modo
3676 891 3768 944 quo

2186 963 2495 1028 statuimus,
2522 965 2566 1018 si
2596 979 2852 1034 peragere
2878 967 3229 1034 potuerimus,
3260 984 3370 1022 non
3401 968 3520 1022 ideo
3550 969 3770 1037 gauden-

2189 1069 2326 1119 mus,
2357 1055 2480 1125 quia
2509 1055 2689 1120 nobis,
2713 1055 2807 1109 sed
2836 1056 2956 1124 quia
2988 1056 3096 1109 Deo
3116 1040 3192 1111 sic
3218 1059 3302 1127 agi
3339 1060 3537 1128 placuit
3571 1059 3766 1130 [potuco

2189 1158 2330 1214 runt,
2365 1163 2470 1202 non
2500 1148 2618 1202 ideo
2656 1148 2980 1215 gaudeamus
3022 1148 3146 1216 quia
3187 1151 3363 1213 nobis,
3396 1151 3491 1203 sed
3523 1153 3646 1218 quia
3675 1148 3768 1202 Deo

2189 1240 2266 1293 sic
2288 1254 2382 1294 eas
2413 1239 2507 1309 agi,
2522 1236 2745 1309 placuit]
2771 1257 2785 1291 :
2829 1238 2874 1293 si
2898 1248 3074 1292 autem
3105 1239 3281 1305 aliqua
3316 1239 3565 1293 inciderit
3596 1253 3769 1292 neces-

2188 1331 2343 1396 sitas,
2375 1345 2476 1400 qua
2509 1339 2692 1384 noster
2734 1329 2824 1383 ille
2873 1328 3006 1383 ordo
3051 1331 3325 1395 turbetur,
3385 1329 3667 1383 flectamur
3699 1327 3766 1380 fa-

2188 1424 2311 1487 cile,
2347 1437 2415 1477 ne
2439 1423 2776 1493 frangamur;
2829 1432 2886 1477 ut
2924 1438 3083 1493 quem
3137 1423 3276 1476 Deus
3325 1429 3512 1474 nostro
3567 1436 3764 1489 prapo-

2188 1517 2314 1579 suit,
2345 1515 2462 1584 ipse
2493 1517 2564 1569 sit
2593 1526 2796 1570 noster.
2834 1514 3066 1584 Equius
3105 1523 3189 1570 est
3216 1515 3360 1569 enim
3407 1525 3465 1567 ut
3495 1526 3592 1565 nos
3625 1525 3766 1581 eius.

2191 1621 2349 1674 quam
2375 1612 2435 1659 ut
2465 1607 2554 1659 ille
2599 1617 2839 1660 nostram
2872 1606 3199 1660 voluntatem
3245 1615 3527 1675 sequatur;
3576 1608 3694 1672 quia
3721 1613 3767 1656 et

2191 1695 2325 1749 ordo
2353 1697 2683 1766 agendarum
2709 1711 2908 1764 rerum,
2945 1713 3102 1766 quem
3134 1707 3320 1751 nostro
3353 1697 3573 1750 arbitrio
3599 1709 3767 1751 tenere

566 1788 757 1858 gilium
784 1782 1209 1858 superbiuprozdo
1236 1784 1368 1852 [imit
1398 1782 1638 1849 alitibus;
1665 1799 1729 1837 ea“.
1758 1783 1936 1835 eodem
1960 1782 2089 1834 libro
2125 1782 2170 1842 Β
2204 1786 2472 1852 volumus,
2523 1786 2616 1842 ille
2664 1787 2847 1856 utique
2887 1788 3267 1857 approbandus
3317 1800 3420 1854 est,
3452 1789 3535 1841 uhi
3573 1789 3766 1858 potiora

478 1866 482 1869 '
564 1854 625 1908 de
654 1855 1044 1911 Catechizandis
1072 1854 1300 1907 rudibus.

575 1967 887 2036 Cogitemus
917 1966 1042 2037 quid
1087 1967 1242 2021 nobis
1273 1976 1629 2036 prmmgatum
1661 1966 1750 2032 ait,
1785 1966 1852 2020 ab
1880 1966 1969 2020 illo
1995 1967 2082 2035 qui

496 2059 885 2112 demonstravit
909 2057 1062 2111 nobis
1094 2058 1422 2125 exemplum,
1466 2064 1522 2110 ut
1549 2070 1837 2125 sequamur
1863 2056 2084 2125 ve~tigia

494 2152 634 2226 ejus.
662 2150 1020 2216 Quantumvis
1047 2151 1188 2204 enim
1221 2146 1433 2202 dilferat
1453 2148 1734 2201 articulata
1755 2161 1855 2201 vox
1877 2156 2079 2214 nostra,

493 2245 560 2294 ab
593 2239 962 2307 intelligentia:
993 2247 1190 2292 nostrai
1227 2238 1530 2300 vivacitate,
1566 2237 1723 2306 longe
1750 2237 2086 2293 differentior

494 2341 578 2388 est
596 2331 896 2386 ortalitas
913 2331 1098 2385 carnis
1115 2330 1184 2386 ab
1200 2329 1505 2399 aequalitate
1521 2329 1647 2396 Dei;
1671 2337 1726 2385 et
1748 2340 1948 2398 tamen,
1963 2346 2083 2385 cum

494 2424 547 2479 in
572 2425 760 2479 eadem
783 2422 951 2477 forma
978 2431 1147 2486 esset,
1166 2423 1516 2492 semetipsum
1540 2422 1839 2478 exinanivit
1860 2424 2086 2478 formam

494 2515 634 2572 servi
648 2515 939 2583 accipiens.
953 2523 1008 2569 et
1030 2513 1204 2568 factus
1215 2500 1567 2569 estOhediens
1591 2513 1838 2582 usquead
1857 2521 2084 2568 mortem

495 2605 692 2662 crucis.
715 2605 886 2670 Quam
913 2602 983 2657 ob
1009 2618 1247 2667 causam,
1282 2602 1388 2656 nisi
1413 2603 1534 2671 quia
1557 2602 1726 2658 factus
1753 2614 1834 2658 est
1858 2603 2084 2658 infirmis

497 2699 742 2754 infirmus
755 2706 811 2752 ut
828 2695 1073 2751 inﬁrmos
1090 2693 1426 2751 lucrifaceret
1439 2695 1463 2749 2
1478 2694 1616 2749 Audi
1632 2694 1748 2764 ejus
1761 2693 2087 2749 imitatorem

499 2788 622 2843 alibi
651 2790 826 2844 etiam
856 2788 1125 2843 dicentem
1161 2803 1176 2842 :
1207 2787 1338 2843 Sive
1367 2788 1510 2842 enim
1540 2795 1718 2841 mente
1757 2789 2091 2843 excessimus

499 2880 630 2940 Deo,
663 2879 776 2933 sive
810 2884 1186 2947 temperantes
1227 2894 1414 2934 sumus
1443 2877 1624 2942 vobis;
1663 2876 1898 2933 charitas
1939 2879 2083 2934 enim

497 2967 697 3023 Christi
729 2968 1008 3037 compellit
1040 2983 1140 3024 nos
1162 2966 1471 3039 iudicantes
1503 2973 1624 3040 hoc,
1663 2972 1784 3041 quia
1827 2986 1964 3026 unus
1995 2987 2090 3041 pro

498 3061 749 3138 omnibus
771 3071 1019 3118 mortuus
1047 3071 1153 3119 est.
1184 3050 1466 3132 Quomodo
1506 3067 1651 3121 enim
1696 3075 1912 3136 paratus
1945 3077 2090 3124 esset

498 3150 733 3224 impendi
763 3168 862 3222 pro
889 3154 1172 3209 animabus
1201 3170 1412 3225 eorum,
1442 3158 1486 3212 si
1527 3172 1650 3212 eum
1682 3159 1885 3229 pigeret
1925 3160 2082 3214 incli-
2116 3143 2160 3206 C

478 3247 613 3301 -nari
651 3246 715 3306 ad
744 3258 905 3302 aures
949 3247 1176 3303 eorum?
1214 3249 1350 3304 Hinc
1376 3266 1507 3322 ergo
1530 3251 1702 3307 factus
1724 3262 1806 3308 est
1837 3255 2088 3322 parvulus

499 3339 551 3393 in
578 3338 758 3395 medio
783 3351 1052 3407 nostrum,
1078 3350 1329 3410 tanquam
1360 3345 1537 3399 nutrix
1563 3345 1750 3402 fovens
1773 3346 1912 3402 filios
1941 3362 2089 3403 suos.

500 3428 635 3483 Num)
658 3430 801 3485 enim
833 3430 1083 3497 delectat,
1116 3432 1216 3487 nisi
1263 3448 1416 3489 amor
1466 3435 1672 3504 invitet,
1718 3436 1990 3492 decurtata
2040 3450 2092 3494 rt

501 3523 743 3577 mutilata
772 3523 932 3578 verba
961 3522 1412 3581 immurmurarei
1439 3534 1491 3581 et
1513 3535 1690 3583 tamen
1714 3537 1901 3598 optant
1922 3531 2094 3584 hemi-

503 3628 598 3667 nes
630 3612 829 3668 habere
867 3613 1099 3668 infantes
1145 3616 1341 3685 quibus
1370 3619 1422 3671 id
1459 3619 1766 3686 exhibeant,
1798 3629 1852 3674 et
1877 3624 2095 3677 suavius

504 3713 582 3758 est
615 3703 776 3758 matri
799 3705 1002 3759 minuta
1033 3720 1218 3760 mansa
1247 3707 1497 3776 inspuere
1518 3711 1740 3777 parvulo
1773 3711 1905 3778 filio,
1933 3729 2094 3783 quam

509 3796 682 3865 ipsam
715 3797 971 3852 mandere
1000 3811 1063 3852 ac
1087 3797 1349 3854 devorare
1372 3800 1678 3868 grandiora.
1707 3800 1824 3856 Non
1853 3818 1983 3874 ergo
2012 3821 2100 3861 re-

507 3887 661 3942 cedat
705 3888 775 3943 de
809 3897 1025 3958 pectore
1055 3890 1215 3946 etiam
1260 3891 1512 3960 cogitatio
1539 3893 1750 3961 gallina;
1780 3895 1942 3952 illius.
1979 3913 2098 3966 qua:

506 3979 831 4051 languidulis
862 3980 1057 4049 plumis
1087 3990 1304 4037 teneros
1331 3981 1475 4038 fetus
1500 3985 1699 4052 operit,
1737 3995 1790 4040 et
1812 4003 2100 4044 susurran-

507 4079 588 4126 tes
619 4071 794 4141 pullos
813 4073 1087 4128 confracta
1116 4088 1246 4129 voce
1274 4073 1520 4142 advocat,
1545 4077 1702 4147 cujus
1726 4079 1950 4136 blandas
1981 4083 2096 4139 alas

507 4163 834 4232 refugientes
882 4164 1123 4232 superbi,
1164 4166 1340 4233 prada
1394 4167 1528 4222 fiunt
1576 4169 1816 4227 alitibus.
1850 4173 1908 4230 Si
1951 4175 2093 4232 enim

509 4253 811 4310 intellectus
870 4254 1100 4308 delectat
1157 4256 1209 4309 in
1264 4256 1649 4325 penetralibus
1694 4264 2092 4333 sincerissimis,

508 4345 611 4398 hoc
659 4346 821 4400 etiam
869 4344 1168 4412 intelligere
1222 4346 1483 4412 delectat,
1536 4355 1808 4420 quomodo
1855 4356 2096 4415 charitas

511 4445 711 4504 quanto
733 4435 1026 4491 officiosius
1049 4437 1327 4490 descendit
1347 4436 1400 4492 in
1424 4440 1625 4508 infima,
1650 4452 1797 4499 tanto
1821 4448 2094 4506 robustius

511 4528 739 4581 recurrit
771 4527 823 4580 iu
854 4526 1061 4590 intima,
1120 4541 1217 4596 per
1259 4528 1452 4584 bonam
1500 4537 1912 4602 conscientiam,
1960 4541 2093 4597 nihil
2124 4517 2174 4576 D
2205 4557 2377 4598 meam
2433 4543 2800 4596 nummulariis

513 4618 785 4686 qumrendi
815 4619 882 4671 ab
920 4618 1021 4683 eis,
1047 4617 1113 4672 ad
1142 4633 1278 4689 quos
1323 4620 1626 4692 descendit,
1678 4639 1870 4696 prarler
1910 4646 2095 4687 eorum

513 4710 892 4777 sempiternam
915 4712 1162 4767 salutem.

1116 4825 1340 4882 CAPUT
1379 4827 1484 4883 CC.

515 4913 590 4967 De
619 4914 826 4967 statutis
858 4914 1066 4980 nostris,
1096 4919 1206 4970 sine
1235 4919 1468 4984 tristitia,
1513 4921 1561 4973 si
1607 4924 1880 4980 necessitas
1922 4942 2100 4984 creue-

828 4988 915 5050 rit,
947 4988 1313 5054 immutaudis;
1342 5007 1406 5044 ea:
1433 4992 1607 5044 eodem
1637 4992 1788 5048 libro.

581 5099 635 5154 Si
661 5100 927 5169 confregit
958 5102 1197 5156 animum
1254 5113 1400 5160 tuum
1446 5106 1668 5164 alterius
1717 5111 1966 5177 actionis,
2020 5117 2104 5170 cui

513 5197 765 5259 tanquam
835 5190 1005 5260 magis
1063 5195 1386 5250 :ecessarize
1440 5196 1549 5265 iam
1598 5215 1896 5268 suspensus
1945 5219 2099 5273 eras,

512 5281 732 5335 omissio
767 5297 781 5336 :
816 5291 872 5336 et
913 5290 1201 5351 propterea
1233 5286 1405 5341 tristis
1452 5288 1743 5345 insuaviter
1772 5293 2100 5362 catechizzis,

513 5375 745 5443 cogitare
769 5372 958 5444 debes,
992 5385 1221 5446 excepto
1242 5376 1383 5446 quod
1433 5379 1632 5436 scimus
1679 5385 2105 5443 misericorditer

513 5464 667 5518 nobis
711 5466 978 5534 agendum
1025 5483 1169 5535 esse,
1203 5467 1462 5540 quidquid
1504 5487 1624 5526 cum
1653 5456 1961 5533 hominibus
1992 5481 2106 5549 agi-

513 5571 653 5623 mus,
682 5563 740 5611 et
769 5574 832 5613 ex
864 5560 1043 5616 ofﬁcio
1075 5564 1458 5618 sincerissima?
1505 5565 1804 5622 charitatis.
1837 5571 1948 5627 Hoc
1976 5587 2106 5644 ergo

516 5656 768 5717 excepto,
795 5650 1058 5706 incertum
1102 5668 1222 5710 csse
1254 5655 1385 5725 quid
1418 5656 1599 5712 utilius
1625 5672 1866 5728 agamus,
1896 5674 1951 5720 et
1978 5667 2104 5735 quid

516 5745 863 5808 opportunius
919 5753 1011 5799 aut
1046 5745 1490 5822 iulermittamus,
1522 5758 1612 5808 aut
1644 5755 1863 5812 omnino
1891 5759 2107 5816 omitta-

2191 1878 2643 1948 prmcedunt.Cur
2668 1894 2795 1948 ergo
2825 1895 2921 1935 nos
2943 1881 3186 1935 dolemus
3211 1880 3459 1935 homines
3490 1896 3518 1934 a
3549 1881 3761 1934 Domino

2189 1972 2298 2026 Deo
2320 1982 2470 2025 tanto
2501 1975 2710 2040 potiore
2740 1972 2993 2041 praecedi,
3020 1983 3076 2026 ut
3120 1988 3186 2026 eo
3227 1975 3366 2042 ipso,
3399 1989 3500 2038 quo
3529 1983 3761 2026 nostrum

2187 2079 2428 2116 amamus
2458 2063 2729 2128 ordinem,
2766 2062 3052 2116 inordinati
3092 2078 3210 2117 esse
3258 2063 3569 2129 cupiamus?
3613 2063 3764 2116 Nemo

2187 2155 2330 2210 enim
2363 2155 2552 2209 melius
2575 2155 2784 2210 ordinat
2811 2155 2936 2224 quid
2967 2156 3138 2224 agitur
3171 2153 3317 2226 [quid
3351 2156 3511 2225 agat].
3543 2154 3647 2209 nisi
3675 2154 3755 2224 qui

2187 2247 2421 2316 paratior
2446 2255 2552 2313 est,
2587 2261 2691 2300 nou
2729 2247 2830 2317 ιθ
2871 2261 3051 2316 agere,
3085 2249 3224 2316 quod
3274 2247 3456 2300 divina
3507 2256 3759 2316 potestate

2190 2339 2518 2409 prohibetur,
2544 2353 2702 2408 quam
2729 2338 3155 2407 cupidior-agere
3186 2337 3327 2407 quod
3363 2338 3589 2390 humana
3618 2337 3754 2404 cogi-

2190 2430 2392 2484 tatione
2424 2431 2733 2494 meditatur,
2767 2431 2888 2500 quia
2940 2430 3121 2483 multa:
3168 2429 3521 2498 cogitationes
3550 2438 3672 2481 sunt
3718 2427 3761 2478 in

2191 2521 2358 2577 corde
2390 2522 2509 2574 viri.
2541 2519 2836 2575 Consilium
2864 2525 3039 2574 autem
3077 2521 3172 2575 Dei
3227 2518 3485 2590 [Domini]
3519 2527 3692 2572 manet
3719 2517 3762 2569 in

2191 2621 2476 2666 artcrnum.
2513 2612 2566 2666 Si
2601 2619 2782 2665 autem
2804 2609 2872 2666 de
2896 2609 3075 2678 aliquo
3103 2620 3284 2663 errato
3310 2619 3516 2672 nostro,
3549 2609 3628 2662 vel
3658 2622 3763 2677 pec-

2191 2715 2316 2761 cato
2335 2719 2434 2758 nos
2479 2703 2791 2759 mresutudo
2834 2702 3269 2770 comprehendit,
3301 2718 3405 2756 non
3437 2710 3636 2756 tantum
3667 2716 3763 2753 me-

2194 2795 2512 2850 minerimus
2561 2795 2883 2850 sacrificium
2929 2793 3040 2849 Deo
3079 2794 3325 2862 spiritum
3356 2807 3475 2847 esse
3501 2792 3758 2846 contribu-

2196 2888 2384 2951 latum,
2419 2887 2514 2941 sed
2555 2887 2716 2941 etiam
2750 2887 2900 2950 illud,
2947 2887 3072 2955 quia
3117 2887 3258 2940 sicut
3303 2900 3435 2953 aqua
3481 2886 3761 2954 ignem,s.‘e

2193 2979 2534 3049 eleemosyna
2581 2978 2872 3047 exstinguit
2918 2986 3224 3047 peccatum;
3278 2987 3330 3031 et
3365 2995 3376 3030 :
3407 2977 3525 3044 quia
3574 2976 3761 3029 miscri-

2194 3069 2434 3126 cordiam
2460 3071 2650 3141 m--gis,
2684 3070 2875 3140 inquit,
2906 3070 3029 3124 volo
3058 3087 3216 3137 quam
3259 3069 3597 3124 sacrificium.
3627 3067 3761 3122 Sicut

2193 3179 2321 3235 ergo
2349 3164 2394 3218 si
2440 3164 2862 3231 periclitaremur
2910 3163 3180 3227 incendio,
3238 3163 3306 3216 ad
3359 3177 3545 3231 aquam
3595 3161 3759 3228 utique

2195 3270 2537 3310 curreremus
2579 3269 2684 3325 quo
2725 3263 2908 3324 posset
2935 3256 3219 3323 exstingui,
3269 3257 3670 3322 gratularentur,
3714 3256 3752 3305 si

2194 3349 2317 3417 quis
2363 3362 2480 3402 eam
2536 3345 2604 3401 de
2645 3345 2889 3415 proximo
2941 3345 3188 3411 offerret;
3244 3347 3316 3400 ita
3346 3347 3467 3399 etsi
3499 3345 3566 3399 de
3593 3354 3760 3397 nostro

2131 3495 2135 3501 ,
2197 3439 2322 3495 feno
2349 3439 2530 3509 aliqua
2590 3439 2795 3508 peccati
2846 3437 3057 3492 llauuna
3107 3437 3370 3502 surrexit,
3421 3447 3473 3491 et
3503 3448 3759 3506 propterea

2196 3530 2600 3596 conturbamur,
2629 3529 2750 3583 data
2774 3529 3058 3584 occasione
3081 3529 3561 3583 misericordissitni
3578 3529 3760 3598 Operis,

2199 3631 2452 3692 tanquam
2485 3622 2550 3676 de
2581 3621 2761 3676 oblato
2789 3620 2937 3676 fonte
2978 3622 3334 3690 gaudeamus,
3379 3632 3432 3675 ut
3475 3621 3593 3674 inde
3648 3620 3762 3672 illud

2200 3714 2341 3783 quod
2377 3721 2677 3776 exarserat,
2707 3713 3040 3782 Opprimatur
3084 3731 3098 3766 :
3155 3714 3256 3766 nisi
3306 3713 3440 3767 forte
3483 3722 3583 3765 tam
3632 3712 3764 3765 stulti

2200 3817 2411 3868 sumus,
2433 3811 2490 3856 ut
2518 3799 2745 3855 alacrius
2775 3800 3099 3855 arbitremur
3129 3815 3249 3854 cum
3275 3814 3410 3869 pane
3431 3800 3760 3858 currendum,

2201 3911 2312 3965 quo
2335 3903 2578 3949 ventrem
2605 3893 2891 3948 esurientis
2915 3892 3257 3960 impleamus,
3289 3908 3445 3961 quam
3475 3908 3590 3946 cum
3616 3893 3764 3946 verbo

2181 3987 2321 4055 ,Πεῇ
2355 4001 2463 4057 quo
2506 3994 2737 4040 mentem
2773 3985 3039 4040 studentis
3081 3986 3428 4039 instruamus.
3483 3987 3590 4040 lluc
3623 4000 3762 4038 accev

2200 4081 2300 4146 dit,
2333 4081 2454 4148 quia
2478 4080 2522 4133 si
2555 4079 2926 4134 tantummodo
2956 4078 3238 4149 prodesset
3281 4080 3381 4134 hoc
3430 4081 3618 4142 facere,
3668 4097 3761 4134 ur-n

2201 4173 2376 4227 facere
2398 4182 2574 4226 autem
2601 4171 2733 4226 nihil
2758 4172 3007 4237 ohe-set;
3041 4171 3329 4226 infeliciter
3359 4173 3410 4225 in
3443 4174 3665 4240 periculo
3689 4186 3763 4226 εε-

2200 4266 2346 4332 lutis,
2377 4282 2480 4321 non
2501 4266 2608 4336 jam
2630 4264 2984 4334 proximi,sed
3001 4274 3220 4328 nostrzc,
3237 4264 3469 4318 oblatum
3490 4264 3760 4319 remedium

2200 4374 2597 4428 spcrneremus.
2645 4357 2777 4412 Cum
2814 4372 2940 4411 vero
2967 4371 3030 4411 ex
3064 4370 3159 4411 ore
3193 4356 3400 4410 Domini
3432 4367 3530 4408 tam
3559 4353 3758 4408 minaci-

2203 4462 2284 4507 ter
2312 4461 2466 4506 souct
2490 4470 2502 4504 :
2533 4451 2703 4506 Serve
2747 4466 2975 4520 nequam
3003 4459 3057 4504 et
3100 4449 3250 4519 piger
3273 4492 3286 4513 ,
3315 4448 3468 4503 dares
3501 4449 3758 4516 pecuniam

2845 4560 2859 4595 :
2924 4556 3042 4610 quae
3089 4544 3302 4596 tandem
3351 4542 3609 4596 dementia
3668 4546 3758 4597 est,

2205 4636 2454 4703 quoniam
2497 4645 2771 4702 peccatum
2807 4643 3049 4687 nostrum
3081 4649 3176 4687 nos
3208 4636 3390 4702 angit,
3440 4635 3555 4687 idco
3595 4645 3762 4687 rursus

2206 4728 2342 4782 velle
2409 4741 2659 4796 peccare,
2721 4743 2826 4781 non
2889 4726 3067 4782 dando
3137 4727 3416 4797 pecuniam
3465 4727 3759 4781 dominicam

2206 4819 2401 4873 volenti
2455 4828 2508 4873 et
2541 4819 2776 4888 petenti?

2798 4913 3022 4970 CAPUT
3065 4915 3194 4969 CCI.

2216 5025 2660 5091 Quemadmodum
2685 5026 3076 5079 mter/rixandns
3105 5029 3190 5087 sit,
3224 5029 3310 5094 qui
3339 5029 3442 5081 ruit
3477 5028 3578 5090 ﬁm’
3605 5024 3757 5079 Chris-

2281 5099 2487 5160 tianus;
2521 5114 2582 5151 ea:
2610 5100 2791 5150 eodem
2824 5096 2955 5150 libro
2980 5100 3042 5150 de
3069 5098 3456 5151 Catcchizondis
3481 5098 3696 5152 rudibus.

2280 5207 2381 5265 Sed
2421 5207 2606 5263 faciam
2647 5207 2846 5280 [tamen
2903 5208 3185 5280 faciamus]
3219 5210 3445 5278 aliquem
3476 5210 3670 5263 venisse
3701 5203 3755 5259 ad

2212 5315 2312 5355 nos
2341 5300 2428 5369 qui
2459 5301 2569 5354 vult
2603 5315 2723 5356 esse
2753 5300 3091 5355 Christianus
3118 5342 3132 5366 ,
3166 5309 3220 5354 et
3262 5302 3326 5355 de
3350 5315 3534 5369 genere
3565 5297 3753 5367 quidem

2211 5391 2514 5452 idiotarum.
2552 5409 2656 5446 non
2691 5403 2866 5447 tamen
2899 5393 3414 5459 rustieattorutn,sed
3444 5393 3752 5452 urbanorum,

2213 5484 2400 5555 quales
2431 5485 2569 5554 apud
2601 5484 2982 5556 Carthaginem
3013 5485 3192 5554 plures
3232 5485 3458 5553 experiri
3496 5492 3542 5538 te
3564 5496 3754 5538 ucorss:

2214 5586 2295 5634 cst
2327 5593 2339 5630 :
2380 5577 2761 5647 interrogatum
2795 5579 2956 5634 etiam
2983 5620 2997 5644 ,
3029 5589 3204 5632 utrum
3248 5589 3460 5649 pr0pter
3487 5579 3596 5630 vine
3637 5587 3754 5643 pra:-

2215 5670 2382 5726 sentis
2413 5669 2630 5738 aliquod
2674 5670 3040 5736 commodum,
3069 5686 3136 5724 an
3164 5679 3382 5742 propter
3419 5670 3630 5737 requiem
3652 5679 3754 5732 qu:

2219 5771 2342 5831 post
2395 5762 2558 5817 vitam
2611 5768 2887 5832 speratur,
2929 5760 3264 5820 Christianus
3317 5778 3435 5841 csse
3481 5749 3751 5820 desideret}
