  <div class='ocr_page' id='page_1' title='image "/cluster/home/n/w/nwhite01/storage/ocr_20150623/61-62/uva.x000827102/1018.png"; bbox 0 0 3904 6224; ppageno 0'>
   <div class='ocr_carea' id='block_1_1' title="bbox 265 322 367 397">
    <p class='ocr_par' dir='ltr' id='par_1_1' title="bbox 265 322 367 397">
     <span class='ocr_line' id='line_1_1' title="bbox 265 322 367 397; baseline 0.01 -1"><span class='ocrx_word' id='word_1_1' title='bbox 265 322 367 397; x_wconf 78' lang='lat' dir='ltr'><strong>sci</strong></span> 
     </span>
    </p>
   </div>
   <div class='ocr_carea' id='block_1_2' title="bbox 1514 339 2318 402">
    <p class='ocr_par' dir='ltr' id='par_1_2' title="bbox 1514 339 2318 402">
     <span class='ocr_line' id='line_1_2' title="bbox 1514 339 2318 402; baseline 0.007 -6"><span class='ocrx_word' id='word_1_2' title='bbox 1514 339 1951 399; x_wconf 78' lang='lat' dir='ltr'><strong>&#39;I&#39;IIESAURUS.</strong></span> <span class='ocrx_word' id='word_1_3' title='bbox 1994 342 2149 401; x_wconf 74' lang='lat' dir='ltr'><strong>CAP.</strong></span> <span class='ocrx_word' id='word_1_4' title='bbox 2191 343 2318 402; x_wconf 78' lang='lat' dir='ltr'><strong>CCI.</strong></span> 
     </span>
    </p>
   </div>
   <div class='ocr_carea' id='block_1_3' title="bbox 3443 350 3547 408">
    <p class='ocr_par' dir='ltr' id='par_1_3' title="bbox 3443 350 3547 408">
     <span class='ocr_line' id='line_1_3' title="bbox 3443 350 3547 408; baseline 0 0"><span class='ocrx_word' id='word_1_5' title='bbox 3443 350 3547 408; x_wconf 70' lang='lat'><strong>862</strong></span> 
     </span>
    </p>
   </div>
   <div class='ocr_carea' id='block_1_4' title="bbox 267 453 3546 540">
    <p class='ocr_par' dir='ltr' id='par_1_4' title="bbox 267 453 3546 540">
     <span class='ocr_line' id='line_1_4' title="bbox 267 453 3546 540; baseline 0.003 -28"><span class='ocrx_word' id='word_1_6' title='bbox 267 463 490 526; x_wconf 88' lang='lat' dir='ltr'><strong>propter</strong></span> <span class='ocrx_word' id='word_1_7' title='bbox 515 455 752 513; x_wconf 88' lang='lat' dir='ltr'><strong>futuram</strong></span> <span class='ocrx_word' id='word_1_8' title='bbox 783 456 1027 526; x_wconf 78' lang='lat' dir='ltr'><strong>requiem</strong></span> <span class='ocrx_word' id='word_1_9' title='bbox 1060 453 1423 522; x_wconf 86' lang='lat' dir='ltr'><strong>respondisse,</strong></span> <span class='ocrx_word' id='word_1_10' title='bbox 1457 455 1550 509; x_wconf 84' lang='lat' dir='ltr'><strong>tali</strong></span> <span class='ocrx_word' id='word_1_11' title='bbox 1573 454 1802 511; x_wconf 86' lang='lat' dir='ltr'><strong>fortasse</strong></span> <span class='ocrx_word' id='word_1_12' title='bbox 1829 471 1857 509; x_wconf 91' lang='lat' dir='ltr'><strong>a</strong></span> <span class='ocrx_word' id='word_1_13' title='bbox 1887 458 1939 518; x_wconf 79' lang='grc' dir='ltr'><strong>Α</strong></span> <span class='ocrx_word' id='word_1_14' title='bbox 1966 470 1995 509; x_wconf 89' lang='lat' dir='ltr'><strong>a</strong></span> <span class='ocrx_word' id='word_1_15' title='bbox 2030 457 2329 527; x_wconf 84' lang='lat' dir='ltr'><strong>prephetis,</strong></span> <span class='ocrx_word' id='word_1_16' title='bbox 2356 457 2450 540; x_wconf 85' lang='lat' dir='ltr'><strong>sed</strong></span> <span class='ocrx_word' id='word_1_17' title='bbox 2482 456 2644 512; x_wconf 80' lang='lat' dir='ltr'><strong>etiam</strong></span> <span class='ocrx_word' id='word_1_18' title='bbox 2671 457 2738 512; x_wconf 89' lang='lat' dir='ltr'><strong>ab</strong></span> <span class='ocrx_word' id='word_1_19' title='bbox 2765 459 2881 527; x_wconf 89' lang='lat' dir='ltr'><strong>ipso</strong></span> <span class='ocrx_word' id='word_1_20' title='bbox 2912 458 3138 516; x_wconf 86' lang='lat' dir='ltr'><strong>Domino</strong></span> <span class='ocrx_word' id='word_1_21' title='bbox 3165 460 3292 519; x_wconf 78' lang='lat' dir='ltr'><strong>Jesu</strong></span> <span class='ocrx_word' id='word_1_22' title='bbox 3319 462 3546 535; x_wconf 85' lang='lat' dir='ltr'><strong>Christo,</strong></span> 
     </span>
    </p>
   </div>
   <div class='ocr_carea' id='block_1_5' title="bbox 265 547 1858 620">
    <p class='ocr_par' dir='ltr' id='par_1_5' title="bbox 265 547 1858 620">
     <span class='ocr_line' id='line_1_5' title="bbox 265 547 1858 620; baseline 0.001 -19"><span class='ocrx_word' id='word_1_23' title='bbox 265 548 427 604; x_wconf 87' lang='lat' dir='ltr'><strong>nobis</strong></span> <span class='ocrx_word' id='word_1_24' title='bbox 453 551 810 606; x_wconf 87' lang='lat' dir='ltr'><strong>instrueretur</strong></span> <span class='ocrx_word' id='word_1_25' title='bbox 831 548 1094 619; x_wconf 81' lang='lat' dir='ltr'><strong>alloquio:</strong></span> <span class='ocrx_word' id='word_1_26' title='bbox 1125 547 1235 603; x_wconf 87' lang='lat' dir='ltr'><strong>Deo</strong></span> <span class='ocrx_word' id='word_1_27' title='bbox 1268 550 1487 620; x_wconf 90' lang='lat' dir='ltr'><strong>gratias,</strong></span> <span class='ocrx_word' id='word_1_28' title='bbox 1517 547 1858 615; x_wconf 85' lang='lat' dir='ltr'><strong>frater;val-</strong></span> 
     </span>
    </p>
   </div>
   <div class='ocr_carea' id='block_1_6' title="bbox 266 637 1856 713">
    <p class='ocr_par' dir='ltr' id='par_1_6' title="bbox 266 637 1856 713">
     <span class='ocr_line' id='line_1_6' title="bbox 266 637 1856 713; baseline 0.002 -21"><span class='ocrx_word' id='word_1_29' title='bbox 266 637 342 693; x_wconf 86' lang='lat' dir='ltr'><strong>de</strong></span> <span class='ocrx_word' id='word_1_30' title='bbox 361 641 452 697; x_wconf 89' lang='lat' dir='ltr'><strong>tibi</strong></span> <span class='ocrx_word' id='word_1_31' title='bbox 473 642 732 713; x_wconf 92' lang='lat' dir='ltr'><strong>gratulor,</strong></span> <span class='ocrx_word' id='word_1_32' title='bbox 757 649 812 695; x_wconf 93' lang='lat' dir='ltr'><strong>et</strong></span> <span class='ocrx_word' id='word_1_33' title='bbox 831 641 1040 712; x_wconf 89' lang='lat' dir='ltr'><strong>gaudeo</strong></span> <span class='ocrx_word' id='word_1_34' title='bbox 1062 640 1130 698; x_wconf 92' lang='lat' dir='ltr'><strong>de</strong></span> <span class='ocrx_word' id='word_1_35' title='bbox 1150 642 1366 712; x_wconf 86' lang='lat' dir='ltr'><strong>te,quod</strong></span> <span class='ocrx_word' id='word_1_36' title='bbox 1393 641 1445 696; x_wconf 90' lang='lat' dir='ltr'><strong>in</strong></span> <span class='ocrx_word' id='word_1_37' title='bbox 1474 642 1634 696; x_wconf 91' lang='lat' dir='ltr'><strong>tantis</strong></span> <span class='ocrx_word' id='word_1_38' title='bbox 1659 651 1714 697; x_wconf 88' lang='lat' dir='ltr'><strong>et</strong></span> <span class='ocrx_word' id='word_1_39' title='bbox 1745 650 1856 696; x_wconf 90' lang='lat' dir='ltr'><strong>tam</strong></span> 
     </span>
    </p>
   </div>
   <div class='ocr_carea' id='block_1_7' title="bbox 266 722 1857 804">
    <p class='ocr_par' dir='ltr' id='par_1_7' title="bbox 266 722 1857 804">
     <span class='ocr_line' id='line_1_7' title="bbox 266 722 1857 804; baseline 0.001 -18"><span class='ocrx_word' id='word_1_40' title='bbox 266 732 584 800; x_wconf 83' lang='lat' dir='ltr'><strong>periculosis</strong></span> <span class='ocrx_word' id='word_1_41' title='bbox 610 732 770 802; x_wconf 80' lang='lat' dir='ltr'><strong>hujus</strong></span> <span class='ocrx_word' id='word_1_42' title='bbox 791 733 979 787; x_wconf 72' lang='lat' dir='ltr'><strong>saeculi</strong></span> <span class='ocrx_word' id='word_1_43' title='bbox 1006 722 1430 801; x_wconf 83' lang='lat' dir='ltr'><strong>tempestatibus,</strong></span> <span class='ocrx_word' id='word_1_44' title='bbox 1454 734 1522 789; x_wconf 89' lang='lat' dir='ltr'><strong>de</strong></span> <span class='ocrx_word' id='word_1_45' title='bbox 1537 733 1710 804; x_wconf 90' lang='lat' dir='ltr'><strong>aliqua</strong></span> <span class='ocrx_word' id='word_1_46' title='bbox 1729 749 1857 789; x_wconf 86' lang='lat' dir='ltr'><strong>vera</strong></span> 
     </span>
    </p>
   </div>
   <div class='ocr_carea' id='block_1_8' title="bbox 214 812 1858 892">
    <p class='ocr_par' dir='ltr' id='par_1_8' title="bbox 214 812 1858 892">
     <span class='ocr_line' id='line_1_8' title="bbox 214 812 1858 892; baseline 0.002 -17"><span class='ocrx_word' id='word_1_47' title='bbox 214 812 217 813; x_wconf 18' lang='grc' dir='ltr'><em>ν</em></span> <span class='ocrx_word' id='word_1_48' title='bbox 263 831 324 876; x_wconf 89' lang='lat' dir='ltr'><strong>et</strong></span> <span class='ocrx_word' id='word_1_49' title='bbox 346 833 492 877; x_wconf 88' lang='lat' dir='ltr'><strong>certa</strong></span> <span class='ocrx_word' id='word_1_50' title='bbox 520 822 813 877; x_wconf 87' lang='lat' dir='ltr'><strong>securitate</strong></span> <span class='ocrx_word' id='word_1_51' title='bbox 839 824 1104 892; x_wconf 91' lang='lat' dir='ltr'><strong>cogitasti.</strong></span> <span class='ocrx_word' id='word_1_52' title='bbox 1139 823 1273 881; x_wconf 79' lang='lat' dir='ltr'><strong>Nam</strong></span> <span class='ocrx_word' id='word_1_53' title='bbox 1301 835 1354 880; x_wconf 91' lang='lat' dir='ltr'><strong>et</strong></span> <span class='ocrx_word' id='word_1_54' title='bbox 1387 826 1440 878; x_wconf 89' lang='lat' dir='ltr'><strong>in</strong></span> <span class='ocrx_word' id='word_1_55' title='bbox 1471 825 1570 881; x_wconf 90' lang='lat' dir='ltr'><strong>hac</strong></span> <span class='ocrx_word' id='word_1_56' title='bbox 1603 827 1732 890; x_wconf 90' lang='lat' dir='ltr'><strong>vita,</strong></span> <span class='ocrx_word' id='word_1_57' title='bbox 1766 826 1858 878; x_wconf 82' lang='lat' dir='ltr'><strong>ho-</strong></span> 
     </span>
    </p>
   </div>
   <div class='ocr_carea' id='block_1_9' title="bbox 267 915 1856 988">
    <p class='ocr_par' dir='ltr' id='par_1_9' title="bbox 267 915 1856 988">
     <span class='ocr_line' id='line_1_9' title="bbox 267 915 1856 988; baseline 0.004 -22"><span class='ocrx_word' id='word_1_58' title='bbox 267 915 446 969; x_wconf 81' lang='lat' dir='ltr'><strong>mines</strong></span> <span class='ocrx_word' id='word_1_59' title='bbox 475 917 679 985; x_wconf 78' lang='lat' dir='ltr'><strong>magnis</strong></span> <span class='ocrx_word' id='word_1_60' title='bbox 713 915 988 973; x_wconf 82' lang='lat' dir='ltr'><strong>laboribus</strong></span> <span class='ocrx_word' id='word_1_61' title='bbox 1019 919 1256 987; x_wconf 85' lang='lat' dir='ltr'><strong>requiem</strong></span> <span class='ocrx_word' id='word_1_62' title='bbox 1283 927 1530 988; x_wconf 69' lang='lat' dir='ltr'><strong>quterunt</strong></span> <span class='ocrx_word' id='word_1_63' title='bbox 1567 928 1619 973; x_wconf 90' lang='lat' dir='ltr'><strong>et</strong></span> <span class='ocrx_word' id='word_1_64' title='bbox 1649 917 1856 973; x_wconf 86' lang='lat' dir='ltr'><strong>securi-</strong></span> 
     </span>
    </p>
   </div>
   <div class='ocr_carea' id='block_1_10' title="bbox 265 1007 1858 1077">
    <p class='ocr_par' dir='ltr' id='par_1_10' title="bbox 265 1007 1858 1077">
     <span class='ocr_line' id='line_1_10' title="bbox 265 1007 1858 1077; baseline 0.007 -24"><span class='ocrx_word' id='word_1_65' title='bbox 265 1012 434 1057; x_wconf 82' lang='lat' dir='ltr'><strong>tatem</strong></span> <span class='ocrx_word' id='word_1_66' title='bbox 454 1046 468 1066; x_wconf 87' lang='lat'><em>.</em></span> <span class='ocrx_word' id='word_1_67' title='bbox 500 1007 592 1060; x_wconf 90' lang='lat' dir='ltr'><strong>sed</strong></span> <span class='ocrx_word' id='word_1_68' title='bbox 637 1008 816 1076; x_wconf 85' lang='lat' dir='ltr'><strong>pravis</strong></span> <span class='ocrx_word' id='word_1_69' title='bbox 846 1009 1230 1077; x_wconf 82' lang='lat' dir='ltr'><strong>cupiditatibus</strong></span> <span class='ocrx_word' id='word_1_70' title='bbox 1261 1025 1366 1064; x_wconf 92' lang='lat' dir='ltr'><strong>non</strong></span> <span class='ocrx_word' id='word_1_71' title='bbox 1408 1010 1686 1066; x_wconf 89' lang='lat' dir='ltr'><strong>inveniunt</strong></span> <span class='ocrx_word' id='word_1_72' title='bbox 1714 1028 1726 1062; x_wconf 94' lang='lat'>:</span> <span class='ocrx_word' id='word_1_73' title='bbox 1761 1026 1858 1064; x_wconf 91' lang='lat' dir='ltr'><strong>vo-</strong></span> 
     </span>
    </p>
   </div>
   <div class='ocr_carea' id='block_1_11' title="bbox 266 1092 1857 1172">
    <p class='ocr_par' dir='ltr' id='par_1_11' title="bbox 266 1092 1857 1172">
     <span class='ocr_line' id='line_1_11' title="bbox 266 1092 1857 1172; baseline 0.009 -29"><span class='ocrx_word' id='word_1_74' title='bbox 266 1092 390 1146; x_wconf 90' lang='lat' dir='ltr'><strong>lunt</strong></span> <span class='ocrx_word' id='word_1_75' title='bbox 434 1094 579 1150; x_wconf 91' lang='lat' dir='ltr'><strong>enim</strong></span> <span class='ocrx_word' id='word_1_76' title='bbox 620 1098 964 1167; x_wconf 85' lang='lat' dir='ltr'><strong>requiescere</strong></span> <span class='ocrx_word' id='word_1_77' title='bbox 1013 1102 1063 1154; x_wconf 90' lang='lat' dir='ltr'><strong>in</strong></span> <span class='ocrx_word' id='word_1_78' title='bbox 1114 1100 1278 1156; x_wconf 87' lang='lat' dir='ltr'><strong>rebus</strong></span> <span class='ocrx_word' id='word_1_79' title='bbox 1324 1102 1596 1172; x_wconf 89' lang='lat' dir='ltr'><strong>inquietis,</strong></span> <span class='ocrx_word' id='word_1_80' title='bbox 1647 1115 1702 1157; x_wconf 89' lang='lat' dir='ltr'><strong>et</strong></span> <span class='ocrx_word' id='word_1_81' title='bbox 1752 1118 1857 1158; x_wconf 92' lang='lat' dir='ltr'><strong>non</strong></span> 
     </span>
    </p>
   </div>
   <div class='ocr_carea' id='block_1_12' title="bbox 267 1187 1860 1264">
    <p class='ocr_par' dir='ltr' id='par_1_12' title="bbox 267 1187 1860 1264">
     <span class='ocr_line' id='line_1_12' title="bbox 267 1187 1860 1264; baseline 0.008 -26"><span class='ocrx_word' id='word_1_82' title='bbox 267 1187 729 1255; x_wconf 86' lang='lat' dir='ltr'><strong>permanentibus,</strong></span> <span class='ocrx_word' id='word_1_83' title='bbox 753 1201 808 1246; x_wconf 89' lang='lat' dir='ltr'><strong>et</strong></span> <span class='ocrx_word' id='word_1_84' title='bbox 833 1194 957 1260; x_wconf 83' lang='lat' dir='ltr'><strong>quia</strong></span> <span class='ocrx_word' id='word_1_85' title='bbox 986 1194 1092 1248; x_wconf 72' lang='lat' dir='ltr'><strong>illa:</strong></span> <span class='ocrx_word' id='word_1_86' title='bbox 1117 1201 1173 1249; x_wconf 92' lang='lat' dir='ltr'><strong>et</strong></span> <span class='ocrx_word' id='word_1_87' title='bbox 1203 1204 1446 1264; x_wconf 89' lang='lat' dir='ltr'><strong>tempore</strong></span> <span class='ocrx_word' id='word_1_88' title='bbox 1473 1197 1860 1250; x_wconf 80' lang='lat' dir='ltr'><strong>subtrahuntur</strong></span> 
     </span>
    </p>
   </div>
   <div class='ocr_carea' id='block_1_13' title="bbox 265 1273 1859 1360">
    <p class='ocr_par' dir='ltr' id='par_1_13' title="bbox 265 1273 1859 1360">
     <span class='ocr_line' id='line_1_13' title="bbox 265 1273 1859 1360; baseline 0.011 -32"><span class='ocrx_word' id='word_1_89' title='bbox 265 1273 345 1344; x_wconf 81' lang='lat' dir='ltr'><strong>[et</strong></span> <span class='ocrx_word' id='word_1_90' title='bbox 367 1277 489 1344; x_wconf 77' lang='lat' dir='ltr'><strong>quia</strong></span> <span class='ocrx_word' id='word_1_91' title='bbox 510 1279 581 1335; x_wconf 90' lang='lat' dir='ltr'><strong>illi</strong></span> <span class='ocrx_word' id='word_1_92' title='bbox 609 1291 845 1352; x_wconf 88' lang='lat' dir='ltr'><strong>tempore</strong></span> <span class='ocrx_word' id='word_1_93' title='bbox 863 1285 1280 1360; x_wconf 85' lang='lat' dir='ltr'><strong>subtrahuntur]</strong></span> <span class='ocrx_word' id='word_1_94' title='bbox 1305 1299 1357 1344; x_wconf 91' lang='lat' dir='ltr'><strong>et</strong></span> <span class='ocrx_word' id='word_1_95' title='bbox 1380 1278 1677 1354; x_wconf 84' lang='lat' dir='ltr'><strong>transeunt,</strong></span> <span class='ocrx_word' id='word_1_96' title='bbox 1705 1291 1859 1345; x_wconf 56' lang='lat' dir='ltr'><strong>timo.</strong></span> 
     </span>
    </p>
   </div>
   <div class='ocr_carea' id='block_1_14' title="bbox 267 1367 1857 1453">
    <p class='ocr_par' dir='ltr' id='par_1_14' title="bbox 267 1367 1857 1453">
     <span class='ocr_line' id='line_1_14' title="bbox 267 1367 1857 1453; baseline 0.013 -34"><span class='ocrx_word' id='word_1_97' title='bbox 267 1367 424 1424; x_wconf 88' lang='lat' dir='ltr'><strong>ribus</strong></span> <span class='ocrx_word' id='word_1_98' title='bbox 452 1381 505 1426; x_wconf 93' lang='lat' dir='ltr'><strong>et</strong></span> <span class='ocrx_word' id='word_1_99' title='bbox 535 1373 810 1432; x_wconf 86' lang='lat' dir='ltr'><strong>doloribus</strong></span> <span class='ocrx_word' id='word_1_100' title='bbox 840 1394 934 1434; x_wconf 86' lang='lat' dir='ltr'><strong>eos</strong></span> <span class='ocrx_word' id='word_1_101' title='bbox 964 1382 1187 1449; x_wconf 77' lang='lat' dir='ltr'><strong>agitant,</strong></span> <span class='ocrx_word' id='word_1_102' title='bbox 1222 1397 1321 1436; x_wconf 90' lang='lat' dir='ltr'><strong>nec</strong></span> <span class='ocrx_word' id='word_1_103' title='bbox 1361 1383 1574 1451; x_wconf 89' lang='lat' dir='ltr'><strong>quietos</strong></span> <span class='ocrx_word' id='word_1_104' title='bbox 1604 1399 1699 1438; x_wconf 91' lang='lat' dir='ltr'><strong>eos</strong></span> <span class='ocrx_word' id='word_1_105' title='bbox 1731 1399 1857 1453; x_wconf 90' lang='lat' dir='ltr'><strong>per-</strong></span> 
     </span>
    </p>
   </div>
   <div class='ocr_carea' id='block_1_15' title="bbox 269 1460 1853 1545">
    <p class='ocr_par' dir='ltr' id='par_1_15' title="bbox 269 1460 1853 1545">
     <span class='ocr_line' id='line_1_15' title="bbox 269 1460 1853 1545; baseline 0.013 -33"><span class='ocrx_word' id='word_1_106' title='bbox 269 1460 521 1529; x_wconf 90' lang='lat' dir='ltr'><strong>mittunt;</strong></span> <span class='ocrx_word' id='word_1_107' title='bbox 548 1465 660 1521; x_wconf 81' lang='lat' dir='ltr'><strong>sive</strong></span> <span class='ocrx_word' id='word_1_108' title='bbox 680 1469 821 1523; x_wconf 87' lang='lat' dir='ltr'><strong>enim</strong></span> <span class='ocrx_word' id='word_1_109' title='bbox 853 1471 905 1525; x_wconf 91' lang='lat' dir='ltr'><strong>in</strong></span> <span class='ocrx_word' id='word_1_110' title='bbox 929 1470 1132 1527; x_wconf 86' lang='lat' dir='ltr'><strong>divitiis</strong></span> <span class='ocrx_word' id='word_1_111' title='bbox 1152 1473 1283 1528; x_wconf 88' lang='lat' dir='ltr'><strong>velit</strong></span> <span class='ocrx_word' id='word_1_112' title='bbox 1306 1473 1465 1530; x_wconf 91' lang='lat' dir='ltr'><strong>homo</strong></span> <span class='ocrx_word' id='word_1_113' title='bbox 1494 1477 1853 1545; x_wconf 86' lang='lat' dir='ltr'><strong>requiescere,</strong></span> 
     </span>
    </p>
   </div>
   <div class='ocr_carea' id='block_1_16' title="bbox 267 1553 1855 1632">
    <p class='ocr_par' dir='ltr' id='par_1_16' title="bbox 267 1553 1855 1632">
     <span class='ocr_line' id='line_1_16' title="bbox 267 1553 1855 1632; baseline 0.011 -28"><span class='ocrx_word' id='word_1_114' title='bbox 267 1553 444 1623; x_wconf 88' lang='lat' dir='ltr'><strong>magis</strong></span> <span class='ocrx_word' id='word_1_115' title='bbox 462 1557 728 1625; x_wconf 87' lang='lat' dir='ltr'><strong>superbus</strong></span> <span class='ocrx_word' id='word_1_116' title='bbox 754 1561 986 1615; x_wconf 82' lang='lat' dir='ltr'><strong>efficitur</strong></span> <span class='ocrx_word' id='word_1_117' title='bbox 1010 1579 1169 1631; x_wconf 89' lang='lat' dir='ltr'><strong>quam</strong></span> <span class='ocrx_word' id='word_1_118' title='bbox 1195 1580 1440 1619; x_wconf 89' lang='lat' dir='ltr'><strong>securus.</strong></span> <span class='ocrx_word' id='word_1_119' title='bbox 1464 1565 1625 1632; x_wconf 82' lang='lat' dir='ltr'><strong>Vere,</strong></span> <span class='ocrx_word' id='word_1_120' title='bbox 1652 1566 1816 1622; x_wconf 87' lang='lat' dir='ltr'><strong>frater</strong></span> <span class='ocrx_word' id='word_1_121' title='bbox 1841 1585 1855 1621; x_wconf 88' lang='lat'><strong>:</strong></span> 
     </span>
    </p>
   </div>
   <div class='ocr_carea' id='block_1_17' title="bbox 266 1640 1859 1725">
    <p class='ocr_par' dir='ltr' id='par_1_17' title="bbox 266 1640 1859 1725">
     <span class='ocr_line' id='line_1_17' title="bbox 266 1640 1859 1725; baseline 0.013 -31"><span class='ocrx_word' id='word_1_122' title='bbox 266 1640 361 1696; x_wconf 83' lang='lat' dir='ltr'><strong>Illa</strong></span> <span class='ocrx_word' id='word_1_123' title='bbox 393 1660 582 1713; x_wconf 82' lang='lat' dir='ltr'><strong>magna</strong></span> <span class='ocrx_word' id='word_1_124' title='bbox 613 1662 666 1704; x_wconf 89' lang='lat' dir='ltr'><strong>et</strong></span> <span class='ocrx_word' id='word_1_125' title='bbox 696 1665 820 1705; x_wconf 85' lang='lat' dir='ltr'><strong>vera</strong></span> <span class='ocrx_word' id='word_1_126' title='bbox 851 1652 1125 1708; x_wconf 88' lang='lat' dir='ltr'><strong>beatitudo</strong></span> <span class='ocrx_word' id='word_1_127' title='bbox 1155 1664 1256 1720; x_wconf 91' lang='lat' dir='ltr'><strong>est,</strong></span> <span class='ocrx_word' id='word_1_128' title='bbox 1288 1671 1408 1725; x_wconf 62' lang='lat' dir='ltr'><strong>quae</strong></span> <span class='ocrx_word' id='word_1_129' title='bbox 1448 1657 1499 1711; x_wconf 91' lang='lat' dir='ltr'><strong>in</strong></span> <span class='ocrx_word' id='word_1_130' title='bbox 1544 1658 1720 1713; x_wconf 90' lang='lat' dir='ltr'><strong>futuro</strong></span> <span class='ocrx_word' id='word_1_131' title='bbox 1759 1674 1859 1714; x_wconf 80' lang='lat' dir='ltr'><strong>sae-</strong></span> 
     </span>
    </p>
   </div>
   <div class='ocr_carea' id='block_1_18' title="bbox 263 1736 1856 1811">
    <p class='ocr_par' dir='ltr' id='par_1_18' title="bbox 263 1736 1856 1811">
     <span class='ocr_line' id='line_1_18' title="bbox 263 1736 1856 1811; baseline 0.013 -23"><span class='ocrx_word' id='word_1_132' title='bbox 263 1736 388 1788; x_wconf 87' lang='lat' dir='ltr'><strong>culo</strong></span> <span class='ocrx_word' id='word_1_133' title='bbox 419 1741 618 1794; x_wconf 84' lang='lat' dir='ltr'><strong>sanctis</strong></span> <span class='ocrx_word' id='word_1_134' title='bbox 652 1743 1016 1811; x_wconf 88' lang='lat' dir='ltr'><strong>promittitur;</strong></span> <span class='ocrx_word' id='word_1_135' title='bbox 1049 1746 1226 1801; x_wconf 90' lang='lat' dir='ltr'><strong>omnia</strong></span> <span class='ocrx_word' id='word_1_136' title='bbox 1264 1763 1392 1802; x_wconf 82' lang='lat' dir='ltr'><strong>vero</strong></span> <span class='ocrx_word' id='word_1_137' title='bbox 1417 1750 1640 1804; x_wconf 90' lang='lat' dir='ltr'><strong>visibilia</strong></span> <span class='ocrx_word' id='word_1_138' title='bbox 1678 1760 1856 1807; x_wconf 89' lang='lat' dir='ltr'><strong>trans-</strong></span> 
     </span>
    </p>
   </div>
   <div class='ocr_carea' id='block_1_19' title="bbox 1961 549 3552 625">
    <p class='ocr_par' dir='ltr' id='par_1_19' title="bbox 1961 549 3552 625">
     <span class='ocr_line' id='line_1_19' title="bbox 1961 549 3552 625; baseline 0.006 -23"><span class='ocrx_word' id='word_1_139' title='bbox 1961 551 2101 619; x_wconf 90' lang='lat' dir='ltr'><strong>quod</strong></span> <span class='ocrx_word' id='word_1_140' title='bbox 2144 551 2380 607; x_wconf 66' lang='lat' dir='ltr'><strong>Ecclesia</strong></span> <span class='ocrx_word' id='word_1_141' title='bbox 2437 549 2556 618; x_wconf 67' lang='lat' dir='ltr'><strong>ejus</strong></span> <span class='ocrx_word' id='word_1_142' title='bbox 2605 565 2700 618; x_wconf 84' lang='lat' dir='ltr'><strong>per</strong></span> <span class='ocrx_word' id='word_1_143' title='bbox 2730 549 3033 606; x_wconf 78' lang='lat' dir='ltr'><strong>universum</strong></span> <span class='ocrx_word' id='word_1_144' title='bbox 3065 553 3250 610; x_wconf 87' lang='lat' dir='ltr'><strong>orbem</strong></span> <span class='ocrx_word' id='word_1_145' title='bbox 3292 564 3552 625; x_wconf 82' lang='lat' dir='ltr'><strong>terrarum</strong></span> 
     </span>
    </p>
   </div>
   <div class='ocr_carea' id='block_1_20' title="bbox 1960 642 3556 717">
    <p class='ocr_par' dir='ltr' id='par_1_20' title="bbox 1960 642 3556 717">
     <span class='ocr_line' id='line_1_20' title="bbox 1960 642 3556 717; baseline 0.005 -21"><span class='ocrx_word' id='word_1_146' title='bbox 1960 652 2106 696; x_wconf 85' lang='lat' dir='ltr'><strong>esset</strong></span> <span class='ocrx_word' id='word_1_147' title='bbox 2149 642 2351 711; x_wconf 85' lang='lat' dir='ltr'><strong>futura,</strong></span> <span class='ocrx_word' id='word_1_148' title='bbox 2384 657 2481 712; x_wconf 85' lang='lat' dir='ltr'><strong>per</strong></span> <span class='ocrx_word' id='word_1_149' title='bbox 2522 651 2832 696; x_wconf 89' lang='lat' dir='ltr'><strong>sanctorum</strong></span> <span class='ocrx_word' id='word_1_150' title='bbox 2871 645 3121 715; x_wconf 87' lang='lat' dir='ltr'><strong>martyria</strong></span> <span class='ocrx_word' id='word_1_151' title='bbox 3172 645 3556 717; x_wconf 79' lang='lat' dir='ltr'><strong>passinnesque</strong></span> 
     </span>
    </p>
   </div>
   <div class='ocr_carea' id='block_1_21' title="bbox 1923 727 3556 806">
    <p class='ocr_par' dir='ltr' id='par_1_21' title="bbox 1923 727 3556 806">
     <span class='ocr_line' id='line_1_21' title="bbox 1923 727 3556 806; baseline 0.002 -18"><span class='ocrx_word' id='word_1_152' title='bbox 1923 727 1928 748; x_wconf 83' lang='lat'><strong><em>’</em></strong></span> <span class='ocrx_word' id='word_1_153' title='bbox 1960 733 2330 804; x_wconf 78' lang='lat' dir='ltr'><strong>disseminata,</strong></span> <span class='ocrx_word' id='word_1_154' title='bbox 2363 745 2418 790; x_wconf 92' lang='lat' dir='ltr'><strong>et</strong></span> <span class='ocrx_word' id='word_1_155' title='bbox 2451 743 2579 789; x_wconf 88' lang='lat' dir='ltr'><strong>tunc</strong></span> <span class='ocrx_word' id='word_1_156' title='bbox 2628 734 2963 803; x_wconf 72' lang='lat' dir='ltr'><strong>prtedictum,</strong></span> <span class='ocrx_word' id='word_1_157' title='bbox 2994 736 3211 806; x_wconf 88' lang='lat' dir='ltr'><strong>quando</strong></span> <span class='ocrx_word' id='word_1_158' title='bbox 3248 739 3424 795; x_wconf 86' lang='lat' dir='ltr'><strong>adhuc</strong></span> <span class='ocrx_word' id='word_1_159' title='bbox 3453 753 3556 793; x_wconf 65' lang='lat' dir='ltr'><strong>ne.</strong></span> 
     </span>
    </p>
   </div>
   <div class='ocr_carea' id='block_1_22' title="bbox 1963 826 3555 896">
    <p class='ocr_par' dir='ltr' id='par_1_22' title="bbox 1963 826 3555 896">
     <span class='ocr_line' id='line_1_22' title="bbox 1963 826 3555 896; baseline 0.004 -17"><span class='ocrx_word' id='word_1_160' title='bbox 1963 841 2084 880; x_wconf 89' lang='lat' dir='ltr'><strong>men</strong></span> <span class='ocrx_word' id='word_1_161' title='bbox 2121 826 2238 896; x_wconf 88' lang='lat' dir='ltr'><strong>ejus</strong></span> <span class='ocrx_word' id='word_1_162' title='bbox 2277 837 2333 882; x_wconf 90' lang='lat' dir='ltr'><strong>et</strong></span> <span class='ocrx_word' id='word_1_163' title='bbox 2362 827 2570 881; x_wconf 81' lang='lat' dir='ltr'><strong>latebat</strong></span> <span class='ocrx_word' id='word_1_164' title='bbox 2597 835 2806 896; x_wconf 86' lang='lat' dir='ltr'><strong>gentes,</strong></span> <span class='ocrx_word' id='word_1_165' title='bbox 2836 835 2891 881; x_wconf 90' lang='lat' dir='ltr'><strong>et</strong></span> <span class='ocrx_word' id='word_1_166' title='bbox 2918 826 3006 881; x_wconf 92' lang='lat' dir='ltr'><strong>uhi</strong></span> <span class='ocrx_word' id='word_1_167' title='bbox 3037 837 3221 883; x_wconf 90' lang='lat' dir='ltr'><strong>notum</strong></span> <span class='ocrx_word' id='word_1_168' title='bbox 3253 839 3371 888; x_wconf 87' lang='lat' dir='ltr'><strong>erat</strong></span> <span class='ocrx_word' id='word_1_169' title='bbox 3398 831 3555 896; x_wconf 81' lang='lat' dir='ltr'><strong>ride-</strong></span> 
     </span>
    </p>
   </div>
   <div class='ocr_carea' id='block_1_23' title="bbox 1963 915 3554 991">
    <p class='ocr_par' dir='ltr' id='par_1_23' title="bbox 1963 915 3554 991">
     <span class='ocr_line' id='line_1_23' title="bbox 1963 915 3554 991; baseline 0.006 -21"><span class='ocrx_word' id='word_1_170' title='bbox 1963 917 2136 985; x_wconf 87' lang='lat' dir='ltr'><strong>batur,</strong></span> <span class='ocrx_word' id='word_1_171' title='bbox 2166 928 2220 974; x_wconf 92' lang='lat' dir='ltr'><strong>et</strong></span> <span class='ocrx_word' id='word_1_172' title='bbox 2247 928 2426 975; x_wconf 92' lang='lat' dir='ltr'><strong>tamen</strong></span> <span class='ocrx_word' id='word_1_173' title='bbox 2457 915 2509 974; x_wconf 80' lang='lat' dir='ltr'><strong>iti</strong></span> <span class='ocrx_word' id='word_1_174' title='bbox 2540 920 2827 974; x_wconf 88' lang='lat' dir='ltr'><strong>virtutibus</strong></span> <span class='ocrx_word' id='word_1_175' title='bbox 2860 920 3239 976; x_wconf 82' lang='lat' dir='ltr'><strong>miraculorum</strong></span> <span class='ocrx_word' id='word_1_176' title='bbox 3265 923 3402 991; x_wconf 86' lang='lat' dir='ltr'><strong>ejus,</strong></span> <span class='ocrx_word' id='word_1_177' title='bbox 3438 923 3554 979; x_wconf 83' lang='lat' dir='ltr'><strong>sive</strong></span> 
     </span>
    </p>
   </div>
   <div class='ocr_carea' id='block_1_24' title="bbox 1961 1010 3550 1084">
    <p class='ocr_par' dir='ltr' id='par_1_24' title="bbox 1961 1010 3550 1084">
     <span class='ocr_line' id='line_1_24' title="bbox 1961 1010 3550 1084; baseline 0.006 -24"><span class='ocrx_word' id='word_1_178' title='bbox 1961 1024 2079 1074; x_wconf 60' lang='lat' dir='ltr'><strong>quae</strong></span> <span class='ocrx_word' id='word_1_179' title='bbox 2107 1026 2198 1078; x_wconf 89' lang='lat' dir='ltr'><strong>per</strong></span> <span class='ocrx_word' id='word_1_180' title='bbox 2227 1027 2288 1067; x_wconf 91' lang='lat' dir='ltr'><strong>se</strong></span> <span class='ocrx_word' id='word_1_181' title='bbox 2313 1010 2450 1081; x_wconf 86' lang='lat' dir='ltr'><strong>ipse,</strong></span> <span class='ocrx_word' id='word_1_182' title='bbox 2479 1013 2597 1066; x_wconf 86' lang='lat' dir='ltr'><strong>sive</strong></span> <span class='ocrx_word' id='word_1_183' title='bbox 2621 1026 2738 1081; x_wconf 79' lang='lat' dir='ltr'><strong>quae</strong></span> <span class='ocrx_word' id='word_1_184' title='bbox 2765 1026 2862 1080; x_wconf 91' lang='lat' dir='ltr'><strong>per</strong></span> <span class='ocrx_word' id='word_1_185' title='bbox 2884 1025 3072 1072; x_wconf 77' lang='lat' dir='ltr'><strong>servos</strong></span> <span class='ocrx_word' id='word_1_186' title='bbox 3096 1027 3223 1068; x_wconf 85' lang='lat' dir='ltr'><strong>suos</strong></span> <span class='ocrx_word' id='word_1_187' title='bbox 3254 1013 3394 1084; x_wconf 87' lang='lat' dir='ltr'><strong>fecit,</strong></span> <span class='ocrx_word' id='word_1_188' title='bbox 3421 1015 3550 1070; x_wconf 88' lang='lat' dir='ltr'><strong>dum</strong></span> 
     </span>
    </p>
   </div>
   <div class='ocr_carea' id='block_1_25' title="bbox 1962 1101 3552 1177">
    <p class='ocr_par' dir='ltr' id='par_1_25' title="bbox 1962 1101 3552 1177">
     <span class='ocr_line' id='line_1_25' title="bbox 1962 1101 3552 1177; baseline 0.005 -24"><span class='ocrx_word' id='word_1_189' title='bbox 1962 1102 2343 1157; x_wconf 88' lang='lat' dir='ltr'><strong>annuntiantur</strong></span> <span class='ocrx_word' id='word_1_190' title='bbox 2389 1102 2504 1158; x_wconf 69' lang='lat' dir='ltr'><strong>hmc</strong></span> <span class='ocrx_word' id='word_1_191' title='bbox 2534 1112 2586 1158; x_wconf 87' lang='lat' dir='ltr'><strong>et</strong></span> <span class='ocrx_word' id='word_1_192' title='bbox 2619 1101 2932 1161; x_wconf 84' lang='lat' dir='ltr'><strong>creduntur.</strong></span> <span class='ocrx_word' id='word_1_193' title='bbox 2965 1101 3084 1158; x_wconf 73' lang='lat' dir='ltr'><strong>lam</strong></span> <span class='ocrx_word' id='word_1_194' title='bbox 3105 1171 3111 1174; x_wconf 23' lang='lat'><strong><em>.</em></strong></span> <span class='ocrx_word' id='word_1_195' title='bbox 3133 1103 3379 1162; x_wconf 83' lang='lat' dir='ltr'><strong>videmus</strong></span> <span class='ocrx_word' id='word_1_196' title='bbox 3408 1107 3552 1177; x_wconf 88' lang='lat' dir='ltr'><strong>quod</strong></span> 
     </span>
    </p>
   </div>
   <div class='ocr_carea' id='block_1_26' title="bbox 1962 1192 3551 1266">
    <p class='ocr_par' dir='ltr' id='par_1_26' title="bbox 1962 1192 3551 1266">
     <span class='ocr_line' id='line_1_26' title="bbox 1962 1192 3551 1266; baseline 0.008 -22"><span class='ocrx_word' id='word_1_197' title='bbox 1962 1192 2277 1261; x_wconf 66' lang='lat' dir='ltr'><strong>praedictum</strong></span> <span class='ocrx_word' id='word_1_198' title='bbox 2297 1204 2378 1249; x_wconf 89' lang='lat' dir='ltr'><strong>est</strong></span> <span class='ocrx_word' id='word_1_199' title='bbox 2397 1209 2520 1250; x_wconf 86' lang='lat' dir='ltr'><strong>esse</strong></span> <span class='ocrx_word' id='word_1_200' title='bbox 2540 1193 2891 1264; x_wconf 89' lang='lat' dir='ltr'><strong>completum,</strong></span> <span class='ocrx_word' id='word_1_201' title='bbox 2921 1209 3182 1265; x_wconf 78' lang='lat' dir='ltr'><strong>regesque</strong></span> <span class='ocrx_word' id='word_1_202' title='bbox 3207 1195 3352 1266; x_wconf 89' lang='lat' dir='ltr'><strong>ipsos</strong></span> <span class='ocrx_word' id='word_1_203' title='bbox 3373 1205 3551 1263; x_wconf 50' lang='lat' dir='ltr'><strong>terra»</strong></span> 
     </span>
    </p>
   </div>
   <div class='ocr_carea' id='block_1_27' title="bbox 1959 1283 3551 1356">
    <p class='ocr_par' dir='ltr' id='par_1_27' title="bbox 1959 1283 3551 1356">
     <span class='ocr_line' id='line_1_27' title="bbox 1959 1283 3551 1356; baseline -0.001 -19"><span class='ocrx_word' id='word_1_204' title='bbox 1959 1283 2049 1352; x_wconf 89' lang='lat' dir='ltr'><strong>qui</strong></span> <span class='ocrx_word' id='word_1_205' title='bbox 2095 1291 2250 1338; x_wconf 89' lang='lat' dir='ltr'><strong>antea</strong></span> <span class='ocrx_word' id='word_1_206' title='bbox 2298 1286 2766 1355; x_wconf 79' lang='lat' dir='ltr'><strong>persequebantur</strong></span> <span class='ocrx_word' id='word_1_207' title='bbox 2803 1283 3161 1351; x_wconf 87' lang='lat' dir='ltr'><strong>Christianos,</strong></span> <span class='ocrx_word' id='word_1_208' title='bbox 3201 1285 3313 1356; x_wconf 86' lang='lat' dir='ltr'><strong>jam</strong></span> <span class='ocrx_word' id='word_1_209' title='bbox 3353 1286 3551 1342; x_wconf 81' lang='lat' dir='ltr'><strong>Christi</strong></span> 
     </span>
    </p>
   </div>
   <div class='ocr_carea' id='block_1_28' title="bbox 1962 1375 3582 1449">
    <p class='ocr_par' dir='ltr' id='par_1_28' title="bbox 1962 1375 3582 1449">
     <span class='ocr_line' id='line_1_28' title="bbox 1962 1375 3582 1449; baseline 0.004 -20"><span class='ocrx_word' id='word_1_210' title='bbox 1962 1375 2182 1430; x_wconf 90' lang='lat' dir='ltr'><strong>nomine</strong></span> <span class='ocrx_word' id='word_1_211' title='bbox 2242 1375 2576 1447; x_wconf 86' lang='lat' dir='ltr'><strong>subjugatos.</strong></span> <span class='ocrx_word' id='word_1_212' title='bbox 2636 1376 2957 1433; x_wconf 67' lang='lat' dir='ltr'><strong>Praedictum</strong></span> <span class='ocrx_word' id='word_1_213' title='bbox 3021 1385 3102 1432; x_wconf 90' lang='lat' dir='ltr'><strong>est</strong></span> <span class='ocrx_word' id='word_1_214' title='bbox 3151 1377 3359 1440; x_wconf 88' lang='lat' dir='ltr'><strong>etiam.</strong></span> <span class='ocrx_word' id='word_1_215' title='bbox 3412 1377 3582 1449; x_wconf 54' lang='lat' dir='ltr'><strong>quod,</strong></span> 
     </span>
    </p>
   </div>
   <div class='ocr_carea' id='block_1_29' title="bbox 1960 1466 3570 1538">
    <p class='ocr_par' dir='ltr' id='par_1_29' title="bbox 1960 1466 3570 1538">
     <span class='ocr_line' id='line_1_29' title="bbox 1960 1466 3570 1538; baseline 0.002 -17"><span class='ocrx_word' id='word_1_216' title='bbox 1960 1466 2249 1522; x_wconf 82' lang='lat' dir='ltr'><strong>schismata</strong></span> <span class='ocrx_word' id='word_1_217' title='bbox 2273 1477 2327 1523; x_wconf 92' lang='lat' dir='ltr'><strong>et</strong></span> <span class='ocrx_word' id='word_1_218' title='bbox 2350 1469 2585 1523; x_wconf 57' lang='lat' dir='ltr'><strong>haereses</strong></span> <span class='ocrx_word' id='word_1_219' title='bbox 2607 1484 2672 1525; x_wconf 83' lang='lat' dir='ltr'><strong>ex</strong></span> <span class='ocrx_word' id='word_1_220' title='bbox 2695 1467 2812 1538; x_wconf 77' lang='lat' dir='ltr'><strong>ejus</strong></span> <span class='ocrx_word' id='word_1_221' title='bbox 2838 1467 3073 1524; x_wconf 81' lang='lat' dir='ltr'><strong>Ecclesia</strong></span> <span class='ocrx_word' id='word_1_222' title='bbox 3102 1478 3282 1525; x_wconf 87' lang='lat' dir='ltr'><strong>essent</strong></span> <span class='ocrx_word' id='word_1_223' title='bbox 3305 1469 3570 1531; x_wconf 64' lang='lat' dir='ltr'><strong>exiturae,</strong></span> 
     </span>
    </p>
   </div>
   <div class='ocr_carea' id='block_1_30' title="bbox 1960 1559 3577 1632">
    <p class='ocr_par' dir='ltr' id='par_1_30' title="bbox 1960 1559 3577 1632">
     <span class='ocr_line' id='line_1_30' title="bbox 1960 1559 3577 1632; baseline 0.002 -20"><span class='ocrx_word' id='word_1_224' title='bbox 1960 1567 2016 1613; x_wconf 86' lang='lat' dir='ltr'><strong>et</strong></span> <span class='ocrx_word' id='word_1_225' title='bbox 2046 1559 2145 1612; x_wconf 88' lang='lat' dir='ltr'><strong>sub</strong></span> <span class='ocrx_word' id='word_1_226' title='bbox 2173 1559 2290 1628; x_wconf 85' lang='lat' dir='ltr'><strong>ejus</strong></span> <span class='ocrx_word' id='word_1_227' title='bbox 2332 1559 2549 1614; x_wconf 91' lang='lat' dir='ltr'><strong>nomine</strong></span> <span class='ocrx_word' id='word_1_228' title='bbox 2588 1575 2686 1631; x_wconf 87' lang='lat' dir='ltr'><strong>per</strong></span> <span class='ocrx_word' id='word_1_229' title='bbox 2715 1561 2831 1615; x_wconf 90' lang='lat' dir='ltr'><strong>loca</strong></span> <span class='ocrx_word' id='word_1_230' title='bbox 2862 1560 2948 1615; x_wconf 92' lang='lat' dir='ltr'><strong>ubi</strong></span> <span class='ocrx_word' id='word_1_231' title='bbox 2974 1571 3214 1632; x_wconf 87' lang='lat' dir='ltr'><strong>possent,</strong></span> <span class='ocrx_word' id='word_1_232' title='bbox 3246 1576 3423 1632; x_wconf 73' lang='lat' dir='ltr'><strong>suam,</strong></span> <span class='ocrx_word' id='word_1_233' title='bbox 3448 1575 3577 1618; x_wconf 70' lang='lat' dir='ltr'><strong>non.</strong></span> 
     </span>
    </p>
   </div>
   <div class='ocr_carea' id='block_1_31' title="bbox 1961 1650 3599 1724">
    <p class='ocr_par' dir='ltr' id='par_1_31' title="bbox 1961 1650 3599 1724">
     <span class='ocr_line' id='line_1_31' title="bbox 1961 1650 3599 1724; baseline 0 -18"><span class='ocrx_word' id='word_1_234' title='bbox 1961 1650 2162 1706; x_wconf 85' lang='lat' dir='ltr'><strong>Christi</strong></span> <span class='ocrx_word' id='word_1_235' title='bbox 2206 1652 2429 1722; x_wconf 78' lang='lat' dir='ltr'><strong>gloriam</strong></span> <span class='ocrx_word' id='word_1_236' title='bbox 2464 1652 2792 1721; x_wconf 70' lang='lat' dir='ltr'><strong>qumsiturat,</strong></span> <span class='ocrx_word' id='word_1_237' title='bbox 2846 1660 2901 1708; x_wconf 89' lang='lat' dir='ltr'><strong>et</strong></span> <span class='ocrx_word' id='word_1_238' title='bbox 2955 1653 3055 1707; x_wconf 88' lang='lat' dir='ltr'><strong>ista</strong></span> <span class='ocrx_word' id='word_1_239' title='bbox 3102 1654 3366 1724; x_wconf 87' lang='lat' dir='ltr'><strong>completa</strong></span> <span class='ocrx_word' id='word_1_240' title='bbox 3406 1661 3553 1715; x_wconf 88' lang='lat' dir='ltr'><strong>sunt.</strong></span> <span class='ocrx_word' id='word_1_241' title='bbox 3585 1683 3599 1696; x_wconf 63' lang='grc' dir='ltr'>κ</span> 
     </span>
    </p>
   </div>
   <div class='ocr_carea' id='block_1_32' title="bbox 1962 1742 3558 1813">
    <p class='ocr_par' dir='ltr' id='par_1_32' title="bbox 1962 1742 3558 1813">
     <span class='ocr_line' id='line_1_32' title="bbox 1962 1742 3558 1813; baseline 0.001 -16"><span class='ocrx_word' id='word_1_242' title='bbox 1962 1742 2210 1812; x_wconf 84' lang='lat' dir='ltr'><strong>Nunquid</strong></span> <span class='ocrx_word' id='word_1_243' title='bbox 2248 1758 2390 1812; x_wconf 82' lang='lat' dir='ltr'><strong>ergo</strong></span> <span class='ocrx_word' id='word_1_244' title='bbox 2438 1742 2526 1798; x_wconf 88' lang='lat' dir='ltr'><strong>illa</strong></span> <span class='ocrx_word' id='word_1_245' title='bbox 2558 1759 2679 1813; x_wconf 64' lang='lat' dir='ltr'><strong>qum</strong></span> <span class='ocrx_word' id='word_1_246' title='bbox 2730 1753 2936 1799; x_wconf 87' lang='lat' dir='ltr'><strong>restant</strong></span> <span class='ocrx_word' id='word_1_247' title='bbox 2977 1759 3084 1800; x_wconf 90' lang='lat' dir='ltr'><strong>non</strong></span> <span class='ocrx_word' id='word_1_248' title='bbox 3139 1754 3264 1801; x_wconf 89' lang='lat' dir='ltr'><strong>sunt</strong></span> <span class='ocrx_word' id='word_1_249' title='bbox 3293 1743 3558 1802; x_wconf 72' lang='lat' dir='ltr'><strong>ventura?</strong></span> 
     </span>
    </p>
   </div>
   <div class='ocr_carea' id='block_1_33' title="bbox 263 1832 3561 1910">
    <p class='ocr_par' dir='ltr' id='par_1_33' title="bbox 263 1832 3561 1910">
     <span class='ocr_line' id='line_1_33' title="bbox 263 1832 3561 1910; baseline 0.003 -28"><span class='ocrx_word' id='word_1_250' title='bbox 263 1839 416 1893; x_wconf 87' lang='lat' dir='ltr'><strong>eunt,</strong></span> <span class='ocrx_word' id='word_1_251' title='bbox 459 1840 512 1885; x_wconf 89' lang='lat' dir='ltr'><strong>et</strong></span> <span class='ocrx_word' id='word_1_252' title='bbox 559 1834 733 1888; x_wconf 90' lang='lat' dir='ltr'><strong>omnis</strong></span> <span class='ocrx_word' id='word_1_253' title='bbox 765 1833 922 1905; x_wconf 88' lang='lat' dir='ltr'><strong>hujus</strong></span> <span class='ocrx_word' id='word_1_254' title='bbox 972 1839 1153 1894; x_wconf 59' lang='lat' dir='ltr'><strong>saeculi</strong></span> <span class='ocrx_word' id='word_1_255' title='bbox 1201 1855 1395 1910; x_wconf 86' lang='lat' dir='ltr'><strong>pompa</strong></span> <span class='ocrx_word' id='word_1_256' title='bbox 1443 1850 1498 1898; x_wconf 87' lang='lat' dir='ltr'><strong>et</strong></span> <span class='ocrx_word' id='word_1_257' title='bbox 1548 1844 1774 1910; x_wconf 46' lang='lat' dir='ltr'><strong>delicia,</strong></span> <span class='ocrx_word' id='word_1_258' title='bbox 1804 1853 1860 1900; x_wconf 73' lang='grc' dir='ltr'>ει</span> <span class='ocrx_word' id='word_1_259' title='bbox 1894 1832 1932 1889; x_wconf 84' lang='lat' dir='ltr'><strong>B</strong></span> <span class='ocrx_word' id='word_1_260' title='bbox 1974 1837 2313 1893; x_wconf 83' lang='lat' dir='ltr'><strong>Manifestum</strong></span> <span class='ocrx_word' id='word_1_261' title='bbox 2348 1844 2453 1903; x_wconf 88' lang='lat' dir='ltr'><strong>est,</strong></span> <span class='ocrx_word' id='word_1_262' title='bbox 2483 1838 2607 1907; x_wconf 90' lang='lat' dir='ltr'><strong>quia</strong></span> <span class='ocrx_word' id='word_1_263' title='bbox 2653 1837 2794 1892; x_wconf 84' lang='lat' dir='ltr'><strong>sicut</strong></span> <span class='ocrx_word' id='word_1_264' title='bbox 2833 1838 2932 1894; x_wconf 89' lang='lat' dir='ltr'><strong>ista</strong></span> <span class='ocrx_word' id='word_1_265' title='bbox 2979 1838 3230 1910; x_wconf 85' lang='lat' dir='ltr'><strong>praedicta</strong></span> <span class='ocrx_word' id='word_1_266' title='bbox 3271 1851 3561 1904; x_wconf 75' lang='lat' dir='ltr'><strong>venerunt.</strong></span> 
     </span>
    </p>
   </div>
   <div class='ocr_carea' id='block_1_34' title="bbox 264 1921 1855 1994">
    <p class='ocr_par' dir='ltr' id='par_1_34' title="bbox 264 1921 1855 1994">
     <span class='ocr_line' id='line_1_34' title="bbox 264 1921 1855 1994; baseline 0.013 -22"><span class='ocrx_word' id='word_1_267' title='bbox 264 1921 577 1990; x_wconf 86' lang='lat' dir='ltr'><strong>curiositas,</strong></span> <span class='ocrx_word' id='word_1_268' title='bbox 627 1925 950 1994; x_wconf 88' lang='lat' dir='ltr'><strong>interibunt;</strong></span> <span class='ocrx_word' id='word_1_269' title='bbox 997 1939 1052 1985; x_wconf 88' lang='lat' dir='ltr'><strong>et</strong></span> <span class='ocrx_word' id='word_1_270' title='bbox 1099 1946 1282 1994; x_wconf 82' lang='lat' dir='ltr'><strong>secum</strong></span> <span class='ocrx_word' id='word_1_271' title='bbox 1328 1934 1395 1988; x_wconf 90' lang='lat' dir='ltr'><strong>ad</strong></span> <span class='ocrx_word' id='word_1_272' title='bbox 1435 1934 1712 1991; x_wconf 89' lang='lat' dir='ltr'><strong>interitum</strong></span> <span class='ocrx_word' id='word_1_273' title='bbox 1744 1945 1855 1992; x_wconf 84' lang='lat' dir='ltr'><strong>tra-</strong></span> 
     </span>
    </p>
   </div>
   <div class='ocr_carea' id='block_1_35' title="bbox 266 2011 1859 2097">
    <p class='ocr_par' dir='ltr' id='par_1_35' title="bbox 266 2011 1859 2097">
     <span class='ocr_line' id='line_1_35' title="bbox 266 2011 1859 2097; baseline 0.014 -33"><span class='ocrx_word' id='word_1_274' title='bbox 266 2011 403 2067; x_wconf 86' lang='lat' dir='ltr'><strong>hunt</strong></span> <span class='ocrx_word' id='word_1_275' title='bbox 429 2028 697 2073; x_wconf 84' lang='lat' dir='ltr'><strong>amatores</strong></span> <span class='ocrx_word' id='word_1_276' title='bbox 726 2035 873 2087; x_wconf 89' lang='lat' dir='ltr'><strong>suos,</strong></span> <span class='ocrx_word' id='word_1_277' title='bbox 916 2039 947 2077; x_wconf 87' lang='lat' dir='ltr'><strong>a</strong></span> <span class='ocrx_word' id='word_1_278' title='bbox 992 2039 1100 2094; x_wconf 92' lang='lat' dir='ltr'><strong>quo</strong></span> <span class='ocrx_word' id='word_1_279' title='bbox 1130 2025 1370 2092; x_wconf 90' lang='lat' dir='ltr'><strong>interitu,</strong></span> <span class='ocrx_word' id='word_1_280' title='bbox 1419 2030 1520 2084; x_wconf 88' lang='lat' dir='ltr'><strong>hoc</strong></span> <span class='ocrx_word' id='word_1_281' title='bbox 1563 2038 1647 2086; x_wconf 91' lang='lat' dir='ltr'><strong>est</strong></span> <span class='ocrx_word' id='word_1_282' title='bbox 1687 2033 1859 2097; x_wconf 69' lang='lat' dir='ltr'><strong>poenis</strong></span> 
     </span>
    </p>
   </div>
   <div class='ocr_carea' id='block_1_36' title="bbox 264 2107 1865 2181">
    <p class='ocr_par' dir='ltr' id='par_1_36' title="bbox 264 2107 1865 2181">
     <span class='ocr_line' id='line_1_36' title="bbox 264 2107 1865 2181; baseline 0.015 -26"><span class='ocrx_word' id='word_1_283' title='bbox 264 2107 642 2174; x_wconf 82' lang='lat' dir='ltr'><strong>sempiternis,</strong></span> <span class='ocrx_word' id='word_1_284' title='bbox 682 2110 824 2166; x_wconf 87' lang='lat' dir='ltr'><strong>Deus</strong></span> <span class='ocrx_word' id='word_1_285' title='bbox 863 2114 1192 2181; x_wconf 86' lang='lat' dir='ltr'><strong>misericors,</strong></span> <span class='ocrx_word' id='word_1_286' title='bbox 1226 2121 1414 2175; x_wconf 81' lang='lat' dir='ltr'><strong>volens</strong></span> <span class='ocrx_word' id='word_1_287' title='bbox 1445 2119 1691 2177; x_wconf 87' lang='lat' dir='ltr'><strong>homines</strong></span> <span class='ocrx_word' id='word_1_288' title='bbox 1728 2107 1865 2180; x_wconf 46' lang='lat' dir='ltr'><strong>iibe‘</strong></span> 
     </span>
    </p>
   </div>
   <div class='ocr_carea' id='block_1_37' title="bbox 267 2200 1859 2279">
    <p class='ocr_par' dir='ltr' id='par_1_37' title="bbox 267 2200 1859 2279">
     <span class='ocr_line' id='line_1_37' title="bbox 267 2200 1859 2279; baseline 0.012 -32"><span class='ocrx_word' id='word_1_289' title='bbox 267 2210 413 2262; x_wconf 89' lang='lat' dir='ltr'><strong>rare,</strong></span> <span class='ocrx_word' id='word_1_290' title='bbox 447 2200 493 2254; x_wconf 89' lang='lat' dir='ltr'><strong>si</strong></span> <span class='ocrx_word' id='word_1_291' title='bbox 524 2202 628 2256; x_wconf 73' lang='lat' dir='ltr'><strong>sibi</strong></span> <span class='ocrx_word' id='word_1_292' title='bbox 674 2204 772 2273; x_wconf 88' lang='lat' dir='ltr'><strong>ipsi</strong></span> <span class='ocrx_word' id='word_1_293' title='bbox 805 2222 908 2259; x_wconf 88' lang='lat' dir='ltr'><strong>non</strong></span> <span class='ocrx_word' id='word_1_294' title='bbox 952 2209 1060 2262; x_wconf 82' lang='lat' dir='ltr'><strong>sint</strong></span> <span class='ocrx_word' id='word_1_295' title='bbox 1107 2210 1332 2279; x_wconf 85' lang='lat' dir='ltr'><strong>inimici,</strong></span> <span class='ocrx_word' id='word_1_296' title='bbox 1384 2224 1435 2269; x_wconf 90' lang='lat' dir='ltr'><strong>et</strong></span> <span class='ocrx_word' id='word_1_297' title='bbox 1467 2230 1573 2269; x_wconf 89' lang='lat' dir='ltr'><strong>non</strong></span> <span class='ocrx_word' id='word_1_298' title='bbox 1607 2217 1859 2271; x_wconf 87' lang='lat' dir='ltr'><strong>resistant</strong></span> 
     </span>
    </p>
   </div>
   <div class='ocr_carea' id='block_1_38' title="bbox 270 2287 1853 2375">
    <p class='ocr_par' dir='ltr' id='par_1_38' title="bbox 270 2287 1853 2375">
     <span class='ocr_line' id='line_1_38' title="bbox 270 2287 1853 2375; baseline 0.013 -34"><span class='ocrx_word' id='word_1_299' title='bbox 270 2287 657 2348; x_wconf 60' lang='lat' dir='ltr'><strong>misericordia!</strong></span> <span class='ocrx_word' id='word_1_300' title='bbox 687 2297 958 2352; x_wconf 82' lang='lat' dir='ltr'><strong>Creatoris</strong></span> <span class='ocrx_word' id='word_1_301' title='bbox 989 2299 1096 2366; x_wconf 88' lang='lat' dir='ltr'><strong>sui,</strong></span> <span class='ocrx_word' id='word_1_302' title='bbox 1126 2303 1273 2356; x_wconf 89' lang='lat' dir='ltr'><strong>misit</strong></span> <span class='ocrx_word' id='word_1_303' title='bbox 1302 2305 1631 2375; x_wconf 81' lang='lat' dir='ltr'><strong>unigenitum</strong></span> <span class='ocrx_word' id='word_1_304' title='bbox 1663 2308 1853 2362; x_wconf 85' lang='lat' dir='ltr'><strong>Filium</strong></span> 
     </span>
    </p>
   </div>
   <div class='ocr_carea' id='block_1_39' title="bbox 271 2385 1857 2470">
    <p class='ocr_par' dir='ltr' id='par_1_39' title="bbox 271 2385 1857 2470">
     <span class='ocr_line' id='line_1_39' title="bbox 271 2385 1857 2470; baseline 0.012 -34"><span class='ocrx_word' id='word_1_305' title='bbox 271 2396 449 2451; x_wconf 91' lang='lat' dir='ltr'><strong>suum,</strong></span> <span class='ocrx_word' id='word_1_306' title='bbox 499 2385 603 2442; x_wconf 92' lang='lat' dir='ltr'><strong>hoc</strong></span> <span class='ocrx_word' id='word_1_307' title='bbox 646 2399 748 2454; x_wconf 88' lang='lat' dir='ltr'><strong>est,</strong></span> <span class='ocrx_word' id='word_1_308' title='bbox 802 2390 1031 2445; x_wconf 85' lang='lat' dir='ltr'><strong>Verbum</strong></span> <span class='ocrx_word' id='word_1_309' title='bbox 1098 2408 1272 2458; x_wconf 88' lang='lat' dir='ltr'><strong>suum,</strong></span> <span class='ocrx_word' id='word_1_310' title='bbox 1327 2398 1533 2465; x_wconf 84' lang='lat' dir='ltr'><strong>aequale</strong></span> <span class='ocrx_word' id='word_1_311' title='bbox 1585 2397 1710 2468; x_wconf 90' lang='lat' dir='ltr'><strong>sibi,</strong></span> <span class='ocrx_word' id='word_1_312' title='bbox 1765 2415 1857 2470; x_wconf 90' lang='lat' dir='ltr'><strong>per</strong></span> 
     </span>
    </p>
   </div>
   <div class='ocr_carea' id='block_1_40' title="bbox 269 2477 1854 2560">
    <p class='ocr_par' dir='ltr' id='par_1_40' title="bbox 269 2477 1854 2560">
     <span class='ocr_line' id='line_1_40' title="bbox 269 2477 1854 2560; baseline 0.015 -32"><span class='ocrx_word' id='word_1_313' title='bbox 269 2477 414 2545; x_wconf 90' lang='lat' dir='ltr'><strong>quod</strong></span> <span class='ocrx_word' id='word_1_314' title='bbox 460 2480 697 2536; x_wconf 91' lang='lat' dir='ltr'><strong>condidit</strong></span> <span class='ocrx_word' id='word_1_315' title='bbox 750 2485 947 2538; x_wconf 82' lang='lat' dir='ltr'><strong>omnia.</strong></span> <span class='ocrx_word' id='word_1_316' title='bbox 1010 2487 1074 2542; x_wconf 91' lang='lat' dir='ltr'><strong>Et</strong></span> <span class='ocrx_word' id='word_1_317' title='bbox 1114 2503 1338 2544; x_wconf 88' lang='lat' dir='ltr'><strong>manens</strong></span> <span class='ocrx_word' id='word_1_318' title='bbox 1390 2491 1607 2560; x_wconf 87' lang='lat' dir='ltr'><strong>quidem</strong></span> <span class='ocrx_word' id='word_1_319' title='bbox 1665 2494 1717 2548; x_wconf 91' lang='lat' dir='ltr'><strong>in</strong></span> <span class='ocrx_word' id='word_1_320' title='bbox 1760 2511 1854 2550; x_wconf 89' lang='lat' dir='ltr'><strong>sua</strong></span> 
     </span>
    </p>
   </div>
   <div class='ocr_carea' id='block_1_41' title="bbox 269 2567 1863 2656">
    <p class='ocr_par' dir='ltr' id='par_1_41' title="bbox 269 2567 1863 2656">
     <span class='ocr_line' id='line_1_41' title="bbox 269 2567 1863 2656; baseline 0.012 -34"><span class='ocrx_word' id='word_1_321' title='bbox 269 2567 575 2637; x_wconf 83' lang='lat' dir='ltr'><strong>divinitate,</strong></span> <span class='ocrx_word' id='word_1_322' title='bbox 621 2583 675 2628; x_wconf 92' lang='lat' dir='ltr'><strong>et</strong></span> <span class='ocrx_word' id='word_1_323' title='bbox 720 2590 826 2628; x_wconf 92' lang='lat' dir='ltr'><strong>non</strong></span> <span class='ocrx_word' id='word_1_324' title='bbox 872 2578 1131 2634; x_wconf 90' lang='lat' dir='ltr'><strong>recedens</strong></span> <span class='ocrx_word' id='word_1_325' title='bbox 1173 2597 1203 2635; x_wconf 87' lang='lat' dir='ltr'><strong>a</strong></span> <span class='ocrx_word' id='word_1_326' title='bbox 1250 2581 1428 2651; x_wconf 85' lang='lat' dir='ltr'><strong>Patre,</strong></span> <span class='ocrx_word' id='word_1_327' title='bbox 1460 2599 1559 2639; x_wconf 90' lang='lat' dir='ltr'><strong>nec</strong></span> <span class='ocrx_word' id='word_1_328' title='bbox 1600 2587 1651 2638; x_wconf 89' lang='lat' dir='ltr'><strong>in</strong></span> <span class='ocrx_word' id='word_1_329' title='bbox 1681 2586 1863 2656; x_wconf 85' lang='lat' dir='ltr'><strong>aliquo</strong></span> 
     </span>
    </p>
   </div>
   <div class='ocr_carea' id='block_1_42' title="bbox 272 2668 1862 2740">
    <p class='ocr_par' dir='ltr' id='par_1_42' title="bbox 272 2668 1862 2740">
     <span class='ocr_line' id='line_1_42' title="bbox 272 2668 1862 2740; baseline 0.011 -26"><span class='ocrx_word' id='word_1_330' title='bbox 272 2669 531 2728; x_wconf 89' lang='lat' dir='ltr'><strong>mutatus,</strong></span> <span class='ocrx_word' id='word_1_331' title='bbox 582 2668 906 2723; x_wconf 79' lang='lat' dir='ltr'><strong>assumenda</strong></span> <span class='ocrx_word' id='word_1_332' title='bbox 948 2679 1126 2725; x_wconf 90' lang='lat' dir='ltr'><strong>tamen</strong></span> <span class='ocrx_word' id='word_1_333' title='bbox 1175 2673 1470 2740; x_wconf 83' lang='lat' dir='ltr'><strong>hominem,</strong></span> <span class='ocrx_word' id='word_1_334' title='bbox 1503 2685 1556 2730; x_wconf 92' lang='lat' dir='ltr'><strong>et</strong></span> <span class='ocrx_word' id='word_1_335' title='bbox 1607 2676 1658 2730; x_wconf 92' lang='lat' dir='ltr'><strong>in</strong></span> <span class='ocrx_word' id='word_1_336' title='bbox 1701 2691 1862 2732; x_wconf 71' lang='lat' dir='ltr'><strong>carae</strong></span> 
     </span>
    </p>
   </div>
   <div class='ocr_carea' id='block_1_43' title="bbox 277 2757 1862 2834">
    <p class='ocr_par' dir='ltr' id='par_1_43' title="bbox 277 2757 1862 2834">
     <span class='ocr_line' id='line_1_43' title="bbox 277 2757 1862 2834; baseline 0.013 -26"><span class='ocrx_word' id='word_1_337' title='bbox 277 2757 492 2810; x_wconf 85' lang='lat' dir='ltr'><strong>mortali</strong></span> <span class='ocrx_word' id='word_1_338' title='bbox 521 2757 827 2815; x_wconf 76' lang='lat' dir='ltr'><strong>hominibus</strong></span> <span class='ocrx_word' id='word_1_339' title='bbox 849 2764 1177 2833; x_wconf 85' lang='lat' dir='ltr'><strong>apparendo,</strong></span> <span class='ocrx_word' id='word_1_340' title='bbox 1211 2769 1356 2834; x_wconf 86' lang='lat' dir='ltr'><strong>venit</strong></span> <span class='ocrx_word' id='word_1_341' title='bbox 1383 2769 1448 2822; x_wconf 89' lang='lat' dir='ltr'><strong>ad</strong></span> <span class='ocrx_word' id='word_1_342' title='bbox 1479 2771 1724 2829; x_wconf 89' lang='lat' dir='ltr'><strong>homines</strong></span> <span class='ocrx_word' id='word_1_343' title='bbox 1753 2789 1768 2825; x_wconf 88' lang='lat'><strong>:</strong></span> <span class='ocrx_word' id='word_1_344' title='bbox 1805 2783 1862 2828; x_wconf 90' lang='lat' dir='ltr'><strong>nt</strong></span> 
     </span>
    </p>
   </div>
   <div class='ocr_carea' id='block_1_44' title="bbox 273 2849 1863 2930">
    <p class='ocr_par' dir='ltr' id='par_1_44' title="bbox 273 2849 1863 2930">
     <span class='ocr_line' id='line_1_44' title="bbox 273 2849 1863 2930; baseline 0.013 -31"><span class='ocrx_word' id='word_1_345' title='bbox 273 2849 729 2914; x_wconf 86' lang='lat' dir='ltr'><strong>quemadmodum</strong></span> <span class='ocrx_word' id='word_1_346' title='bbox 764 2868 859 2921; x_wconf 90' lang='lat' dir='ltr'><strong>per</strong></span> <span class='ocrx_word' id='word_1_347' title='bbox 885 2870 1052 2909; x_wconf 85' lang='lat' dir='ltr'><strong>unum</strong></span> <span class='ocrx_word' id='word_1_348' title='bbox 1085 2856 1354 2913; x_wconf 88' lang='lat' dir='ltr'><strong>hominem</strong></span> <span class='ocrx_word' id='word_1_349' title='bbox 1394 2861 1482 2930; x_wconf 90' lang='lat' dir='ltr'><strong>qni</strong></span> <span class='ocrx_word' id='word_1_350' title='bbox 1516 2863 1662 2929; x_wconf 90' lang='lat' dir='ltr'><strong>prius</strong></span> <span class='ocrx_word' id='word_1_351' title='bbox 1694 2863 1863 2919; x_wconf 86' lang='lat' dir='ltr'><strong>factus</strong></span> 
     </span>
    </p>
   </div>
   <div class='ocr_carea' id='block_1_45' title="bbox 275 2939 1860 3020">
    <p class='ocr_par' dir='ltr' id='par_1_45' title="bbox 275 2939 1860 3020">
     <span class='ocr_line' id='line_1_45' title="bbox 275 2939 1860 3020; baseline 0.01 -27"><span class='ocrx_word' id='word_1_352' title='bbox 275 2947 378 3001; x_wconf 86' lang='lat' dir='ltr'><strong>est,</strong></span> <span class='ocrx_word' id='word_1_353' title='bbox 413 2939 464 2993; x_wconf 91' lang='lat' dir='ltr'><strong>id</strong></span> <span class='ocrx_word' id='word_1_354' title='bbox 498 2949 581 2995; x_wconf 87' lang='lat' dir='ltr'><strong>est</strong></span> <span class='ocrx_word' id='word_1_355' title='bbox 608 2941 796 3008; x_wconf 80' lang='lat' dir='ltr'><strong>Adam,</strong></span> <span class='ocrx_word' id='word_1_356' title='bbox 825 2959 968 2999; x_wconf 89' lang='lat' dir='ltr'><strong>mors</strong></span> <span class='ocrx_word' id='word_1_357' title='bbox 1013 2948 1229 3002; x_wconf 86' lang='lat' dir='ltr'><strong>intravit</strong></span> <span class='ocrx_word' id='word_1_358' title='bbox 1255 2950 1307 3002; x_wconf 93' lang='lat' dir='ltr'><strong>in</strong></span> <span class='ocrx_word' id='word_1_359' title='bbox 1351 2966 1517 3019; x_wconf 87' lang='lat' dir='ltr'><strong>genus</strong></span> <span class='ocrx_word' id='word_1_360' title='bbox 1548 2953 1860 3020; x_wconf 86' lang='lat' dir='ltr'><strong>humanum,</strong></span> 
     </span>
    </p>
   </div>
   <div class='ocr_carea' id='block_1_46' title="bbox 274 3031 1863 3111">
    <p class='ocr_par' dir='ltr' id='par_1_46' title="bbox 274 3031 1863 3111">
     <span class='ocr_line' id='line_1_46' title="bbox 274 3031 1863 3111; baseline 0.011 -28"><span class='ocrx_word' id='word_1_361' title='bbox 274 3031 400 3095; x_wconf 88' lang='lat' dir='ltr'><strong>quia</strong></span> <span class='ocrx_word' id='word_1_362' title='bbox 431 3034 706 3088; x_wconf 86' lang='lat' dir='ltr'><strong>consensit</strong></span> <span class='ocrx_word' id='word_1_363' title='bbox 751 3035 962 3100; x_wconf 81' lang='lat' dir='ltr'><strong>mulieri</strong></span> <span class='ocrx_word' id='word_1_364' title='bbox 1003 3053 1118 3093; x_wconf 63' lang='lat' dir='ltr'><strong>sum</strong></span> <span class='ocrx_word' id='word_1_365' title='bbox 1166 3040 1398 3095; x_wconf 68' lang='lat' dir='ltr'><strong>seducta:</strong></span> <span class='ocrx_word' id='word_1_366' title='bbox 1441 3058 1469 3094; x_wconf 92' lang='lat' dir='ltr'><strong>a</strong></span> <span class='ocrx_word' id='word_1_367' title='bbox 1518 3043 1753 3111; x_wconf 89' lang='lat' dir='ltr'><strong>diabolo,</strong></span> <span class='ocrx_word' id='word_1_368' title='bbox 1804 3055 1863 3100; x_wconf 89' lang='lat' dir='ltr'><strong>ut</strong></span> 
     </span>
    </p>
   </div>
   <div class='ocr_carea' id='block_1_47' title="bbox 277 3127 1864 3205">
    <p class='ocr_par' dir='ltr' id='par_1_47' title="bbox 277 3127 1864 3205">
     <span class='ocr_line' id='line_1_47' title="bbox 277 3127 1864 3205; baseline 0.013 -29"><span class='ocrx_word' id='word_1_369' title='bbox 277 3135 605 3193; x_wconf 65' lang='lat' dir='ltr'><strong>praeceptum</strong></span> <span class='ocrx_word' id='word_1_370' title='bbox 633 3127 728 3183; x_wconf 90' lang='lat' dir='ltr'><strong>Dei</strong></span> <span class='ocrx_word' id='word_1_371' title='bbox 757 3133 1264 3203; x_wconf 80' lang='lat' dir='ltr'><strong>transgrederentur</strong></span> <span class='ocrx_word' id='word_1_372' title='bbox 1288 3153 1302 3189; x_wconf 88' lang='lat'><strong>:</strong></span> <span class='ocrx_word' id='word_1_373' title='bbox 1332 3137 1410 3191; x_wconf 92' lang='lat' dir='ltr'><strong>sic</strong></span> <span class='ocrx_word' id='word_1_374' title='bbox 1438 3152 1535 3205; x_wconf 88' lang='lat' dir='ltr'><strong>per</strong></span> <span class='ocrx_word' id='word_1_375' title='bbox 1568 3154 1731 3194; x_wconf 88' lang='lat' dir='ltr'><strong>unum</strong></span> <span class='ocrx_word' id='word_1_376' title='bbox 1766 3139 1864 3196; x_wconf 83' lang='lat' dir='ltr'><strong>ho-</strong></span> 
     </span>
    </p>
   </div>
   <div class='ocr_carea' id='block_1_48' title="bbox 1967 1927 3557 1998">
    <p class='ocr_par' dir='ltr' id='par_1_48' title="bbox 1967 1927 3557 1998">
     <span class='ocr_line' id='line_1_48' title="bbox 1967 1927 3557 1998; baseline -0.001 -14"><span class='ocrx_word' id='word_1_377' title='bbox 1967 1931 2045 1984; x_wconf 89' lang='lat' dir='ltr'><strong>sic</strong></span> <span class='ocrx_word' id='word_1_378' title='bbox 2104 1930 2264 1983; x_wconf 88' lang='lat' dir='ltr'><strong>etiam</strong></span> <span class='ocrx_word' id='word_1_379' title='bbox 2317 1927 2408 1982; x_wconf 88' lang='lat' dir='ltr'><strong>illa</strong></span> <span class='ocrx_word' id='word_1_380' title='bbox 2455 1937 2677 1982; x_wconf 79' lang='lat' dir='ltr'><strong>ventura</strong></span> <span class='ocrx_word' id='word_1_381' title='bbox 2717 1936 2843 1983; x_wconf 88' lang='lat' dir='ltr'><strong>sunt</strong></span> <span class='ocrx_word' id='word_1_382' title='bbox 2897 1945 2911 1983; x_wconf 86' lang='lat'><strong>:</strong></span> <span class='ocrx_word' id='word_1_383' title='bbox 2963 1942 3291 1998; x_wconf 62' lang='lat' dir='ltr'><strong>quacunque</strong></span> <span class='ocrx_word' id='word_1_384' title='bbox 3339 1928 3557 1982; x_wconf 84' lang='lat' dir='ltr'><strong>tribula-</strong></span> 
     </span>
    </p>
   </div>
   <div class='ocr_carea' id='block_1_49' title="bbox 1964 2019 3558 2093">
    <p class='ocr_par' dir='ltr' id='par_1_49' title="bbox 1964 2019 3558 2093">
     <span class='ocr_line' id='line_1_49' title="bbox 1964 2019 3558 2093; baseline 0.002 -16"><span class='ocrx_word' id='word_1_385' title='bbox 1964 2023 2136 2078; x_wconf 88' lang='lat' dir='ltr'><strong>tiones</strong></span> <span class='ocrx_word' id='word_1_386' title='bbox 2175 2021 2442 2091; x_wconf 77' lang='lat' dir='ltr'><strong>iustorum</strong></span> <span class='ocrx_word' id='word_1_387' title='bbox 2475 2019 2650 2076; x_wconf 89' lang='lat' dir='ltr'><strong>adhuc</strong></span> <span class='ocrx_word' id='word_1_388' title='bbox 2689 2031 2928 2086; x_wconf 85' lang='lat' dir='ltr'><strong>restant;</strong></span> <span class='ocrx_word' id='word_1_389' title='bbox 2978 2031 3034 2078; x_wconf 87' lang='lat' dir='ltr'><strong>et</strong></span> <span class='ocrx_word' id='word_1_390' title='bbox 3081 2023 3269 2093; x_wconf 89' lang='lat' dir='ltr'><strong>judicii</strong></span> <span class='ocrx_word' id='word_1_391' title='bbox 3297 2023 3429 2089; x_wconf 86' lang='lat' dir='ltr'><strong>dies,</strong></span> <span class='ocrx_word' id='word_1_392' title='bbox 3466 2024 3558 2092; x_wconf 88' lang='lat' dir='ltr'><strong>qui</strong></span> 
     </span>
    </p>
   </div>
   <div class='ocr_carea' id='block_1_50' title="bbox 1964 2113 3560 2186">
    <p class='ocr_par' dir='ltr' id='par_1_50' title="bbox 1964 2113 3560 2186">
     <span class='ocr_line' id='line_1_50' title="bbox 1964 2113 3560 2186; baseline 0.003 -16"><span class='ocrx_word' id='word_1_393' title='bbox 1964 2113 2239 2186; x_wconf 86' lang='lat' dir='ltr'><strong>separabit</strong></span> <span class='ocrx_word' id='word_1_394' title='bbox 2295 2129 2486 2169; x_wconf 83' lang='lat' dir='ltr'><strong>omnes</strong></span> <span class='ocrx_word' id='word_1_395' title='bbox 2545 2114 2738 2184; x_wconf 87' lang='lat' dir='ltr'><strong>impios</strong></span> <span class='ocrx_word' id='word_1_396' title='bbox 2778 2129 2808 2168; x_wconf 91' lang='lat' dir='ltr'><strong>a</strong></span> <span class='ocrx_word' id='word_1_397' title='bbox 2859 2114 3023 2186; x_wconf 87' lang='lat' dir='ltr'><strong>justis</strong></span> <span class='ocrx_word' id='word_1_398' title='bbox 3063 2116 3115 2172; x_wconf 87' lang='lat' dir='ltr'><strong>in</strong></span> <span class='ocrx_word' id='word_1_399' title='bbox 3164 2118 3560 2175; x_wconf 79' lang='lat' dir='ltr'><strong>resurrectione</strong></span> 
     </span>
    </p>
   </div>
   <div class='ocr_carea' id='block_1_51' title="bbox 1965 2205 3563 2277">
    <p class='ocr_par' dir='ltr' id='par_1_51' title="bbox 1965 2205 3563 2277">
     <span class='ocr_line' id='line_1_51' title="bbox 1965 2205 3563 2277; baseline 0.002 -16"><span class='ocrx_word' id='word_1_400' title='bbox 1965 2215 2412 2272; x_wconf 88' lang='lat' dir='ltr'><strong>mortuorum;et</strong></span> <span class='ocrx_word' id='word_1_401' title='bbox 2456 2222 2562 2260; x_wconf 88' lang='lat' dir='ltr'><strong>non</strong></span> <span class='ocrx_word' id='word_1_402' title='bbox 2597 2205 2773 2261; x_wconf 87' lang='lat' dir='ltr'><strong>solum</strong></span> <span class='ocrx_word' id='word_1_403' title='bbox 2811 2221 2905 2262; x_wconf 91' lang='lat' dir='ltr'><strong>eos</strong></span> <span class='ocrx_word' id='word_1_404' title='bbox 2958 2207 3047 2277; x_wconf 92' lang='lat' dir='ltr'><strong>qui</strong></span> <span class='ocrx_word' id='word_1_405' title='bbox 3097 2218 3221 2264; x_wconf 84' lang='lat' dir='ltr'><strong>sunt</strong></span> <span class='ocrx_word' id='word_1_406' title='bbox 3263 2217 3413 2263; x_wconf 78' lang='lat' dir='ltr'><strong>extra</strong></span> <span class='ocrx_word' id='word_1_407' title='bbox 3453 2210 3563 2264; x_wconf 85' lang='lat' dir='ltr'><strong>Ec-.</strong></span> 
     </span>
    </p>
   </div>
   <div class='ocr_carea' id='block_1_52' title="bbox 1963 2296 3565 2370">
    <p class='ocr_par' dir='ltr' id='par_1_52' title="bbox 1963 2296 3565 2370">
     <span class='ocr_line' id='line_1_52' title="bbox 1963 2296 3565 2370; baseline 0 -16"><span class='ocrx_word' id='word_1_408' title='bbox 1963 2299 2184 2355; x_wconf 91' lang='lat' dir='ltr'><strong>clesiam</strong></span> <span class='ocrx_word' id='word_1_409' title='bbox 2211 2340 2226 2365; x_wconf 92' lang='lat'><strong>,</strong></span> <span class='ocrx_word' id='word_1_410' title='bbox 2282 2297 2376 2352; x_wconf 89' lang='lat' dir='ltr'><strong>sed</strong></span> <span class='ocrx_word' id='word_1_411' title='bbox 2416 2297 2578 2352; x_wconf 89' lang='lat' dir='ltr'><strong>etiam</strong></span> <span class='ocrx_word' id='word_1_412' title='bbox 2625 2296 2792 2367; x_wconf 75' lang='lat' dir='ltr'><strong>ipsius</strong></span> <span class='ocrx_word' id='word_1_413' title='bbox 2838 2297 3096 2354; x_wconf 64' lang='lat' dir='ltr'><strong>Ecclesiae</strong></span> <span class='ocrx_word' id='word_1_414' title='bbox 3157 2299 3378 2367; x_wconf 85' lang='lat' dir='ltr'><strong>paleas,</strong></span> <span class='ocrx_word' id='word_1_415' title='bbox 3418 2312 3565 2370; x_wconf 81' lang='lat' dir='ltr'><strong>quas</strong></span> 
     </span>
    </p>
   </div>
   <div class='ocr_carea' id='block_1_53' title="bbox 1964 2389 3554 2461">
    <p class='ocr_par' dir='ltr' id='par_1_53' title="bbox 1964 2389 3554 2461">
     <span class='ocr_line' id='line_1_53' title="bbox 1964 2389 3554 2461; baseline -0.001 -15"><span class='ocrx_word' id='word_1_416' title='bbox 1964 2398 2179 2460; x_wconf 85' lang='lat' dir='ltr'><strong>oportet</strong></span> <span class='ocrx_word' id='word_1_417' title='bbox 2220 2405 2390 2460; x_wconf 88' lang='lat' dir='ltr'><strong>usque</strong></span> <span class='ocrx_word' id='word_1_418' title='bbox 2419 2389 2485 2443; x_wconf 90' lang='lat' dir='ltr'><strong>ad</strong></span> <span class='ocrx_word' id='word_1_419' title='bbox 2518 2389 2862 2445; x_wconf 86' lang='lat' dir='ltr'><strong>novissimam</strong></span> <span class='ocrx_word' id='word_1_420' title='bbox 2895 2389 3294 2445; x_wconf 88' lang='lat' dir='ltr'><strong>ventilationem</strong></span> <span class='ocrx_word' id='word_1_421' title='bbox 3338 2391 3554 2461; x_wconf 79' lang='lat' dir='ltr'><strong>patien-</strong></span> 
     </span>
    </p>
   </div>
   <div class='ocr_carea' id='block_1_54' title="bbox 1967 2479 3557 2562">
    <p class='ocr_par' dir='ltr' id='par_1_54' title="bbox 1967 2479 3557 2562">
     <span class='ocr_line' id='line_1_54' title="bbox 1967 2479 3557 2562; baseline -0.001 -25"><span class='ocrx_word' id='word_1_422' title='bbox 1967 2484 2170 2538; x_wconf 89' lang='lat' dir='ltr'><strong>tissime</strong></span> <span class='ocrx_word' id='word_1_423' title='bbox 2199 2482 2443 2546; x_wconf 73' lang='lat' dir='ltr'><strong>sutierat,</strong></span> <span class='ocrx_word' id='word_1_424' title='bbox 2490 2480 2558 2535; x_wconf 90' lang='lat' dir='ltr'><strong>ad</strong></span> <span class='ocrx_word' id='word_1_425' title='bbox 2604 2479 2786 2552; x_wconf 82' lang='lat' dir='ltr'><strong>ignem</strong></span> <span class='ocrx_word' id='word_1_426' title='bbox 2813 2480 3049 2537; x_wconf 87' lang='lat' dir='ltr'><strong>debitum</strong></span> <span class='ocrx_word' id='word_1_427' title='bbox 3091 2484 3426 2562; x_wconf 15' lang='lat' dir='ltr'><strong>segregabit.‘</strong></span> <span class='ocrx_word' id='word_1_428' title='bbox 3455 2481 3557 2550; x_wconf 83' lang='lat' dir='ltr'><strong>Qui</strong></span> 
     </span>
    </p>
   </div>
   <div class='ocr_carea' id='block_1_55' title="bbox 1966 2571 3559 2646">
    <p class='ocr_par' dir='ltr' id='par_1_55' title="bbox 1966 2571 3559 2646">
     <span class='ocr_line' id='line_1_55' title="bbox 1966 2571 3559 2646; baseline 0.003 -18"><span class='ocrx_word' id='word_1_429' title='bbox 1966 2586 2143 2629; x_wconf 90' lang='lat' dir='ltr'><strong>autem</strong></span> <span class='ocrx_word' id='word_1_430' title='bbox 2173 2571 2401 2629; x_wconf 90' lang='lat' dir='ltr'><strong>irrident</strong></span> <span class='ocrx_word' id='word_1_431' title='bbox 2427 2571 2774 2645; x_wconf 80' lang='lat' dir='ltr'><strong>[irridebunt]</strong></span> <span class='ocrx_word' id='word_1_432' title='bbox 2805 2573 3278 2642; x_wconf 84' lang='lat' dir='ltr'><strong>resurrectionem,</strong></span> <span class='ocrx_word' id='word_1_433' title='bbox 3309 2582 3559 2646; x_wconf 75' lang='lat' dir='ltr'><strong>putantes</strong></span> 
     </span>
    </p>
   </div>
   <div class='ocr_carea' id='block_1_56' title="bbox 1966 2665 3556 2747">
    <p class='ocr_par' dir='ltr' id='par_1_56' title="bbox 1966 2665 3556 2747">
     <span class='ocr_line' id='line_1_56' title="bbox 1966 2665 3556 2747; baseline 0.003 -29"><span class='ocrx_word' id='word_1_434' title='bbox 1966 2669 2107 2739; x_wconf 89' lang='lat' dir='ltr'><strong>quod</strong></span> <span class='ocrx_word' id='word_1_435' title='bbox 2154 2682 2281 2722; x_wconf 87' lang='lat' dir='ltr'><strong>caro</strong></span> <span class='ocrx_word' id='word_1_436' title='bbox 2323 2667 2425 2729; x_wconf 87' lang='lat' dir='ltr'><strong>ista</strong></span> <span class='ocrx_word' id='word_1_437' title='bbox 2454 2665 2577 2737; x_wconf 88' lang='lat' dir='ltr'><strong>quia</strong></span> <span class='ocrx_word' id='word_1_438' title='bbox 2610 2667 2869 2737; x_wconf 86' lang='lat' dir='ltr'><strong>putrescit</strong></span> <span class='ocrx_word' id='word_1_439' title='bbox 2897 2682 3180 2742; x_wconf 86' lang='lat' dir='ltr'><strong>resurgere</strong></span> <span class='ocrx_word' id='word_1_440' title='bbox 3225 2682 3329 2747; x_wconf 87' lang='lat' dir='ltr'><strong>non</strong></span> <span class='ocrx_word' id='word_1_441' title='bbox 3361 2677 3556 2738; x_wconf 84' lang='lat' dir='ltr'><strong>potest,</strong></span> 
     </span>
    </p>
   </div>
   <div class='ocr_carea' id='block_1_57' title="bbox 1964 2755 3558 2828">
    <p class='ocr_par' dir='ltr' id='par_1_57' title="bbox 1964 2755 3558 2828">
     <span class='ocr_line' id='line_1_57' title="bbox 1964 2755 3558 2828; baseline 0.001 -16"><span class='ocrx_word' id='word_1_442' title='bbox 1964 2760 2030 2813; x_wconf 90' lang='lat' dir='ltr'><strong>ad</strong></span> <span class='ocrx_word' id='word_1_443' title='bbox 2076 2772 2263 2828; x_wconf 75' lang='lat' dir='ltr'><strong>pmnas</strong></span> <span class='ocrx_word' id='word_1_444' title='bbox 2300 2756 2355 2811; x_wconf 84' lang='lat' dir='ltr'><strong>in</strong></span> <span class='ocrx_word' id='word_1_445' title='bbox 2403 2771 2466 2812; x_wconf 89' lang='lat' dir='ltr'><strong>ea</strong></span> <span class='ocrx_word' id='word_1_446' title='bbox 2499 2755 2858 2811; x_wconf 82' lang='lat' dir='ltr'><strong>resurrecturi</strong></span> <span class='ocrx_word' id='word_1_447' title='bbox 2887 2766 3011 2812; x_wconf 87' lang='lat' dir='ltr'><strong>sunt</strong></span> <span class='ocrx_word' id='word_1_448' title='bbox 3040 2774 3054 2810; x_wconf 89' lang='lat'><strong>:</strong></span> <span class='ocrx_word' id='word_1_449' title='bbox 3086 2767 3143 2812; x_wconf 91' lang='lat' dir='ltr'><strong>et</strong></span> <span class='ocrx_word' id='word_1_450' title='bbox 3182 2757 3434 2813; x_wconf 87' lang='lat' dir='ltr'><strong>ostendet</strong></span> <span class='ocrx_word' id='word_1_451' title='bbox 3474 2758 3558 2813; x_wconf 86' lang='lat' dir='ltr'><strong>eis</strong></span> 
     </span>
    </p>
   </div>
   <div class='ocr_carea' id='block_1_58' title="bbox 1968 2850 3546 2923">
    <p class='ocr_par' dir='ltr' id='par_1_58' title="bbox 1968 2850 3546 2923">
     <span class='ocr_line' id='line_1_58' title="bbox 1968 2850 3546 2923; baseline -0.002 -15"><span class='ocrx_word' id='word_1_452' title='bbox 1968 2853 2128 2920; x_wconf 88' lang='lat' dir='ltr'><strong>Deus,</strong></span> <span class='ocrx_word' id='word_1_453' title='bbox 2161 2851 2286 2923; x_wconf 88' lang='lat' dir='ltr'><strong>quia</strong></span> <span class='ocrx_word' id='word_1_454' title='bbox 2315 2851 2404 2922; x_wconf 94' lang='lat' dir='ltr'><strong>qui</strong></span> <span class='ocrx_word' id='word_1_455' title='bbox 2448 2850 2760 2921; x_wconf 56' lang='lat' dir='ltr'><strong>potuit‘haec</strong></span> <span class='ocrx_word' id='word_1_456' title='bbox 2785 2865 3006 2922; x_wconf 86' lang='lat' dir='ltr'><strong>corpora</strong></span> <span class='ocrx_word' id='word_1_457' title='bbox 3038 2852 3214 2908; x_wconf 91' lang='lat' dir='ltr'><strong>facere</strong></span> <span class='ocrx_word' id='word_1_458' title='bbox 3255 2861 3546 2922; x_wconf 84' lang='lat' dir='ltr'><strong>antequam</strong></span> 
     </span>
    </p>
   </div>
   <div class='ocr_carea' id='block_1_59' title="bbox 1965 2942 3560 3014">
    <p class='ocr_par' dir='ltr' id='par_1_59' title="bbox 1965 2942 3560 3014">
     <span class='ocr_line' id='line_1_59' title="bbox 1965 2942 3560 3014; baseline -0.002 -13"><span class='ocrx_word' id='word_1_459' title='bbox 1965 2955 2167 3012; x_wconf 86' lang='lat' dir='ltr'><strong>essent,</strong></span> <span class='ocrx_word' id='word_1_460' title='bbox 2199 2951 2371 3014; x_wconf 89' lang='lat' dir='ltr'><strong>potest</strong></span> <span class='ocrx_word' id='word_1_461' title='bbox 2404 2959 2466 2999; x_wconf 87' lang='lat' dir='ltr'><strong>ea</strong></span> <span class='ocrx_word' id='word_1_462' title='bbox 2502 2942 2557 2998; x_wconf 92' lang='lat' dir='ltr'><strong>in</strong></span> <span class='ocrx_word' id='word_1_463' title='bbox 2595 2955 2870 2998; x_wconf 84' lang='lat' dir='ltr'><strong>momento</strong></span> <span class='ocrx_word' id='word_1_464' title='bbox 2898 2944 3178 2999; x_wconf 84' lang='lat' dir='ltr'><strong>restituere</strong></span> <span class='ocrx_word' id='word_1_465' title='bbox 3215 2943 3354 3000; x_wconf 81' lang='lat' dir='ltr'><strong>sicut</strong></span> <span class='ocrx_word' id='word_1_466' title='bbox 3384 2953 3560 3000; x_wconf 76' lang='lat' dir='ltr'><strong>erant.</strong></span> 
     </span>
    </p>
   </div>
   <div class='ocr_carea' id='block_1_60' title="bbox 1968 3037 3561 3108">
    <p class='ocr_par' dir='ltr' id='par_1_60' title="bbox 1968 3037 3561 3108">
     <span class='ocr_line' id='line_1_60' title="bbox 1968 3037 3561 3108; baseline -0.003 -12"><span class='ocrx_word' id='word_1_467' title='bbox 1968 3041 2168 3096; x_wconf 76' lang='lat' dir='ltr'><strong>Omnes</strong></span> <span class='ocrx_word' id='word_1_468' title='bbox 2197 3047 2375 3093; x_wconf 86' lang='lat' dir='ltr'><strong>autem</strong></span> <span class='ocrx_word' id='word_1_469' title='bbox 2406 3037 2591 3093; x_wconf 83' lang='lat' dir='ltr'><strong>fideles</strong></span> <span class='ocrx_word' id='word_1_470' title='bbox 2613 3037 2882 3108; x_wconf 85' lang='lat' dir='ltr'><strong>regnaturi</strong></span> <span class='ocrx_word' id='word_1_471' title='bbox 2904 3052 3022 3092; x_wconf 89' lang='lat' dir='ltr'><strong>cum</strong></span> <span class='ocrx_word' id='word_1_472' title='bbox 3047 3037 3260 3094; x_wconf 72' lang='lat' dir='ltr'><strong>Christo</strong></span> <span class='ocrx_word' id='word_1_473' title='bbox 3282 3037 3352 3099; x_wconf 86' lang='lat' dir='ltr'><strong>ita</strong></span> <span class='ocrx_word' id='word_1_474' title='bbox 3378 3053 3561 3094; x_wconf 72' lang='lat' dir='ltr'><strong>resur~</strong></span> 
     </span>
    </p>
   </div>
   <div class='ocr_carea' id='block_1_61' title="bbox 1973 3110 3560 3203">
    <p class='ocr_par' dir='ltr' id='par_1_61' title="bbox 1973 3110 3560 3203">
     <span class='ocr_line' id='line_1_61' title="bbox 1973 3110 3560 3203; baseline 0 -18"><span class='ocrx_word' id='word_1_475' title='bbox 1973 3110 2123 3203; x_wconf 78' lang='lat' dir='ltr'><strong>gent,</strong></span> <span class='ocrx_word' id='word_1_476' title='bbox 2170 3133 2223 3187; x_wconf 92' lang='lat' dir='ltr'><strong>in</strong></span> <span class='ocrx_word' id='word_1_477' title='bbox 2253 3131 2443 3193; x_wconf 84' lang='lat' dir='ltr'><strong>eodem</strong></span> <span class='ocrx_word' id='word_1_478' title='bbox 2488 3145 2736 3200; x_wconf 87' lang='lat' dir='ltr'><strong>corpore,</strong></span> <span class='ocrx_word' id='word_1_479' title='bbox 2786 3138 2845 3186; x_wconf 94' lang='lat' dir='ltr'><strong>ut</strong></span> <span class='ocrx_word' id='word_1_480' title='bbox 2873 3131 3035 3186; x_wconf 89' lang='lat' dir='ltr'><strong>etiam</strong></span> <span class='ocrx_word' id='word_1_481' title='bbox 3083 3126 3402 3187; x_wconf 84' lang='lat' dir='ltr'><strong>commutari</strong></span> <span class='ocrx_word' id='word_1_482' title='bbox 3440 3145 3560 3185; x_wconf 84' lang='lat' dir='ltr'><strong>me-</strong></span> 
     </span>
    </p>
   </div>
   <div class='ocr_carea' id='block_1_62' title="bbox 277 3213 3560 3299">
    <p class='ocr_par' dir='ltr' id='par_1_62' title="bbox 277 3213 3560 3299">
     <span class='ocr_line' id='line_1_62' title="bbox 277 3213 3560 3299; baseline 0.005 -34"><span class='ocrx_word' id='word_1_483' title='bbox 277 3214 501 3282; x_wconf 75' lang='lat' dir='ltr'><strong>tniuem,</strong></span> <span class='ocrx_word' id='word_1_484' title='bbox 527 3219 615 3286; x_wconf 91' lang='lat' dir='ltr'><strong>qui</strong></span> <span class='ocrx_word' id='word_1_485' title='bbox 639 3221 797 3274; x_wconf 89' lang='lat' dir='ltr'><strong>etiam</strong></span> <span class='ocrx_word' id='word_1_486' title='bbox 830 3221 992 3290; x_wconf 90' lang='lat' dir='ltr'><strong>Deus,</strong></span> <span class='ocrx_word' id='word_1_487' title='bbox 1019 3224 1111 3280; x_wconf 87' lang='lat' dir='ltr'><strong>Dei</strong></span> <span class='ocrx_word' id='word_1_488' title='bbox 1147 3217 1335 3282; x_wconf 86' lang='lat' dir='ltr'><strong>Filium</strong></span> <span class='ocrx_word' id='word_1_489' title='bbox 1365 3229 1549 3284; x_wconf 87' lang='lat' dir='ltr'><strong>Jesum</strong></span> <span class='ocrx_word' id='word_1_490' title='bbox 1572 3230 1863 3299; x_wconf 86' lang='lat' dir='ltr'><strong>Christum,</strong></span> <span class='ocrx_word' id='word_1_491' title='bbox 1894 3213 1940 3276; x_wconf 86' lang='lat' dir='ltr'><strong>C</strong></span> <span class='ocrx_word' id='word_1_492' title='bbox 1976 3235 2213 3289; x_wconf 90' lang='lat' dir='ltr'><strong>reantur,</strong></span> <span class='ocrx_word' id='word_1_493' title='bbox 2265 3223 2330 3278; x_wconf 91' lang='lat' dir='ltr'><strong>ad</strong></span> <span class='ocrx_word' id='word_1_494' title='bbox 2385 3220 2840 3290; x_wconf 82' lang='lat' dir='ltr'><strong>incorruptionem</strong></span> <span class='ocrx_word' id='word_1_495' title='bbox 2891 3222 3236 3294; x_wconf 77' lang='lat' dir='ltr'><strong>angelicam,</strong></span> <span class='ocrx_word' id='word_1_496' title='bbox 3313 3229 3372 3277; x_wconf 88' lang='lat' dir='ltr'><strong>ut</strong></span> <span class='ocrx_word' id='word_1_497' title='bbox 3428 3219 3560 3280; x_wconf 77' lang='lat' dir='ltr'><strong>ﬂant</strong></span> 
     </span>
    </p>
   </div>
   <div class='ocr_carea' id='block_1_63' title="bbox 278 3306 1863 3386">
    <p class='ocr_par' dir='ltr' id='par_1_63' title="bbox 278 3306 1863 3386">
     <span class='ocr_line' id='line_1_63' title="bbox 278 3306 1863 3386; baseline 0.015 -29"><span class='ocrx_word' id='word_1_498' title='bbox 278 3306 476 3362; x_wconf 89' lang='lat' dir='ltr'><strong>deletis</strong></span> <span class='ocrx_word' id='word_1_499' title='bbox 529 3311 778 3367; x_wconf 89' lang='lat' dir='ltr'><strong>omnibus</strong></span> <span class='ocrx_word' id='word_1_500' title='bbox 831 3317 1066 3382; x_wconf 89' lang='lat' dir='ltr'><strong>peccatis</strong></span> <span class='ocrx_word' id='word_1_501' title='bbox 1123 3322 1426 3386; x_wconf 74' lang='lat' dir='ltr'><strong>praeteritis,</strong></span> <span class='ocrx_word' id='word_1_502' title='bbox 1481 3323 1763 3380; x_wconf 88' lang='lat' dir='ltr'><strong>credentes</strong></span> <span class='ocrx_word' id='word_1_503' title='bbox 1811 3326 1863 3380; x_wconf 90' lang='lat' dir='ltr'><strong>in</strong></span> 
     </span>
    </p>
   </div>
   <div class='ocr_carea' id='block_1_64' title="bbox 277 3403 1868 3482">
    <p class='ocr_par' dir='ltr' id='par_1_64' title="bbox 277 3403 1868 3482">
     <span class='ocr_line' id='line_1_64' title="bbox 277 3403 1868 3482; baseline 0.011 -30"><span class='ocrx_word' id='word_1_504' title='bbox 277 3409 403 3452; x_wconf 86' lang='lat' dir='ltr'><strong>eum</strong></span> <span class='ocrx_word' id='word_1_505' title='bbox 437 3415 644 3466; x_wconf 85' lang='lat' dir='ltr'><strong>omnes,</strong></span> <span class='ocrx_word' id='word_1_506' title='bbox 680 3403 732 3457; x_wconf 93' lang='lat' dir='ltr'><strong>in</strong></span> <span class='ocrx_word' id='word_1_507' title='bbox 763 3415 1020 3461; x_wconf 73' lang='lat' dir='ltr'><strong>mternam</strong></span> <span class='ocrx_word' id='word_1_508' title='bbox 1071 3408 1236 3464; x_wconf 89' lang='lat' dir='ltr'><strong>vitam</strong></span> <span class='ocrx_word' id='word_1_509' title='bbox 1269 3411 1696 3482; x_wconf 81' lang='lat' dir='ltr'><strong>ingrederentur.</strong></span> <span class='ocrx_word' id='word_1_510' title='bbox 1739 3416 1868 3472; x_wconf 84' lang='lat' dir='ltr'><strong>Orn-</strong></span> 
     </span>
    </p>
   </div>
   <div class='ocr_carea' id='block_1_65' title="bbox 279 3488 1866 3572">
    <p class='ocr_par' dir='ltr' id='par_1_65' title="bbox 279 3488 1866 3572">
     <span class='ocr_line' id='line_1_65' title="bbox 279 3488 1866 3572; baseline 0.013 -31"><span class='ocrx_word' id='word_1_511' title='bbox 279 3488 366 3541; x_wconf 89' lang='lat' dir='ltr'><strong>nia</strong></span> <span class='ocrx_word' id='word_1_512' title='bbox 397 3491 542 3543; x_wconf 83' lang='lat' dir='ltr'><strong>enim</strong></span> <span class='ocrx_word' id='word_1_513' title='bbox 587 3509 707 3561; x_wconf 82' lang='lat' dir='ltr'><strong>quae</strong></span> <span class='ocrx_word' id='word_1_514' title='bbox 747 3508 889 3550; x_wconf 89' lang='lat' dir='ltr'><strong>nunc</strong></span> <span class='ocrx_word' id='word_1_515' title='bbox 920 3498 1070 3553; x_wconf 83' lang='lat' dir='ltr'><strong>vides</strong></span> <span class='ocrx_word' id='word_1_516' title='bbox 1105 3500 1156 3553; x_wconf 89' lang='lat' dir='ltr'><strong>in</strong></span> <span class='ocrx_word' id='word_1_517' title='bbox 1209 3501 1448 3558; x_wconf 86' lang='lat' dir='ltr'><strong>Ecclesia</strong></span> <span class='ocrx_word' id='word_1_518' title='bbox 1500 3503 1615 3572; x_wconf 90' lang='lat' dir='ltr'><strong>Dei,</strong></span> <span class='ocrx_word' id='word_1_519' title='bbox 1666 3516 1718 3562; x_wconf 89' lang='lat' dir='ltr'><strong>et</strong></span> <span class='ocrx_word' id='word_1_520' title='bbox 1763 3508 1866 3562; x_wconf 91' lang='lat' dir='ltr'><strong>sub</strong></span> 
     </span>
    </p>
   </div>
   <div class='ocr_carea' id='block_1_66' title="bbox 279 3578 1866 3666">
    <p class='ocr_par' dir='ltr' id='par_1_66' title="bbox 279 3578 1866 3666">
     <span class='ocr_line' id='line_1_66' title="bbox 279 3578 1866 3666; baseline 0.012 -33"><span class='ocrx_word' id='word_1_521' title='bbox 279 3579 475 3635; x_wconf 87' lang='lat' dir='ltr'><strong>Christi</strong></span> <span class='ocrx_word' id='word_1_522' title='bbox 503 3585 718 3639; x_wconf 89' lang='lat' dir='ltr'><strong>nomine</strong></span> <span class='ocrx_word' id='word_1_523' title='bbox 748 3601 842 3654; x_wconf 92' lang='lat' dir='ltr'><strong>per</strong></span> <span class='ocrx_word' id='word_1_524' title='bbox 868 3578 1035 3642; x_wconf 86' lang='lat' dir='ltr'><strong>totum</strong></span> <span class='ocrx_word' id='word_1_525' title='bbox 1067 3589 1252 3646; x_wconf 89' lang='lat' dir='ltr'><strong>orhem</strong></span> <span class='ocrx_word' id='word_1_526' title='bbox 1279 3601 1540 3650; x_wconf 90' lang='lat' dir='ltr'><strong>terrarum</strong></span> <span class='ocrx_word' id='word_1_527' title='bbox 1572 3596 1708 3666; x_wconf 83' lang='lat' dir='ltr'><strong>geri,</strong></span> <span class='ocrx_word' id='word_1_528' title='bbox 1743 3607 1866 3653; x_wconf 88' lang='lat' dir='ltr'><strong>ante</strong></span> 
     </span>
    </p>
   </div>
   <div class='ocr_carea' id='block_1_67' title="bbox 280 3673 1864 3757">
    <p class='ocr_par' dir='ltr' id='par_1_67' title="bbox 280 3673 1864 3757">
     <span class='ocr_line' id='line_1_67' title="bbox 280 3673 1864 3757; baseline 0.015 -35"><span class='ocrx_word' id='word_1_529' title='bbox 280 3673 478 3727; x_wconf 81' lang='lat' dir='ltr'><strong>saecula</strong></span> <span class='ocrx_word' id='word_1_530' title='bbox 522 3673 632 3741; x_wconf 85' lang='lat' dir='ltr'><strong>jam</strong></span> <span class='ocrx_word' id='word_1_531' title='bbox 667 3678 915 3743; x_wconf 74' lang='lat' dir='ltr'><strong>prmdicta</strong></span> <span class='ocrx_word' id='word_1_532' title='bbox 946 3691 1093 3747; x_wconf 91' lang='lat' dir='ltr'><strong>sunt,</strong></span> <span class='ocrx_word' id='word_1_533' title='bbox 1125 3691 1181 3737; x_wconf 91' lang='lat' dir='ltr'><strong>et</strong></span> <span class='ocrx_word' id='word_1_534' title='bbox 1228 3683 1364 3739; x_wconf 89' lang='lat' dir='ltr'><strong>sicut</strong></span> <span class='ocrx_word' id='word_1_535' title='bbox 1407 3701 1466 3741; x_wconf 91' lang='lat' dir='ltr'><strong>ea</strong></span> <span class='ocrx_word' id='word_1_536' title='bbox 1515 3689 1762 3757; x_wconf 81' lang='lat' dir='ltr'><strong>legimus,</strong></span> <span class='ocrx_word' id='word_1_537' title='bbox 1795 3692 1864 3744; x_wconf 87' lang='lat' dir='ltr'><strong>ita</strong></span> 
     </span>
    </p>
   </div>
   <div class='ocr_carea' id='block_1_68' title="bbox 277 3765 1867 3841">
    <p class='ocr_par' dir='ltr' id='par_1_68' title="bbox 277 3765 1867 3841">
     <span class='ocr_line' id='line_1_68' title="bbox 277 3765 1867 3841; baseline 0.016 -25"><span class='ocrx_word' id='word_1_538' title='bbox 277 3772 331 3817; x_wconf 87' lang='lat' dir='ltr'><strong>et</strong></span> <span class='ocrx_word' id='word_1_539' title='bbox 360 3765 628 3833; x_wconf 89' lang='lat' dir='ltr'><strong>videmus,</strong></span> <span class='ocrx_word' id='word_1_540' title='bbox 655 3777 711 3824; x_wconf 90' lang='lat' dir='ltr'><strong>et</strong></span> <span class='ocrx_word' id='word_1_541' title='bbox 747 3770 870 3826; x_wconf 90' lang='lat' dir='ltr'><strong>inde</strong></span> <span class='ocrx_word' id='word_1_542' title='bbox 898 3774 1226 3831; x_wconf 72' lang='lat' dir='ltr'><strong>aadificamur</strong></span> <span class='ocrx_word' id='word_1_543' title='bbox 1246 3778 1296 3833; x_wconf 92' lang='lat' dir='ltr'><strong>in</strong></span> <span class='ocrx_word' id='word_1_544' title='bbox 1322 3781 1497 3835; x_wconf 87' lang='lat' dir='ltr'><strong>lident.</strong></span> <span class='ocrx_word' id='word_1_545' title='bbox 1533 3780 1752 3838; x_wconf 88' lang='lat' dir='ltr'><strong>Factum</strong></span> <span class='ocrx_word' id='word_1_546' title='bbox 1785 3796 1867 3841; x_wconf 84' lang='lat' dir='ltr'><strong>est</strong></span> 
     </span>
    </p>
   </div>
   <div class='ocr_carea' id='block_1_69' title="bbox 282 3858 1867 3944">
    <p class='ocr_par' dir='ltr' id='par_1_69' title="bbox 282 3858 1867 3944">
     <span class='ocr_line' id='line_1_69' title="bbox 282 3858 1867 3944; baseline 0.015 -35"><span class='ocrx_word' id='word_1_547' title='bbox 282 3858 575 3925; x_wconf 88' lang='lat' dir='ltr'><strong>aliquando</strong></span> <span class='ocrx_word' id='word_1_548' title='bbox 603 3859 861 3917; x_wconf 86' lang='lat' dir='ltr'><strong>diluvium</strong></span> <span class='ocrx_word' id='word_1_549' title='bbox 896 3879 992 3933; x_wconf 91' lang='lat' dir='ltr'><strong>per</strong></span> <span class='ocrx_word' id='word_1_550' title='bbox 1020 3874 1184 3923; x_wconf 83' lang='lat' dir='ltr'><strong>tatam</strong></span> <span class='ocrx_word' id='word_1_551' title='bbox 1218 3879 1439 3938; x_wconf 89' lang='lat' dir='ltr'><strong>terram,</strong></span> <span class='ocrx_word' id='word_1_552' title='bbox 1472 3881 1528 3927; x_wconf 91' lang='lat' dir='ltr'><strong>ut</strong></span> <span class='ocrx_word' id='word_1_553' title='bbox 1555 3874 1867 3944; x_wconf 80' lang='lat' dir='ltr'><strong>peccatdres</strong></span> 
     </span>
    </p>
   </div>
   <div class='ocr_carea' id='block_1_70' title="bbox 275 3947 1867 4034">
    <p class='ocr_par' dir='ltr' id='par_1_70' title="bbox 275 3947 1867 4034">
     <span class='ocr_line' id='line_1_70' title="bbox 275 3947 1867 4034; baseline 0.013 -32"><span class='ocrx_word' id='word_1_554' title='bbox 275 3947 606 4017; x_wconf 81' lang='lat' dir='ltr'><strong>delerentur;</strong></span> <span class='ocrx_word' id='word_1_555' title='bbox 649 3964 702 4008; x_wconf 92' lang='lat' dir='ltr'><strong>et</strong></span> <span class='ocrx_word' id='word_1_556' title='bbox 737 3963 914 4011; x_wconf 86' lang='lat' dir='ltr'><strong>tamen</strong></span> <span class='ocrx_word' id='word_1_557' title='bbox 945 3958 1021 4012; x_wconf 92' lang='lat' dir='ltr'><strong>illi</strong></span> <span class='ocrx_word' id='word_1_558' title='bbox 1060 3960 1150 4028; x_wconf 90' lang='lat' dir='ltr'><strong>qui</strong></span> <span class='ocrx_word' id='word_1_559' title='bbox 1192 3975 1476 4018; x_wconf 84' lang='lat' dir='ltr'><strong>evaserunt</strong></span> <span class='ocrx_word' id='word_1_560' title='bbox 1505 3967 1555 4019; x_wconf 92' lang='lat' dir='ltr'><strong>in</strong></span> <span class='ocrx_word' id='word_1_561' title='bbox 1604 3981 1750 4034; x_wconf 89' lang='lat' dir='ltr'><strong>arca,</strong></span> <span class='ocrx_word' id='word_1_562' title='bbox 1779 3983 1867 4022; x_wconf 84' lang='lat' dir='ltr'><strong>sa-</strong></span> 
     </span>
    </p>
   </div>
   <div class='ocr_carea' id='block_1_71' title="bbox 275 4044 1864 4127">
    <p class='ocr_par' dir='ltr' id='par_1_71' title="bbox 275 4044 1864 4127">
     <span class='ocr_line' id='line_1_71' title="bbox 275 4044 1864 4127; baseline 0.012 -33"><span class='ocrx_word' id='word_1_563' title='bbox 275 4054 611 4096; x_wconf 89' lang='lat' dir='ltr'><strong>cramentum</strong></span> <span class='ocrx_word' id='word_1_564' title='bbox 661 4044 855 4101; x_wconf 68' lang='lat' dir='ltr'><strong>futurae</strong></span> <span class='ocrx_word' id='word_1_565' title='bbox 909 4049 1167 4105; x_wconf 75' lang='lat' dir='ltr'><strong>Ecclesia:</strong></span> <span class='ocrx_word' id='word_1_566' title='bbox 1215 4051 1692 4123; x_wconf 86' lang='lat' dir='ltr'><strong>demonstrabant,</strong></span> <span class='ocrx_word' id='word_1_567' title='bbox 1743 4074 1864 4127; x_wconf 68' lang='lat' dir='ltr'><strong>qua:</strong></span> 
     </span>
    </p>
   </div>
   <div class='ocr_carea' id='block_1_72' title="bbox 278 4134 1864 4215">
    <p class='ocr_par' dir='ltr' id='par_1_72' title="bbox 278 4134 1864 4215">
     <span class='ocr_line' id='line_1_72' title="bbox 278 4134 1864 4215; baseline 0.012 -31"><span class='ocrx_word' id='word_1_568' title='bbox 278 4147 420 4186; x_wconf 88' lang='lat' dir='ltr'><strong>nunc</strong></span> <span class='ocrx_word' id='word_1_569' title='bbox 448 4134 499 4187; x_wconf 93' lang='lat' dir='ltr'><strong>in</strong></span> <span class='ocrx_word' id='word_1_570' title='bbox 531 4134 780 4191; x_wconf 84' lang='lat' dir='ltr'><strong>fluctibus</strong></span> <span class='ocrx_word' id='word_1_571' title='bbox 817 4138 1000 4192; x_wconf 60' lang='lat' dir='ltr'><strong>saeculi</strong></span> <span class='ocrx_word' id='word_1_572' title='bbox 1035 4149 1200 4205; x_wconf 91' lang='lat' dir='ltr'><strong>natat,</strong></span> <span class='ocrx_word' id='word_1_573' title='bbox 1233 4150 1287 4198; x_wconf 89' lang='lat' dir='ltr'><strong>et</strong></span> <span class='ocrx_word' id='word_1_574' title='bbox 1323 4159 1419 4215; x_wconf 86' lang='lat' dir='ltr'><strong>per</strong></span> <span class='ocrx_word' id='word_1_575' title='bbox 1458 4146 1658 4215; x_wconf 86' lang='lat' dir='ltr'><strong>lignum</strong></span> <span class='ocrx_word' id='word_1_576' title='bbox 1687 4149 1864 4203; x_wconf 86' lang='lat' dir='ltr'><strong>erucis</strong></span> 
     </span>
    </p>
   </div>
   <div class='ocr_carea' id='block_1_73' title="bbox 275 4223 1866 4297">
    <p class='ocr_par' dir='ltr' id='par_1_73' title="bbox 275 4223 1866 4297">
     <span class='ocr_line' id='line_1_73' title="bbox 275 4223 1866 4297; baseline 0.011 -19"><span class='ocrx_word' id='word_1_577' title='bbox 275 4223 477 4281; x_wconf 89' lang='lat' dir='ltr'><strong>Christi</strong></span> <span class='ocrx_word' id='word_1_578' title='bbox 533 4241 564 4280; x_wconf 89' lang='lat' dir='ltr'><strong>a</strong></span> <span class='ocrx_word' id='word_1_579' title='bbox 617 4228 992 4287; x_wconf 83' lang='lat' dir='ltr'><strong>submersione</strong></span> <span class='ocrx_word' id='word_1_580' title='bbox 1048 4234 1325 4290; x_wconf 89' lang='lat' dir='ltr'><strong>liberatur.</strong></span> <span class='ocrx_word' id='word_1_581' title='bbox 1399 4238 1714 4294; x_wconf 72' lang='lat' dir='ltr'><strong>Praedictum</strong></span> <span class='ocrx_word' id='word_1_582' title='bbox 1782 4249 1866 4297; x_wconf 90' lang='lat' dir='ltr'><strong>est</strong></span> 
     </span>
    </p>
   </div>
   <div class='ocr_carea' id='block_1_74' title="bbox 276 4308 1865 4400">
    <p class='ocr_par' dir='ltr' id='par_1_74' title="bbox 276 4308 1865 4400">
     <span class='ocr_line' id='line_1_74' title="bbox 276 4308 1865 4400; baseline 0.01 -28"><span class='ocrx_word' id='word_1_583' title='bbox 276 4318 508 4373; x_wconf 64' lang='lat' dir='ltr'><strong>Abrahae</strong></span> <span class='ocrx_word' id='word_1_584' title='bbox 549 4318 690 4374; x_wconf 84' lang='lat' dir='ltr'><strong>ﬁdeli</strong></span> <span class='ocrx_word' id='word_1_585' title='bbox 722 4337 883 4379; x_wconf 87' lang='lat' dir='ltr'><strong>servo</strong></span> <span class='ocrx_word' id='word_1_586' title='bbox 927 4323 1045 4391; x_wconf 89' lang='lat' dir='ltr'><strong>Dei,</strong></span> <span class='ocrx_word' id='word_1_587' title='bbox 1079 4325 1168 4381; x_wconf 92' lang='lat' dir='ltr'><strong>uni</strong></span> <span class='ocrx_word' id='word_1_588' title='bbox 1217 4308 1439 4396; x_wconf 83' lang='lat' dir='ltr'><strong>homini,</strong></span> <span class='ocrx_word' id='word_1_589' title='bbox 1474 4331 1615 4400; x_wconf 86' lang='lat' dir='ltr'><strong>quod</strong></span> <span class='ocrx_word' id='word_1_590' title='bbox 1659 4331 1730 4387; x_wconf 92' lang='lat' dir='ltr'><strong>de</strong></span> <span class='ocrx_word' id='word_1_591' title='bbox 1774 4332 1865 4388; x_wconf 91' lang='lat' dir='ltr'><strong>illo</strong></span> 
     </span>
    </p>
   </div>
   <div class='ocr_carea' id='block_1_75' title="bbox 275 4411 1862 4490">
    <p class='ocr_par' dir='ltr' id='par_1_75' title="bbox 275 4411 1862 4490">
     <span class='ocr_line' id='line_1_75' title="bbox 275 4411 1862 4490; baseline 0.008 -26"><span class='ocrx_word' id='word_1_592' title='bbox 275 4419 422 4465; x_wconf 86' lang='lat' dir='ltr'><strong>esset</strong></span> <span class='ocrx_word' id='word_1_593' title='bbox 467 4411 696 4481; x_wconf 87' lang='lat' dir='ltr'><strong>pepulus</strong></span> <span class='ocrx_word' id='word_1_594' title='bbox 728 4415 1050 4482; x_wconf 87' lang='lat' dir='ltr'><strong>nasciturus,</strong></span> <span class='ocrx_word' id='word_1_595' title='bbox 1082 4417 1172 4486; x_wconf 88' lang='lat' dir='ltr'><strong>qui</strong></span> <span class='ocrx_word' id='word_1_596' title='bbox 1219 4417 1426 4475; x_wconf 88' lang='lat' dir='ltr'><strong>coleret</strong></span> <span class='ocrx_word' id='word_1_597' title='bbox 1454 4437 1617 4476; x_wconf 90' lang='lat' dir='ltr'><strong>unum</strong></span> <span class='ocrx_word' id='word_1_598' title='bbox 1669 4421 1862 4490; x_wconf 88' lang='lat' dir='ltr'><strong>Deum,</strong></span> 
     </span>
    </p>
   </div>
   <div class='ocr_carea' id='block_1_76' title="bbox 279 4501 1859 4581">
    <p class='ocr_par' dir='ltr' id='par_1_76' title="bbox 279 4501 1859 4581">
     <span class='ocr_line' id='line_1_76' title="bbox 279 4501 1859 4581; baseline 0.011 -28"><span class='ocrx_word' id='word_1_599' title='bbox 279 4501 419 4554; x_wconf 90' lang='lat' dir='ltr'><strong>inter</strong></span> <span class='ocrx_word' id='word_1_600' title='bbox 449 4512 677 4557; x_wconf 67' lang='lat' dir='ltr'><strong>crateras</strong></span> <span class='ocrx_word' id='word_1_601' title='bbox 723 4514 908 4576; x_wconf 87' lang='lat' dir='ltr'><strong>gentes</strong></span> <span class='ocrx_word' id='word_1_602' title='bbox 955 4522 1074 4576; x_wconf 77' lang='lat' dir='ltr'><strong>quae</strong></span> <span class='ocrx_word' id='word_1_603' title='bbox 1121 4508 1262 4564; x_wconf 89' lang='lat' dir='ltr'><strong>idola</strong></span> <span class='ocrx_word' id='word_1_604' title='bbox 1304 4511 1571 4581; x_wconf 90' lang='lat' dir='ltr'><strong>colebant,</strong></span> <span class='ocrx_word' id='word_1_605' title='bbox 1601 4523 1657 4569; x_wconf 92' lang='lat' dir='ltr'><strong>et</strong></span> <span class='ocrx_word' id='word_1_606' title='bbox 1684 4517 1859 4572; x_wconf 88' lang='lat' dir='ltr'><strong>omnia</strong></span> 
     </span>
    </p>
   </div>
   <div class='ocr_carea' id='block_1_77' title="bbox 275 4593 1862 4672">
    <p class='ocr_par' dir='ltr' id='par_1_77' title="bbox 275 4593 1862 4672">
     <span class='ocr_line' id='line_1_77' title="bbox 275 4593 1862 4672; baseline 0.013 -28"><span class='ocrx_word' id='word_1_607' title='bbox 275 4608 393 4660; x_wconf 87' lang='lat' dir='ltr'><strong>quae</strong></span> <span class='ocrx_word' id='word_1_608' title='bbox 425 4593 501 4646; x_wconf 89' lang='lat' dir='ltr'><strong>illi</strong></span> <span class='ocrx_word' id='word_1_609' title='bbox 544 4597 739 4664; x_wconf 87' lang='lat' dir='ltr'><strong>pepulo</strong></span> <span class='ocrx_word' id='word_1_610' title='bbox 788 4610 1011 4653; x_wconf 89' lang='lat' dir='ltr'><strong>ventura</strong></span> <span class='ocrx_word' id='word_1_611' title='bbox 1059 4600 1309 4672; x_wconf 72' lang='lat' dir='ltr'><strong>praedicta</strong></span> <span class='ocrx_word' id='word_1_612' title='bbox 1341 4614 1484 4671; x_wconf 89' lang='lat' dir='ltr'><strong>sunt,</strong></span> <span class='ocrx_word' id='word_1_613' title='bbox 1523 4607 1600 4661; x_wconf 81' lang='lat' dir='ltr'><strong>sic</strong></span> <span class='ocrx_word' id='word_1_614' title='bbox 1630 4623 1862 4665; x_wconf 90' lang='lat' dir='ltr'><strong>evenere</strong></span> 
     </span>
    </p>
   </div>
   <div class='ocr_carea' id='block_1_78' title="bbox 274 4685 1861 4766">
    <p class='ocr_par' dir='ltr' id='par_1_78' title="bbox 274 4685 1861 4766">
     <span class='ocr_line' id='line_1_78' title="bbox 274 4685 1861 4766; baseline 0.011 -27"><span class='ocrx_word' id='word_1_615' title='bbox 274 4685 620 4760; x_wconf 78' lang='lat' dir='ltr'><strong>[evenerant]</strong></span> <span class='ocrx_word' id='word_1_616' title='bbox 647 4700 704 4743; x_wconf 92' lang='lat' dir='ltr'><strong>ut</strong></span> <span class='ocrx_word' id='word_1_617' title='bbox 734 4691 984 4759; x_wconf 68' lang='lat' dir='ltr'><strong>praedicta</strong></span> <span class='ocrx_word' id='word_1_618' title='bbox 1019 4706 1162 4749; x_wconf 86' lang='lat' dir='ltr'><strong>sunt.</strong></span> <span class='ocrx_word' id='word_1_619' title='bbox 1195 4696 1547 4766; x_wconf 82' lang='lat' dir='ltr'><strong>Prophetatus</strong></span> <span class='ocrx_word' id='word_1_620' title='bbox 1572 4709 1654 4755; x_wconf 90' lang='lat' dir='ltr'><strong>est</strong></span> <span class='ocrx_word' id='word_1_621' title='bbox 1682 4702 1732 4755; x_wconf 92' lang='lat' dir='ltr'><strong>in</strong></span> <span class='ocrx_word' id='word_1_622' title='bbox 1766 4703 1861 4758; x_wconf 91' lang='lat' dir='ltr'><strong>illo</strong></span> 
     </span>
    </p>
   </div>
   <div class='ocr_carea' id='block_1_79' title="bbox 275 4779 1862 4850">
    <p class='ocr_par' dir='ltr' id='par_1_79' title="bbox 275 4779 1862 4850">
     <span class='ocr_line' id='line_1_79' title="bbox 275 4779 1862 4850; baseline 0.012 -19"><span class='ocrx_word' id='word_1_623' title='bbox 275 4779 474 4846; x_wconf 88' lang='lat' dir='ltr'><strong>populo</strong></span> <span class='ocrx_word' id='word_1_624' title='bbox 517 4781 677 4834; x_wconf 88' lang='lat' dir='ltr'><strong>etiam</strong></span> <span class='ocrx_word' id='word_1_625' title='bbox 728 4782 973 4838; x_wconf 88' lang='lat' dir='ltr'><strong>Christus</strong></span> <span class='ocrx_word' id='word_1_626' title='bbox 1023 4786 1140 4842; x_wconf 82' lang='lat' dir='ltr'><strong>Rex</strong></span> <span class='ocrx_word' id='word_1_627' title='bbox 1187 4791 1425 4844; x_wconf 88' lang='lat' dir='ltr'><strong>onminm</strong></span> <span class='ocrx_word' id='word_1_628' title='bbox 1474 4804 1778 4847; x_wconf 88' lang='lat' dir='ltr'><strong>sanctorum</strong></span> <span class='ocrx_word' id='word_1_629' title='bbox 1808 4805 1862 4850; x_wconf 90' lang='lat' dir='ltr'><strong>et</strong></span> 
     </span>
    </p>
   </div>
   <div class='ocr_carea' id='block_1_80' title="bbox 273 4870 1858 4949">
    <p class='ocr_par' dir='ltr' id='par_1_80' title="bbox 273 4870 1858 4949">
     <span class='ocr_line' id='line_1_80' title="bbox 273 4870 1858 4949; baseline 0.011 -24"><span class='ocrx_word' id='word_1_630' title='bbox 273 4870 440 4939; x_wconf 90' lang='lat' dir='ltr'><strong>Deus,</strong></span> <span class='ocrx_word' id='word_1_631' title='bbox 464 4883 720 4929; x_wconf 89' lang='lat' dir='ltr'><strong>venturus</strong></span> <span class='ocrx_word' id='word_1_632' title='bbox 743 4890 809 4929; x_wconf 80' lang='lat' dir='ltr'><strong>ex</strong></span> <span class='ocrx_word' id='word_1_633' title='bbox 837 4878 1040 4934; x_wconf 87' lang='lat' dir='ltr'><strong>semine</strong></span> <span class='ocrx_word' id='word_1_634' title='bbox 1071 4881 1238 4949; x_wconf 88' lang='lat' dir='ltr'><strong>ipsius</strong></span> <span class='ocrx_word' id='word_1_635' title='bbox 1266 4883 1534 4937; x_wconf 80' lang='lat' dir='ltr'><strong>Abraham</strong></span> <span class='ocrx_word' id='word_1_636' title='bbox 1567 4887 1858 4942; x_wconf 88' lang='lat' dir='ltr'><strong>secundum</strong></span> 
     </span>
    </p>
   </div>
   <div class='ocr_carea' id='block_1_81' title="bbox 271 4969 1860 5036">
    <p class='ocr_par' dir='ltr' id='par_1_81' title="bbox 271 4969 1860 5036">
     <span class='ocr_line' id='line_1_81' title="bbox 271 4969 1860 5036; baseline 0.01 -20"><span class='ocrx_word' id='word_1_637' title='bbox 271 4977 513 5029; x_wconf 90' lang='lat' dir='ltr'><strong>carnem,</strong></span> <span class='ocrx_word' id='word_1_638' title='bbox 544 4981 704 5033; x_wconf 92' lang='lat' dir='ltr'><strong>quam</strong></span> <span class='ocrx_word' id='word_1_639' title='bbox 752 4969 1061 5036; x_wconf 86' lang='lat' dir='ltr'><strong>assumpsit,</strong></span> <span class='ocrx_word' id='word_1_640' title='bbox 1113 4981 1169 5023; x_wconf 88' lang='lat' dir='ltr'><strong>ut</strong></span> <span class='ocrx_word' id='word_1_641' title='bbox 1211 4987 1400 5028; x_wconf 90' lang='lat' dir='ltr'><strong>omnes</strong></span> <span class='ocrx_word' id='word_1_642' title='bbox 1439 4976 1600 5029; x_wconf 86' lang='lat' dir='ltr'><strong>etiam</strong></span> <span class='ocrx_word' id='word_1_643' title='bbox 1648 4976 1737 5030; x_wconf 89' lang='lat' dir='ltr'><strong>lilii</strong></span> <span class='ocrx_word' id='word_1_644' title='bbox 1774 4993 1860 5032; x_wconf 91' lang='lat' dir='ltr'><strong>es-</strong></span> 
     </span>
    </p>
   </div>
   <div class='ocr_carea' id='block_1_82' title="bbox 272 5057 1860 5133">
    <p class='ocr_par' dir='ltr' id='par_1_82' title="bbox 272 5057 1860 5133">
     <span class='ocr_line' id='line_1_82' title="bbox 272 5057 1860 5133; baseline 0.007 -19"><span class='ocrx_word' id='word_1_645' title='bbox 272 5067 397 5115; x_wconf 81' lang='lat' dir='ltr'><strong>sent</strong></span> <span class='ocrx_word' id='word_1_646' title='bbox 438 5057 668 5113; x_wconf 64' lang='lat' dir='ltr'><strong>Abrahae</strong></span> <span class='ocrx_word' id='word_1_647' title='bbox 709 5062 799 5131; x_wconf 90' lang='lat' dir='ltr'><strong>qui</strong></span> <span class='ocrx_word' id='word_1_648' title='bbox 832 5061 990 5116; x_wconf 84' lang='lat' dir='ltr'><strong>ﬁdem</strong></span> <span class='ocrx_word' id='word_1_649' title='bbox 1023 5063 1139 5133; x_wconf 90' lang='lat' dir='ltr'><strong>ejus</strong></span> <span class='ocrx_word' id='word_1_650' title='bbox 1187 5065 1541 5131; x_wconf 86' lang='lat' dir='ltr'><strong>imitarentur.</strong></span> <span class='ocrx_word' id='word_1_651' title='bbox 1573 5078 1627 5123; x_wconf 88' lang='lat' dir='ltr'><strong>et</strong></span> <span class='ocrx_word' id='word_1_652' title='bbox 1671 5071 1748 5124; x_wconf 87' lang='lat' dir='ltr'><strong>sic</strong></span> <span class='ocrx_word' id='word_1_653' title='bbox 1776 5081 1860 5125; x_wconf 84' lang='lat' dir='ltr'><strong>est</strong></span> 
     </span>
    </p>
   </div>
   <div class='ocr_carea' id='block_1_83' title="bbox 272 5149 1867 5230">
    <p class='ocr_par' dir='ltr' id='par_1_83' title="bbox 272 5149 1867 5230">
     <span class='ocr_line' id='line_1_83' title="bbox 272 5149 1867 5230; baseline 0.007 -26"><span class='ocrx_word' id='word_1_654' title='bbox 272 5149 496 5206; x_wconf 62' lang='lat' dir='ltr'><strong>factum.</strong></span> <span class='ocrx_word' id='word_1_655' title='bbox 525 5152 692 5208; x_wconf 82' lang='lat' dir='ltr'><strong>Natus</strong></span> <span class='ocrx_word' id='word_1_656' title='bbox 739 5163 821 5210; x_wconf 90' lang='lat' dir='ltr'><strong>est</strong></span> <span class='ocrx_word' id='word_1_657' title='bbox 868 5154 1113 5212; x_wconf 86' lang='lat' dir='ltr'><strong>Christus</strong></span> <span class='ocrx_word' id='word_1_658' title='bbox 1163 5157 1228 5211; x_wconf 90' lang='lat' dir='ltr'><strong>de</strong></span> <span class='ocrx_word' id='word_1_659' title='bbox 1276 5158 1436 5213; x_wconf 78' lang='lat' dir='ltr'><strong>Maria</strong></span> <span class='ocrx_word' id='word_1_660' title='bbox 1469 5159 1706 5230; x_wconf 84' lang='lat' dir='ltr'><strong>Virgine,</strong></span> <span class='ocrx_word' id='word_1_661' title='bbox 1737 5177 1867 5229; x_wconf 55' lang='lat' dir='ltr'><strong>qua:</strong></span> 
     </span>
    </p>
   </div>
   <div class='ocr_carea' id='block_1_84' title="bbox 274 5246 1857 5322">
    <p class='ocr_par' dir='ltr' id='par_1_84' title="bbox 274 5246 1857 5322">
     <span class='ocr_line' id='line_1_84' title="bbox 274 5246 1857 5322; baseline 0.007 -24"><span class='ocrx_word' id='word_1_662' title='bbox 274 5258 343 5298; x_wconf 70' lang='lat' dir='ltr'><strong>ex</strong></span> <span class='ocrx_word' id='word_1_663' title='bbox 379 5246 477 5299; x_wconf 73' lang='lat' dir='ltr'><strong>illo</strong></span> <span class='ocrx_word' id='word_1_664' title='bbox 520 5261 717 5313; x_wconf 84' lang='lat' dir='ltr'><strong>genere</strong></span> <span class='ocrx_word' id='word_1_665' title='bbox 765 5247 881 5304; x_wconf 88' lang='lat' dir='ltr'><strong>fttit.</strong></span> <span class='ocrx_word' id='word_1_666' title='bbox 929 5248 1245 5304; x_wconf 69' lang='lat' dir='ltr'><strong>Prmdictum</strong></span> <span class='ocrx_word' id='word_1_667' title='bbox 1300 5259 1383 5306; x_wconf 90' lang='lat' dir='ltr'><strong>est</strong></span> <span class='ocrx_word' id='word_1_668' title='bbox 1431 5267 1523 5318; x_wconf 82' lang='lat' dir='ltr'><strong>per</strong></span> <span class='ocrx_word' id='word_1_669' title='bbox 1570 5255 1857 5322; x_wconf 89' lang='lat' dir='ltr'><strong>prophetas</strong></span> 
     </span>
    </p>
   </div>
   <div class='ocr_carea' id='block_1_85' title="bbox 269 5334 1852 5412">
    <p class='ocr_par' dir='ltr' id='par_1_85' title="bbox 269 5334 1852 5412">
     <span class='ocr_line' id='line_1_85' title="bbox 269 5334 1852 5412; baseline 0.008 -26"><span class='ocrx_word' id='word_1_670' title='bbox 269 5334 413 5400; x_wconf 87' lang='lat' dir='ltr'><strong>quod</strong></span> <span class='ocrx_word' id='word_1_671' title='bbox 453 5336 505 5390; x_wconf 91' lang='lat' dir='ltr'><strong>in</strong></span> <span class='ocrx_word' id='word_1_672' title='bbox 535 5351 692 5392; x_wconf 90' lang='lat' dir='ltr'><strong>cruce</strong></span> <span class='ocrx_word' id='word_1_673' title='bbox 722 5353 974 5407; x_wconf 87' lang='lat' dir='ltr'><strong>passurus</strong></span> <span class='ocrx_word' id='word_1_674' title='bbox 1005 5349 1168 5407; x_wconf 86' lang='lat' dir='ltr'><strong>esset,</strong></span> <span class='ocrx_word' id='word_1_675' title='bbox 1200 5342 1267 5395; x_wconf 90' lang='lat' dir='ltr'><strong>ab</strong></span> <span class='ocrx_word' id='word_1_676' title='bbox 1310 5343 1496 5396; x_wconf 84' lang='lat' dir='ltr'><strong>eodem</strong></span> <span class='ocrx_word' id='word_1_677' title='bbox 1539 5345 1735 5412; x_wconf 73' lang='lat' dir='ltr'><strong>populo</strong></span> <span class='ocrx_word' id='word_1_678' title='bbox 1764 5344 1852 5399; x_wconf 82' lang='lat' dir='ltr'><strong>lu-</strong></span> 
     </span>
    </p>
   </div>
   <div class='ocr_carea' id='block_1_86' title="bbox 269 5428 1849 5501">
    <p class='ocr_par' dir='ltr' id='par_1_86' title="bbox 269 5428 1849 5501">
     <span class='ocr_line' id='line_1_86' title="bbox 269 5428 1849 5501; baseline 0.006 -21"><span class='ocrx_word' id='word_1_679' title='bbox 269 5428 511 5481; x_wconf 75' lang='lat' dir='ltr'><strong>dznorum</strong></span> <span class='ocrx_word' id='word_1_680' title='bbox 556 5429 624 5482; x_wconf 85' lang='lat' dir='ltr'><strong>de</strong></span> <span class='ocrx_word' id='word_1_681' title='bbox 656 5431 806 5498; x_wconf 90' lang='lat' dir='ltr'><strong>cujus</strong></span> <span class='ocrx_word' id='word_1_682' title='bbox 853 5447 1046 5501; x_wconf 83' lang='lat' dir='ltr'><strong>genere</strong></span> <span class='ocrx_word' id='word_1_683' title='bbox 1079 5433 1369 5487; x_wconf 87' lang='lat' dir='ltr'><strong>secundum</strong></span> <span class='ocrx_word' id='word_1_684' title='bbox 1414 5449 1630 5488; x_wconf 88' lang='lat' dir='ltr'><strong>carnem</strong></span> <span class='ocrx_word' id='word_1_685' title='bbox 1666 5436 1849 5489; x_wconf 88' lang='lat' dir='ltr'><strong>venie-</strong></span> 
     </span>
    </p>
   </div>
   <div class='ocr_carea' id='block_1_87' title="bbox 271 5519 1851 5593">
    <p class='ocr_par' dir='ltr' id='par_1_87' title="bbox 271 5519 1851 5593">
     <span class='ocr_line' id='line_1_87' title="bbox 271 5519 1851 5593; baseline 0.007 -23"><span class='ocrx_word' id='word_1_686' title='bbox 271 5519 386 5582; x_wconf 86' lang='lat' dir='ltr'><strong>bat,</strong></span> <span class='ocrx_word' id='word_1_687' title='bbox 415 5528 468 5573; x_wconf 85' lang='lat' dir='ltr'><strong>et</strong></span> <span class='ocrx_word' id='word_1_688' title='bbox 497 5520 577 5575; x_wconf 90' lang='lat' dir='ltr'><strong>sic</strong></span> <span class='ocrx_word' id='word_1_689' title='bbox 598 5530 680 5576; x_wconf 89' lang='lat' dir='ltr'><strong>est</strong></span> <span class='ocrx_word' id='word_1_690' title='bbox 711 5523 929 5577; x_wconf 83' lang='lat' dir='ltr'><strong>factum.</strong></span> <span class='ocrx_word' id='word_1_691' title='bbox 964 5523 1278 5578; x_wconf 80' lang='lat' dir='ltr'><strong>Praedictum</strong></span> <span class='ocrx_word' id='word_1_692' title='bbox 1303 5531 1383 5577; x_wconf 84' lang='lat' dir='ltr'><strong>est</strong></span> <span class='ocrx_word' id='word_1_693' title='bbox 1410 5526 1546 5593; x_wconf 88' lang='lat' dir='ltr'><strong>quod</strong></span> <span class='ocrx_word' id='word_1_694' title='bbox 1581 5539 1851 5581; x_wconf 61' lang='lat' dir='ltr'><strong>resurrecc</strong></span> 
     </span>
    </p>
   </div>
   <div class='ocr_carea' id='block_1_88' title="bbox 267 5614 1852 5683">
    <p class='ocr_par' dir='ltr' id='par_1_88' title="bbox 267 5614 1852 5683">
     <span class='ocr_line' id='line_1_88' title="bbox 267 5614 1852 5683; baseline 0.004 -20"><span class='ocrx_word' id='word_1_695' title='bbox 267 5620 427 5664; x_wconf 89' lang='lat' dir='ltr'><strong>turus</strong></span> <span class='ocrx_word' id='word_1_696' title='bbox 466 5621 632 5678; x_wconf 90' lang='lat' dir='ltr'><strong>esset,</strong></span> <span class='ocrx_word' id='word_1_697' title='bbox 668 5614 983 5668; x_wconf 83' lang='lat' dir='ltr'><strong>resurrexit.</strong></span> <span class='ocrx_word' id='word_1_698' title='bbox 1015 5614 1082 5668; x_wconf 86' lang='lat' dir='ltr'><strong>Et</strong></span> <span class='ocrx_word' id='word_1_699' title='bbox 1133 5615 1423 5668; x_wconf 84' lang='lat' dir='ltr'><strong>secundum</strong></span> <span class='ocrx_word' id='word_1_700' title='bbox 1455 5615 1566 5683; x_wconf 89' lang='lat' dir='ltr'><strong>ipsa</strong></span> <span class='ocrx_word' id='word_1_701' title='bbox 1600 5615 1852 5682; x_wconf 66' lang='lat' dir='ltr'><strong>praedicta</strong></span> 
     </span>
    </p>
   </div>
   <div class='ocr_carea' id='block_1_89' title="bbox 272 5702 1852 5775">
    <p class='ocr_par' dir='ltr' id='par_1_89' title="bbox 272 5702 1852 5775">
     <span class='ocr_line' id='line_1_89' title="bbox 272 5702 1852 5775; baseline 0.003 -18"><span class='ocrx_word' id='word_1_702' title='bbox 272 5702 676 5773; x_wconf 86' lang='lat' dir='ltr'><strong>prophetarum,</strong></span> <span class='ocrx_word' id='word_1_703' title='bbox 724 5706 968 5761; x_wconf 86' lang='lat' dir='ltr'><strong>ascendit</strong></span> <span class='ocrx_word' id='word_1_704' title='bbox 1006 5707 1058 5761; x_wconf 92' lang='lat' dir='ltr'><strong>in</strong></span> <span class='ocrx_word' id='word_1_705' title='bbox 1096 5707 1310 5771; x_wconf 61' lang='lat' dir='ltr'><strong>caelum,</strong></span> <span class='ocrx_word' id='word_1_706' title='bbox 1346 5717 1397 5762; x_wconf 88' lang='lat' dir='ltr'><strong>et</strong></span> <span class='ocrx_word' id='word_1_707' title='bbox 1441 5704 1715 5775; x_wconf 83' lang='lat' dir='ltr'><strong>discipulis</strong></span> <span class='ocrx_word' id='word_1_708' title='bbox 1743 5709 1852 5762; x_wconf 90' lang='lat' dir='ltr'><strong>suis</strong></span> 
     </span>
    </p>
   </div>
   <div class='ocr_carea' id='block_1_90' title="bbox 269 5795 1852 5868">
    <p class='ocr_par' dir='ltr' id='par_1_90' title="bbox 269 5795 1852 5868">
     <span class='ocr_line' id='line_1_90' title="bbox 269 5795 1852 5868; baseline 0.004 -19"><span class='ocrx_word' id='word_1_709' title='bbox 269 5795 530 5868; x_wconf 84' lang='lat' dir='ltr'><strong>Spiritum</strong></span> <span class='ocrx_word' id='word_1_710' title='bbox 561 5805 806 5856; x_wconf 87' lang='lat' dir='ltr'><strong>sanctum</strong></span> <span class='ocrx_word' id='word_1_711' title='bbox 839 5800 1004 5858; x_wconf 87' lang='lat' dir='ltr'><strong>misit.</strong></span> <span class='ocrx_word' id='word_1_712' title='bbox 1050 5800 1369 5860; x_wconf 77' lang='lat' dir='ltr'><strong>Praedictum</strong></span> <span class='ocrx_word' id='word_1_713' title='bbox 1413 5811 1496 5861; x_wconf 90' lang='lat' dir='ltr'><strong>est</strong></span> <span class='ocrx_word' id='word_1_714' title='bbox 1542 5818 1649 5862; x_wconf 85' lang='lat' dir='ltr'><strong>non</strong></span> <span class='ocrx_word' id='word_1_715' title='bbox 1682 5801 1852 5862; x_wconf 71' lang='lat' dir='ltr'><strong>solum</strong></span> 
     </span>
    </p>
   </div>
   <div class='ocr_carea' id='block_1_91' title="bbox 1970 3310 3560 3385">
    <p class='ocr_par' dir='ltr' id='par_1_91' title="bbox 1970 3310 3560 3385">
     <span class='ocr_line' id='line_1_91' title="bbox 1970 3310 3560 3385; baseline -0.003 -14"><span class='ocrx_word' id='word_1_716' title='bbox 1970 3316 2202 3385; x_wconf 75' lang='lat' dir='ltr'><strong>mquaies</strong></span> <span class='ocrx_word' id='word_1_717' title='bbox 2231 3314 2434 3385; x_wconf 86' lang='lat' dir='ltr'><strong>angelis</strong></span> <span class='ocrx_word' id='word_1_718' title='bbox 2482 3314 2598 3376; x_wconf 86' lang='lat' dir='ltr'><strong>Dei,</strong></span> <span class='ocrx_word' id='word_1_719' title='bbox 2629 3312 2766 3369; x_wconf 88' lang='lat' dir='ltr'><strong>sicut</strong></span> <span class='ocrx_word' id='word_1_720' title='bbox 2792 3312 3044 3368; x_wconf 86' lang='lat' dir='ltr'><strong>Dominus</strong></span> <span class='ocrx_word' id='word_1_721' title='bbox 3077 3311 3194 3383; x_wconf 85' lang='lat' dir='ltr'><strong>ipse</strong></span> <span class='ocrx_word' id='word_1_722' title='bbox 3219 3310 3482 3384; x_wconf 84' lang='lat' dir='ltr'><strong>promisit,</strong></span> <span class='ocrx_word' id='word_1_723' title='bbox 3503 3318 3560 3367; x_wconf 85' lang='lat' dir='ltr'><strong>et</strong></span> 
     </span>
    </p>
   </div>
   <div class='ocr_carea' id='block_1_92' title="bbox 1972 3387 3561 3476">
    <p class='ocr_par' dir='ltr' id='par_1_92' title="bbox 1972 3387 3561 3476">
     <span class='ocr_line' id='line_1_92' title="bbox 1972 3387 3561 3476; baseline -0.002 -14"><span class='ocrx_word' id='word_1_724' title='bbox 1972 3408 2189 3462; x_wconf 89' lang='lat' dir='ltr'><strong>laudent</strong></span> <span class='ocrx_word' id='word_1_725' title='bbox 2219 3422 2344 3463; x_wconf 89' lang='lat' dir='ltr'><strong>eum</strong></span> <span class='ocrx_word' id='word_1_726' title='bbox 2377 3406 2498 3462; x_wconf 88' lang='lat' dir='ltr'><strong>sine</strong></span> <span class='ocrx_word' id='word_1_727' title='bbox 2536 3406 2717 3476; x_wconf 88' lang='lat' dir='ltr'><strong>aliquo</strong></span> <span class='ocrx_word' id='word_1_728' title='bbox 2756 3404 2987 3472; x_wconf 82' lang='lat' dir='ltr'><strong>deiectu,</strong></span> <span class='ocrx_word' id='word_1_729' title='bbox 3010 3387 3075 3460; x_wconf 75' lang='lat' dir='ltr'><strong>et</strong></span> <span class='ocrx_word' id='word_1_730' title='bbox 3107 3401 3228 3460; x_wconf 84' lang='lat' dir='ltr'><strong>sine</strong></span> <span class='ocrx_word' id='word_1_731' title='bbox 3254 3403 3433 3474; x_wconf 88' lang='lat' dir='ltr'><strong>aliquo</strong></span> <span class='ocrx_word' id='word_1_732' title='bbox 3459 3401 3561 3459; x_wconf 72' lang='lat' dir='ltr'><strong>fas~</strong></span> 
     </span>
    </p>
   </div>
   <div class='ocr_carea' id='block_1_93' title="bbox 1972 3486 3561 3567">
    <p class='ocr_par' dir='ltr' id='par_1_93' title="bbox 1972 3486 3561 3567">
     <span class='ocr_line' id='line_1_93' title="bbox 1972 3486 3561 3567; baseline -0.004 -13"><span class='ocrx_word' id='word_1_733' title='bbox 1972 3499 2123 3562; x_wconf 88' lang='lat' dir='ltr'><strong>tidio,</strong></span> <span class='ocrx_word' id='word_1_734' title='bbox 2167 3513 2384 3567; x_wconf 84' lang='lat' dir='ltr'><strong>semper</strong></span> <span class='ocrx_word' id='word_1_735' title='bbox 2425 3496 2668 3552; x_wconf 86' lang='lat' dir='ltr'><strong>viventes</strong></span> <span class='ocrx_word' id='word_1_736' title='bbox 2696 3495 2749 3551; x_wconf 91' lang='lat' dir='ltr'><strong>in</strong></span> <span class='ocrx_word' id='word_1_737' title='bbox 2795 3495 2908 3564; x_wconf 91' lang='lat' dir='ltr'><strong>illo,</strong></span> <span class='ocrx_word' id='word_1_738' title='bbox 2942 3486 3016 3552; x_wconf 87' lang='lat' dir='ltr'><strong>et</strong></span> <span class='ocrx_word' id='word_1_739' title='bbox 3045 3497 3113 3552; x_wconf 91' lang='lat' dir='ltr'><strong>de</strong></span> <span class='ocrx_word' id='word_1_740' title='bbox 3141 3495 3254 3562; x_wconf 90' lang='lat' dir='ltr'><strong>illo,</strong></span> <span class='ocrx_word' id='word_1_741' title='bbox 3304 3507 3425 3552; x_wconf 83' lang='lat' dir='ltr'><strong>cum</strong></span> <span class='ocrx_word' id='word_1_742' title='bbox 3467 3494 3561 3550; x_wconf 85' lang='lat' dir='ltr'><strong>tali</strong></span> 
     </span>
    </p>
   </div>
   <div class='ocr_carea' id='block_1_94' title="bbox 1969 3584 3563 3662">
    <p class='ocr_par' dir='ltr' id='par_1_94' title="bbox 1969 3584 3563 3662">
     <span class='ocr_line' id='line_1_94' title="bbox 1969 3584 3563 3662; baseline -0.003 -17"><span class='ocrx_word' id='word_1_743' title='bbox 1969 3584 2162 3662; x_wconf 80' lang='lat' dir='ltr'><strong>ga&#39;udio</strong></span> <span class='ocrx_word' id='word_1_744' title='bbox 2206 3599 2261 3645; x_wconf 92' lang='lat' dir='ltr'><strong>et</strong></span> <span class='ocrx_word' id='word_1_745' title='bbox 2307 3587 2663 3653; x_wconf 85' lang='lat' dir='ltr'><strong>beatitudine,</strong></span> <span class='ocrx_word' id='word_1_746' title='bbox 2695 3587 2872 3658; x_wconf 86' lang='lat' dir='ltr'><strong>qualis</strong></span> <span class='ocrx_word' id='word_1_747' title='bbox 2918 3601 3020 3643; x_wconf 90' lang='lat' dir='ltr'><strong>nec</strong></span> <span class='ocrx_word' id='word_1_748' title='bbox 3046 3585 3174 3655; x_wconf 90' lang='lat' dir='ltr'><strong>dici,</strong></span> <span class='ocrx_word' id='word_1_749' title='bbox 3213 3601 3313 3642; x_wconf 91' lang='lat' dir='ltr'><strong>nec</strong></span> <span class='ocrx_word' id='word_1_750' title='bbox 3339 3585 3563 3656; x_wconf 80' lang='lat' dir='ltr'><strong>cogitari</strong></span> 
     </span>
    </p>
   </div>
   <div class='ocr_carea' id='block_1_95' title="bbox 1971 3677 3572 3752">
    <p class='ocr_par' dir='ltr' id='par_1_95' title="bbox 1971 3677 3572 3752">
     <span class='ocr_line' id='line_1_95' title="bbox 1971 3677 3572 3752; baseline -0.004 -14"><span class='ocrx_word' id='word_1_751' title='bbox 1971 3684 2037 3738; x_wconf 90' lang='lat' dir='ltr'><strong>ab</strong></span> <span class='ocrx_word' id='word_1_752' title='bbox 2069 3679 2378 3736; x_wconf 89' lang='lat' dir='ltr'><strong>hominibus</strong></span> <span class='ocrx_word' id='word_1_753' title='bbox 2423 3688 2623 3750; x_wconf 87' lang='lat' dir='ltr'><strong>potest.</strong></span> <span class='ocrx_word' id='word_1_754' title='bbox 2668 3679 2747 3733; x_wconf 83' lang='lat' dir='ltr'><strong>Tu</strong></span> <span class='ocrx_word' id='word_1_755' title='bbox 2772 3679 2967 3752; x_wconf 73' lang='lat' dir='ltr'><strong>itaque</strong></span> <span class='ocrx_word' id='word_1_756' title='bbox 3005 3677 3233 3734; x_wconf 80' lang='lat' dir='ltr'><strong>credens</strong></span> <span class='ocrx_word' id='word_1_757' title='bbox 3261 3677 3388 3745; x_wconf 82' lang='lat' dir='ltr'><strong>ista,</strong></span> <span class='ocrx_word' id='word_1_758' title='bbox 3432 3690 3572 3732; x_wconf 79' lang='lat' dir='ltr'><strong>cave-</strong></span> 
     </span>
    </p>
   </div>
   <div class='ocr_carea' id='block_1_96' title="bbox 1974 3770 3562 3843">
    <p class='ocr_par' dir='ltr' id='par_1_96' title="bbox 1974 3770 3562 3843">
     <span class='ocr_line' id='line_1_96' title="bbox 1974 3770 3562 3843; baseline -0.004 -13"><span class='ocrx_word' id='word_1_759' title='bbox 1974 3773 2315 3838; x_wconf 87' lang='lat' dir='ltr'><strong>tentationes,</strong></span> <span class='ocrx_word' id='word_1_760' title='bbox 2342 3771 2468 3843; x_wconf 87' lang='lat' dir='ltr'><strong>quia</strong></span> <span class='ocrx_word' id='word_1_761' title='bbox 2493 3770 2742 3826; x_wconf 86' lang='lat' dir='ltr'><strong>diabolus</strong></span> <span class='ocrx_word' id='word_1_762' title='bbox 2771 3770 2965 3841; x_wconf 63' lang='lat' dir='ltr'><strong>quaerit</strong></span> <span class='ocrx_word' id='word_1_763' title='bbox 2988 3770 3079 3840; x_wconf 87' lang='lat' dir='ltr'><strong>qui</strong></span> <span class='ocrx_word' id='word_1_764' title='bbox 3105 3784 3292 3827; x_wconf 82' lang='lat' dir='ltr'><strong>secum</strong></span> <span class='ocrx_word' id='word_1_765' title='bbox 3316 3776 3562 3841; x_wconf 82' lang='lat' dir='ltr'><strong>pereant,</strong></span> 
     </span>
    </p>
   </div>
   <div class='ocr_carea' id='block_1_97' title="bbox 1970 3860 3565 3937">
    <p class='ocr_par' dir='ltr' id='par_1_97' title="bbox 1970 3860 3565 3937">
     <span class='ocr_line' id='line_1_97' title="bbox 1970 3860 3565 3937; baseline -0.001 -16"><span class='ocrx_word' id='word_1_766' title='bbox 1970 3879 2029 3923; x_wconf 92' lang='lat' dir='ltr'><strong>ut</strong></span> <span class='ocrx_word' id='word_1_767' title='bbox 2055 3883 2163 3922; x_wconf 91' lang='lat' dir='ltr'><strong>non</strong></span> <span class='ocrx_word' id='word_1_768' title='bbox 2195 3868 2369 3922; x_wconf 90' lang='lat' dir='ltr'><strong>solum</strong></span> <span class='ocrx_word' id='word_1_769' title='bbox 2400 3882 2502 3937; x_wconf 89' lang='lat' dir='ltr'><strong>per</strong></span> <span class='ocrx_word' id='word_1_770' title='bbox 2520 3880 2613 3921; x_wconf 85' lang='lat' dir='ltr'><strong>eos</strong></span> <span class='ocrx_word' id='word_1_771' title='bbox 2640 3865 2731 3936; x_wconf 90' lang='lat' dir='ltr'><strong>qui</strong></span> <span class='ocrx_word' id='word_1_772' title='bbox 2762 3873 2914 3920; x_wconf 78' lang='lat' dir='ltr'><strong>extra</strong></span> <span class='ocrx_word' id='word_1_773' title='bbox 2942 3860 3239 3921; x_wconf 81' lang='lat' dir='ltr'><strong>Ecclesiam</strong></span> <span class='ocrx_word' id='word_1_774' title='bbox 3271 3870 3417 3927; x_wconf 84' lang='lat' dir='ltr'><strong>sunt,</strong></span> <span class='ocrx_word' id='word_1_775' title='bbox 3447 3863 3565 3919; x_wconf 68' lang='lat' dir='ltr'><strong>site</strong></span> 
     </span>
    </p>
   </div>
   <div class='ocr_carea' id='block_1_98' title="bbox 1969 3955 3565 4030">
    <p class='ocr_par' dir='ltr' id='par_1_98' title="bbox 1969 3955 3565 4030">
     <span class='ocr_line' id='line_1_98' title="bbox 1969 3955 3565 4030; baseline -0.001 -16"><span class='ocrx_word' id='word_1_776' title='bbox 1969 3961 2180 4030; x_wconf 84' lang='lat' dir='ltr'><strong>pagani,</strong></span> <span class='ocrx_word' id='word_1_777' title='bbox 2209 3961 2330 4016; x_wconf 85' lang='lat' dir='ltr'><strong>sive</strong></span> <span class='ocrx_word' id='word_1_778' title='bbox 2351 3959 2540 4029; x_wconf 64' lang='lat' dir='ltr'><strong>judei,</strong></span> <span class='ocrx_word' id='word_1_779' title='bbox 2572 3959 2690 4013; x_wconf 83' lang='lat' dir='ltr'><strong>sive</strong></span> <span class='ocrx_word' id='word_1_780' title='bbox 2727 3955 2986 4014; x_wconf 67' lang='lat' dir='ltr'><strong>haeretici.</strong></span> <span class='ocrx_word' id='word_1_781' title='bbox 3016 3957 3133 4012; x_wconf 81' lang='lat' dir='ltr'><strong>Non</strong></span> <span class='ocrx_word' id='word_1_782' title='bbox 3176 3967 3230 4014; x_wconf 87' lang='lat' dir='ltr'><strong>te</strong></span> <span class='ocrx_word' id='word_1_783' title='bbox 3261 3956 3427 4012; x_wconf 86' lang='lat' dir='ltr'><strong>hostis</strong></span> <span class='ocrx_word' id='word_1_784' title='bbox 3471 3956 3565 4012; x_wconf 84' lang='lat' dir='ltr'><strong>ille</strong></span> 
     </span>
    </p>
   </div>
   <div class='ocr_carea' id='block_1_99' title="bbox 1964 4045 3565 4120">
    <p class='ocr_par' dir='ltr' id='par_1_99' title="bbox 1964 4045 3565 4120">
     <span class='ocr_line' id='line_1_99' title="bbox 1964 4045 3565 4120; baseline -0.004 -13"><span class='ocrx_word' id='word_1_785' title='bbox 1964 4052 2205 4116; x_wconf 80' lang='lat' dir='ltr'><strong>scducat,</strong></span> <span class='ocrx_word' id='word_1_786' title='bbox 2238 4051 2331 4105; x_wconf 91' lang='lat' dir='ltr'><strong>sed</strong></span> <span class='ocrx_word' id='word_1_787' title='bbox 2370 4049 2531 4105; x_wconf 89' lang='lat' dir='ltr'><strong>etiam</strong></span> <span class='ocrx_word' id='word_1_788' title='bbox 2567 4064 2703 4119; x_wconf 89' lang='lat' dir='ltr'><strong>quos</strong></span> <span class='ocrx_word' id='word_1_789' title='bbox 2733 4049 2786 4104; x_wconf 91' lang='lat' dir='ltr'><strong>in</strong></span> <span class='ocrx_word' id='word_1_790' title='bbox 2827 4049 2936 4119; x_wconf 90' lang='lat' dir='ltr'><strong>ipsa</strong></span> <span class='ocrx_word' id='word_1_791' title='bbox 2968 4047 3207 4103; x_wconf 81' lang='lat' dir='ltr'><strong>Ecclesia</strong></span> <span class='ocrx_word' id='word_1_792' title='bbox 3240 4050 3337 4120; x_wconf 82' lang='grc' dir='ltr'><strong>ιι</strong></span> <span class='ocrx_word' id='word_1_793' title='bbox 3369 4045 3565 4101; x_wconf 82' lang='lat' dir='ltr'><strong>catho-</strong></span> 
     </span>
    </p>
   </div>
   <div class='ocr_carea' id='block_1_100' title="bbox 1967 4134 3554 4207">
    <p class='ocr_par' dir='ltr' id='par_1_100' title="bbox 1967 4134 3554 4207">
     <span class='ocr_line' id='line_1_100' title="bbox 1967 4134 3554 4207; baseline -0.005 -8"><span class='ocrx_word' id='word_1_794' title='bbox 1967 4146 2068 4200; x_wconf 91' lang='lat' dir='ltr'><strong>lica</strong></span> <span class='ocrx_word' id='word_1_795' title='bbox 2100 4143 2302 4198; x_wconf 89' lang='lat' dir='ltr'><strong>videris</strong></span> <span class='ocrx_word' id='word_1_796' title='bbox 2334 4143 2472 4196; x_wconf 89' lang='lat' dir='ltr'><strong>male</strong></span> <span class='ocrx_word' id='word_1_797' title='bbox 2502 4144 2742 4196; x_wconf 86' lang='lat' dir='ltr'><strong>viventes</strong></span> <span class='ocrx_word' id='word_1_798' title='bbox 2771 4149 2864 4195; x_wconf 91' lang='lat' dir='ltr'><strong>aut</strong></span> <span class='ocrx_word' id='word_1_799' title='bbox 2893 4138 3275 4195; x_wconf 89' lang='lat' dir='ltr'><strong>immoderatos</strong></span> <span class='ocrx_word' id='word_1_800' title='bbox 3304 4134 3554 4207; x_wconf 81' lang='lat' dir='ltr'><strong>volupta-</strong></span> 
     </span>
    </p>
   </div>
   <div class='ocr_carea' id='block_1_101' title="bbox 1968 4227 3564 4304">
    <p class='ocr_par' dir='ltr' id='par_1_101' title="bbox 1968 4227 3564 4304">
     <span class='ocr_line' id='line_1_101' title="bbox 1968 4227 3564 4304; baseline -0.004 -12"><span class='ocrx_word' id='word_1_801' title='bbox 1968 4239 2109 4294; x_wconf 90' lang='lat' dir='ltr'><strong>tibus</strong></span> <span class='ocrx_word' id='word_1_802' title='bbox 2142 4235 2348 4291; x_wconf 80' lang='lat' dir='ltr'><strong>ventris</strong></span> <span class='ocrx_word' id='word_1_803' title='bbox 2383 4243 2440 4290; x_wconf 90' lang='lat' dir='ltr'><strong>et</strong></span> <span class='ocrx_word' id='word_1_804' title='bbox 2473 4232 2722 4304; x_wconf 88' lang='lat' dir='ltr'><strong>gutturis,</strong></span> <span class='ocrx_word' id='word_1_805' title='bbox 2766 4238 2861 4286; x_wconf 91' lang='lat' dir='ltr'><strong>aut</strong></span> <span class='ocrx_word' id='word_1_806' title='bbox 2899 4231 3221 4303; x_wconf 89' lang='lat' dir='ltr'><strong>impudicos,</strong></span> <span class='ocrx_word' id='word_1_807' title='bbox 3261 4231 3361 4285; x_wconf 78' lang='lat' dir='ltr'><strong>aut</strong></span> <span class='ocrx_word' id='word_1_808' title='bbox 3404 4227 3564 4285; x_wconf 78' lang='lat' dir='ltr'><strong>vanis</strong></span> 
     </span>
    </p>
   </div>
   <div class='ocr_carea' id='block_1_102' title="bbox 1965 4320 3573 4393">
    <p class='ocr_par' dir='ltr' id='par_1_102' title="bbox 1965 4320 3573 4393">
     <span class='ocr_line' id='line_1_102' title="bbox 1965 4320 3573 4393; baseline -0.007 -8"><span class='ocrx_word' id='word_1_809' title='bbox 1965 4327 2390 4392; x_wconf 86' lang='lat' dir='ltr'><strong>curiositatibus,</strong></span> <span class='ocrx_word' id='word_1_810' title='bbox 2417 4327 2504 4381; x_wconf 87' lang='lat' dir='ltr'><strong>vel</strong></span> <span class='ocrx_word' id='word_1_811' title='bbox 2558 4324 2773 4380; x_wconf 79' lang='lat' dir='ltr'><strong>illicitis</strong></span> <span class='ocrx_word' id='word_1_812' title='bbox 2802 4323 3036 4390; x_wconf 88' lang='lat' dir='ltr'><strong>deditos,</strong></span> <span class='ocrx_word' id='word_1_813' title='bbox 3065 4324 3180 4380; x_wconf 85' lang='lat' dir='ltr'><strong>sive</strong></span> <span class='ocrx_word' id='word_1_814' title='bbox 3219 4320 3573 4393; x_wconf 39' lang='lat' dir='ltr'><strong>spectaculu‘</strong></span> 
     </span>
    </p>
   </div>
   <div class='ocr_carea' id='block_1_103' title="bbox 1967 4409 3561 4486">
    <p class='ocr_par' dir='ltr' id='par_1_103' title="bbox 1967 4409 3561 4486">
     <span class='ocr_line' id='line_1_103' title="bbox 1967 4409 3561 4486; baseline -0.007 -9"><span class='ocrx_word' id='word_1_815' title='bbox 1967 4437 2110 4486; x_wconf 91' lang='lat' dir='ltr'><strong>rum,</strong></span> <span class='ocrx_word' id='word_1_816' title='bbox 2156 4420 2276 4476; x_wconf 86' lang='lat' dir='ltr'><strong>sive</strong></span> <span class='ocrx_word' id='word_1_817' title='bbox 2327 4418 2716 4483; x_wconf 86' lang='lat' dir='ltr'><strong>remediorum,</strong></span> <span class='ocrx_word' id='word_1_818' title='bbox 2763 4426 2855 4472; x_wconf 86' lang='lat' dir='ltr'><strong>aut</strong></span> <span class='ocrx_word' id='word_1_819' title='bbox 2900 4415 3284 4472; x_wconf 80' lang='lat' dir='ltr'><strong>divinationum</strong></span> <span class='ocrx_word' id='word_1_820' title='bbox 3334 4409 3561 4469; x_wconf 65' lang='lat' dir='ltr'><strong>diaboli-</strong></span> 
     </span>
    </p>
   </div>
   <div class='ocr_carea' id='block_1_104' title="bbox 1971 4503 3560 4581">
    <p class='ocr_par' dir='ltr' id='par_1_104' title="bbox 1971 4503 3560 4581">
     <span class='ocr_line' id='line_1_104' title="bbox 1971 4503 3560 4581; baseline -0.008 -13"><span class='ocrx_word' id='word_1_821' title='bbox 1971 4528 2176 4573; x_wconf 75' lang='lat' dir='ltr'><strong>carum,</strong></span> <span class='ocrx_word' id='word_1_822' title='bbox 2210 4511 2324 4564; x_wconf 73' lang='lat' dir='ltr'><strong>sive</strong></span> <span class='ocrx_word' id='word_1_823' title='bbox 2369 4510 2420 4563; x_wconf 91' lang='lat' dir='ltr'><strong>in</strong></span> <span class='ocrx_word' id='word_1_824' title='bbox 2454 4523 2671 4579; x_wconf 89' lang='lat' dir='ltr'><strong>pompa,</strong></span> <span class='ocrx_word' id='word_1_825' title='bbox 2703 4505 2809 4581; x_wconf 78' lang='lat' dir='ltr'><strong>[et]</strong></span> <span class='ocrx_word' id='word_1_826' title='bbox 2829 4507 2881 4561; x_wconf 90' lang='lat' dir='ltr'><strong>in</strong></span> <span class='ocrx_word' id='word_1_827' title='bbox 2914 4506 3078 4577; x_wconf 79' lang='lat' dir='ltr'><strong>typho</strong></span> <span class='ocrx_word' id='word_1_828' title='bbox 3105 4503 3361 4570; x_wconf 60' lang='lat' dir='ltr'><strong>avaritia,</strong></span> <span class='ocrx_word' id='word_1_829' title='bbox 3391 4512 3560 4572; x_wconf 78' lang='lat' dir='ltr'><strong>atque</strong></span> 
     </span>
    </p>
   </div>
   <div class='ocr_carea' id='block_1_105' title="bbox 1892 4582 3560 4671">
    <p class='ocr_par' dir='ltr' id='par_1_105' title="bbox 1892 4582 3560 4671">
     <span class='ocr_line' id='line_1_105' title="bbox 1892 4582 3560 4671; baseline -0.007 -13"><span class='ocrx_word' id='word_1_830' title='bbox 1892 4582 1941 4641; x_wconf 70' lang='grc' dir='ltr'><strong>Β</strong></span> <span class='ocrx_word' id='word_1_831' title='bbox 1969 4602 2262 4671; x_wconf 64' lang='lat' dir='ltr'><strong>superbire,</strong></span> <span class='ocrx_word' id='word_1_832' title='bbox 2311 4602 2426 4654; x_wconf 88' lang='lat' dir='ltr'><strong>sive</strong></span> <span class='ocrx_word' id='word_1_833' title='bbox 2472 4599 2525 4653; x_wconf 88' lang='lat' dir='ltr'><strong>in</strong></span> <span class='ocrx_word' id='word_1_834' title='bbox 2572 4599 2745 4668; x_wconf 91' lang='lat' dir='ltr'><strong>aliqua</strong></span> <span class='ocrx_word' id='word_1_835' title='bbox 2777 4599 2906 4664; x_wconf 90' lang='lat' dir='ltr'><strong>vita,</strong></span> <span class='ocrx_word' id='word_1_836' title='bbox 2940 4608 3095 4667; x_wconf 90' lang='lat' dir='ltr'><strong>quam</strong></span> <span class='ocrx_word' id='word_1_837' title='bbox 3127 4595 3211 4650; x_wconf 81' lang='lat' dir='ltr'><strong>lex</strong></span> <span class='ocrx_word' id='word_1_838' title='bbox 3252 4594 3469 4648; x_wconf 90' lang='lat' dir='ltr'><strong>damnat</strong></span> <span class='ocrx_word' id='word_1_839' title='bbox 3495 4601 3560 4648; x_wconf 79' lang='lat' dir='ltr'><strong>et.</strong></span> 
     </span>
    </p>
   </div>
   <div class='ocr_carea' id='block_1_106' title="bbox 1971 4684 3555 4765">
    <p class='ocr_par' dir='ltr' id='par_1_106' title="bbox 1971 4684 3555 4765">
     <span class='ocr_line' id='line_1_106' title="bbox 1971 4684 3555 4765; baseline -0.007 -16"><span class='ocrx_word' id='word_1_840' title='bbox 1971 4693 2143 4765; x_wconf 88' lang='lat' dir='ltr'><strong>punit,</strong></span> <span class='ocrx_word' id='word_1_841' title='bbox 2171 4708 2277 4747; x_wconf 92' lang='lat' dir='ltr'><strong>non</strong></span> <span class='ocrx_word' id='word_1_842' title='bbox 2295 4706 2391 4746; x_wconf 92' lang='lat' dir='ltr'><strong>eos</strong></span> <span class='ocrx_word' id='word_1_843' title='bbox 2414 4690 2666 4753; x_wconf 80' lang='lat' dir='ltr'><strong>imiteris;</strong></span> <span class='ocrx_word' id='word_1_844' title='bbox 2690 4688 2782 4743; x_wconf 89' lang='lat' dir='ltr'><strong>sed</strong></span> <span class='ocrx_word' id='word_1_845' title='bbox 2808 4687 2985 4756; x_wconf 90' lang='lat' dir='ltr'><strong>potius</strong></span> <span class='ocrx_word' id='word_1_846' title='bbox 3005 4685 3346 4756; x_wconf 82' lang='lat' dir='ltr'><strong>cenjungaris</strong></span> <span class='ocrx_word' id='word_1_847' title='bbox 3372 4684 3555 4748; x_wconf 74' lang='lat' dir='ltr'><strong>bonis,</strong></span> 
     </span>
    </p>
   </div>
   <div class='ocr_carea' id='block_1_107' title="bbox 1967 4777 3552 4858">
    <p class='ocr_par' dir='ltr' id='par_1_107' title="bbox 1967 4777 3552 4858">
     <span class='ocr_line' id='line_1_107' title="bbox 1967 4777 3552 4858; baseline -0.003 -20"><span class='ocrx_word' id='word_1_848' title='bbox 1967 4802 2102 4858; x_wconf 90' lang='lat' dir='ltr'><strong>quos</strong></span> <span class='ocrx_word' id='word_1_849' title='bbox 2147 4786 2459 4840; x_wconf 82' lang='lat' dir='ltr'><strong>inventurus</strong></span> <span class='ocrx_word' id='word_1_850' title='bbox 2505 4798 2563 4838; x_wconf 90' lang='lat' dir='ltr'><strong>es</strong></span> <span class='ocrx_word' id='word_1_851' title='bbox 2613 4781 2788 4846; x_wconf 64' lang='lat' dir='ltr'><strong>facile,</strong></span> <span class='ocrx_word' id='word_1_852' title='bbox 2821 4780 2866 4835; x_wconf 91' lang='lat' dir='ltr'><strong>si</strong></span> <span class='ocrx_word' id='word_1_853' title='bbox 2907 4790 2957 4835; x_wconf 90' lang='lat' dir='ltr'><strong>et</strong></span> <span class='ocrx_word' id='word_1_854' title='bbox 2989 4789 3044 4835; x_wconf 90' lang='lat' dir='ltr'><strong>tu</strong></span> <span class='ocrx_word' id='word_1_855' title='bbox 3092 4779 3212 4834; x_wconf 81' lang='lat' dir='ltr'><strong>talis</strong></span> <span class='ocrx_word' id='word_1_856' title='bbox 3256 4777 3448 4843; x_wconf 84' lang='lat' dir='ltr'><strong>fueris,</strong></span> <span class='ocrx_word' id='word_1_857' title='bbox 3491 4787 3552 4833; x_wconf 88' lang='lat' dir='ltr'><strong>ut</strong></span> 
     </span>
    </p>
   </div>
   <div class='ocr_carea' id='block_1_108' title="bbox 1967 4871 3553 4944">
    <p class='ocr_par' dir='ltr' id='par_1_108' title="bbox 1967 4871 3553 4944">
     <span class='ocr_line' id='line_1_108' title="bbox 1967 4871 3553 4944; baseline -0.009 -9"><span class='ocrx_word' id='word_1_858' title='bbox 1967 4880 2128 4936; x_wconf 91' lang='lat' dir='ltr'><strong>simul</strong></span> <span class='ocrx_word' id='word_1_859' title='bbox 2172 4877 2364 4933; x_wconf 90' lang='lat' dir='ltr'><strong>colatis</strong></span> <span class='ocrx_word' id='word_1_860' title='bbox 2394 4883 2450 4930; x_wconf 90' lang='lat' dir='ltr'><strong>et</strong></span> <span class='ocrx_word' id='word_1_861' title='bbox 2497 4872 2727 4944; x_wconf 86' lang='lat' dir='ltr'><strong>diligatis</strong></span> <span class='ocrx_word' id='word_1_862' title='bbox 2766 4872 2933 4927; x_wconf 88' lang='lat' dir='ltr'><strong>Deum</strong></span> <span class='ocrx_word' id='word_1_863' title='bbox 2979 4871 3164 4942; x_wconf 87' lang='lat' dir='ltr'><strong>gratis,</strong></span> <span class='ocrx_word' id='word_1_864' title='bbox 3211 4875 3332 4940; x_wconf 83' lang='lat' dir='ltr'><strong>quia</strong></span> <span class='ocrx_word' id='word_1_865' title='bbox 3378 4878 3553 4923; x_wconf 87' lang='lat' dir='ltr'><strong>totum</strong></span> 
     </span>
    </p>
   </div>
   <div class='ocr_carea' id='block_1_109' title="bbox 1969 4959 3546 5044">
    <p class='ocr_par' dir='ltr' id='par_1_109' title="bbox 1969 4959 3546 5044">
     <span class='ocr_line' id='line_1_109' title="bbox 1969 4959 3546 5044; baseline -0.012 -14"><span class='ocrx_word' id='word_1_866' title='bbox 1969 4974 2245 5044; x_wconf 72' lang='lat' dir='ltr'><strong>praemium</strong></span> <span class='ocrx_word' id='word_1_867' title='bbox 2277 4978 2516 5025; x_wconf 70' lang='lat' dir='ltr'><strong>uestrum</strong></span> <span class='ocrx_word' id='word_1_868' title='bbox 2545 4968 2661 5036; x_wconf 86' lang='lat' dir='ltr'><strong>ipse</strong></span> <span class='ocrx_word' id='word_1_869' title='bbox 2690 4967 2813 5029; x_wconf 90' lang='lat' dir='ltr'><strong>erit,</strong></span> <span class='ocrx_word' id='word_1_870' title='bbox 2858 4973 2916 5020; x_wconf 92' lang='lat' dir='ltr'><strong>ut</strong></span> <span class='ocrx_word' id='word_1_871' title='bbox 2951 4965 3005 5020; x_wconf 93' lang='lat' dir='ltr'><strong>in</strong></span> <span class='ocrx_word' id='word_1_872' title='bbox 3053 4964 3142 5019; x_wconf 89' lang='lat' dir='ltr'><strong>illa</strong></span> <span class='ocrx_word' id='word_1_873' title='bbox 3185 4972 3383 5017; x_wconf 77' lang='lat' dir='ltr'><strong>reterna</strong></span> <span class='ocrx_word' id='word_1_874' title='bbox 3415 4959 3546 5023; x_wconf 88' lang='lat' dir='ltr'><strong>vita,</strong></span> 
     </span>
    </p>
   </div>
   <div class='ocr_carea' id='block_1_110' title="bbox 1965 5050 3548 5131">
    <p class='ocr_par' dir='ltr' id='par_1_110' title="bbox 1965 5050 3548 5131">
     <span class='ocr_line' id='line_1_110' title="bbox 1965 5050 3548 5131; baseline -0.01 -11"><span class='ocrx_word' id='word_1_875' title='bbox 1965 5065 2203 5121; x_wconf 90' lang='lat' dir='ltr'><strong>bonitate</strong></span> <span class='ocrx_word' id='word_1_876' title='bbox 2267 5062 2382 5131; x_wconf 85' lang='lat' dir='ltr'><strong>ejus</strong></span> <span class='ocrx_word' id='word_1_877' title='bbox 2447 5069 2500 5114; x_wconf 91' lang='lat' dir='ltr'><strong>et</strong></span> <span class='ocrx_word' id='word_1_878' title='bbox 2555 5056 2952 5127; x_wconf 86' lang='lat' dir='ltr'><strong>pulchritudine</strong></span> <span class='ocrx_word' id='word_1_879' title='bbox 3022 5055 3372 5126; x_wconf 74' lang='lat' dir='ltr'><strong>perfruamur.</strong></span> <span class='ocrx_word' id='word_1_880' title='bbox 3437 5050 3548 5104; x_wconf 74' lang='lat' dir='ltr'><strong>Sed</strong></span> 
     </span>
    </p>
   </div>
   <div class='ocr_carea' id='block_1_111' title="bbox 1961 5142 3548 5220">
    <p class='ocr_par' dir='ltr' id='par_1_111' title="bbox 1961 5142 3548 5220">
     <span class='ocr_line' id='line_1_111' title="bbox 1961 5142 3548 5220; baseline -0.011 -9"><span class='ocrx_word' id='word_1_881' title='bbox 1961 5157 2222 5212; x_wconf 88' lang='lat' dir='ltr'><strong>amandus</strong></span> <span class='ocrx_word' id='word_1_882' title='bbox 2247 5162 2350 5218; x_wconf 91' lang='lat' dir='ltr'><strong>est,</strong></span> <span class='ocrx_word' id='word_1_883' title='bbox 2397 5165 2504 5206; x_wconf 92' lang='lat' dir='ltr'><strong>non</strong></span> <span class='ocrx_word' id='word_1_884' title='bbox 2546 5150 2683 5206; x_wconf 91' lang='lat' dir='ltr'><strong>sicut</strong></span> <span class='ocrx_word' id='word_1_885' title='bbox 2712 5147 2910 5220; x_wconf 88' lang='lat' dir='ltr'><strong>aliquid</strong></span> <span class='ocrx_word' id='word_1_886' title='bbox 2941 5146 3085 5218; x_wconf 87' lang='lat' dir='ltr'><strong>quod</strong></span> <span class='ocrx_word' id='word_1_887' title='bbox 3111 5146 3318 5200; x_wconf 88' lang='lat' dir='ltr'><strong>videtur</strong></span> <span class='ocrx_word' id='word_1_888' title='bbox 3347 5142 3548 5207; x_wconf 75' lang='lat' dir='ltr'><strong>oculis,</strong></span> 
     </span>
    </p>
   </div>
   <div class='ocr_carea' id='block_1_112' title="bbox 1961 5233 3539 5313">
    <p class='ocr_par' dir='ltr' id='par_1_112' title="bbox 1961 5233 3539 5313">
     <span class='ocr_line' id='line_1_112' title="bbox 1961 5233 3539 5313; baseline -0.011 -10"><span class='ocrx_word' id='word_1_889' title='bbox 1961 5250 2055 5305; x_wconf 89' lang='lat' dir='ltr'><strong>sed</strong></span> <span class='ocrx_word' id='word_1_890' title='bbox 2085 5249 2224 5304; x_wconf 87' lang='lat' dir='ltr'><strong>sicut</strong></span> <span class='ocrx_word' id='word_1_891' title='bbox 2253 5252 2462 5299; x_wconf 87' lang='lat' dir='ltr'><strong>amatur</strong></span> <span class='ocrx_word' id='word_1_892' title='bbox 2505 5244 2789 5313; x_wconf 83' lang='lat' dir='ltr'><strong>sapientia,</strong></span> <span class='ocrx_word' id='word_1_893' title='bbox 2823 5250 2878 5298; x_wconf 91' lang='lat' dir='ltr'><strong>et</strong></span> <span class='ocrx_word' id='word_1_894' title='bbox 2918 5241 3133 5303; x_wconf 89' lang='lat' dir='ltr'><strong>veritas,</strong></span> <span class='ocrx_word' id='word_1_895' title='bbox 3165 5244 3218 5293; x_wconf 91' lang='lat' dir='ltr'><strong>et</strong></span> <span class='ocrx_word' id='word_1_896' title='bbox 3265 5233 3539 5298; x_wconf 87' lang='lat' dir='ltr'><strong>sanctitas,</strong></span> 
     </span>
    </p>
   </div>
   <div class='ocr_carea' id='block_1_113' title="bbox 1960 5323 3540 5411">
    <p class='ocr_par' dir='ltr' id='par_1_113' title="bbox 1960 5323 3540 5411">
     <span class='ocr_line' id='line_1_113' title="bbox 1960 5323 3540 5411; baseline -0.011 -13"><span class='ocrx_word' id='word_1_897' title='bbox 1960 5352 2013 5398; x_wconf 92' lang='lat' dir='ltr'><strong>et</strong></span> <span class='ocrx_word' id='word_1_898' title='bbox 2037 5341 2267 5409; x_wconf 75' lang='lat' dir='ltr'><strong>iustitia,</strong></span> <span class='ocrx_word' id='word_1_899' title='bbox 2299 5346 2356 5394; x_wconf 91' lang='lat' dir='ltr'><strong>et</strong></span> <span class='ocrx_word' id='word_1_900' title='bbox 2381 5337 2636 5404; x_wconf 88' lang='lat' dir='ltr'><strong>charitas,</strong></span> <span class='ocrx_word' id='word_1_901' title='bbox 2663 5345 2719 5392; x_wconf 89' lang='lat' dir='ltr'><strong>et</strong></span> <span class='ocrx_word' id='word_1_902' title='bbox 2748 5336 2792 5392; x_wconf 88' lang='lat' dir='ltr'><strong>si</strong></span> <span class='ocrx_word' id='word_1_903' title='bbox 2823 5334 2948 5405; x_wconf 88' lang='lat' dir='ltr'><strong>quid</strong></span> <span class='ocrx_word' id='word_1_904' title='bbox 2977 5330 3117 5387; x_wconf 90' lang='lat' dir='ltr'><strong>aliud</strong></span> <span class='ocrx_word' id='word_1_905' title='bbox 3161 5329 3267 5411; x_wconf 82' lang='lat' dir='ltr'><strong>tale</strong></span> <span class='ocrx_word' id='word_1_906' title='bbox 3307 5323 3540 5393; x_wconf 83' lang='lat' dir='ltr'><strong>dicitur:</strong></span> 
     </span>
    </p>
   </div>
   <div class='ocr_carea' id='block_1_114' title="bbox 1962 5416 3541 5504">
    <p class='ocr_par' dir='ltr' id='par_1_114' title="bbox 1962 5416 3541 5504">
     <span class='ocr_line' id='line_1_114' title="bbox 1962 5416 3541 5504; baseline -0.012 -14"><span class='ocrx_word' id='word_1_907' title='bbox 1962 5451 2066 5490; x_wconf 90' lang='lat' dir='ltr'><strong>non</strong></span> <span class='ocrx_word' id='word_1_908' title='bbox 2115 5430 2566 5502; x_wconf 89' lang='lat' dir='ltr'><strong>quemadmodum</strong></span> <span class='ocrx_word' id='word_1_909' title='bbox 2622 5439 2745 5484; x_wconf 89' lang='lat' dir='ltr'><strong>sunt</strong></span> <span class='ocrx_word' id='word_1_910' title='bbox 2808 5429 2904 5483; x_wconf 85' lang='lat' dir='ltr'><strong>ista</strong></span> <span class='ocrx_word' id='word_1_911' title='bbox 2957 5425 3009 5479; x_wconf 89' lang='lat' dir='ltr'><strong>in</strong></span> <span class='ocrx_word' id='word_1_912' title='bbox 3062 5419 3390 5485; x_wconf 82' lang='lat' dir='ltr'><strong>hominibus,</strong></span> <span class='ocrx_word' id='word_1_913' title='bbox 3432 5416 3541 5504; x_wconf 78' lang='lat' dir='ltr'><strong>sed</strong></span> 
     </span>
    </p>
   </div>
   <div class='ocr_carea' id='block_1_115' title="bbox 1964 5511 3542 5596">
    <p class='ocr_par' dir='ltr' id='par_1_115' title="bbox 1964 5511 3542 5596">
     <span class='ocr_line' id='line_1_115' title="bbox 1964 5511 3542 5596; baseline -0.01 -17"><span class='ocrx_word' id='word_1_914' title='bbox 1964 5523 2417 5596; x_wconf 90' lang='lat' dir='ltr'><strong>quemadmodum</strong></span> <span class='ocrx_word' id='word_1_915' title='bbox 2445 5531 2572 5578; x_wconf 91' lang='lat' dir='ltr'><strong>sunt</strong></span> <span class='ocrx_word' id='word_1_916' title='bbox 2599 5522 2650 5576; x_wconf 92' lang='lat' dir='ltr'><strong>in</strong></span> <span class='ocrx_word' id='word_1_917' title='bbox 2691 5521 2807 5590; x_wconf 86' lang='lat' dir='ltr'><strong>ipso</strong></span> <span class='ocrx_word' id='word_1_918' title='bbox 2851 5518 2995 5572; x_wconf 86' lang='lat' dir='ltr'><strong>fonte</strong></span> <span class='ocrx_word' id='word_1_919' title='bbox 3042 5511 3458 5582; x_wconf 88' lang='lat' dir='ltr'><strong>incorruptibilis</strong></span> <span class='ocrx_word' id='word_1_920' title='bbox 3486 5525 3542 5565; x_wconf 86' lang='lat' dir='ltr'><strong>et</strong></span> 
     </span>
    </p>
   </div>
   <div class='ocr_carea' id='block_1_116' title="bbox 1968 5603 3543 5683">
    <p class='ocr_par' dir='ltr' id='par_1_116' title="bbox 1968 5603 3543 5683">
     <span class='ocr_line' id='line_1_116' title="bbox 1968 5603 3543 5683; baseline -0.01 -12"><span class='ocrx_word' id='word_1_921' title='bbox 1968 5612 2427 5671; x_wconf 89' lang='lat' dir='ltr'><strong>incommutabilis</strong></span> <span class='ocrx_word' id='word_1_922' title='bbox 2463 5612 2756 5683; x_wconf 57' lang='lat' dir='ltr'><strong>sapientiae.</strong></span> <span class='ocrx_word' id='word_1_923' title='bbox 2787 5611 3143 5679; x_wconf 84' lang='lat' dir='ltr'><strong>Quoscunquc</strong></span> <span class='ocrx_word' id='word_1_924' title='bbox 3179 5619 3307 5675; x_wconf 81' lang='lat' dir='ltr'><strong>ergo</strong></span> <span class='ocrx_word' id='word_1_925' title='bbox 3346 5603 3543 5659; x_wconf 81' lang='lat' dir='ltr'><strong>videris</strong></span> 
     </span>
    </p>
   </div>
   <div class='ocr_carea' id='block_1_117' title="bbox 1969 5695 3546 5775">
    <p class='ocr_par' dir='ltr' id='par_1_117' title="bbox 1969 5695 3546 5775">
     <span class='ocr_line' id='line_1_117' title="bbox 1969 5695 3546 5775; baseline -0.008 -13"><span class='ocrx_word' id='word_1_926' title='bbox 1969 5708 2084 5762; x_wconf 68' lang='lat' dir='ltr'><strong>haec</strong></span> <span class='ocrx_word' id='word_1_927' title='bbox 2122 5720 2327 5774; x_wconf 83' lang='lat' dir='ltr'><strong>amare,</strong></span> <span class='ocrx_word' id='word_1_928' title='bbox 2361 5705 2464 5770; x_wconf 75' lang='lat' dir='ltr'><strong>illis</strong></span> <span class='ocrx_word' id='word_1_929' title='bbox 2513 5703 2864 5775; x_wconf 78' lang='lat' dir='ltr'><strong>conjungere,</strong></span> <span class='ocrx_word' id='word_1_930' title='bbox 2901 5708 2958 5754; x_wconf 93' lang='lat' dir='ltr'><strong>ut</strong></span> <span class='ocrx_word' id='word_1_931' title='bbox 3004 5713 3098 5769; x_wconf 88' lang='lat' dir='ltr'><strong>per</strong></span> <span class='ocrx_word' id='word_1_932' title='bbox 3126 5695 3401 5755; x_wconf 86' lang='lat' dir='ltr'><strong>Christum</strong></span> <span class='ocrx_word' id='word_1_933' title='bbox 3451 5695 3546 5766; x_wconf 87' lang='lat' dir='ltr'><strong>qui</strong></span> 
     </span>
    </p>
   </div>
   <div class='ocr_carea' id='block_1_118' title="bbox 1967 5782 3540 5864">
    <p class='ocr_par' dir='ltr' id='par_1_118' title="bbox 1967 5782 3540 5864">
     <span class='ocr_line' id='line_1_118' title="bbox 1967 5782 3540 5864; baseline -0.01 -12"><span class='ocrx_word' id='word_1_934' title='bbox 1967 5796 2124 5852; x_wconf 87' lang='lat' dir='ltr'><strong>homo</strong></span> <span class='ocrx_word' id='word_1_935' title='bbox 2155 5794 2322 5852; x_wconf 81' lang='lat' dir='ltr'><strong>factus</strong></span> <span class='ocrx_word' id='word_1_936' title='bbox 2349 5804 2452 5864; x_wconf 79' lang='lat' dir='ltr'><strong>est,</strong></span> <span class='ocrx_word' id='word_1_937' title='bbox 2487 5803 2542 5850; x_wconf 92' lang='lat' dir='ltr'><strong>ut</strong></span> <span class='ocrx_word' id='word_1_938' title='bbox 2572 5801 2715 5855; x_wconf 59' lang='grc' dir='ltr'><strong>εῖδει</strong></span> <span class='ocrx_word' id='word_1_939' title='bbox 2744 5789 3003 5849; x_wconf 83' lang='lat' dir='ltr'><strong>mediator</strong></span> <span class='ocrx_word' id='word_1_940' title='bbox 3032 5787 3129 5846; x_wconf 85' lang='lat' dir='ltr'><strong>Dei</strong></span> <span class='ocrx_word' id='word_1_941' title='bbox 3153 5795 3209 5844; x_wconf 89' lang='lat' dir='ltr'><strong>et</strong></span> <span class='ocrx_word' id='word_1_942' title='bbox 3239 5782 3540 5852; x_wconf 88' lang='lat' dir='ltr'><strong>hominum,</strong></span> 
     </span>
    </p>
   </div>
  </div>
