3904 6224
494 237 598 296 εδδ

1560 235 1618 289 D.
1665 227 1984 290 EUCYPPII
2023 226 2310 284 ADBATIS
2345 224 2663 284 AFRICWI
3628 229 3714 285 δα

498 357 867 414 reconcilieris
898 357 1023 410 Deo.
1069 353 1326 409 llomiues
1362 360 1537 406 autem
1572 362 1872 421 perversos,
1905 345 2062 400 etiam
2096 344 2139 403 Α
2172 340 2366 408 nupti:s
2388 339 2988 424 :equaverunt.Quidam
3011 353 3131 394 cum
3151 338 3412 408 legerent,
3435 337 3630 393 Bonam
3647 349 3712 394 est

492 452 537 506 si
563 451 766 506 intrent
799 449 1023 516 parietes
1051 446 1323 511 Ecclesiaz,
1352 460 1458 500 non
1480 459 1573 499 eos
1591 440 1866 496 arbitri-ris
1895 441 2060 493 intra-

496 551 644 596 turos
672 541 723 594 in
756 554 975 609 regnum
1019 538 1298 602 caelorum,
1332 536 1453 605 quia
1498 549 1597 590 suo
1639 543 1876 602 tempore
1904 546 2063 598 sepa-

455 611 473 673 Ῐ
497 633 775 698 rabuntur,
817 632 862 686 si
910 646 970 686 se
1001 631 1054 685 in
1098 630 1290 686 melius
1320 645 1424 684 non
1455 624 1917 683 commutaverint.
1955 625 2062 678 llo-

493 721 666 775 tnines
697 735 824 791 ergo
847 721 1016 775 bonos
1040 721 1268 786 imitare,
1299 722 1466 775 malos
1498 719 1679 781 tolera,
1704 731 1891 772 omnes
1919 731 2059 785 ama,

492 811 614 880 quia
647 815 752 865 nan
781 811 888 865 scis
919 811 1043 880 quid
1073 827 1191 866 cras
1222 810 1430 865 futurus
1459 809 1548 876 sit,
1578 809 1668 879 qui
1706 807 1862 862 hodie
1891 807 2062 860 malus

488 910 571 955 est
601 898 734 973 [sit].
763 900 872 956 Nec
894 916 1077 956 eorum
1106 917 1254 958 antes
1287 901 1619 971 injustitiam,
1649 901 1742 954 sed
1771 899 1912 975 ipsos
1941 898 2061 953 ideo

488 1009 656 1061 ames,
705 1003 762 1050 ut
826 994 1228 1064 apprehendant
1269 993 1547 1063 justitiam,
1579 993 1698 1060 quia
1739 1007 1845 1046 non
1890 990 2059 1045 solum

485 1083 643 1139 nobis
673 1085 889 1140 dilectio
939 1087 1032 1140 Dei
1080 1095 1340 1154 praecepta
1384 1095 1483 1148 est,
1519 1085 1611 1139 sed
1641 1084 1800 1139 etiam
1846 1083 2061 1137 dilectio

488 1178 740 1246 proximi,
767 1177 822 1233 in
846 1178 1037 1247 quibus
1058 1177 1266 1231 duobus
1293 1176 1591 1245 praeceptis,
1623 1185 1730 1229 tota
1760 1175 1843 1228 les
1870 1174 2061 1247 pendet

486 1277 542 1322 et
565 1269 862 1338 prophetze.
889 1269 1056 1336 Quam
1087 1284 1190 1322 non
1216 1267 1420 1334 implet,
1445 1267 1544 1320 nisi
1567 1268 1654 1335 qui
1683 1269 1877 1320 donum
1905 1275 2061 1328 acce-

495 1358 632 1423 perit
665 1358 919 1427 Spiritum
952 1367 1215 1422 sanctum,
1250 1357 1391 1411 Patri
1423 1368 1477 1410 et
1510 1355 1642 1410 Filio
1673 1357 1853 1423 utique
1881 1371 2059 1425 atqua-

487 1448 614 1518 lem,
643 1450 766 1519 quia
797 1450 906 1518 ipsa
937 1449 1169 1502 Trinitas
1211 1450 1352 1503 Deus
1391 1455 1492 1502 est.
1539 1447 1593 1501 ln
1633 1462 1739 1517 quo
1781 1446 1891 1501 Deo
1933 1461 2058 1515 spes

483 1543 658 1597 omnis
687 1543 930 1612 ponenda
961 1553 1074 1608 est;
1105 1559 1228 1599 nam
1258 1545 1308 1597 itt
1333 1543 1550 1598 homine
1574 1559 1680 1597 non
1701 1550 1784 1598 est
1814 1543 2056 1612 ponenda

479 1633 866 1704 qualiscunque
904 1636 994 1690 ille
1024 1636 1199 1690 luerit.
1247 1636 1404 1689 Aliud
1445 1645 1526 1691 est
1561 1636 1704 1690 enim
1746 1634 1837 1688 ille
1880 1649 1910 1687 a
1951 1648 2056 1703 quo

480 1722 870 1793 iustiﬁcamur,
931 1725 1082 1779 aliud
1138 1726 1210 1780 illi
1263 1740 1382 1790 cum
1433 1725 1628 1794 quibus
1681 1724 2058 1794 justiticamnr.

486 1817 598 1870 l\'on
653 1825 830 1872 autem
886 1818 1055 1871 solum
1115 1832 1210 1886 per
1264 1817 1582 1887 cupiditates
1636 1816 1882 1871 diabolus
1935 1823 2054 1868 len-

483 1918 583 1975 tat,
617 1909 710 1964 sed
761 1909 921 1964 etiam
972 1925 1066 1979 per
1117 1919 1347 1964 terrores
1396 1908 1795 1963 insultationum
1849 1919 1903 1961 et
1959 1908 2058 1960 do-

483 2000 696 2064 lorum,
741 2011 793 2055 et
844 2000 1010 2069 ips‘us
1064 2002 1270 2056 mortis.
1339 1999 1606 2069 Quidquid
1659 2009 1840 2054 autem
1898 1998 2057 2067 homo

483 2102 672 2157 passus
707 2091 862 2146 luerit
911 2105 1006 2160 pro
1059 2092 1274 2145 nomine
1314 2089 1512 2145 Christi
1553 2097 1608 2144 et
1655 2104 1752 2157 pro
1797 2103 1894 2158 spe
1935 2090 2056 2143 vita:

481 2187 717 2245 eterna),
761 2191 814 2237 et
851 2171 1168 2252 permanens
1208 2182 1533 2250 toleraverit,
1567 2183 1737 2252 major
1772 2181 1822 2237 ei
1853 2197 2058 2238 merces

479 2271 781 2328 donabitur.
817 2273 948 2340 Quia
976 2276 1020 2330 si
1049 2275 1268 2330 cesserit
1299 2275 1532 2346 diabolo,
1555 2290 1676 2331 cum
1719 2277 1807 2331 illo
1833 2279 2057 2332 damna-

484 2365 660 2433 ltitur,‘
692 2365 788 2420 sed
837 2382 996 2435 opera
1044 2368 1424 2423 misericordiae
1465 2383 1584 2422 eum
1637 2369 1719 2435 pia
1762 2369 2059 2423 humilitate

482 2457 774 2523 impetrant
814 2472 844 2511 a
890 2457 1135 2526 Domino,
1171 2467 1227 2513 ut
1265 2475 1368 2512 non
1403 2458 1674 2529 permittat
1713 2473 1897 2514 sertos
1933 2473 2060 2513 suos

482 2548 674 2600 tentari
707 2547 842 2601 ultra
871 2562 1028 2617 quam
1061 2559 1282 2617 possunt
1309 2532 1594 2604 sustinere.

1067 2677 1293 2746 CAPUT
1330 2680 1482 2738 CCII.

483 2791 637 2856 Quod
673 2809 776 2846 non
823 2795 887 2846 sit
915 2795 1200 2849 contrarius
1228 2795 1502 2862 Apostolus
1538 2797 1710 2850 dicens
1737 2811 1756 2851 :
1788 2795 2060 2852 Percautes

516 2920 518 2922 _
554 2879 727 2934 eorum
756 2864 987 2917 omnibus
1009 2880 1188 2933 argue,
1224 2864 1448 2918 Domino
1469 2867 1666 2934 dicente
1682 2883 1701 2920 :
1720 2867 1928 2934 Corripe
1948 2884 2064 2922 eum

556 2932 689 2985 inter
714 2941 759 3003 te
780 2942 824 2985 et
847 2936 1012 3004 ipsum
1037 2932 1237 3000 solum;
1261 2951 1322 2988 ex
1349 2936 1476 2990 libro
1498 2935 1562 2990 de
1582 2933 1717 2991 Fide
1737 2947 1785 2992 et
1807 2932 2060 3007 operibus.

510 3085 516 3120 τ
549 3042 810 3120 Prohibet
835 3045 1089 3100 Dominus
1115 3057 1358 3101 sanctum
1383 3048 1497 3102 dari
1525 3047 1781 3112 canibus;
1807 3063 1904 3103 nec
1929 3064 2062 3104 con-

484 3133 683 3188 trarius
711 3141 794 3188 est
818 3124 1106 3202 Apostolus
1142 3136 1383 3214 Domino,
1416 3137 1538 3206 quia
1563 3137 1691 3190 dicit
1723 3154 1735 3190 :
1769 3138 2058 3194 Peccantes

481 3240 664 3280 coram
695 3227 938 3282 omnibus
977 3244 1161 3298 arguc,
1197 3239 1251 3282 ut
1285 3229 1462 3284 creteri
1510 3229 1774 3284 timorem'
1797 3229 2056 3294 habeant;

482 3330 600 3369 cutn
646 3317 746 3381 ille
785 3317 929 3373 dicat
979 3337 992 3371 :
1042 3318 1264 3388 Corripe
1305 3335 1424 3375 eum
1473 3321 1612 3374 inter
1661 3331 1712 3376 te
1760 3329 1814 3376 et
1863 3323 2057 3389 ipsum.

484 3410 781 3480 Utrumque
811 3412 951 3465 enim
983 3411 1281 3467 faciendum
1311 3423 1414 3480 est,
1446 3414 1584 3468 sicut
1613 3412 1710 3484 [et]
1738 3413 2061 3468 infirmitatis

485 3501 766 3556 diversitas
790 3502 1059 3567 admonet,
1094 3495 1278 3557 eorum
1317 3519 1453 3571 quos
1486 3505 1667 3572 utique
1702 3518 1805 3573 non
1838 3504 2065 3571 perden-

485 3591 607 3657 dos,
660 3592 754 3647 sed
812 3594 1159 3661 corrigendos
1205 3593 1576 3664 curandosque
1623 3595 1962 3662 suscipimus,
2013 3605 2067 3649 et

489 3684 627 3738 allus
649 3685 746 3748 sic,
776 3685 911 3740 alius
937 3695 1113 3739 autem
1147 3687 1222 3739 sic
1260 3687 1530 3740 sanandus
1555 3695 1657 3741 est.
1693 3686 1762 3740 lta
1794 3686 1953 3740 etiam
1986 3695 2069 3741 est

494 3775 629 3829 ratio
660 3775 1027 3831 dissimulandi
1057 3786 1110 3831 et
1141 3776 1402 3830 tolerandi
1434 3778 1602 3831 malos
1642 3777 1693 3830 in
1727 3775 1984 3839 ECCIOaitl,
2013 3787 2068 3830 et

486 3874 568 3919 est
599 3881 789 3920 rursus
833 3867 971 3921 ratio
1000 3865 1312 3936 castigandi,
1355 3866 1705 3935 corripiendi,
1738 3881 1843 3918 non
1875 3865 2065 3919 admit-

488 3954 629 4010 tendi
661 3954 756 4012 vel
797 3971 826 4009 a
855 3957 1230 4010 communione
1271 3955 1601 4010 removendi.
1648 3955 1844 4007 Errant
1886 3964 2064 4009 autem

489 4041 734 4114 homines
784 4059 891 4098 non
944 4056 1222 4098 servantes
1254 4045 1488 4110 modum,
1541 4031 1759 4099 et‘cum
1803 4045 1853 4097 in
1903 4058 2062 4098 unam

489 4144 694 4203 partem
737 4134 1039 4202 procliviter
1078 4134 1156 4187 ire
1194 4135 1476 4199 cmperint,
1509 4149 1614 4188 non
1646 4133 1942 4203 respiciunt
1981 4133 2065 4186 di-

489 4223 629 4276 vina:
673 4225 1006 4282 auctoritatis
1052 4225 1154 4276 alia
1189 4224 1509 4287 testimonia,
1540 4224 1734 4293 quibus
1765 4225 1972 4293 possint
1999 4223 2065 4276 ab

492 4315 590 4374 illa,
627 4314 925 4368 intentione
966 4317 1227 4378 revocari,
1261 4325 1313 4368 et
1361 4316 1411 4367 in
1456 4330 1516 4368 ea
1568 4330 1686 4383 qua:
1731 4330 1796 4367 es
1827 4313 2066 4381 utrisque

495 4415 785 4473 temperata
832 4416 914 4461 est
960 4409 1183 4460 veritate
1230 4421 1290 4459 ac
1332 4406 1692 4460 moderatione
1736 4406 2063 4470 consistere;

493 4513 590 4551 nec
619 4497 672 4552 in
706 4498 804 4552 ltac
841 4514 897 4552 re
928 4508 1152 4562 tantum,
1185 4498 1249 4552 de
1296 4513 1395 4566 qua
1423 4512 1560 4551 nunc
1589 4499 1813 4565 quaeatio
1841 4507 1944 4560 est,
1968 4497 2062 4550 sed

495 4589 657 4641 etiam
690 4589 738 4641 in
771 4589 886 4642 aliis
914 4590 1113 4642 multis.
1149 4590 1278 4642 Nam
1315 4589 1527 4656 quidam
1570 4588 1833 4641 intuentes
1864 4587 2069 4643 divina-

494 4693 610 4730 rum
652 4679 954 4733 testimonia
1006 4679 1326 4741 litterarum,
1371 4677 1566 4746 quibus
1615 4691 1750 4730 unus
1781 4675 1920 4730 Deus
1973 4691 2066 4729 co-

497 4769 683 4822 lendus
734 4769 1049 4833 insinuatur,
1095 4771 1340 4825 eumdem
1387 4769 1594 4822 Patrem
1645 4768 1732 4838 qui
1782 4777 1862 4823 est
1908 4769 2070 4824 Filius

497 4870 846 4930 sanctumque
902 4860 1158 4926 Spiritum
1212 4870 1554 4930 putaverunt.
1599 4859 1704 4914 Alii
1741 4875 1940 4924 rursus,
1981 4876 2071 4915 ve-

500 4952 596 5006 luti
629 4957 816 5007 morbo
847 4954 1116 5007 contrario
1149 4953 1473 5020 laborantes,
1502 4967 1620 5006 cum
1646 4952 1980 5008 attenderent
2004 4969 2066 5008 ea

501 5042 692 5110 quibus
731 5043 964 5098 Trinitas
991 5044 1307 5106 declaratur.
1344 5058 1442 5098 nec
1484 5044 1724 5098 valerent
1774 5044 2069 5115 intelligere

503 5133 770 5200 quomodo
795 5134 988 5188 dicitur
1011 5133 1122 5204 [siti
1163 5149 1298 5188 unus
1342 5134 1501 5201 Deus,
1533 5149 1652 5188 cum
1694 5142 1750 5190 et
1778 5135 1930 5195 Pater
1961 5150 2067 5190 non

507 5224 575 5276 sit
601 5223 785 5290 Filius,
816 5238 911 5279 nec
941 5224 1102 5279 Filius
1131 5226 1200 5280 sit
1235 5225 1407 5290 Pater,
1443 5239 1542 5280 nec
1571 5225 1797 5294 Spiritus
1825 5237 2065 5292 sanctus,

499 5324 587 5366 aut
620 5313 809 5379 Filius,
841 5325 929 5369 aut
956 5317 1132 5382 Pater,
1175 5317 1512 5372 diversitates
1551 5317 1709 5370 etiam
1746 5317 2065 5372 substantia-

501 5419 616 5458 rum
641 5406 952 5460 asserendas
976 5418 1246 5476 putarunt.
1272 5410 1495 5475 Quidam
1520 5408 1784 5463 intuentes
1813 5411 1862 5462 in
1885 5410 2065 5478 Scrip-

503 5497 636 5551 turis
679 5509 878 5552 sanctze
909 5493 1224 5568 virginitatis
1266 5501 1500 5566 laudem,
1541 5501 1801 5555 connubia
1844 5503 2067 5555 damna-

505 5601 650 5644 vere.
701 5590 922 5658 Quidam
979 5607 1162 5646 rursus
1227 5608 1288 5649 ea
1339 5593 1641 5646 testimonia
1700 5603 2068 5648 coniectantes

507 5681 693 5750 quibus
744 5693 884 5741 casta
943 5684 1184 5756 coniugia
1253 5685 1654 5761 praedicantur,
1710 5687 2062 5758 virginitatem

2169 430 2361 484 fratres
2388 443 2492 482 non
2518 430 2836 484 manducare
2862 444 3100 494 carnem,
3123 445 3298 500 neque
3326 429 3507 485 bibere
3531 431 3710 492 vinum,

2165 533 2219 576 et
2249 520 2505 575 nonnulla
2539 520 2755 585 similia,
2796 531 3090 574 creaturam
3121 520 3236 588 Dei,
3284 531 3342 576 et
3385 536 3515 592 quas
3555 523 3712 575 volae.

2123 655 2137 670 .
2168 628 2284 669 runt
2316 628 2468 672 escas
2511 613 2813 680 imtnnndas
2855 627 2974 668 esse
3018 625 3323 669 senserunt.
3353 613 3577 681 Quidam
3606 628 3712 667 vero

2166 706 2425 775 legentes,
2458 704 2643 758 Omnis
2664 712 2902 758 creatura
2936 704 3027 757 Dei
3058 705 3193 759 bona
3227 715 3331 772 est,
3363 714 3419 760 et
3446 704 3571 759 nihil
3602 705 3712 773 abji-

2164 796 2408 851 ciendum
2438 797 2576 868 quod
2619 811 2739 851 cum
2789 797 3076 867 gratiarum
3122 799 3331 853 actione
3374 797 3644 867 accipitur,
3669 797 3711 850 in

2165 887 2515 941 voracitatetn
2546 887 2995 954 viuolentiamque
3037 887 3257 956 collapsi
3306 897 3454 956 sunt,
3504 903 3603 942 non
3628 887 3712 942 sibi

2166 977 2410 1030 valentes
2439 975 2653 1031 auferre
2680 977 2828 1042 vitia,
2853 976 2956 1030 nisi
2977 975 3104 1031 eise
3134 979 3426 1041 contrario,
3458 977 3537 1042 vel
3568 986 3716 1044 tanta,

2162 1065 2244 1118 vel
2301 1064 2497 1134 majora
2551 1066 2919 1121 succederent.
2953 1066 3043 1121 Sic
3093 1067 3252 1119 etiam
3300 1067 3352 1119 in
3408 1067 3508 1121 hac
3551 1079 3714 1126 causa.

2163 1171 2280 1225 qua:
2303 1155 2528 1208 habetur
2557 1157 2610 1208 in
2643 1156 2906 1222 manibus,
2930 1155 3146 1224 quidam
3176 1154 3446 1210 intuentes
3473 1167 3713 1224 precepts

2161 1227 2478 1306 severitatis,
2511 1244 2702 1313 quibus
2746 1244 3098 1299 admonemur
3133 1242 3409 1308 corripere
3455 1244 3710 1312 inquiens,

2162 1349 2267 1386 non
2308 1334 2437 1386 dare
2464 1344 2709 1386 sanctum
2752 1332 2991 1396 canibus,
3025 1341 3082 1386 ut
3109 1330 3380 1386 ethnieum
3417 1330 3605 1384 habere
3631 1327 3712 1383 Ec-

2160 1425 2339 1479 clesia
2391 1432 2858 1493 contemptorem,
2906 1437 2936 1476 a
2985 1436 3246 1492 compage
3307 1421 3548 1488 corporis
3587 1420 3708 1486 quod

2160 1514 2484 1569 scandalizat
2538 1514 2859 1587 [membrum
2904 1514 3047 1583 quod
3085 1507 3440 1580 scandalizat]
3465 1511 3705 1573 evellere;

2163 1608 2240 1661 ita
2294 1607 2620 1676 perturbant.
2653 1606 2902 1661 Ecclesia?
2949 1619 3158 1673 pacem,
3203 1613 3262 1657 ut
3305 1612 3565 1658 conentur
3605 1613 3707 1656 ante

2097 1716 2140 1775 Β
2169 1707 2379 1765 tempus
2421 1712 2669 1766 separare
2715 1695 2939 1762 zizania,
2984 1703 3144 1763 atque
3191 1695 3294 1748 ltoe
3337 1709 3517 1748 errore
3552 1693 3707 1747 caesii

2161 1787 2263 1856 ipsi
2293 1787 2468 1856 potius
2493 1803 2525 1841 a
2549 1785 2747 1841 Christi
2777 1787 2978 1841 unitate
3000 1794 3333 1855 separentur,
3362 1785 3532 1854 qualis
3569 1783 3699 1838 soliis

2161 1895 2318 1936 causa
2350 1890 2432 1934 est
2452 1879 2707 1932 adversus
2736 1879 2966 1932 schisma
2999 1878 3210 1932 Donati.
3243 1877 3309 1931 Et
3347 1877 3450 1931 hoc
3475 1891 3572 1930 non
3602 1890 3703 1931 tatur

2161 1971 2288 2037 illis,
2323 1972 2412 2040 qui
2445 1979 2706 2025 noverant
2730 1968 3067 2024 Caecilianum
3099 1985 3202 2023 non
3227 1970 3392 2033 veris,
3419 1969 3509 2022 sed
3532 1969 3705 2022 calasi-

2165 2061 2342 2115 niosis
2370 2061 2685 2115 criminibus
2715 2062 3026 2130 appetitum,
3056 2070 3108 2114 et
3139 2059 3493 2130 perniciosam
3522 2069 3704 2114 tentato

2164 2151 2288 2203 tiam
2317 2164 2467 2204 suam
2497 2150 2773 2204 mortifero
2800 2148 3000 2217 pudore
3042 2163 3145 2202 non
3173 2147 3464 2211 deserant;
3489 2143 3574 2200 scd
3604 2160 3703 2201 eum

2164 2240 2271 2294 illis
2311 2239 2502 2310 quibus
2526 2239 2752 2294 dicimus
2781 2255 2796 2292 :
2825 2238 2996 2292 Etiam
3025 2238 3072 2292 si
3101 2237 3223 2291 mali
3254 2236 3497 2298 fuissent,
3522 2244 3704 2305 propter

2164 2332 2297 2399 quos
2338 2330 2389 2404 in
2425 2329 2662 2384 Ecclesia
2690 2343 2794 2383 non
2837 2328 2990 2396 estis,
3021 2342 3116 2383 vos
3153 2338 3332 2381 tamen
3374 2340 3469 2381 eos
3497 2322 3702 2385 terendo.

2164 2432 2298 2486 quos
2342 2416 2761 2473 emendareaut
2803 2422 3087 2487 segregare
3127 2412 3346 2471 minime
3379 2415 3633 2484 poteratis,
3660 2415 3701 2466 in

2164 2508 2405 2562 Ecclesia
2456 2521 2768 2578 permanere
2809 2508 3094 2568 debuistis,
3123 2507 3349 2574 Quidam
3379 2522 3503 2560 vero
3543 2521 3572 2560 e
3594 2520 3702 2559 coo-

2167 2598 2330 2652 trario
2355 2598 2741 2668 periclitantes,
2765 2614 2887 2654 cum
2913 2599 3174 2654 bonorum
3197 2599 3555 2668 malorumque
3575 2613 3696 2652 eoat.

2084 2693 2097 2719 '°
2167 2689 2478 2744 mixtionem
2509 2691 2560 2744 in
2593 2690 2834 2745 Ecclesia
2863 2689 3280 2746 demonstratam
3310 2691 3394 2745 vel
3427 2689 3696 2760 pra-dictant

2168 2791 2288 2832 esse
2327 2778 2719 2847 perspexerint,
2767 2788 2821 2833 et
2864 2778 3130 2848 patientiae
3159 2789 3421 2849 pmeepta
3461 2777 3703 2832 didicerint

2169 2867 2310 2940 (quae
2328 2869 2400 2923 ita
2419 2884 2515 2924 nos
2540 2869 2874 2925 firmissimos
2890 2869 3136 2935 reddunt,
3161 2879 3219 2924 ιιι
3237 2870 3398 2925 etiam
3419 2870 3461 2924 si
3485 2869 3699 2922 videntur

2077 3024 2082 3029 η
2171 2961 2221 3014 in
2258 2960 2498 3016 Ecclesia
2543 2975 2664 3016 esse
2693 2961 2925 3025 zisania,
2959 2974 3064 3015 non
3097 2970 3275 3015 tamen
3307 2959 3604 3028 impediatur
3629 2967 3704 3014 attt

2178 3051 2328 3118 lides,
2361 3062 2448 3105 aut
2480 3050 2714 3107 Charitas
2741 3061 2944 3118 nostra,
2973 3061 3032 3106 ut
3059 3053 3310 3123 quoniam
3337 3050 3526 3106 zizania
3554 3051 3597 3104 in
3623 3050 3700 3104 Bc-

2162 3143 2322 3198 clesia
2354 3159 2474 3198 esse
2503 3145 2793 3209 cernimus,
2837 3144 2935 3213 ipsi
2978 3145 3046 3200 de
3095 3144 3335 3198 Ecclesia
3380 3142 3700 3210 recedamus).

2158 3237 2546 3291 destituendum
2608 3247 2793 3307 putant
2855 3237 3106 3292 Ecclesia:
3156 3237 3700 3306 diseiplinam,quata-

2161 3325 2281 3380 dam
2313 3327 2774 3394 perversissimam
2803 3327 3144 3382 securitatem
3178 3327 3474 3395 praepositis
3502 3327 3692 3379 tribues-

2164 3426 2266 3480 tes,
2295 3426 2352 3470 ut
2390 3415 2456 3470 ad
2510 3430 2604 3470 eos
2652 3431 2756 3471 non
2807 3418 3074 3485 pertineat
3112 3416 3216 3470 nisi
3263 3416 3445 3470 dicere
3471 3414 3582 3484 quid
3625 3427 3700 3468 ca-

2165 3507 2394 3559 vendum
2426 3508 2623 3574 quidve
2647 3507 2941 3560 iaciendum
2967 3507 3057 3569 sit,
3090 3505 3372 3575 quodlibet
3398 3515 3559 3559 autem
3583 3505 3702 3572 quis-

2167 3609 2270 3663 que
2301 3594 2462 3649 iaciat
2489 3610 2594 3648 non
2626 3609 2834 3648 curare.
2859 3595 2967 3649 Nos
2991 3608 3118 3649 vero
3147 3595 3215 3649 ad
3243 3609 3426 3667 sanam
3449 3593 3700 3648 doctrinam

2171 3687 2436 3755 pertinere
2464 3687 2806 3751 arbitramur,
2839 3703 2903 3741 ex
2946 3687 3190 3755 utrisque
3237 3687 3543 3741 testimoniis
3569 3685 3701 3738 vitam

2171 3775 2596 3841 sententiamque
2650 3775 2938 3840 moderari,
2993 3783 3050 3829 ut
3092 3785 3147 3830 et
3190 3790 3356 3830 canes
3401 3777 3451 3828 in
3503 3771 3703 3828 Ecclesia

2171 3875 2394 3933 propter
2423 3879 2606 3934 pacem
2640 3864 2894 3920 Ecclesia:
2924 3865 3240 3930 toleremus,
3283 3876 3336 3919 et
3365 3865 3567 3920 canibus
3599 3878 3702 3917 san-

2169 3965 2333 4019 ctum,
2367 3955 2454 4008 ubi
2497 3963 2582 4009 est
2631 3971 2727 4024 pax
2777 3955 3027 4010 Ecclesia:
3058 3963 3191 4018 tuta,
3226 3971 3332 4008 non
3361 3955 3554 4010 demus.
3591 3951 3702 4006 Cum

2168 4060 2293 4113 ergo
2328 4044 2443 4100 sive
2491 4060 2584 4113 per
2616 4044 2995 4115 negligentiam
3028 4044 3459 4113 przepositorum,
3489 4044 3588 4097 sive
3623 4055 3702 4109 per

2169 4134 2397 4202 aliquam
2429 4120 2785 4188 excusabilem
2820 4135 3214 4200 necessitatem,
3249 4135 3364 4188 sive
3388 4149 3479 4204 per
3500 4134 3702 4188 occultas

2170 4225 2507 4292 obreptiones
2542 4225 2839 4280 invenimus
2871 4226 2920 4278 in
2973 4225 3208 4279 Ect-lesia
3244 4231 3432 4287 malos,
3463 4240 3578 4294 quos
3612 4221 3696 4274 Bc-

2170 4318 2466 4372 clesiastica
2493 4311 2769 4385 disciplina
2801 4318 3069 4386 corrigere
3094 4326 3185 4369 aut
3213 4330 3460 4370 coercere
3488 4330 3576 4368 non
3599 4326 3698 4378 p0:-

2172 4421 2356 4460 sumus
2394 4423 2406 4457 :
2441 4416 2564 4459 tunc
2605 4421 2672 4460 ne
2711 4405 2966 4459 ascendat
3009 4405 3060 4457 itt
3093 4419 3186 4457 cor
3216 4413 3454 4457 nostrum
3501 4401 3631 4469 impia
3657 4408 3701 4451 ιι

2175 4499 2468 4566 perniciosa
2508 4498 2869 4565 praesumptio,
2895 4511 2994 4564 qua
3033 4495 3398 4550 existimemus
3431 4509 3522 4549 nos
3553 4493 3606 4545 ab
3633 4490 3700 4544 bis

2172 4605 2294 4643 esse
2322 4586 2646 4655 separandos
2675 4597 2724 4640 ut
2763 4587 2994 4654 peccatis
3027 4601 3210 4640 eorum
3241 4602 3346 4640 non
3389 4584 3696 4654 inquinentur.

2174 4692 2338 4750 atque
2365 4681 2433 4733 ita
2466 4688 2585 4748 post
2615 4694 2709 4732 nos
2738 4678 2951 4733 trahere
2997 4693 3275 4745 conemur,
3325 4677 3482 4733 veluti
3512 4673 3700 4730 mundos

2175 4782 2493 4840 sanctosque
2535 4771 2844 4840 discipulos,
2879 4770 2946 4823 ab
2977 4771 3194 4825 unitatis
3221 4785 3492 4840 compage.
3521 4767 3642 4838 quasi
3674 4778 3696 4816 a

2177 4866 2435 4919 malorum
2467 4867 2736 4918 consortio
2778 4875 3080 4933 segregatos
3114 4882 3127 4916 :
3160 4864 3377 4917 veniant
3419 4865 3467 4916 in
3507 4869 3696 4914 mentea:

2176 4959 2277 5011 illae
2319 4957 2384 5012 de
2426 4956 2716 5024 Scripturis
2757 4956 3135 5009 similitudines
3183 4966 3238 5009 et
3287 4955 3453 5009 divina
3501 4951 3693 5011 oracula,

2174 5052 2253 5104 vel
2275 5051 2570 5104 certissima
2594 5049 2860 5114 escutpla,
2885 5050 3078 5118 quibus
3097 5050 3503 5103 demonstratum
3521 5058 3562 5099 et
3584 5058 3693 5112 pm

2174 5141 2472 5194 nuntiatum
2517 5148 2630 5202 est,
2667 5137 2836 5191 malos
2878 5138 2928 5191 in
2965 5137 3202 5192 Ecclesia
3243 5138 3518 5205 permixtos
3547 5133 3688 5191 bouis,

2176 5243 2344 5297 usque
2373 5228 2437 5282 ad
2467 5226 2566 5298 [in]
2612 5228 2767 5283 tinem
2800 5227 3004 5292 sateuli,
3042 5236 3359 5296 tempusque
3383 5225 3544 5295 judcii
3582 5223 3694 5273 tutu-

2175 5335 2285 5380 ros,
2319 5327 2372 5372 et
2417 5318 2547 5371 nihil
2592 5318 2741 5372 bonis
2785 5318 2985 5372 unitate
3036 5331 3099 5371 ac
3130 5317 3516 5386 participatione
3545 5325 3692 5364 sacra-

2178 5419 2500 5472 mentorum,
2533 5410 2620 5477 qui
2663 5424 2845 5462 eorum
2893 5409 3046 5463 factis
3093 5423 3198 5461 non
3227 5405 3583 5464 consenserint,
3612 5400 3688 5451 nb-

2145 5499 2399 5561 iutttros.
2452 5496 2582 5551 Cum
2634 5514 2763 5553 vero
2805 5498 2881 5552 eis
2935 5513 3027 5566 per
3075 5513 3207 5566 quos
3260 5496 3478 5552 Ecclesia
3521 5492 3688 5560 regitur

2181 5590 2347 5657 adest,
2385 5604 2511 5658 pace
2553 5591 2714 5653 salva,
2750 5598 2981 5657 potestas
3018 5589 3309 5659 disciplina:
3341 5589 3563 5643 adversus
3603 5581 3685 5634 iut-

2183 5683 2374 5752 probos
2403 5690 2492 5736 aut
2536 5679 2763 5736 nefarios
2803 5681 3130 5749 exercendaz,
3171 5688 3294 5736 tunc
3340 5691 3502 5734 rursus
3535 5686 3594 5727 ne
3616 5684 3680 5726 se
