3904 6224
182 175 279 234 86$

1269 112 1286 211 ί
1368 160 1829 232 τιιεειιυιιυε.·
1854 158 2006 224 car.
2040 152 2224 215 cetv.

3339 146 3441 204 εεσ

186 254 350 351 rei-dia
371 293 720 367 segnitisque
749 291 850 362 12
877 285 1223 351 dormiamus,
1255 281 1374 340 aliis
1398 279 1838 350 aculeisprterA
1864 273 2187 343 signiﬁcant,
2212 279 2271 328 ut
2307 266 2542 367 dormiat
2581 267 2839 326 Ecclesia:
2887 266 3187 338 disciplina,
3218 261 3290 320 de
3339 277 3444 332 qua

188 393 448 460 topiorum
472 375 594 458 qua:
624 384 689 438 ad
718 379 1058 437 severitatem
1092 373 1440 432 coercitionis
1461 371 1754 439 pertinent,

190 462 437 550 rxcitandi
461 490 675 541 sumus,
700 483 758 527 ut
779 485 997 543 gressus
1024 477 1235 523 nostros
1261 462 1314 520 in
1343 465 1425 518 via
1452 460 1666 534 Domini
1690 474 1758 514 ex

175 573 409 642 utrisque
441 566 788 629 testimoniis,
831 563 925 617 illo
967 561 1103 616 duce
1151 569 1311 630 atque
1357 556 1602 627 adjutore
1632 552 1763 607 diri-

181 673 378 736 gentes,
410 676 515 717 nec
543 651 813 730 patientiae
855 655 1070 710 nomine
1109 663 1494 723 torpescamus,
1528 659 1628 703 nec
1669 645 1764 700 ob-

125 750 132 784 ί
182 765 324 814 tentu
346 751 641 824 diligentiae
662 749 964 804 swviaums.

749 876 976 937 CAPUT
1013 874 1192 958 cem.

187 999 302 1056 Non
330 999 597 1071 faciendos
626 995 866 1071 homines
891 991 1023 1071 male
1055 1003 1280 1071 securos,
1324 995 1381 1038 ut
1423 990 1634 1071 propter
1676 996 1761 1034 re-

250 1061 384 1126 cta-ns
417 1071 597 1140 ﬁdem,
625 1065 821 1140 etiamsi
850 1068 902 1140 in
932 1061 1224 1140 criminibus
1246 1061 1632 1140 permanserint,
1665 1067 1766 1105 non

251 1127 595 1206 damnéntur}
620 1153 683 1194 ea:
709 1137 837 1192 libro
866 1136 929 1189 de
956 1131 1088 1186 Fide
1116 1139 1164 1186 et
1190 1127 1444 1198 operibus.
1468 1175 1470 1178 ,

257 1274 565 1331 Caveamus
586 1279 712 1344 ergo
741 1269 1019 1340 diligenter
1049 1264 1102 1320 in
1134 1261 1399 1333 adjutorio
1427 1256 1636 1314 Domini
1668 1252 1764 1310 Dei

187 1366 376 1432 nostri,
411 1381 520 1422 non
548 1360 1011 1421 facere'homines
1055 1358 1194 1412 male
1239 1347 1483 1416 securus,
1529 1347 1770 1404 dicentes

187 1463 281 1528 eis,
308 1460 455 1533 quod
495 1460 539 1514 si
573 1457 771 1513 iuerint
806 1454 858 1509 in
899 1453 1116 1508 Christo
1163 1445 1436 1518 baptizati,
1469 1440 1769 1514 quomodo-

189 1553 312 1607 libet
341 1552 396 1604 in
426 1563 491 1605 ea
510 1548 612 1603 (ide
634 1545 888 1608 vixerint,
910 1557 1005 1596 eos
1027 1540 1093 1594 ad
1116 1538 1345 1593 salutem
1369 1544 1625 1589 aeternam
1650 1543 1772 1585 esse

189 1651 470 1700 venturos.
494 1640 574 1695 Ne
608 1638 687 1693 sic
715 1636 973 1689 faciamus
1002 1629 1334 1685 Christianos
1377 1622 1646 1695 quomodo
1680 1621 1773 1677 .lu-

191 1736 290 1790 dati
310 1733 636 1803 proselytos,
663 1726 860 1798 quibus
885 1724 1141 1779 Dominus
1164 1721 1236 1774 ait
1261 1718 1383 1774 :Vaa
1407 1717 1560 1772 vobis
1581 1715 1773 1771 serihaa

193 1820 522 1893 et-pharisaei
549 1819 639 1890 qui
668 1814 908 1873 circuitis
937 1824 1085 1878 mare
1112 1821 1166 1866 ct
1192 1821 1386 1867 terram
1413 1809 1589 1864 facere
1610 1819 1775 1862 unum

192 1914 520 1985 proselytum
549 1926 562 1962 :
595 1923 718 1965 cum
747 1915 923 1962 autem
955 1903 1212 1968 feceritis,
1241 1900 1416 1956 facitis
1449 1914 1570 1955 eum
1610 1898 1776 1952 tilium

193 2001 474 2076 gehennae,
506 2000 673 2071 duplo
701 2013 862 2070 quam
911 2011 1007 2052 vos
1044 1998 1204 2060 estis;
1251 1992 1343 2048 sed
1377 1991 1554 2061 potius
1591 2003 1777 2045 sanam

195 2095 494 2151 doctrinam
521 2092 615 2149 Dei
645 2089 882 2161 magistri
912 2088 966 2143 in
991 2095 1216 2157 utroque
1242 2096 1542 2146 teneamus,
1574 2091 1632 2137 ut
1654 2096 1779 2136 san-

196 2199 283 2244 cto
317 2187 587 2256 baptismo
614 2197 850 2247 consona
901 2182 970 2235 sit
994 2183 1103 2234 vita
1146 2179 1455 2243 christiana,
1503 2192 1605 2233 ncc
1645 2190 1781 2247 quo-

199 2277 357 2354 quam
383 2276 678 2351 [cuiquam]
723 2274 924 2329 homini
957 2274 1001 2327 si
1034 2271 1342 2326 utrumlibet
1384 2267 1634 2329 defuerit,
1678 2266 1784 2333 vita

201 2371 538 2443 promittatur
568 2375 790 2422 anterna.
823 2363 922 2431 Qui
953 2360 1094 2417 enim
1124 2360 1259 2415 dixit
1287 2376 1302 2414 :
1345 2357 1458 2412 Nisi
1486 2357 1606 2428 quis
1633 2370 1788 2410 rena-

204 2473 288 2520 tus
312 2462 477 2520 fuerit
510 2476 578 2516 ex
622 2473 756 2529 aqua
789 2465 840 2511 et
871 2455 1072 2526 Spiritu
1101 2464 1308 2520 sancto,
1349 2466 1454 2505 non
1485 2448 1707 2505 intrabit
1735 2448 1786 2503 in

207 2566 430 2626 regnum
449 2551 740 2614 etniorum;
774 2551 889 2617 ipse
918 2547 1077 2602 etiam
1101 2543 1239 2600 dixit
1261 2560 1276 2598 :
1299 2541 1411 2597 Nisi
1441 2539 1792 2596 abundaverit

206 2622 407 2717 institis
437 2652 612 2699 vestra
638 2655 797 2709 super
822 2638 1116 2693 scribarum
1149 2643 1203 2690 et
1231 2622 1640 2703 pinaria-morum,
1684 2646 1789 2685 non

210 2737 477 2794 intrabitis
504 2735 557 2788 in
586 2745 810 2801 regnum
855 2728 1153 2791 caelorum;
1183 2722 1252 2780 de
1281 2723 1387 2778 illis
1431 2722 1628 2793 quippe
1672 2720 1746 2775 ait
1775 2736 1789 2773 :

211 2830 414 2887 Scriba
425 2837 480 2883 et
498 2823 753 2901 pbsrisaai
774 2834 932 2891 super
945 2817 1251 2873 cathedram
1267 2814 1434 2885 Moysi
1449 2813 1661 2892 sedent,
1676 2827 1796 2882 qua:

213 2921 402 2977 dicunt
423 2919 612 2983 facite;
639 2929 758 2986 quae
779 2921 955 2968 autem
982 2909 1185 2965 {aeiunt
1207 2907 1380 2963 facere
1402 2907 1589 2976 nolite,
1615 2905 1797 2960 dicunt

1862 365 1936 420 iu.
1961 364 2128 435 figura
2160 362 2330 418 illius
2362 359 2606 418 mulieris
2636 361 2835 417 dictum
2889 371 2972 418 est
2998 382 3014 428 ί
3048 360 3268 423 Severae
3316 366 3446 410 sunt

1865 453 2307 512 conversationes
2344 451 2466 523 ejus
2495 450 2741 517 domus;
2790 452 2891 508 sed
2936 459 2995 508 ut
3022 467 3127 508 non
3165 462 3234 506 eo
3279 461 3449 517 usque

1868 547 2266 618 progrediatur.
2311 543 2598 600 dementiae
2630 584 2646 610 ,
2699 545 2876 613 potius
2940 544 3218 602 temeritas
3257 553 3443 612 quam

1865 639 2128 694 severitas
2196 634 2536 708 diligentius,
2614 645 2675 690 ut
2734 636 2898 706 quasi
2950 635 3213 690 bouem-.1
3257 629 3448 687 .malis

1870 747 1965 800 per
2021 729 2220 786 nefaria
2265 727 2556 783 schismata
2616 740 2872 796 separare
2922 723 3446 796 praesumat/Neque

1840 823 2011 878 -enim
2037 837 2136 892 per
2172 821 2269 876 bas
2307 817 2687 877 similitudines
2710 825 2770 873 et
2793 816 3289 888 praenuntiatioues,
3319 829 3451 870 cnn-

1871 914 2044 970 silium
2084 912 2304 968 desidia:
2333 911 2489 967 bonis
2528 910 2845 977 datumlest,
2879 925 2989 986 qua
3013 896 3454 980 negligantqned

1873 1003 2158 1075 prohibere
2183 1002 2418 1070 debeat;
2450 1001 2543 1058 sed
2568 993 2839 1079 patientiae
2865 1015 2971 1071 qua
2997 1000 3284 1070 perferant»
3305 999 3451 1053 salva

1872 1096 2121 1151 doctrina
2145 1094 2412 1158 veritatis,
2443 1093 2584 1162 quod
2611 1091 2899 1148 emendare
2943 1105 3052 1146 non
3084 1090 3310 1146 -.valent.~‘
3352 1088 3462 1144 Nec

1886 1188 2016 1259 quia
2038 1186 2296 1265 scriptum
2326 1193 2430 1249 est,
2481 1183 2733 1240 introisse
2758 1182 2827 1245 ad
2857 1182 2981 1244 Noe
3009 1183 3067 1238 in
3095 1195 3273 1239 arcam
3301 1181 3464 1235 etiam

1874 1279 2146 1341 immunda
2178 1277 2451 1346 animalia,
2481 1276 2604 1334 ideo
2652 1277 3164 1347 [ιιπιιιθειὶιὶηιιοιειιθΔ
3192 1289 3318 1330 non
3362 1273 3466 1326 de-

1875 1370 2026 1436 bent,
2064 1368 2116 1426 si
2161 1371 2250 1440 qui
2279 1366 2691 1424 immtmdissimi
2720 1367 2795 1422 ad.
2839 1365 3162 1437 baptismum
3195 1365 3464 1422 rvelintiu-

1876 1472 2021 1520 trare
2069 1462 2346 1531 saltantes,
2389 1460 2530 1535 quod
2569 1470 2651 1519 est
2677 1471 2824 1518 certe
2867 1459 3284 1533 mitius~[qusm
3323 1473 3470 1515 anm-

1875 1553 2159 1625 ebantes]:
2192 1553 2285 1609 sed
2319 1568 2415 1623 per
2445 1551 2586 1609 hanc
2627 1540 2850 1622 figuram
2896 1551 2973 1608 rei
2998 1560 3169 1623 gesta:
3214 1564 3466 1621 praenun-

1882 1640 2069 1698 tiatum
2105 1653 2209 1709 est,
2259 1643 2568 1697 immundos
2596 1643 2649 1696 in
2695 1641 2934 1695 Ecclesia
2977 1641 3208 1707 futuros,-
3252 1650 3472 1709 propter

1882 1735 2182 1791 tolerantia!
2197 1725 2486 1799 rationem,
2513 1747 2618 1788 non
2647 1740 2864 1802 propter
2881 1730 3142 1786 doctrina:
3167 1733 3470 1799 corruptio-
3529 1788 3532 1794 ,

1882 1842 2025 1891 nem,
2065 1826 2153 1882 vel
2200 1823 2497 1894 disciplinae
2535 1823 2965 1881 dissolutionem.
3005 1821 3122 1877 Non
3160 1822 3304 1878 enim
3335 1837 3466 1892 qua-

1879 1933 2114 1991 cumque
2154 1918 2310 1973 libuit
2357 1915 2701 1972 intraverunt
2744 1914 3020 1971 immunda
3053 1893 3303 1971 animalia
3333 1917 3473 1969 ιιι-σω

1882 2006 2154 2081 compage
2178 2002 2475 2077 confracta,
2520 2004 2613 2063 sed
2665 2021 2726 2063 ea
2760 2006 2966 2076 integra
2996 2020 3091 2076 per
3123 2021 3286 2061 unum
3316 2015 3478 2074 atque

1884 2103 2024 2158 idem
2044 2100 2275 2173 ostium,
2321 2098 2464 2172 quod
2510 2084 2705 2153 artifex
2742 2096 2962 2152 fecerat.
3005 2096 3189 2152 Altera
3219 2095 3478 2173 quaestio

1885 2200 1988 2256 est,
2029 2170 2082 2245 in
2114 2205 2216 2260 qua
2268 2170 2352 2245 eis
2384 2187 2555 2244 visum
2594 2196 2675 2242 est
2721 2185 2878 2242 iidem
2926 2185 3096 2241 solam
3138 2170 3479 2254 baptizandis

1888 2297 2007 2338 esse
2067 2278 2406 2345 tradendam,
2465 2285 2650 2347 postea
2707 2292 2836 2331 vero
2890 2277 3012 2347 jam
3045 2276 3341 2346 baptizatos
3381 2277 3479 2330 do-

1889 2371 2236 2427 cendosesse
2258 2368 2331 2424 de
2353 2367 2613 2424 moribus.
2641 2367 2750 2439 sed
2773 2367 2904 2421 satis
2926 2367 3349 2422 demonstratum
3375 2362 3477 2430 est,

1892 2463 1994 2518 nisi
2021 2461 2196 2528 fallor,
2225 2469 2352 2516 tunc
2381 2456 2552 2530 magis
2583 2459 2856 2530 pertinere
2882 2458 2950 2513 ad
2970 2450 3152 2513 curam
3181 2442 3485 2527 speculato-

1892 2561 1985 2627 ris,
2017 2573 2139 2616 cum
2174 2571 2363 2613 omnes
2393 2556 2478 2627 qui
2526 2555 2758 2610 ﬁdelium
2807 2561 3118 2624 competunt
3164 2567 3477 2607 sacramen-

1894 2661 2030 2718 tum,
2054 2649 2231 2705 omnia
2259 2636 2378 2719 quac
2409 2647 2660 2702 dicuntur
2691 2645 2945 2712 intentius
2975 2653 3027 2699 et
3067 2643 3346 2698 sollicitius
3382 2658 3482 2698 au-

1897 2742 2068 2808 diunt,
2106 2755 2212 2796 non
2246 2748 2425 2794 tacere
2462 2737 2531 2793 de
2587 2751 2744 2806 poena
2792 2751 2950 2806 quam
3001 2736 3142 2790 male
3180 2735 3480 2790 viventibus

1901 2832 2160 2887 Dominus
2189 2828 2552 2886 comminatur
2584 2845 2597 2880 :
2632 2843 2699 2882 ne
2730 2817 2795 2881 in
2815 2826 2932 2896 ipso
2959 2825 3226 2897 baptismo
3269 2826 3346 2880 rei
3376 2826 3486 2884 sint

1900 2925 2340 2998 gravissimorum
2383 2921 2691 2985 criminum,
2724 2934 2833 2988 quo
2860 2917 3082 2973 veniunt
3114 2927 3171 2972 ut
3211 2907 3486 2973 remittan-

213 3015 357 3069 cnim
388 3021 443 3067 et
471 3025 577 3064 non
618 3008 835 3063 faciunt.
868 3006 1006 3074 Ergo
1036 3001 1241 3074 justitia
1282 3014 1468 3055 eorum
1499 3006 1581 3054 est
1615 2998 1794 3054 dicere

1901 3026 1987 3072 tur
2011 3016 2193 3098 r‘eatu's
2217 3014 2454 3071 omnium
2500 3020 2866 3082 peccatorum.
2915 3008 3096 3065 Tertia
3145 3009 3374 3078 quaestio
3406 3019 3490 3066 est

213 3115 268 3160 et
287 3119 394 3158 non
426 3101 621 3164 facere,
648 3093 710 3153 ac
740 3111 834 3165 per
861 3095 962 3149 hoc
991 3101 1227 3165 nostram
1263 3105 1382 3146 esse
1414 3089 1584 3144 voluit
1624 3090 1792 3143 abun-

216 3196 433 3250 dantem
461 3206 622 3261 super
648 3189 861 3244 illorum
902 3185 1084 3239 dicere
1107 3192 1160 3240 et
1193 3176 1401 3247 facere;
1449 3196 1566 3250 quae
1608 3181 1652 3235 si
1687 3195 1791 3234 non

218 3286 403 3351 luerit,
436 3298 541 3338 non
563 3278 845 3337 iutrabitur
874 3278 927 3332 in
959 3291 1182 3345 regnum
1220 3275 1500 3329 cmlorur’n.
1533 3273 1646 3326 Non
1672 3273 1792 3342 quia
1818 3298 1821 3299 ν

217 3381 498 3448 quisquam
530 3374 600 3429 ita
629 3371 790 3427 debet
817 3368 1022 3432 extolli,
1048 3375 1104 3421 ιιι
1149 3380 1255 3420 non
1294 3365 1466 3419 dicam
1497 3363 1633 3432 apud
1662 3364 1796 3417 alios

217 3471 440 3542 jactare,
484 3466 576 3521 sed
603 3461 740 3533 apud
770 3461 1004 3531 seipsum
1042 3467 1225 3528 putare
1261 3456 1474 3520 audeat,
1507 3469 1565 3510 se
1614 3456 1667 3508 in
1701 3455 1798 3508 liae

223 3561 330 3615 vita
361 3573 482 3614 esse
527 3556 646 3610 sine
685 3561 923 3623 peccato,
958 3552 1051 3606 sed
1090 3549 1194 3603 nisi
1225 3555 1408 3604 essent
1442 3546 1685 3617 quaedam
1730 3546 1800 3599 ita

222 3653 431 3723 gravia,
462 3647 710 3704 utetiam
741 3643 1292 3700 excommunicatioue
1340 3639 1624 3711 plectentia
1674 3640 1801 3705 sint,

227 3759 334 3798 non
365 3742 567 3797 diceret
617 3737 949 3808 Apostolus:
991 3733 1337 3804 Congregatis
1385 3731 1557 3793 vobis,
1605 3739 1658 3785 et
1689 3746 1806 3782 meo

229 3835 423 3905 spiritu
452 3833 663 3887 tradere
684 3827 984 3898 huiusmodi
1015 3835 1211 3881 satancc
1234 3826 1286 3878 in
1312 3823 1582 3878 interitum
1607 3825 1806 3892 carnis,

231 3937 292 3983 ut
341 3925 562 3996 Spiritus
604 3923 785 3976 salvus
834 3921 922 3984 sit,
970 3922 1021 3972 in
1069 3918 1155 3972 die
1202 3915 1409 3970 Domini
1457 3913 1607 3969 Jesu.
1661 3913 1809 3968 Unde

232 4018 395 4072 etiam
421 4017 549 4071 dicit
581 4030 594 4068 :
626 4013 704 4068 Ne
732 4013 938 4082 lugeam
970 4010 1164 4063 multos
1190 4021 1255 4063 ex
1306 4009 1386 4061 his
1416 4007 1502 4077 qui
1535 4015 1659 4060 ante
1689 4020 1811 4074 pec-

232 4119 490 4167 caverunt
514 4119 566 4163 et
599 4121 701 4161 non
742 4113 962 4175 egerunt
994 4099 1359 4171 paenitentiam
1380 4110 1545 4168 super
1580 4097 1815 4151 immun-

233 4203 361 4258 ditia
395 4211 450 4256 et
477 4199 824 4256 fornicatione
853 4207 1010 4265 Quam
1057 4203 1358 4263 gesserunt.
1398 4191 1529 4245 Item
1580 4189 1683 4243 nisi
1725 4205 1813 4244 es-

236 4301 359 4347 scnt
382 4292 626 4362 quadam
654 4303 759 4344 non
786 4302 847 4342 ea
874 4284 1169 4340 humilitate
1201 4271 1532 4354 pmnitcntia:
1554 4281 1815 4345 sonantia,

237 4384 410 4453 qualis
440 4382 494 4435 in
527 4379 761 4435 Ecclesia
790 4377 945 4432 datur
974 4377 1051 4432 eis
1103 4375 1191 4444 qui
1234 4371 1447 4444 proprie
1499 4373 1819 4441 ptenitentes

241 4493 257 4521 ι
271 4487 520 4540 cuntur,
537 4473 630 4529 sed
646 4469 957 4543 quibusdam
974 4461 1370 4537 correptionum
1389 4465 1818 4533 medicamentis,

239 4591 347 4629 non
386 4574 587 4629 diceret
617 4576 729 4643 ipse
760 4573 1017 4626 Dominus
1049 4589 1061 4624 :
1092 4568 1318 4639 Corripe
1348 4583 1471 4624 eum
1522 4568 1660 4624 inter
1691 4580 1742 4622 te
1771 4575 1824 4620 et

239 4667 442 4735 ipsum,
464 4674 529 4718 ιιυι
559 4665 606 4718 si
633 4673 681 4719 te
706 4663 951 4728 audierit,
987 4663 1225 4716 lucratus
1273 4677 1331 4716 es
1381 4660 1602 4716 fratrem
1653 4672 1821 4715 tuum.

240 4758 527 4818 Postremo
566 4757 667 4811 nisi
697 4763 877 4811 essent
915 4754 1156 4824 quaedam
1186 4753 1300 4809 sine
1338 4754 1531 4824 quibus
1575 4751 1688 4807 haec
1719 4753 1824 4806 vita

246 4866 354 4906 non
395 4849 588 4920 agitur,
621 4861 727 4903 non
752 4846 1120 4916 quotidianam
1176 4845 1436 4900 medelam
1495 4855 1714 4914 poneret
1772 4846 1822 4900 in

246 4941 492 4995 oratione
521 4953 680 5008 quam
715 4937 920 5001 'docuit,
963 4944 1020 4990 ut
1069 4934 1346 4992 dicamus:
1402 4936 1619 4991 Dimitte
1673 4936 1825 4990 nubis

247 5033 430 5087 debita
468 5040 675 5095 nostra,
721 5029 860 5084 sicut
894 5039 949 5084 et
977 5035 1077 5082 nos
1108 5027 1446 5082 dimittimus
1495 5023 1826 5084 debitoribus

252 5124 472 5178 nostris.
496 5122 613 5178 Jsm
639 5122 790 5190 satis,
812 5111 1068 5191 quantum
1094 5118 1345 5186 arbitror,
1373 5118 1441 5177 de
1469 5119 1555 5174 illa
1579 5128 1686 5175 tcta
1714 5121 1823 5189 epi-

252 5220 416 5272 nione
440 5215 582 5287 quod
624 5215 754 5270 mihi
785 5213 1052 5270 videretur
1097 5206 1340 5280 exposui,
1384 5212 1470 5266 ubi
1525 5220 1634 5267 tres
1675 5224 1825 5281 qua:-

251 5310 458 5364 stiones
496 5322 713 5363 movere
760 5305 1127 5379 {moverunt}:
1158 5318 1316 5360 unam
1361 5304 1429 5368 de
1471 5306 1827 5373 permixtione

255 5404 308 5455 in
340 5400 577 5455 Ecclesia
612 5402 872 5454 honorum
901 5408 953 5452 et
994 5398 1257 5452 malorum
1308 5407 1556 5464 tanquam
1591 5397 1748 5451 trit’ci
1780 5407 1834 5452 et

256 5495 617 5558 zizaniorum;
650 5491 737 5546 ubi
767 5490 1058 5547 cavendum
1083 5500 1182 5556 est,
1211 5504 1276 5544 ne
1297 5489 1414 5543 ideo
1439 5498 1688 5558 putemus
1714 5505 1834 5545 esse

195 5581 198 5584 ’
258 5588 573 5661 praepositas
602 5585 730 5638 istas
767 5583 1158 5641 similitudines.
1183 5581 1284 5636 .vel
1314 5580 1472 5644 hanc,
1515 5580 1598 5635 vel
1629 5581 1697 5637 de
1729 5581 1831 5634 itn-

259 5677 472 5736 mundis
496 5678 550 5734 in
575 5689 697 5733 arca
728 5675 1065 5738 animalibus,
1096 5674 1176 5731 vel
1207 5687 1536 5745 qumcunque
1558 5673 1659 5731 alia
1690 5673 1830 5730 idem

1899 3110 2379 3182 periculosissima,
2421 3120 2522 3177 qua
2554 3103 3142 3176 parnm'considerata,
3175 3111 3231 3158 et
3258 3117 3365 3158 non
3406 3117 3492 3181 se.-

1896 3203 2127 3260 cundum
2162 3201 2409 3255 divinum“
2441 3197 2709 3268 eloquium
2743 3189 3090 3266 pertractata,
3119 3203 3226 3249 tota
3258 3194 3344 3250 illa
3371 3196 3488 3264 epi-

1899 3294 1986 3349 nio
2015 3291 2151 3347 mihi
2178 3290 2388 3345 videtur
2413 3298 2620 3352 exorta,
2649 3290 2701 3341 in
2733 3301 2834 3357 qua
2868 3276 3194 3354 promittitur
3225 3285 3495 3341 scelestis-

1899 3387 2036 3441 sime
2075 3382 2484 3455 turpissimeque
2519 3379 2841 3443 viventibus,
2881 3377 3089 3433 etiamsi
3121 3392 3188 3432 eo
3216 3378 3376 3432 modo
3418 3379 3497 3432 vi-

1901 3494 2027 3551 vere
2069 3487 2434 3546 perseverent,
2486 3484 2540 3528 et
2584 3464 2973 3525 tantummodo
3005 3470 3227 3524 credant
3258 3471 3310 3522 in
3340 3469 3499 3525 Chri-

1904 3580 2069 3631 stum,
2092 3567 2316 3637 ejusque
2344 3573 2678 3619 sacramenta
2705 3561 3017 3629 percipiant,
3043 3575 3137 3616 eos
3165 3560 3229 3615 ad
3271 3561 3498 3616 salutem

1907 3663 2179 3729 vitamque
2221 3667 2478 3713 aeternam
2518 3672 2640 3711 esse
2670 3658 2966 3728 venturos,
2993 3663 3176 3708 contra
3223 3655 3501 3724 apertissi-

1912 3768 2052 3808 mam
2110 3749 2322 3806 Domini
2388 3747 2756 3811 sententiam,
2823 3743 2912 3814 qui
2987 3743 3544 3799 dcsiderautivitamr

1911 3852 2168 3898 aeternam
2212 3839 2529 3908 respondit:
2587 3836 2644 3892 Si
2701 3837 2778 3889 vis
2810 3835 2993 3890 venire
3028 3834 3092 3888 ad
3136 3837 3317 3900 vitam,
3348 3850 3501 3890 serva

1913 3931 2205 3995 mandata;
2258 3940 2311 3984 et
2363 3926 2810 3983 commemoravit
2839 3941 2960 3993 quae
3008 3926 3279 3991 manda'a,
3311 3927 3399 3981 ubi
3439 3942 3502 3982 ea

1915 4021 2122 4077 scilicet
2153 4028 2396 4089 peccata,
2447 4018 2702 4082 vitantur,
2754 4016 2944 4085 quibus
3000 4015 3180 4070 nesriu
3235 4011 3507 4088 quomodo

1915 4114 2060 4167 salus
2090 4122 2293 4166 aeterna
2341 4107 2689 4179 promittitur,
2743 4109 2959 4176 propter
2992 4106 3298 4161 ﬁdem‘sine
3326 4110 3508 4180 operi-

1919 4205 2018 4258 bus
2045 4211 2330 4256 mortuam.
2352 4200 2423 4254 De
2445 4197 2527 4252 his
2550 4197 2720 4252 tribus
2747 4195 3132 4266 quaestionibus
3162 4195 3314 4264 satis,
3341 4214 3511 4265 quan-

1923 4302 2033 4347 tum
2060 4283 2337 4356 existimo,
2367 4288 2657 4359 disputavi,
2677 4287 3150 4359 demonstravique
3169 4286 3247 4341 sic
3278 4271 3512 4354 inieran-

1924 4386 2090 4441 dusin
2107 4384 2349 4440 Ecclesia
2380 4384 2574 4449 malos,
2605 4394 2660 4436 ut
2692 4399 2798 4438 non
2830 4382 3126 4452 negligatur
3147 4383 3510 4441 ecclesiastica

1927 4477 2239 4546 disciplina;
2283 4477 2361 4529 sic
2390 4458 2801 4540 catechizandos
2830 4489 2924 4529 eos
2963 4474 3051 4543 qui
3081 4464 3401 4542 baptismum
3421 4490 3510 4544 pe-

1930 4577 2064 4635 tunt,
2089 4579 2140 4623 ut
2175 4583 2280 4622 non
2305 4567 2478 4622 solum
2501 4565 2718 4619 audiant
2736 4573 2893 4633 atque
2925 4565 3219 4634 suscipiant
3242 4549 3367 4638 quid
3395 4582 3514 4622 cre-

1927 4661 2075 4727 dere,
2108 4673 2292 4715 verum
2330 4660 2493 4714 etiam
2537 4656 2765 4726 qualiter
2796 4657 2976 4710 vivere
3002 4656 3257 4723 debeant,
3281 4657 3361 4712 sic
3390 4674 3515 4729 pro-

1929 4753 2062 4806 mitti
2087 4750 2334 4807 tidelibus
2356 4752 2515 4804 vitam
2533 4757 2811 4814 mternam,
2835 4736 2895 4803 ut
2920 4765 3024 4804 non
3050 4750 3208 4804 etiam
3235 4766 3329 4820 per
3353 4736 3512 4807 [idem

1930 4851 2216 4906 mortuam,
2256 4855 2374 4911 quae
2402 4841 2518 4894 sine
2544 4839 2798 4909 operibus
2828 4841 3040 4896 salvare
3084 4857 3188 4896 non
3217 4853 3412 4913 potest,
3445 4845 3514 4900 ad

1931 4952 2048 4991 eam
2088 4951 2144 4988 se
2183 4932 2414 5004 quisque
2446 4933 2736 5002 pervenire
2775 4947 2933 5002 posse
2963 4935 3272 5000 arbitretur,
3304 4936 3394 4989 sed
3420 4952 3516 5005 per

1933 5027 2073 5083 illam
2107 5026 2264 5080 [idem
2287 5026 2497 5096 gratiae,
2528 5039 2648 5095 qua:
2674 5040 2766 5093 per
2792 5011 3138 5082 dilectionem
3164 5031 3438 5097 operatur.

2501 5135 2732 5194 CAPUT
2769 5137 2944 5194 CCIV.

1938 5236 2036 5302 Qui
2064 5232 2167 5308 sint
2213 5235 2473 5306 prapftela
2510 5237 2572 5290 de
2616 5238 2798 5308 quibus
2838 5239 2910 5293 ait
2951 5238 3244 5308 Apostolus,
3289 5245 3518 5293 secundo

2010 5306 2316 5375 prophetas;
2341 5322 2405 5359 ea:
2445 5309 2574 5362 libro
2610 5306 2959 5377 Quwstiouum
2986 5309 3051 5364 ad
3095 5307 3376 5365 Paulinum
3410 5311 3518 5365 Λύ-

2011 5379 2184 5431 lunum
2211 5381 2531 5448 episcopum.

2012 5491 2084 5545 De
2134 5490 2430 5560 prophetis,
2468 5492 2608 5562 quod
2637 5495 2714 5548 ait
2757 5491 3074 5563 Apostolus:
3108 5493 3375 5561 Quosdam
3405 5497 3522 5565 qni-

1938 5586 2058 5640 dem
2085 5584 2214 5640 dicit
2231 5585 2373 5641 Deus
2396 5586 2448 5641 in
2474 5585 2714 5644 Ecclesia
2743 5587 3045 5655 Apostolus,
3062 5585 3320 5656 quosdam
3343 5601 3524 5644 autem

1941 5676 2247 5748 prophetas,
2281 5677 2380 5734 hoc
2401 5676 2639 5749 inti-[ligo
2661 5676 2798 5750 quod
2831 5673 2945 5749 ipse
2969 5677 3248 5749 scripsisti.
3283 5677 3515 5750 Prophe-
