3904 6224
445 153 560 212 εστ

1502 148 1564 206 n.
1609 143 1926 220 enen-ru
1967 139 2260 201 ABBA’I‘IS
2299 143 2620 204 AFRICANI

3612 149 3703 206 868

443 282 531 330 tas
578 285 676 332 eos
727 273 910 331 dictos.
956 276 1055 354 isto
1105 273 1223 327 loco
1264 283 1328 324 et
1377 265 1829 338 quibus‘Agabus
1870 272 2020 321 erat,
2056 260 2102 313 Α
2131 273 2259 314 nere
2284 260 2606 331 colligenda.
2647 260 2800 318 Unde
2848 251 3089 333 adiungit
3136 268 3191 318 et
3218 261 3350 318 dicit
3392 279 3404 316 :
3439 263 3549 318 lioc
3573 282 3702 321 enim

447 384 556 425 non
588 369 706 424 illos
733 367 820 436 qui
848 376 1125 420 venturum
1154 365 1212 419 in
1230 377 1393 418 carne
1415 360 1700 416 Dominum
1727 355 2025 428 propheta-

447 469 592 515 runt.
635 457 994 526 Evangelistas
1023 471 1158 512 vero
1214 455 1516 511 invenimus
1559 466 1694 524 quos
1741 450 2028 522 Apostolus

449 552 615 605 fuisse
643 563 745 602 non
789 547 1036 620 legimus,
1067 547 1203 602 sicut
1251 537 1464 602 fuerunt
1503 545 1709 598 Marcus
1735 550 1791 597 et
1821 541 2024 605 Lucas;

447 653 687 711 pastores
717 650 892 697 autem
930 648 987 697 et
1017 641 1283 708 doctores,
1310 653 1444 709 quos
1475 636 1710 691 maxime
1735 645 1795 688 ut
1823 634 2028 689 discer-

449 745 697 786 neremns
721 729 954 794 voluisti,
983 730 1198 785 eosdem
1221 739 1347 799 puto
1367 741 1487 784 esse
1507 727 1642 781 sicut
1665 730 1717 779 ct
1733 723 1831 779 tibi
1858 724 2026 778 visum

447 833 558 891 est;
590 833 646 877 ut
678 837 786 876 non
814 821 947 876 alios
993 831 1255 890 pastores,
1302 819 1439 874 alios
1463 818 1712 872 doctores
1758 814 2027 884 intelliga-

445 930 585 980 mus,
616 915 708 970 sed
732 915 853 968 ideo
881 929 1000 970 cum
1031 913 1365 983 prtedixisset
1394 918 1654 980 pastores,
1683 907 1801 977 subj
1813 908 2028 962 unxisse

444 1007 716 1070 doctores,
749 1013 807 1060 ut
852 1006 1208 1075 intelligerent
1247 1013 1489 1072 pastores
1519 1001 1585 1056 ad
1609 998 1843 1056 ofﬁcium
1873 1014 2026 1054 suum

446 1097 715 1165 pertinere
756 1097 1078 1151 doctrinam.
1123 1096 1246 1150 ideo
1292 1096 1435 1149 enim
1478 1109 1584 1148 non
1616 1091 1723 1162 ait,
1755 1091 2023 1158 Quosdam

447 1199 622 1261 autem
655 1199 922 1257 pastores,
974 1188 1232 1258 quosdam
1286 1202 1416 1241 vero
1469 1185 1739 1249 doctores,
1785 1197 1906 1237 cum
1938 1197 2028 1236 suo

449 1281 656 1347 periura
687 1282 802 1350 ipso
835 1279 1113 1334 locutionis
1142 1293 1338 1351 genere
1369 1277 1742 1349 distingueret,
1772 1275 2023 1341 dicendo,

447 1371 712 1437 Quosdam
735 1370 1301 1439 apostolos,quostlam
1330 1377 1505 1424 autem
1531 1365 1836 1436 prophetas,
1867 1381 2026 1434 quos-

435 1463 567 1517 dam
600 1478 728 1519 vero
754 1463 1107 1532 evangelistas
1137 1478 1151 1522 :
1185 1462 1278 1516 sed
1303 1462 1406 1516 hoc
1451 1470 1700 1530 tanquam
1730 1472 1894 1514 unum
1926 1459 2026 1512 ali-

445 1555 566 1623 quid
609 1555 678 1611 de
705 1554 914 1609 duobus
941 1552 1246 1609 nominibus
1305 1552 1585 1623 amplexus
1638 1560 1742 1622 est,
1764 1551 2024 1623 quosdam

445 1653 634 1700 autem
657 1653 899 1714 pastores
923 1651 978 1698 et
1000 1643 1268 1699 doctores.

1025 1754 1251 1812 CAPUT
1289 1755 1439 1814 CCV.

455 1871 554 1943 13
598 1870 726 1938 Quae
762 1872 862 1926 sint
897 1869 1285 1934 obsecrationes,
1317 1874 1586 1943 stationes,
1632 1870 2019 1943 postulationes,

519 1939 798 2013 gratiarum
828 1943 1080 2013 actiones_
1097 1959 1220 2013 quas
1248 1943 1316 1992 ad
1354 1939 1672 1994 Timotheum
1714 1940 2024 2009 Apostolus;

517 2010 582 2064 ea:
608 2010 781 2065 eadem
807 2013 933 2064 libro
957 2012 1024 2063 ad
1048 2010 1346 2066 Paulinum.

517 2118 606 2176 Illa
639 2121 796 2190 plane
825 2107 1135 2177 difﬁcilibus
1179 2119 1575 2188 discernuntur,
1608 2121 1698 2176 ubi
1735 2120 1801 2180 ad
1841 2122 2014 2177 Time.

445 2213 624 2267 tlieum
656 2214 898 2268 scribens
924 2211 1030 2267 ait:
1054 2213 1290 2268 Obsecro
1323 2213 1500 2284 itaque
1522 2213 1753 2281 primum
1782 2211 2020 2267 omnium

434 2303 563 2368 'lleri
601 2305 1024 2375 obsecrationes,
1052 2307 1344 2373 orationes,
1389 2306 1874 2378 interpellationes,
1898 2320 2024 2374 gra-

449 2399 642 2452 tiarum
702 2394 978 2454 actiones:
1042 2398 1401 2476 precationem
1469 2408 1521 2456 et
1595 2395 2025 2468 deprecationem

446 2488 598 2544 multi
629 2487 801 2543 nostri
826 2482 935 2543 boc'
956 2489 1094 2543 idem
1125 2497 1331 2558 putant,
1362 2497 1416 2544 et
1449 2488 1550 2544 hoc
1579 2488 1895 2559 quotidiauo
1926 2503 2024 2543 usu

446 2577 553 2648 jam
579 2577 799 2633 omnino
846 2577 1152 2647 'przevaluit;
1185 2579 1273 2649 qui
1322 2588 1497 2634 autem
1525 2577 1829 2635 distinctius
1863 2576 2027 2633 latine

455 2667 621 2722 locuti
647 2675 794 2734 sunt,
839 2666 1232 2736 precationibus
1269 2665 1557 2724 utebantur
1583 2667 1635 2740 in
1664 2667 1910 2739 optandis
1941 2667 2030 2722 bo-

449 2761 554 2823 nis,
585 2759 1056 2826 deprecationibus
1093 2771 1223 2816 vero
1253 2758 1305 2815 in
1332 2761 1637 2819 devitandis
1671 2761 1845 2817 malis.
1892 2762 2028 2820 Pre-

446 2846 558 2902 cari
611 2848 751 2901 enim
783 2844 1033 2903 dicebant
1067 2849 1502 2922 csse,'precando
1528 2849 1663 2905 bona
1691 2859 1898 2920 optare,
1926 2854 2030 2909 im-

444 2939 651 3008 precari
681 2929 841 3004 mara,
883 2938 1022 3009 quod
1071 2937 1228 3010 Vulgo
1270 2939 1381 3008 jam
1410 2939 1624 3006 dicitur,
1655 2940 1977 2998 maledicere
2006 2960 2024 3006 ;

437 3031 730 3099 deprecari
762 3039 940 3086 autem
973 3030 1132 3098 mala,
1171 3031 1433 3100 precando
1456 3031 1752 3102 depellere.
1774 3033 1884 3091 Sed
1917 3035 2029 3090 usi-

445 3131 609 3175 talum
634 3122 742 3191 jam
770 3121 1021 3193 loquendi
1050 3122 1265 3177 modum
1293 3124 1469 3194 potius
1497 3139 1807 3196 sequamur,
1837 3134 1891 3181 et
1910 3127 2025 3183 sive

459 3213 816 3280 precationes,
875 3213 991 3270 sive
1042 3213 1447 3283 deprecationes
1473 3205 1855 3284 invenerimus,
1886 3232 2034 3287 quas,

443 3304 615 3359 Graeci
655 3303 855 3368 διήσεις
901 3313 1110 3369 vocant,
1152 3320 1258 3361 non
1291 3316 1535 3376 putemus
1565 3322 1687 3364 esse
1735 3310 2029 3365 emendan-

409 3451 412 3454 .
446 3397 593 3450 dum.
625 3397 783 3452 Multa
837 3398 962 3453 hinc
990 3397 1095 3454 dici
1127 3408 1348 3468 possunt
1386 3416 1504 3471 qua:
1533 3401 1886 3471 improbanda
1915 3418 2021 3458 non

446 3487 578 3552 sint,
609 3488 701 3542 sed
732 3488 872 3557 eligo
908 3488 968 3542 in
1001 3489 1083 3542 his
1129 3491 1314 3544 verbis
1369 3475 1471 3545 hoc
1521 3492 1843 3562 intelligere,
1889 3493 2030 3564 quod

446 3579 623 3633 omnis
655 3579 735 3633 vel
775 3594 912 3648 pene
950 3580 1126 3635 omnis
1176 3580 1479 3649 frequentat
1516 3581 1780 3648 Ecclesia,
1809 3592 1870 3638 ut
1900 3570 2029 3653 pre-

448 3671 686 3726 cationes
715 3671 1037 3738 accipiamus
1065 3671 1255 3737 dictas,
1284 3687 1415 3742 quas
1446 3673 1672 3729 facimus
1701 3677 1753 3730 in
1784 3676 2026 3741 celebra-

449 3766 595 3821 tione
639 3772 1121 3830 sacramentorum,
1181 3775 1465 3836 antequam
1517 3767 1647 3822 illud
1685 3768 1825 3838 quod
1865 3779 1947 3824 est
1974 3769 2026 3824 in

445 3855 654 3911 Domini
695 3871 876 3912 mensa
904 3856 1121 3925 incipiat
1151 3856 1392 3912 benedici
1419 3875 1434 3923 ;
1477 3860 1749 3915 orationes
1777 3876 1898 3915 cum
1928 3862 2026 3916 be-

444 3949 732 4015 nedicitur,
765 3959 818 4003 ct
846 3948 1231 4017 sanctiﬁcatur,
1255 3958 1310 4004 et
1333 3951 1398 4004 ad
1422 3951 1848 4008 distribuendum
1878 3971 2027 4010 com-

445 4040 723 4105 minuitur,
755 4056 913 4109 quam
943 4049 1106 4095 totam
1137 4041 1447 4110 petitionem
1472 4042 1588 4098 fere
1619 4046 1798 4100 omnis
1839 4047 2022 4100 Eccle-

443 4130 521 4184 sia
569 4129 845 4184 Duminica
903 4132 1148 4187 oratione
1203 4132 1505 4200 concludit;
1565 4135 2022 4205 interpellationes

443 4232 653 4286 autem,
687 4222 799 4277 sive
836 4231 893 4278 ut
919 4222 1082 4277 vestri
1117 4223 1331 4278 codices
1362 4226 1579 4290 habent,
1613 4228 2020 4296 postulationes.

446 4313 578 4365 ﬁunt
608 4327 730 4366 cum
770 4314 998 4381 populus
1028 4314 1361 4369 benedicitur
1394 4332 1407 4366 :
1454 4325 1579 4371 tunc
1613 4319 1755 4372 enim
1786 4319 2024 4375 Antistes

443 4402 767 4473 {Antistites}
792 4404 931 4456 velut
963 4405 1202 4459 advocati
1229 4417 1507 4474 susceptos
1538 4424 1662 4465 suos
1705 4427 1799 4478 per
1831 4429 2019 4468 manus

446 4493 870 4559 impositionem,
919 4495 1432 4554 misericordissima:
1463 4500 1698 4557 otl‘erunt
1743 4506 2016 4573 potestati.

448 4585 652 4650 Quibus
675 4587 901 4654 peractis
929 4595 982 4641 et
1009 4589 1324 4658 participato
1354 4600 1500 4645 tanto
1519 4605 1875 4663 sacramento,
1901 4613 2021 4666 gra-

449 4677 639 4728 tiarum
657 4679 792 4731 actio
814 4688 1002 4732 cuncta
1016 4681 1475 4751 concludit,quam
1497 4684 1548 4737 in
1567 4685 1648 4740 his
1672 4686 1829 4741 etiam
1847 4688 2022 4743 verbis

449 4768 688 4820 ultimam
721 4769 1110 4825 commendavit
1151 4774 1454 4841 Apostolus.
1495 4775 1621 4830 Ilaec
1663 4787 1838 4831 autem
1862 4793 2020 4832 cavsa

448 4857 713 4924 prmeipua
756 4859 856 4912 luit
887 4861 980 4912 ista
1029 4860 1262 4929 dicendi,
1315 4873 1370 4918 ut
1409 4865 1488 4919 his
1534 4867 1764 4922 breviter
1806 4869 2022 4936 perstri-

449 4950 549 5002 ctis
596 4961 757 5018 atque
803 4949 1141 5019 signiﬁcatis,
1189 4968 1294 5007 non
1336 4965 1605 5023 putaretur
1649 4959 2019 5026 negligendum

447 5054 567 5092 esse
597 5040 734 5107 quod
780 5046 1057 5108 sequitur:
1112 5044 1215 5098 i’ro
1269 5046 1513 5101 omnibus
1565 5050 1885 5113 hominibus,
1925 5065 2018 5119 pro

449 5131 680 5198 regibus,
713 5141 764 5184 et
817 5133 897 5184 bis
927 5135 1014 5202 qui
1064 5136 1116 5188 in
1149 5136 1472 5192 sublimitate
1503 5149 1644 5202 sunt,
1688 5150 1743 5193 ut
1785 5143 2019 5209 quietam

448 5232 500 5274 et
542 5223 879 5292 tranquillam
923 5227 1080 5280 vitam
1133 5243 1372 5297 agamus,
1425 5230 1475 5283 in
1517 5233 1659 5284 omni
1718 5236 1914 5300 pietate
1965 5243 2018 5287 et

446 5313 703 5367 abaritate
738 5331 750 5367 :
784 5331 850 5369 ne
881 5317 1184 5384 quisquam,
1208 5320 1342 5374 sicut
1373 5335 1430 5375 se
1463 5321 1617 5376 habet
1650 5326 1893 5379 humanm
1923 5341 2012 5379 co-

446 5404 713 5473 gitationis
734 5405 1030 5475 inﬁrmitas,
1057 5412 1347 5467 mstimaret
1370 5427 1472 5467 non
1491 5429 1609 5468 esse
1631 5417 1726 5469 ista
1747 5415 2012 5482 fat-ienda,

449 5510 543 5562 pro
567 5498 645 5550 bis
675 5515 700 5550 a
736 5502 922 5567 quibus
965 5507 1387 5572 persecutionem
1421 5508 1720 5575 patiebatur
1753 5510 2012 5578 Ecclesia,

445 5601 566 5643 cum
595 5596 828 5648 membra
861 5594 1053 5655 Christi
1084 5615 1147 5655 ex
1177 5600 1320 5655 omni
1370 5609 1547 5657 essent
1597 5601 1868 5657 hominum
1915 5618 2010 5671 ge-

2131 350 2330 405 bonum
2359 361 2442 406 est
2470 362 2524 407 et
2551 360 2827 424 acceptum
2853 368 3035 410 coram
3064 355 3336 411 salvatore
3369 367 3555 410 nostra
3584 357 3697 420 Deo.

2130 443 2220 511 qui
2250 457 2434 498 omnes
2459 443 2701 500 homines
2724 446 2839 501 vult
2864 448 3044 503 salvos
3077 445 3213 514 ﬁeri,
3230 455 3287 503 et
3308 445 3362 502 in
3387 446 3695 520 agnitioan

2131 535 2377 590 veritatis
2404 536 2605 590 venire.
2639 536 2706 592 Et
2735 552 2802 592 ne
2830 539 3111 610 quisquam
3145 540 3372 606 diceret,
3407 556 3563 612 posse
3590 557 3697 599 esse

2128 627 2314 683 salutis
2339 627 2480 681 viam
2509 626 2561 682 in
2590 628 2726 683 bona
2751 633 3162 689 conversatione
3190 641 3244 689 et
3269 635 3434 688 unius
3473 633 3566 689 Dei
3593 649 3695 688 om-

2130 720 2420 790 nipotentis
2451 723 2618 786 cultu.
2647 722 2765 778 sine
2796 725 3212 794 participatione
3231 723 3476 799 corporis
3505 740 3556 785 et
3585 745 3693 786 san-

2127 812 2302 882 guinis
2328 811 2572 868 Christi:
2625 812 2964 870 Unus-enim
3020 817 3180 883 Deus,
3225 820 3421 890 inquit,
3481 831 3535 875 et
3561 838 3684 875 unus

2114 902 2387 966 ,mediator
2424 903 2519 960 Dei
2553 913 2609 960 et
2651 904 2946 973 hominum,
2982 907 3147 963 homo
3174 909 3424 966 Claristus
3450 911 3616 976 Jesus,
3642 923 3691 967 ut

2127 998 2260 1054 illud
2290 999 2430 1068 quod
2456 1000 2682 1066 dixerat,
2715 1014 2905 1056 omnes
2936 1001 3184 1058 homines
3212 1004 3328 1059 vult
3359 1006 3537 1059 salvos
3564 1006 3688 1072 ﬁeri,

2129 1092 2276 1148 nullo
2299 1092 2405 1147 alio
2425 1093 2589 1146 modo
2613 1093 2941 1163 intelligatur
2963 1095 3228 1163 prastari,
3258 1094 3362 1149 nisi
3399 1111 3490 1164 per
3516 1097 3685 1151 modia-

2130 1195 2320 1250 torem,
2364 1199 2469 1239 non
2500 1183 2690 1247 Deum,
2720 1183 2860 1253 quod
2891 1198 3106 1252 semper
3135 1192 3254 1238 erat
3309 1185 3557 1248 Verbum,
3603 1187 3684 1240 sed

2130 1269 2396 1332 nominem
2419 1277 2690 1333 Christum
2712 1276 2916 1343 tesum,
2945 1291 3066 1332 cum
3099 1274 3334 1332 Verbum
3363 1291 3487 1331 caro
3507 1276 3682 1332 factum

2127 1377 2209 1424 ett
2234 1377 2289 1424 et
2315 1367 2572 1424 habitavit
2601 1369 2653 1423 in
2678 1368 2856 1424 nobis.

2688 1467 2915 1538 caput
2953 1480 3132 1537 σενι.

2132 1569 2206 1624 De
2232 1586 2290 1625 eo
2315 1572 2452 1638 quod
2470 1572 2542 1625 ait
2565 1569 2749 1633 Lucas.
2782 1570 2932 1626 Oculi
2957 1589 3133 1627 eorum
3169 1574 3468 1628 terrebantur
3499 1592 3557 1631 ne
3578 1593 3680 1630 eum

2058 1643 2101 1701 Β
2198 1653 2553 1715 agnoscerent,
2596 1651 2642 1696 et
2695 1642 2943 1715 Marcus:
2994 1645 3272 1715 Apparuit,
3324 1647 3508 1715 inquit,
3543 1649 3606 1700 eis
3629 1650 3677 1701 in

2195 1712 2302 1765 alia
2340 1713 2532 1784 eﬁiaie;
2562 1729 2626 1767 ea;
2661 1713 2836 1768 eodem
2876 1712 3006 1767 libro
3039 1712 3486 1781 Questionum'ad
3521 1717 3681 1771 Pasti-

2199 1796 2341 1836 num.

2116 1918 2118 1920 τ
2201 1893 2276 1947 De
2307 1890 2593 1963 Evangelio
2617 1891 2889 1962 inquisitio
2918 1903 3006 1950 tua
3052 1896 3195 1951 solet
3241 1897 3438 1954 multos
3461 1913 3674 1962 morere.

2125 1981 2394 2049 quomodo
2427 1979 2687 2037 Dominus
2715 1992 2837 2054 post
2865 1986 3341 2052 resurrecrionem,
3369 2003 3486 2043 cum
3522 1990 3570 2044 in
3598 2004 3677 2043 eo-

2127 2072 2246 2126 dem
2290 2086 2517 2142 corpore
2559 2075 2938 2144 resurrezea'it,
2984 2092 3014 2132 a
3063 2078 3382 2148 quibusdam
3436 2081 3519 2150 qui
3570 2095 3671 2135 eum

2127 2175 2385 2220 noverant
2426 2165 2701 2238 utriusque
2730 2183 2892 2224 sexus
2932 2168 3238 2226 hominibus
3269 2182 3326 2228 et
3360 2174 3561 2243 agnitus
3585 2189 3673 2229 non

2125 2259 2216 2324 sit,
2245 2265 2300 2314 et
2341 2260 2550 2328 agnitus
2578 2260 2667 2316 sit.
2710 2258 2811 2318 Ubi
2852 2261 3083 2332 primum
3125 2267 3295 2335 quaeri
3333 2268 3490 2334 solet,
3521 2279 3671 2324 utrum

2127 2351 2180 2407 in
2209 2352 2328 2421 ejus
2364 2366 2610 2423 corpore,
2649 2368 2716 2408 an
2761 2355 2938 2424 potius
2964 2357 3015 2411 in
3044 2356 3256 2413 illorum
3282 2360 3475 2427 oculis,
3506 2363 3676 2431 aliquid

2130 2441 2324 2495 factum
2347 2441 2437 2507 sit,
2465 2458 2570 2510 quo
2600 2457 2704 2498 non
2735 2453 2916 2514 posset
2953 2447 3207 2516 agnoscit
3228 2447 3364 2504 Cum
3405 2449 3540 2505 enim
3569 2452 3674 2521 legi-

2130 2539 2236 2601 tur,
2263 2532 2604 2591 Tenebantur
2632 2537 2771 2592 oculi
2811 2551 2996 2593 eorum
3046 2553 3115 2595 ne
3159 2552 3513 2611 agnoscerent
3555 2561 3678 2609 eum,

2131 2625 2571 2696 impedimentum
2595 2629 2862 2699 quoddam
2888 2633 3209 2701 agnoscendi
3236 2634 3449 2690 videtur
3469 2636 3518 2690 in
3547 2635 3677 2691 lumi-

2131 2720 2287 2776 nibus
2315 2719 2511 2778 l'actum
2533 2737 2656 2780 esse
2682 2727 3037 2781 cernentium.
3062 2725 3196 2784 Cum
3222 2743 3351 2784 vero
3379 2740 3552 2799 aperte
3574 2731 3677 2786 alibi

2132 2811 2344 2879 dicitur,
2396 2815 2656 2883 Apparuit
2692 2815 2774 2871 eis
2803 2817 2858 2872 in
2888 2816 2993 2872 alia
3029 2818 3228 2889 efﬁgie,
3265 2820 3448 2890 utique
3493 2821 3541 2876 in
3583 2821 3681 2891 ipso

2134 2918 2377 2973 corpore,
2406 2905 2559 2976 cujus
2582 2906 2688 2970 alie
2709 2917 2829 2964 erat
2843 2900 3067 2980 efﬁgies,
3095 2910 3295 2980 aliquid
3317 2910 3511 2968 factum
3537 2909 3680 2969 fuisse

2055 3005 2106 3072 (ς
2133 3009 2240 3065 quo
2265 2996 2648 3067 impedimento
2693 3007 3026 3066 tenerentur,
3056 3002 3110 3058 id
3154 3011 3253 3066 est.
3295 3018 3496 3060 moram
3535 3021 3680 3076 agno-

2133 3087 2318 3142 scendi
2368 3095 2678 3158 paterentur
2728 3090 2870 3147 oculi
2921 3092 3155 3148 illorum.
3211 3093 3323 3150 Sed
3379 3110 3478 3166 ego
3526 3097 3682 3160 miror,

2131 3191 2251 3233 cum
2283 3178 2391 3234 duo
2416 3178 2523 3236 sint
2563 3181 2614 3236 in
2656 3195 2905 3252 corp-ire,
2965 3184 3160 3254 quibus
3199 3185 3462 3256 cujusque
3506 3185 3682 3257 species

2130 3279 2475 3340 agnoscatur,
2509 3271 2830 3329 lineamenta
2873 3283 2930 3330 et
2967 3275 3143 3344 color,
3187 3290 3284 3332 cur
3323 3286 3449 3334 ante
3475 3292 3682 3334 resurre-

2131 3364 2361 3420 ctionem
2385 3365 2600 3436 quodin
2623 3377 2804 3423 monte
2833 3368 2902 3423 ita
2930 3369 3342 3440 transﬁguratus
3374 3371 3682 3437 est,utlieret

2132 3454 2310 3524 vultus
2367 3456 2484 3527 ejus
2524 3457 2840 3526 splendidus
2886 3458 3026 3513 sicut
3074 3459 3180 3526 sol,
3233 3462 3499 3516 nemiuem
3531 3467 3681 3515 movct

2135 3561 2302 3617 usque
2328 3547 2397 3601 ad
2421 3556 2621 3604 tantam
2654 3549 3028 3605 excellentiam
3059 3549 3307 3620 fulgoris,
3340 3560 3394 3607 et
3418 3552 3541 3606 lucis
3566 3554 3681 3606 coto-

2137 3654 2254 3694 rem
2285 3639 2367 3694 sui
2404 3639 2665 3706 corporis,
2698 3654 2820 3694 eum
2862 3650 3072 3696 mutare
3114 3641 3378 3712 potuisse,
3405 3651 3458 3698 et
3490 3650 3594 3711 post
3616 3653 3681 3693 re-

2139 3730 2528 3786 surrectionem
2562 3741 2740 3786 movet
2768 3731 3107 3800 aliquatenus
3155 3731 3475 3788 lineamenta
3519 3739 3681 3786 mutata

2138 3835 2264 3877 esse
2294 3830 2348 3875 ut
2371 3837 2475 3876 non
2499 3831 2675 3891 posset
2693 3821 2909 3891 agnosci
2931 3839 2946 3888 ;
2969 3832 3024 3876 et
3051 3838 3238 3877 rursus
3262 3825 3446 3879 eadem
3467 3823 3683 3892 potentia

2144 3911 2416 3978 facultate,
2454 3911 2594 3966 sicut
2624 3922 2750 3966 tunc
2777 3912 3054 3981 pristinum
3102 3913 3368 3978 colorem,
3397 3913 3474 3968 sic
3515 3922 3561 3967 el
3589 3921 3683 3980 post

2130 4005 2589 4060 resurrectionem
2621 4003 2845 4075 pristina
2879 4002 3202 4059 lineamenta
3241 4018 3538 4060 revocasse.
3573 4001 3684 4059 Non

2129 4104 2183 4151 et
2211 4096 2283 4149 illi
2317 4107 2425 4150 tres
2468 4095 2743 4164 discipuli,
2793 4103 2918 4150 ante
2963 4110 3191 4164 quoru
3225 4096 3409 4151 oculos
3436 4096 3490 4150 in
3531 4104 3686 4148 monte

2133 4186 2545 4255 transﬁguratus
2585 4194 2688 4252 est,
2720 4199 2829 4240 non
2867 4200 2989 4239 eum
3032 4195 3408 4254 agnoscerent,
3453 4187 3496 4240 si
3526 4184 3582 4238 ad
3608 4198 3684 4238 eos

2131 4281 2250 4335 talis
2275 4281 2488 4336 aliunde
2509 4281 2774 4345 venisset;
2803 4279 2898 4334 sed
2921 4280 3046 4350 quia
3075 4294 3198 4334 cum
3232 4281 3325 4333 illo
3348 4290 3516 4345 erant,
3535 4279 3684 4349 ipsum

2054 4375 2107 4436 D
2132 4390 2252 4430 esse
2297 4376 2598 4430 certissime
2638 4375 2972 4435 retinebant.
3005 4377 3075 4429 At
3110 4375 3258 4429 estita
3304 4390 3497 4446 corpus
3536 4377 3681 4444 ipsum

2126 4480 2263 4532 erat,
2294 4472 2346 4524 in
2389 4486 2497 4541 quo
2542 4471 2860 4535 resurrexit,
2902 4469 3026 4540 quid
3065 4469 3165 4524 hoc
3204 4469 3272 4524 ad
3308 4473 3454 4526 rem?
3497 4469 3613 4525 Nam
3639 4480 3681 4522 et

2127 4565 2260 4620 illud
2301 4567 2484 4635 utique
2532 4565 2705 4636 ipsum
2759 4579 2957 4636 corpus
3012 4573 3154 4628 erat,
3186 4565 3238 4619 in
3282 4581 3389 4636 quo
3434 4566 3482 4619 in
3527 4575 3680 4618 monte

2128 4658 2532 4728 transﬁguratus
2570 4670 2674 4726 est,
2707 4666 2761 4713 et
2790 4657 2963 4727 ipsum
3003 4668 3118 4711 erat
3140 4657 3358 4726 juvenis
3390 4658 3440 4712 in
3474 4672 3572 4723 quo
3606 4672 3681 4708 na-

2128 4759 2210 4804 tus
2237 4760 2352 4815 est;
2393 4759 2446 4805 et
2485 4760 2658 4804 tamen
2693 4749 2738 4804 si
2767 4750 2890 4819 quis
2923 4765 3043 4803 eum
3072 4750 3332 4818 juvenem
3371 4757 3576 4817 repente
3617 4746 3676 4796 vi-

2129 4842 2315 4907 disset,
2351 4843 2440 4912 qui
2483 4857 2587 4896 non
2618 4842 2720 4896 nisi
2763 4842 3088 4896 infantulnm
3140 4849 3349 4906 nosset,
3384 4857 3484 4895 non
3525 4843 3676 4906 utique

2127 4943 2454 5002 agnosceret.
2503 4937 2580 4986 An
2617 4949 2743 4988 vero
2784 4933 2849 4988 ad
2890 4933 3213 4987 lineamenta
3267 4933 3531 4993 mutanda,
3587 4944 3673 4981 non

2128 5036 2302 5094 potest
2329 5027 2578 5084 celeriter
2627 5026 2720 5082 Dei
2772 5036 3031 5095 potestas,
3079 5025 3224 5095 quod
3257 5033 3436 5094 potest
3486 5037 3571 5090 per
3603 5035 3676 5072 an-

2129 5134 2313 5171 norum
2345 5133 2521 5172 moras
2559 5119 2790 5172 hominis
2829 5117 2996 5171 aetas?

2693 5225 2919 5282 CAPUT
2959 5223 3155 5278 CCVII.

2134 5323 2208 5377 De
2233 5323 2406 5392 gladio
2445 5322 2525 5385 qui
2557 5319 2740 5374 Mariae
2787 5319 3014 5392 animum
3044 5317 3392 5392 pertransiit;
3443 5331 3502 5368 ex.
3527 5313 3675 5367 eodem

2257 5396 2381 5445 libro
2417 5394 2787 5458 Qua'stionum,
2817 5392 2884 5440 ad
2919 5387 3200 5439 Paulinam
3225 5389 3532 5456 episcopum.

2206 5510 2277 5562 De
2315 5508 2491 5563 verbis
2522 5504 2786 5559 Simeonis
2808 5500 2898 5555 ubi
2929 5501 3004 5553 ait
3033 5498 3242 5570 Virgini
3271 5501 3423 5552 matri
3460 5494 3667 5551 Domini:

2134 5604 2199 5659 Et
2249 5613 2387 5656 tuum
2422 5602 2582 5669 ipsius
2613 5599 2846 5654 animam
2878 5593 3200 5666 pertransiet
3252 5593 3472 5662 gladius,
3505 5591 3550 5644 in
3579 5587 3662 5640 alia
