3830 6228
149 190 243 246 869

1331 176 1764 240 TIIESAURUS.
1801 179 1954 239 CAP.
1996 176 2222 234 CCVIII.

3296 176 3401 238 870

144 311 358 383 epistola
407 309 556 379 cujus
606 304 904 374 exemplum
958 303 1117 357 etiam
1179 298 1338 354 modo
1394 298 1538 366 m'si,
1596 297 1703 352 dixi
1732 304 1782 361 Α
1813 294 2132 362 Ecclesiam,
2168 289 2262 346 sed
2295 304 2391 361 pro
2421 289 2708 347 Ecclesia?
2744 300 2802 348 et
2830 290 2890 348 in
2913 289 3005 347 illa
3037 298 3220 346 tamen
3247 306 3403 362 cepa.

141 402 261 472 quid
294 401 416 455 mihi
452 401 710 454 videatur,
745 393 883 463 quod
921 408 950 446 ε
980 393 1083 445 iam
1117 391 1207 446 libi
1242 391 1380 444 inter
1416 397 1607 443 cmtera
1641 387 1716 442 vi-

138 509 251 548 sum
283 502 381 547 est.
419 493 478 543 itit
534 488 673 557 quod
715 485 956 552 adjunxit
982 527 994 548 ,
1045 483 1112 538 Ut
1139 483 1482 537 denudentur
1525 481 1718 535 multo-

137 601 252 639 rum
285 582 630 651 cogitationes
668 577 928 641 cordiutn,
984 579 1083 630 hoc
1131 575 1530 645 intelligendum
1564 581 1715 644 puto,

139 679 257 745 quia
293 690 384 743 per
415 671 619 725 Domini
656 669 954 738 passionem
984 679 1036 722 ct
1064 667 1275 722 insidia:
1301 667 1633 733 Judzeorum,
1663 675 1718 721 et

134 764 514 832 discipulorum
549 760 848 824 inlirmitas,
879 760 1048 829 patuit
1081 776 1094 811 :
1131 759 1538 820 tribulationem.
1557 759 1718 828 igitur

132 857 292 928 gladii
332 855 544 908 nomine
582 853 929 920 signiﬁcatam
982 866 1104 906 esse
1160 850 1421 905 credibile
1462 859 1566 913 est,
1611 864 1718 920 quo

132 957 366 1002 materna
391 945 560 998 aiiima
588 945 860 999 vulnerata
884 954 969 1000 est
989 943 1194 998 doloris
1216 942 1408 998 ail‘ectu
1439 961 1450 993 :
1479 943 1592 1011 ipse
1619 941 1718 996 fuit

130 1037 339 1108 gladius
383 1036 433 1088 in
476 1049 569 1087 ore
613 1041 1033 1102 persecutornm,
1066 1035 1132 1088 de
1178 1034 1372 1103 quibus
1419 1034 1473 1088 in
1510 1033 1716 1102 psalmo

128 1130 324 1184 dicitur
360 1145 370 1179 :
408 1128 471 1180 Et
519 1125 724 1197 gladius
774 1126 825 1179 in
875 1141 969 1181 ore
1012 1141 1218 1180 eorum.
1255 1125 1357 1194 Ipsi
1390 1127 1532 1179 en‘m
1563 1134 1717 1179 erant

128 1219 218 1273 lilii
253 1219 545 1283 hominum,
577 1231 798 1287 quorum
853 1217 1040 1271 dentes
1089 1232 1238 1270 arma
1289 1224 1344 1271 et
1393 1215 1623 1285 sagittas,
1663 1227 1716 1269 et

125 1309 305 1379 lingua
343 1324 526 1364 eorum
564 1307 771 1377 gladius
801 1315 1013 1362 acutus.
1063 1306 1196 1360 Nam
1226 1317 1281 1361 et
1324 1309 1525 1360 ferrum
1572 1305 1715 1375 quod

126 1402 436 1471 pertransiit
459 1401 688 1455 animant
713 1400 936 1469 Ioseph,
965 1413 1064 1467 pro
1090 1398 1220 1452 dura
1247 1398 1591 1452 tribulatione
1623 1413 1718 1462 po-

123 1497 284 1547 situm
343 1493 470 1547 mihi
522 1493 752 1546 videtur.
797 1493 994 1560 Aperte
1041 1492 1239 1561 quippe
1284 1490 1519 1556 dicitur,
1587 1489 1717 1546 Fer-

127 1601 240 1638 rum
301 1584 605 1654 pertransiit
650 1584 880 1636 animam
940 1583 1078 1649 ejus,
1134 1581 1308 1635 donec
1339 1580 1547 1636 veniret
1588 1598 1710 1638 ver-

1821 389 2028 444 ratione
2058 384 2382 456 culpandus,
2415 384 2503 439 ubi
2532 386 2577 440 si
2605 385 2902 457 colligant,
2934 395 3214 455 spargeret
3241 402 3257 453 ;
3281 399 3403 442 etsi

1821 479 1960 534 torte
1987 477 2199 533 veniret
2225 474 2291 530 ad
2324 475 2646 542 Ecclesram,
2684 491 2792 531 non
2826 477 2953 533 illud
2982 476 3126 548 quod
3178 478 3408 531 habebat

1820 570 1892 626 ibi
1928 571 2220 640 acciperet,
2276 567 2372 623 sed
2417 569 2472 622 in
2521 583 2631 638 quo
2677 569 3023 626 alteri-averet
3067 570 3404 625 emendaret.

1819 663 2003 733 Neque
2050 661 2198 717 enim
2253 666 2311 715 et
2363 658 2600 714 Cornelii
2656 661 2876 731 gentilis
2925 661 3159 716 hominis
3203 662 3409 716 oratio-

1820 767 1916 808 nes
1981 765 2088 807 non
2151 761 2276 807 sunt
2340 750 2651 820 exaudita,
2719 763 2814 809 aut
2861 755 3224 826 deemosyna:
3297 769 3404 810 non

1817 854 1945 900 sntit
2001 851 2277 913 accepta,
2338 843 2448 897 iuno
2504 851 2560 898 et
2595 844 2846 914 angelum
2893 846 2962 901 ad
3007 863 3069 902 se
3115 847 3288 915 mitti,
3350 857 3407 902 et

1822 937 2043 991 missum
2077 937 2278 991 meruit
2299 936 2520 1004 intueri,
2549 951 2644 1006 per
2674 953 2831 1006 quem
2864 949 3046 1008 posset
3078 942 3259 1009 utique
3286 940 3406 996 sine

1821 1027 2058 1082 hominis
2089 1029 2320 1098 alicujus
2350 1043 2571 1083 accessu
2610 1039 2801 1084 cuncta
2830 1030 3130 1086 necessaria
3157 1032 3404 1094 discere;

1820 1119 1915 1173 sed
1958 1122 2212 1189 quoniam
2264 1121 2522 1190 quidquid
2553 1122 2674 1179 boni
2719 1124 2768 1175 iu
2800 1123 3132 1178 orationibus
3179 1136 3232 1178 et
3261 1126 3408 1180 elee-

1822 1211 2067 1280 mosynis
2095 1211 2325 1266 habebat
2357 1213 2614 1281 prodesse
2647 1213 2720 1267 illi
2766 1230 2869 1268 non
2921 1224 3146 1283 poterat,
3177 1217 3278 1270 nisi
3312 1229 3407 1284 per

1819 1302 2088 1357 vinculum
2122 1302 2430 1358 christiana:
2460 1305 2735 1359 societatis
2765 1315 2820 1360 et
2846 1308 2993 1375 pacis
3027 1308 3405 1376 inoorporarc-

1811 1403 1906 1447 tur
1937 1395 2215 1461 Ecclesite,
2242 1396 2468 1466 jubetur
2499 1399 2714 1451 mittere
2751 1397 2816 1451 ad
2866 1398 3103 1463 Petrum,
3132 1383 3186 1452 et
3218 1415 3312 1469 per
3344 1400 3407 1454 il-

1818 1485 1928 1540 lum
1952 1486 2112 1540 discit
2137 1486 2440 1553 Christum;
2467 1489 2729 1558 perillnm
2755 1490 2916 1544 etiam
2945 1491 3245 1560 baptizatus
3266 1493 3407 1546 chri-

1819 1580 1995 1632 stiano
2024 1581 2239 1650 pepulo,
2296 1581 2575 1636 consortio
2615 1597 2827 1652 quoque
2867 1587 3266 1640 communionis
3305 1587 3403 1640 ad-

123 1675 245 1730 hum
275 1675 414 1743 ejus,
460 1674 509 1728 id
555 1681 656 1738 est,
706 1671 888 1726 tandiu
920 1667 1020 1729 fuit
1065 1671 1119 1726 in
1166 1671 1299 1725 dura
1350 1673 1710 1738 tribulatione,
1745 1669 2088 1739 Bjungitur,
2145 1672 2232 1726 cui
2287 1672 2400 1726 sola
2456 1674 2721 1728 bonorum
2775 1690 3002 1745 operum
3055 1678 3407 1733 similitudine

125 1764 298 1819 donec
330 1765 478 1818 ﬁeret
503 1762 643 1832 quod
675 1762 942 1833 przedixit.
973 1761 1108 1817 Ilinc
1131 1762 1273 1817 enim
1303 1777 1529 1833 magnus
1561 1763 1712 1818 habi-
1809 1761 2157 1832 iungebatur.
2192 1761 2504 1820 Perniciose
2541 1766 2740 1834 quippe
2777 1777 3153 1823 contemneret
3181 1769 3402 1834 bonum,

124 1862 206 1907 tus
236 1861 293 1906 et
327 1854 394 1907 ab
423 1852 509 1906 illa
543 1846 880 1907 tribulatione
911 1853 1203 1934 liberatus;
1236 1854 1329 1938 sed
1363 1869 1429 1910 ne
1463 1853 1711 1909 humanm

123 1945 401 2015 sapientia
429 1946 773 2009 tribueretur,
822 1945 964 2016 quod
1013 1930 1157 2001 venit
1208 1930 1434 2001 verbum
1466 1949 1606 2015 ejus,
1658 1947 1710 2002 id

123 2047 224 2102 est,
270 2037 465 2096 factum
492 2046 596 2102 est,
627 2037 768 2107 quod
793 2037 1040 2107 praedixit
1081 2053 1233 2094 more
1286 2052 1384 2093 suo
1434 2037 1710 2109 Scriptura

122 2141 332 2199 sancta,
369 2131 478 2187 Deo
524 2132 647 2186 inde
677 2132 769 2187 dat
811 2134 1063 2202 gloriam,
1111 2142 1164 2190 et
1206 2136 1461 2192 continuo
1489 2137 1710 2208 subjun-

123 2224 195 2294 git
222 2240 235 2275 :
264 2223 545 2294 Eloquium
577 2222 784 2278 Domini
816 2223 1002 2294 ignivit
1028 2240 1171 2280 eum.

671 2372 896 2432 CAPUT
934 2375 1160 2432 CCVIII.

123 2494 290 2564 Agens
317 2492 378 2545 de
411 2491 670 2564 baptismo
721 2490 930 2558 exponit
958 2491 1212 2561 quomodo
1265 2507 1365 2544 non
1412 2493 1478 2546 sit
1508 2503 1713 2547 contra-

189 2565 349 2629 rium,
391 2562 491 2628 Qui
515 2578 708 2614 mecum
748 2571 951 2614 nonest
982 2573 1161 2615 contra
1206 2578 1286 2615 me
1315 2575 1408 2616 est.
1448 2564 1549 2630 Qui
1589 2580 1712 2617 ron-

193 2644 276 2686 tra
303 2648 390 2686 vos
414 2649 516 2686 non
545 2641 616 2686 est
665 2648 756 2701 pro
807 2631 944 2686 vobis
989 2643 1083 2687 est.
1127 2631 1210 2686 Ea:
1255 2633 1384 2688 libro
1428 2635 1593 2703 primo
1650 2635 1715 2689 de

191 2702 481 2756 Bantismo.

241 2720 481 2774 optumo.

197 2859 462 2916 Dominus
497 2859 547 2913 iu
578 2857 871 2928 Evangelio
898 2855 1028 2912 dicit
1061 2874 1075 2910 :
1108 2856 1205 2924 Qui
1239 2872 1343 2912 non
1373 2868 1452 2914 est
1477 2873 1707 2926 mecum,

124 2953 413 3009 adversum
444 2965 526 3006 me
555 2961 659 3016 est,
689 2959 744 3005 et
780 2949 870 3020 qui
902 2964 1110 3006 mecum
1159 2965 1264 3004 non
1296 2951 1710 3022 colligit,-spar-

1812 1853 1954 1921 quod
1980 1852 2215 1907 nondum
2239 1853 2492 1920 habebat,
2517 1855 2837 1924 superbiens
2861 1873 2927 1911 ex
2952 1857 3040 1912 illo
3063 1860 3204 1928 quod
3240 1861 3406 1915 habe-

1814 1941 1943 1996 bat:
1977 1946 2057 1998 sic
2100 1944 2264 1998 etiam
2308 1944 2401 2014 qni
2447 1947 2659 2016 seipsus
2705 1962 2736 2002 a
2777 1949 3034 2006 societate
3078 1961 3398 2007 caeteroruni

1811 2045 2147 2104 separantes,
2177 2037 2444 2092 cbaritate
2468 2038 2684 2106 violata,
2711 2041 2928 2096 unitatis
2960 2043 3231 2099 vinculum
3256 2062 3399 2100 rum-

1813 2134 1965 2195 punt,
1999 2128 2045 2181 si
2078 2126 2210 2182 nihil
2241 2125 2440 2182 faciunt
2472 2143 2656 2185 eorum
2683 2146 2805 2200 quae
2830 2132 2882 2187 in
2913 2133 3004 2188 illa
3032 2138 3290 2192 societate
3314 2152 3402 2192 ac-

1812 2229 2089 2286 ceperunt,
2126 2221 2178 2274 in
2224 2222 2478 2277 omnibus
2521 2227 2760 2293 separati
2804 2236 2953 2294 sunt,
2995 2236 3050 2284 et
3079 2228 3200 2286 ideo
3242 2247 3401 2302 quem

1813 2311 1914 2364 sibi
1942 2312 2288 2379 sociaverint,
2321 2314 2369 2368 si
2399 2315 2583 2370 venire
2610 2317 2677 2370 ad
2704 2318 2995 2375 ilcclesiam
3027 2323 3279 2389 voluerit,
3310 2325 3400 2379 de-

1816 2401 1904 2456 bet
1933 2403 2114 2458 omnia
2147 2419 2266 2475 qua:
2310 2421 2416 2460 non
2468 2412 2679 2478 accepit
2705 2412 2972 2482 accipere.
3016 2414 3072 2470 Si
3105 2431 3234 2471 vero
3271 2433 3402 2472 non-

1816 2494 1962 2548 nulla
1992 2495 2180 2550 eadem
2208 2495 2430 2565 faciunt,
2463 2514 2570 2554 non
2612 2515 2672 2555 se
2716 2501 2768 2555 in
2797 2504 2878 2558 eis
2904 2520 3318 2577 separaverunt,
3346 2524 3403 2566 et

1815 2601 1890 2640 ex.
1911 2601 1972 2642 ea
2004 2595 2155 2657 parte
2200 2587 2252 2643 in
2296 2596 2524 2645 textura
2554 2605 2814 2663 compage
2840 2595 3170 2665 detinentur,
3211 2601 3262 2654 in
3293 2616 3402 2655 caa-

1817 2689 1930 2734 tera
1965 2682 2119 2736 scissi
2143 2691 2288 2737 sunt.
2321 2683 2552 2740 Proinde
2582 2687 2626 2741 si
2652 2703 2809 2757 quem
2840 2690 2939 2744 sibi
2964 2693 3309 2760 sociaverint,
3338 2712 3402 2750 ex
3463 2743 3466 2748 .

1815 2786 1876 2827 ea
1908 2783 2057 2840 parte
2098 2775 2333 2829 nectitur
2380 2776 2638 2832 Ecclesia:
2683 2779 2735 2832 in
2767 2796 2869 2849 qua
2914 2799 3014 2838 nec
3054 2784 3128 2839 illi
3168 2792 3399 2857 separati

1816 2875 1943 2946 sunt
1971 2881 1986 2919 :
2013 2865 2094 2936 (I)
2122 2875 2176 2921 et
2206 2867 2326 2922 ideo
2355 2867 2399 2921 si
2429 2871 2614 2924 venire
2641 2870 2707 2924 ad
2747 2871 3042 2932 Ecclesiam
3069 2877 3319 2946 voluerit,
3349 2882 3400 2934 in

1816 2930 1882 3008 do
1924 2969 2165 3021 sanatur,
2213 2958 2301 3013 ubi
2353 2960 2583 3016 laniatus
2632 2965 2866 3018 errabat.
2918 2966 3013 3022 Ubi
3065 2984 3192 3024 vero
3237 2985 3398 3026 sanna

123 3049 221 3119 git.
249 3047 452 3102 Tamen
482 3060 601 3100 cum
630 3044 695 3099 ad
722 3059 844 3099 eum
878 3041 1122 3112 discipuli
1151 3044 1481 3106 retulissent,
1514 3043 1710 3100 vidisse
1740 3045 1785 3107 C
1815 3049 2255 3115 connectcbatur,
2289 3065 2394 3105 non
2421 3061 2659 3118 curatur,
2693 3054 2786 3109 sed
2809 3058 3116 3126 agnoscitur
3142 3076 3154 3112 :
3182 3076 3249 3115 ne
3277 3076 3398 3116 cum

123 3157 184 3196 se
210 3139 494 3210 quemdam
519 3139 571 3193 in
595 3139 712 3208 ejus
756 3139 971 3192 nomine
1002 3136 1288 3202 pellentem
1319 3137 1612 3204 daemonia,
1655 3147 1710 3192 et

123 3216 462 3300 prohibuisse
490 3229 611 3298 quia
639 3243 758 3282 cum
785 3227 888 3282 illis
911 3242 1034 3283 eum
1057 3242 1163 3281 non
1193 3227 1518 3298 sequebatur
1549 3245 1564 3282 :
1605 3228 1713 3283 No-

123 3322 217 3375 lite
239 3362 256 3386 ,
287 3320 478 3390 inquit,
511 3318 816 3388 prohibere,
859 3318 948 3388 qui
979 3328 1161 3373 contra
1193 3334 1287 3373 vos
1333 3334 1438 3380 non
1483 3327 1582 3386 est,
1617 3334 1712 3390 pro

126 3415 281 3469 vobis
305 3422 409 3468 est.
449 3411 562 3467 Non
595 3418 767 3482 potest
795 3410 936 3465 enim
966 3411 1244 3481 quisquam
1276 3412 1328 3465 in
1357 3412 1570 3467 nomine
1593 3427 1713 3468 meo

126 3506 309 3561 facere
325 3502 545 3575 aliquid,
562 3501 764 3558 etmale
787 3502 930 3571 loqui
948 3503 1014 3556 de
1039 3518 1142 3555 me.
1159 3503 1212 3556 Si
1236 3502 1369 3556 nihil
1394 3503 1448 3557 in
1478 3503 1570 3558 illo
1585 3517 1712 3558 cor-

124 3595 431 3664 ripiendum
446 3601 580 3659 erat,
600 3606 821 3647 securus
833 3592 896 3645 sit
914 3607 1041 3661 ergo
1059 3593 1295 3662 quisquis
1313 3601 1460 3647 extra
1475 3607 1716 3648 commu-

125 3685 350 3739 nionem
383 3683 630 3737 Ecclesice
659 3682 999 3748 Constitutus,
1034 3683 1234 3752 colligit
1278 3683 1331 3736 in
1363 3683 1564 3739 Christi
1615 3699 1714 3740 no-

123 3774 278 3830 mine
315 3775 632 3828 dissociatos
692 3789 720 3826 τι
774 3773 1031 3828 societate
1078 3772 1382 3828 Christiana
1424 3783 1586 3844 atque
1640 3777 1712 3832 ita

125 3868 329 3922 falsum
359 3866 457 3920 erit
489 3866 614 3919 illud
643 3885 654 3917 ε
686 3866 782 3932 Qui
812 3881 914 3920 non
946 3874 1025 3920 est
1059 3881 1290 3932 mecum,
1340 3881 1445 3919 non
1488 3869 1708 3936 colligit.

132 3957 243 4031 15
273 3960 471 4027 sparg't
503 3957 613 4028 [qui
648 3973 750 4009 non
800 3966 884 4012 est
914 3971 1122 4010 mecum
1163 3958 1445 4012 adversum
1478 3972 1564 4012 me
1597 3967 1705 4022 est,

129 4063 184 4104 et
211 4049 308 4119 qui
341 4063 444 4101 non
486 4047 687 4116 colligit
719 4062 950 4114 mecum,
985 4046 1226 4118 spargit].
1272 4047 1329 4103 Si
1367 4057 1544 4103 autem
1568 4049 1709 4119 quod

128 4141 385 4208 discipuli
425 4137 633 4194 Domini
667 4153 760 4208 per
799 4139 1154 4211 ignorantiam
1186 4139 1362 4220 facere
1402 4141 1725 4208 voluerunt,-

129 4235 182 4290 id
215 4233 273 4289 in
305 4247 370 4288 eo
398 4232 769 4300 corrigendum
809 4240 910 4297 est,
942 4231 1082 4302 quod
1115 4231 1368 4285 Dominus
1407 4232 1540 4286 dixit
1567 4250 1578 4285 :
1606 4233 1710 4287 Νο-

133 4328 231 4383 lite
263 4326 570 4395 prohibere,
603 4339 700 4379 cur
729 4323 828 4379 hoc
853 4325 966 4392 ipse
995 4324 1272 4394 prohiberi
1315 4327 1610 4395 prohibuit,
1655 4338 1710 4383 et

1812 3153 2003 3192 sanare
2019 3136 2170 3212 [sana
2192 3140 2402 3214 curare]
2424 3142 2690 3210 volumus,
2714 3146 2887 3215 potius
2908 3148 3272 3205 vulneremus.
3301 3154 3400 3206 Ita-

1813 3243 1916 3297 que
1946 3229 2017 3284 illi
2041 3244 2174 3299 quos
2195 3231 2485 3301 baptismi,
2516 3245 2708 3291 sanant
2737 3250 2766 3290 a
2797 3240 3026 3294 vulnere
3054 3240 3396 3304 idololatriae.

1814 3319 1896 3373 vel
1927 3319 2277 3389 infidelitatis,
2300 3322 2397 3377 sed
2424 3326 2645 3392 gravius
2670 3327 2864 3382 feriunt
2894 3320 3116 3387 vulnere
3141 3334 3401 3390 schisma-

1815 3409 1904 3463 tis.
1935 3409 2244 3466 ldololatras
2271 3414 2412 3468 enim
2439 3415 2490 3468 in
2523 3418 2719 3484 p0pulo
2743 3417 2835 3473 Dei
2862 3420 3071 3487 gladius
3105 3423 3396 3496 interemit,

1814 3499 2187 3557 schismaticos
2216 3513 2394 3559 autem
2426 3514 2583 3560 terra:
2611 3507 2788 3562 hiatus
2825 3510 3143 3578 absorbuit;
3175 3525 3228 3570 et
3261 3520 3402 3586 Apo-

1816 3594 2029 3650 stolus:
2068 3596 2122 3652 Si
2167 3595 2424 3664 habeam,
2476 3601 2687 3670 inquit,
2741 3617 2953 3659 omnem
3005 3607 3184 3674 ﬁdem,
3234 3613 3302 3664 ita
3345 3624 3400 3667 ut

1818 3696 2028 3742 montes
2061 3689 2400 3756 transferam,
2433 3691 2749 3751 cbaritatem
2791 3709 2968 3753 autem
3015 3716 3118 3756 non
3141 3696 3398 3772 habeam,

1817 3776 1945 3832 nihil
1993 3792 2133 3836 sum.
2170 3781 2226 3835 Si
2276 3784 2395 3851 quis
2445 3784 2739 3840 adducatur
2789 3789 2854 3842 ad
2908 3792 3170 3848 medicum
3214 3798 3267 3850 in
3307 3799 3399 3852 ali.

1815 3886 1915 3939 qua
1948 3873 2252 3928 necessaria
2282 3886 2433 3944 parte
2470 3878 2713 3942 corporis
2759 3883 2906 3948 gravi
2934 3883 3152 3939 vulnere
3192 3891 3397 3942 saucia~

1816 3967 1921 4027 tus,
1953 3961 1997 4016 si
2044 3963 2241 4018 dixerit
2270 3963 2529 4032 medicus,
2572 3966 2799 4023 Moritur
2828 3970 2950 4025 inde
2999 3971 3102 4026 nisi
3131 3989 3350 4032 curetur
3381 3997 3396 4033 :

1816 4067 1920 4106 non
1947 4053 2137 4122 opinor
2161 4064 2218 4108 ut
2240 4055 2318 4110 illi
2347 4056 2434 4125 qni
2469 4072 2592 4111 eum
2624 4059 2981 4128 adduxerunt,
3009 4063 3080 4118 ita
3103 4065 3394 4135 desipiant,

1816 4149 1873 4196 ut
1894 4143 2245 4199 consideratis
2275 4155 2436 4216 atque
2458 4150 2752 4204 numeratis
2772 4153 2981 4208 caeteris
3009 4156 3262 4212 membris
3282 4159 3398 4230 ejus

1815 4237 1982 4304 sanis,
2020 4239 2382 4308 respondeant
2431 4243 2640 4298 medico
2685 4254 2738 4298 et
2782 4244 3003 4302 dicant:
3041 4246 3249 4320 Ergone
3297 4254 3398 4309 ista

1814 4343 1942 4384 sana
1997 4340 2076 4386 tot
2124 4333 2396 4404 membra,
2451 4351 2555 4391 non
2593 4337 2772 4394 valent
2825 4340 2895 4395 ad
2944 4341 3060 4412 ejus
3104 4346 3292 4413 vitam,
3344 4357 3398 4406 et

133 4417 414 4489 quomodo
463 4416 562 4471 erit
599 4431 784 4471 verum
815 4417 955 4485 quod
994 4416 1066 4472 ibi
1116 4418 1190 4472 ait
1219 4419 1356 4494 :Qui
1397 4431 1583 4476 contra
1613 4436 1707 4475 vos
1741 4419 1793 4478 D
1821 4436 1981 4476 unum
2024 4421 2150 4478 illud
2196 4424 2531 4482 vulneratum
2581 4429 2722 4484 Valet
2772 4431 2840 4485 ad
2887 4431 3086 4507 [ejus]
3131 4448 3398 4495 mortem:

129 4525 245 4565 non
267 4517 373 4574 est,
401 4523 497 4578 pro
523 4507 676 4563 vobis
703 4508 818 4562 est?
851 4508 904 4562 In
927 4509 1027 4564 hoc
1056 4509 1202 4563 enim
1234 4509 1396 4575 facto,
1437 4526 1542 4565 non
1582 4528 1712 4568 con-

131 4607 216 4654 tra
248 4609 366 4664 eos,
411 4599 504 4654 sed
530 4614 625 4667 pro
651 4599 728 4654 eis
751 4609 886 4662 erat,
917 4599 1004 4654 ubi
1041 4614 1138 4668 per
1169 4616 1362 4658 nomen
1391 4602 1587 4659 Christi
1621 4620 1710 4660 sa-

131 4693 334 4746 nitates
385 4691 740 4759 sperabantur
769 4690 1156 4764 [operabatur].
1204 4693 1268 4748 Ut
1311 4709 1439 4764 ergo
1486 4707 1709 4767 utraque

131 4780 408 4838 sententia
439 4796 562 4835 vera
591 4782 678 4844 sit,
713 4782 866 4835 sicuti
900 4797 1023 4837 vera
1048 4793 1130 4840 est
1151 4792 1204 4839 et
1235 4785 1321 4839 illa
1351 4787 1438 4842 ubi
1473 4789 1544 4842 ait
1574 4807 1585 4841 ε
1611 4792 1710 4856 Qui

133 4891 250 4928 non
276 4884 353 4928 est
382 4872 610 4940 mecum,
652 4873 910 4927 adversus
940 4892 1024 4931 me
1048 4887 1150 4944 est,
1179 4881 1338 4946 etqui
1369 4896 1579 4937 mecum
1607 4900 1713 4940 non

135 4965 368 5032 colligit,
401 4963 691 5032 dispergit,
723 4971 778 5018 et
807 4963 896 5017 illa
929 4966 1014 5020 ubi
1045 4967 1118 5021 ait
1145 4984 1158 5020 ι
1181 4969 1360 5023 Nolite
1403 4972 1715 5040 prohibere,

127 5059 223 5126 qui
269 5056 408 5109 enim
441 5065 622 5110 contra
657 5071 749 5111 vos
793 5072 898 5111 non
955 5068 1058 5124 est,
1097 5075 1194 5128 pro
1229 5061 1380 5117 vobis
1428 5073 1510 5118 est
1546 5082 1559 5120 :
1592 5068 1714 5134 quid

130 5155 307 5202 restat
347 5146 766 5216 intelligendum,
818 5148 918 5203 nisi
949 5149 1069 5220 quia
1103 5151 1192 5207 ille
1225 5153 1276 5207 in
1308 5156 1439 5209 tanti
1481 5142 1717 5214 nominis

142 5240 498 5295 veneraLione
525 5239 916 5296 confirmandus
952 5243 1070 5309 fuit,
1103 5245 1190 5299 ubi
1224 5261 1327 5300 non
1372 5257 1485 5303 erat
1527 5261 1712 5307 contra

203 5351 288 5431 _(l_)
324 5349 430 5403 IIoc
457 5353 664 5431 quodin
690 5355 924 5424 margine
946 5356 1192 5431 positum,
1224 5360 1346 5426 quia
1375 5364 1704 5431 superﬂuum

124 5421 435 5484 videbatur,
469 5423 722 5489 religione
753 5421 923 5480 tamen
952 5421 1192 5490 adducti,
1229 5421 1294 5484 ne
1323 5432 1372 5482 in
1403 5421 1506 5486 tam
1541 5439 1704 5490 veteri

115 5493 418 5568 exemplari
464 5493 660 5568 aliquid
703 5506 1058 5568 mutaremus,
1091 5501 1250 5554 etiam
1284 5502 1704 5568 adscripsimus:

203 5582 223 5613 ι
256 5562 321 5614 Ει
374 5563 492 5614 ideo
539 5563 580 5616 si
632 5567 811 5620 venire
852 5569 915 5621 ad
950 5569 1238 5624 Ecclesiam
1283 5562 1504 5628 voluerit
1549 5577 1706 5632 debet

137 5650 154 5682 ‹
182 5634 364 5688 omnia
393 5648 510 5702 qua:
540 5649 645 5685 non
674 5638 878 5706 accepit
905 5641 1166 5709 accipere,
1211 5643 1253 5697 si
1289 5659 1414 5698 vero
1447 5649 1701 5704 nonnulla

1819 4532 1922 4570 non
1949 4517 2131 4588 utique
2161 4519 2262 4576 hoc
2290 4519 2497 4586 dicunt,
2529 4521 2624 4578 sed
2667 4524 2964 4580 curandum
2997 4527 3234 4584 offerunt
3261 4549 3272 4582 :
3304 4546 3402 4587 nec

1817 4609 1937 4665 ideo
1976 4620 2150 4668 tamen
2198 4614 2319 4684 quia
2371 4615 2666 4670 curandum
2717 4616 2967 4685 oll'erunt,
3019 4622 3282 4678 medicum
3317 4642 3398 4679 ro-

1818 4716 1967 4775 gant,
1996 4717 2054 4762 ut
2080 4709 2241 4763 etiam
2276 4711 2362 4764 illa
2396 4726 2514 4781 qurc
2544 4726 2670 4765 sana
2699 4723 2822 4767 sunt
2864 4725 3038 4781 curet,
3071 4718 3164 4771 scd
3194 4717 3267 4773 illi
3311 4723 3395 4772 uni

1821 4800 1939 4854 loco
1970 4801 2288 4857 medicinam
2324 4805 2585 4858 instanter
2615 4805 2868 4862 adhibeat
2900 4810 3038 4865 unde
3061 4826 3204 4864 mors
3229 4815 3389 4867 etiam

1821 4891 1983 4946 salvis
2033 4893 2245 4948 caeteris
2287 4895 2548 4964 imminet,
2598 4907 2650 4950 et
2711 4897 2810 4951 nisi
2865 4911 3085 4954 sanetur
3127 4904 3394 4956 adveniet.

1823 4980 1954 5047 Quid
1986 5001 2112 5052 ergo
2145 4986 2359 5054 prodest
2389 4987 2614 5054 homini,
2644 4989 2724 5044 vel
2750 5006 2881 5045 sana
2914 4991 3065 5060 lides,
3106 4994 3185 5047 vel
3210 5010 3394 5053 sanum

1822 5065 2046 5132 fortasse
2077 5080 2246 5132 solum
2291 5079 2412 5136 lidei
2455 5092 2873 5145 sacramentum,
2932 5083 3016 5140 ubi
3067 5085 3248 5140 lethali
3282 5091 3392 5142 vul-

1822 5183 1949 5222 nere
1976 5170 2278 5225 schismatis
2312 5177 2588 5242 perempta
2620 5183 2704 5230 est
2732 5175 2932 5229 sanitas
2964 5177 3238 5232 charitatis
3259 5220 3272 5240 ,
3302 5196 3393 5248 per

1820 5258 1968 5325 Cujus
2005 5260 2169 5320 solius
2219 5263 2667 5332 peremptionem,
2716 5263 2874 5318 etiam
2920 5264 3008 5318 illa
3045 5266 3245 5337 integra
3281 5280 3389 5324 tra-

1821 5390 1836 5420 ι
1873 5372 2059 5447 eadem
2084 5374 2300 5438 iaciunt,
2339 5391 2443 5431 non
2472 5391 2533 5432 se
2560 5379 2610 5431 in
2635 5379 2712 5430 eis
2737 5391 3130 5447 separaverunt,
3157 5395 3204 5436 et
3236 5400 3296 5438 ex
3331 5401 3392 5442 ea

1820 5459 1836 5491 ι
1873 5451 2018 5517 parte
2050 5445 2099 5496 in
2154 5457 2380 5501 textura:
2433 5463 2689 5517 compage
2737 5449 3059 5514 detinentur,
3102 5445 3150 5505 in
3195 5471 3390 5510 CiBlOl'.l

1820 5531 1835 5562 ι
1865 5513 2014 5566 scissi
2048 5528 2189 5570 sunt.
2226 5519 2455 5572 Proinde
2483 5521 2524 5572 si
2557 5513 2710 5586 quem
2741 5518 2839 5571 sibi
2871 5523 3204 5586 sociaverint,
3234 5541 3296 5579 ex
3329 5545 3392 5584 ρει

1817 5601 1833 5632 ι
1869 5593 2015 5707 ρεπξο
2062 5590 2292 5644 nectitur
2335 5590 2584 5647 Ecclesiae
2611 5629 2625 5656 .
2670 5589 2722 5644 in
2765 5604 2864 5660 qua
2909 5607 3008 5648 nec
3041 5595 3118 5649 illi
3148 5600 3381 5667 separati

1817 5671 1831 5705 t
1860 5667 1956 5707 δυιι
1986 5695 2001 5707 .
2042 5675 2059 5707 ι
2093 5667 2196 5707 etc.

1814 5671 1831 5705 ι
1860 5667 2001 5722 sunt,
2042 5675 2059 5708 ι
2093 5667 2196 5714 etc.
