3904 6224
489 255 585 313 871
1471 253 1532 310 n.
1577 242 1916 325 Epcvrrn'
1940 251 2079 307 non:

2193 251 2231 310 S
2270 252 2595 313 AFRICANI
2723 205 2725 209 Ι
2893 297 2895 305 .
3671 250 3762 307 872

489 381 687 435 bantur
719 377 784 434 ad
829 385 1076 434 mortem.
1113 371 1356 452 Quodne
1391 371 1480 425 [lat
1510 386 1618 426 non
1645 379 1825 425 cessat
1854 366 2074 444 miseri;
2101 369 2150 433 Α
2178 368 2424 425 cantibus
2450 368 2782 424 diversorum
2815 379 2844 420 a
2871 380 2967 422 sua
3001 365 3208 423 unitate
3236 366 3523 434 separatis,
3556 381 3651 433 per
3672 366 3762 422 hoc

490 472 673 527 cordia
705 471 822 536 Dei,
872 485 965 537 per
1018 469 1283 521 unitatem
1305 455 1508 519 saneta:
1549 461 1814 519 Ecclesia
1848 474 1983 526 suae,
2018 466 2076 512 ut

493 565 718 622 veniant
759 572 812 616 et
843 568 1098 627 curentur
1137 551 2075 626 per.medicamentumreconcilia-

494 657 674 721 tionis,
710 669 803 724 per
832 650 1302 726 vinculumpacis.
1335 649 1445 705 Nec
1472 649 1594 704 ideo
1617 663 1678 704 se
1699 655 1884 718 putent
1913 659 2076 701 sanos

493 764 636 813 esse,
682 747 807 815 quia
850 735 1078 799 diiir'nus
1106 741 1429 800 eoshabere
1460 739 1662 811 aliquid
1706 752 1898 793 sanum
1933 754 1946 790 :
1977 749 2078 792 nec

491 852 674 894 rursus
704 837 824 892 ideo
856 844 1044 903 putent
1070 834 1365 889 curandum
1397 846 1537 898 esse,
1571 830 1714 901 quod
1747 843 1939 883 sanum
1966 835 2076 892 est,

490 929 973 998 quiaostendimus
999 926 1195 996 aliquid
1229 926 1588 980 vulneratum.
1616 924 1798 991 Itaque
1821 920 1872 975 in
1896 935 2080 975 sacrav

489 1021 654 1076 menti
685 1023 935 1086 sanitate,
967 1020 1088 1089 quia
1138 1027 1324 1072 contra
1365 1032 1462 1071 nos
1504 1031 1609 1069 non
1643 1023 1797 1080 sunt,
1838 1028 1936 1082 pro
1983 1028 2082 1066 no-

491 1113 572 1168 bis
605 1122 750 1168 sunt.
776 1113 830 1167 lu
861 1113 1170 1167 schismatis
1199 1123 1378 1165 autem
1409 1108 1654 1176 vulnere,
1678 1105 1933 1176 quidquid
1957 1120 2079 1160 cum

491 1204 709 1260 Christo
736 1221 842 1258 non
872 1203 1154 1274 colligunt,
1187 1209 1464 1271 spargunt.
1499 1199 1614 1254 Non
1643 1197 1982 1274 extollantur
2026 1204 2080 1250 et

494 1287 578 1350 his
605 1308 725 1366 quae
746 1294 975 1349 habent.
1003 1271 1137 1361 Quid
1173 1299 1375 1346 tantum
1407 1305 1503 1359 per
1529 1305 1590 1346 ea
1616 1304 1737 1359 qua:
1779 1271 1914 1342 ‘sana
1955 1294 2083 1341 sunt

491 1365 758 1457 superbos
799 1389 984 1442 oculos
1012 1383 1256 1452 ducunt?
1308 1383 1374 1439 Et
1404 1383 1594 1439 vulnus
1642 1397 1798 1439 suum
1857 1365 2082 1451 dignen-

494 1486 582 1533 tur
627 1476 900 1533 humiliter
947 1476 1186 1532 intueri:
1218 1477 1318 1530 nec
1354 1474 1532 1530 solum
1581 1473 1710 1545 quid
1762 1471 1925 1537 adsit,
1979 1470 2077 1525 sed

493 1569 653 1629 etiam
683 1568 809 1639 quid
845 1569 984 1624 desit
1031 1567 1327 1622 attendant.
1364 1565 1591 1622 Videant
1632 1578 1791 1636 quam
1826 1563 1996 1618 multa
2026 1569 2083 1618 et

493 1676 652 1730 quam
683 1674 872 1730 magna
906 1661 1041 1719 nihil
1067 1659 1300 1729 prosint,
1343 1657 1388 1714 si
1418 1673 1579 1713 unum
1612 1656 1867 1728 quiddam
1895 1655 2082 1711 defue~

494 1755 603 1808 rit:
627 1762 682 1808 et
711 1752 933 1808 videant
962 1753 1088 1822 quid
1117 1752 1187 1806 sit
1214 1754 1397 1821 ipsum
1419 1765 1606 1818 unum,
1643 1765 1743 1804 nec
1773 1764 1860 1804 me
1898 1748 1951 1802 in
1982 1747 2080 1802 hoc
2113 1745 2160 1805 Β

497 1846 733 1913 audiant,
763 1847 856 1902 sed
884 1846 1199 1914 Apostolum
1223 1843 1311 1900 :Si
1335 1844 1531 1914 linguis
1557 1843 1854 1907 hominum,
1884 1839 2078 1911 inquit,

497 1935 687 2005 loquar
706 1945 764 1991 et
782 1937 1120 2006 angelorum,
1142 1934 1461 1989 charitatem
1488 1943 1664 1989 autem
1695 1949 1799 1988 non
1826 1931 2077 1996 habeam,

503 2027 674 2081 iactus
706 2041 826 2080 sum
870 2033 1220 2080 :eramentum
1269 2037 1490 2088 sonans,
1539 2032 1594 2076 et
1623 2021 1928 2092 cymbalum
1961 2022 2084 2072 .tin-

501 2116 652 2173 niens
679 2135 693 2182 ;
725 2128 778 2172 et
820 2119 864 2172 si
895 2118 1133 2172 habuero
1161 2116 1520 2186 prophetiam,
1572 2123 1628 2169 et
1673 2115 1848 2168 sciero
1897 2097 2077 2167 omnia

495 2221 851 2275 sacramenta,
876 2221 931 2267 et
960 2224 1175 2266 omnem
1206 2208 1514 2284 scientiam,
1545 2217 1598 2262 et
1620 2207 1664 2261 si
1697 2205 1937 2259 habuero
1962 2220 2079 2259 om-

496 2318 615 2360 nem
646 2301 805 2358 ii'dem
839 2287 889 2358 ut
924 2312 1136 2355 montes
1166 2300 1507 2364 transferam,
1549 2298 1866 2354 charitatcm
1897 2304 2076 2351 autem

496 2410 603 2448 non
632 2385 880 2459 il-tbt‘atll,
916 2389 1048 2447 nihil
1067 2407 1209 2447 sum.
1243 2390 1378 2458 Quid
1407 2405 1539 2462 ergo
1567 2390 1646 2445 eis
1675 2387 1920 2459 prodest,
1953 2386 1999 2441 si
2027 2395 2083 2441 et

498 2488 730 2556 linguam
762 2486 813 2539 in
864 2486 1034 2540 sacris
1078 2485 1351 2554 mysteriis
1383 2485 1618 2538 habeant
1664 2480 1983 2550 angelicam,
2027 2487 2082 2534 et

500 2579 837 2648 prophetiam
869 2576 1586 2646 quemadmodumCaiphas
1618 2583 1673 2630 et
1704 2573 1855 2638 Saul,
1883 2582 1942 2626 ut
1979 2572 2080 2626 ali-

499 2669 712 2738 quando
750 2670 1092 2737 prophetent,
1139 2682 1272 2738 quos
1315 2667 1480 2721 fuisse
1509 2663 1846 2720 damnabiles
1893 2671 2076 2718 sancta

497 2764 772 2832 Scriptura
798 2764 1063 2818 testatur?
1089 2763 1142 2817 Si
1167 2769 1502 2817 sacramenta
1522 2768 1860 2816 non-tantum
1885 2759 2075 2828 sciant,

497 2854 589 2909 sed
621 2864 674 2908 et
705 2853 952 2917 habeant,
987 2854 1125 2910 sicut
1155 2852 1340 2907 habuit
1363 2852 1547 2909 Simon
1578 2851 1757 2922 Magus
1784 2867 1796 2901 :
1823 2849 1868 2904 si
1896 2848 2076 2914 iidem,

495 2945 628 3000 sicut
653 2944 915 2999 daemonia
947 2944 1193 3000 confessa
1223 2955 1346 2998 sunt
1376 2944 1681 3009 Christum;
1717 2956 1892 3013 neque
1936 2941 2077 2997 enim

494 3056 596 3117 non
619 3039 903 3094 credebant
922 3053 1043 3092 cum
1072 3038 1336 3103 dicerent,
1363 3035 1499 3104 Quid
1515 3035 1670 3091 nobis
1690 3044 1745 3090 et
1763 3033 1857 3089 tibi
1878 3044 1960 3088 est
1977 3032 2077 3087 Fili

496 3123 622 3197 Dei;
660 3130 860 3186 scimus
903 3131 992 3200 qui
1024 3131 1100 3185 sis
1127 3130 1150 3182 ?
1188 3131 1234 3184 si
1274 3129 1594 3200 diSpertiant
1622 3128 1784 3183 etiam
1817 3125 1916 3196 ipsi
1947 3125 2077 3179 sub-
2103 3126 2150 3188 C

494 3223 741 3278 stantiam
782 3237 931 3276 suam
965 3220 1307 3292 pauperibus,
1339 3220 1480 3274 sicut
1505 3220 1656 3274 multi
1683 3231 1788 3272 non
1821 3210 2000 3283 solum
2026 3214 2080 3269 in

494 3314 754 3370 catholica
779 3314 903 3378 ilde,
934 3314 1070 3387 [sed]
1093 3313 1146 3367 in
1180 3313 1408 3367 diversis
1439 3312 1739 3367 haeresibus
1770 3308 1967 3364 faciunt
1997 3324 2009 3360 :
2034 3293 2084 3361 si

494 3406 666 3473 aliqua
710 3406 994 3472 ingruente
1041 3402 1438 3473 persecutione,
1483 3401 1695 3456 tradant
1737 3401 1802 3453 ad
1834 3398 2081 3453 ﬂammas

493 3495 771 3550 nobiscum
802 3509 993 3564 corpus
1016 3509 1169 3549 suum
1202 3508 1300 3562 pro
1328 3492 1451 3559 iide,
1487 3506 1648 3560 quam
1680 3491 1881 3561 pariter
1911 3488 2081 3541 conli-

496 3595 715 3650 tentur;
748 3595 924 3639 tamen
956 3587 1077 3655 quia
1129 3583 1361 3653 separati
1389 3583 1507 3637 haec
1534 3591 1718 3653 agunt,
1757 3596 1862 3634 non
1919 3581 2083 3634 suile-

496 3687 677 3734 rentes
709 3677 938 3730 invicem
984 3678 1034 3730 in
1085 3676 1395 3740 dileCtione,
1426 3689 1597 3744 neque
1640 3672 1922 3728 studentes
1964 3686 2082 3724 ser;

496 3784 622 3823 vare
662 3768 931 3822 unitatem
967 3769 1184 3836 spiritus
1216 3768 1266 3820 in
1306 3766 1519 3822 vinculo
1560 3764 1730 3836 pacis,
1762 3761 2080 3818 charitatem

497 3859 680 3919 utique
712 3875 817 3912 non
868 3857 1133 3923 habendo,
1190 3857 1351 3912 etiam
1383 3870 1505 3910 cum
1556 3856 1661 3910 illis
1705 3855 1957 3910 omnibus
1986 3856 2081 3925 qui

495 3949 624 4003 nihil
675 3949 754 4002 eis
810 3957 1050 4016 prosunt,
1105 3946 1171 4000 ad
1218 3953 1477 4000 aeternam
1526 3944 1752 4000 salutem
1800 3944 2084 4013 pervenire

495 4057 616 4104 non
635 4053 877 4111 possunt.

1046 4112 1274 4169 CAPUT
1309 4110 1488 4166 CCIX.

497 4205 1265 4282 Objectioitetn__(lautumiarum
1322 4212 1492 4282 utrum
1523 4209 1752 4282 _'generct
1801 4201 1935 4266 ﬁlios
1983 4200 2081 4254 ba-

565 4272 780 4351 ptismns
819 4277 1005 4334 Christi
1052 4275 1106 4327 in
1153 4283 1295 4343 parte
1348 4272 1562 4339 Donati,
1600 4289 1667 4325 an
1704 4289 1805 4326 non
1845 4283 2079 4342 generet,

566 4354 738 4407 ιυιυξε.
1959 4407 1961 4411 ,

565 4467 670 4523 Sed
705 4467 950 4519 videntur
974 4458 1074 4515 sibi
1105 4458 1442 4528 argutissime
1478 4470 1742 4526 quaerere,
1777 4464 1953 4509 utrum
1978 4467 2076 4522 ge-

498 4577 578 4616 ne‘
598 4570 651 4616 et
673 4559 811 4612 ﬁlios
839 4557 1134 4624 baptismus
1155 4552 1352 4605 Christi
1376 4551 1430 4605 in
1453 4558 1602 4621 parte
1632 4549 1850 4613 Donati,
1875 4563 1942 4602 an
1967 4563 2073 4602 non

498 4650 764 4726 generet?
817 4646 945 4701 utsi
980 4643 1411 4698 conscnserimus
1441 4641 1584 4711 quod
1637 4649 1876 4708 generet,
1921 4653 2072 4693 suam

497 4761 617 4800 esse
647 4746 956 4797 assevetent
988 4735 1278 4791 Ecclesium
1312 4743 1558 4798 matrem,
1584 4747 1704 4803 quae
1737 4731 1875 4799 lilios
1907 4729 2082 4800 potuit

497 4841 564 4891 de
595 4834 796 4890 Christi
830 4829 1145 4898 baptismate
1169 4840 1432 4895 generare
1458 4843 1472 4892 ;
1499 4833 1554 4880 et
1578 4826 1700 4894 quia
1729 4839 1888 4879 unam
1919 4839 2080 4892 opor-

497 4942 570 4985 tet
599 4943 720 4984 esse
771 4923 1089 4990 Ecclesiam,
1146 4938 1206 4974 ex
1251 4923 1352 4974 hoc
1374 4920 1486 4988 jam
1535 4928 1772 4972 nostram
1805 4931 1911 4971 non
1960 4930 2080 4970 esse

496 5018 791 5082 lt't‘elesiam
819 5017 1172 5072 criminentur
1195 5029 1207 5078 ;
1233 5012 1275 5066 si
1302 5019 1476 5064 autem
1502 5007 1812 5074 dixerimus,
1845 5007 1956 5061 Non
1983 5021 2076 5076 ge-

497 5122 690 5172 nerat:
721 5108 827 5164 Cur
857 5120 1008 5176 ergo,
1041 5104 1306 5174 inquiunt,
1350 5100 1489 5169 apud
1521 5113 1614 5152 vos
1645 5113 1749 5151 non
1782 5112 2076 5152 renascun-

498 5197 700 5276 tur'per
721 5203 1043 5276 baptismum
1078 5198 1163 5267 qui
1192 5204 1466 5250 transeunt
1494 5207 1521 5246 a
1552 5191 1704 5247 nobis
1739 5191 1805 5245 ad
1833 5206 1928 5245 vos
1955 5205 2076 5246 cum

498 5300 635 5371 apud
669 5309 768 5352 nos
816 5292 1012 5347 fuerint
1053 5288 1327 5359 baptizati,
1373 5287 1418 5340 si
1465 5284 1703 5339 nondum
1747 5282 1860 5336 nati
1911 5292 2081 5348 sunt;

499 5394 647 5466 quasi
678 5402 807 5446 vero
835 5370 1033 5443 esthoc
1063 5389 1278 5454 generet
1308 5380 1449 5435 unde
1477 5386 1716 5447 separata
1747 5385 1850 5441 est,
1893 5385 1949 5431 et
1974 5390 2080 5430 non

499 5502 563 5541 cx
590 5486 710 5549 huc,
741 5481 883 5538 unde
907 5470 1193 5550 conjuncta
1226 5487 1304 5533 est
1330 5493 1344 5531 :
1370 5484 1613 5545 separata
1644 5483 1723 5527 est
1751 5474 1896 5528 enim
1922 5488 1950 5526 a
1973 5471 2087 5525 vin-

501 5580 618 5634 culo
645 5576 920 5634 charitatis
951 5585 1002 5629 et
1033 5574 1197 5643 pacis,
1230 5570 1324 5626 sed
1345 5569 1527 5639 juncta
1575 5574 1659 5622 est
1687 5567 1738 5620 in
1766 5581 1874 5620 uno
1908 5563 2087 5631 bapti-

505 5679 693 5726 smate.
726 5670 910 5738 Itaque
947 5681 1048 5719 una
1099 5674 1180 5721 est
1230 5661 1497 5727 Ecclesia,
1525 5673 1642 5728 qua:
1674 5656 1786 5712 sola
1816 5656 2079 5711 catholica

509 5760 830 5829 nominatur,
879 5765 934 5818 et
960 5755 1408 5828 quidquid-suum
1446 5752 1624 5818 habet,
1685 5747 1737 5803 in
1782 5746 2088 5804 communi-

2179 461 2320 530 qnod
2349 475 2505 517 suum
2553 458 2607 513 in
2655 456 2733 514 eis
2776 457 2955 522 habet,
2989 457 3106 529 ipsa
3150 459 3341 526 utique
3384 465 3631 526 generat,
3664 469 3758 508 non

2181 550 2304 606 illas.
2339 550 2519 619 Neque
2547 549 2692 605 enim
2741 549 3011 619 separatio
3037 564 3224 605 earum
3261 546 3498 623 [eorum]
3529 557 3756 617 generat,

2179 640 2272 696 sed
2304 641 2442 710 quod
2490 654 2670 695 secum
2715 639 2783 694 de
2811 643 2908 694 ista
2957 649 3241 695 tenuerunt
3271 657 3285 692 :
3317 639 3459 709 quod
3493 640 3539 693 si
3572 648 3624 693 et
3669 644 3756 692 bu.

2181 731 2470 798 dimittant,
2507 732 2730 786 omnino
2767 746 2873 785 non
2899 741 3178 800 generant.

2767 843 2997 900 CAPUT
3037 844 3194 900 CCX.

2187 955 2338 1024 Quod
2375 957 2528 1010 etiam
2563 957 2696 1010 male
2736 964 3086 1009 conversantes
3117 955 3398 1010 catholicos
3428 955 3542 1026 ipsa
3570 964 3758 1024 generet

2729 1042 2844 1096 qum
2865 1036 2910 1080 et
2942 1027 3232 1081 Simonem.

2259 1145 2382 1200 Haec
2410 1144 2586 1214 itaque
2617 1143 2670 1197 in
2703 1143 2953 1198 omnibus
2981 1150 3226 1211 generat,
3257 1141 3413 1209 cujus
3442 1149 3754 1196 sacramenta

2185 1240 2504 1316 retinentur.
2556 1236 2711 1293 Unde
2755 1237 2924 1307 possit
2971 1238 3074 1290 tale
3118 1234 3318 1304 aliquid
3353 1235 3654 1304 ubicunque
3675 1249 3751 1304 ge

2186 1329 2387 1398 n'erari,
2427 1332 2671 1402 quamvis
2721 1344 2828 1386 non
2870 1345 3062 1385 omnes
3111 1343 3246 1398 quos
3275 1339 3518 1398 generat,
3554 1328 3617 1380 ad
3655 1329 3754 1394 ejus

2188 1427 2492 1496 pertineant
2537 1425 2820 1488 unitatem,
2855 1434 3174 1494 quantusque
3229 1421 3279 1474 in
3331 1422 3494 1474 tinem
3529 1434 3754 1488 perseve-

2186 1525 2368 1573 rantes
2395 1516 2625 1572 salvabit
2652 1511 2890 1589 [salvat].
2925 1513 3108 1583 Neque
3138 1511 3279 1567 enim
3317 1511 3372 1564 bi
3405 1510 3512 1584 soli.
3549 1509 3613 1563 ad
3649 1523 3750 1563 eam

2187 1625 2297 1664 non
2349 1611 2645 1677 pertinent,
2700 1594 3448 1678 quiseparationis'aperto
3495 1597 3753 1668 sacrilegio

2190 1699 2455 1754 manifesti
2506 1706 2651 1763 sunt,
2684 1697 2780 1752 sed
2823 1697 2984 1750 etiam
3037 1694 3135 1758 illi,
3189 1694 3280 1762 qui
3310 1693 3364 1746 in
3408 1692 3526 1760 ejns
3575 1691 3751 1742 unitate

2186 1791 2538 1860 corporaliter
2568 1788 2744 1854 mixti,
2776 1803 2876 1857 per
2905 1789 3065 1841 vitam
3104 1787 3391 1856 pessimam
3435 1791 3748 1851 separantur.

2191 1880 2398 1936 Etenim
2436 1881 2711 1934 Simonem
2757 1880 2967 1949 Magum
3008 1890 3103 1945 per
3145 1878 3410 1946 baptisma
3465 1877 3572 1943 ipsa
3613 1887 3747 1942 pepe-

2187 1981 2350 2038 rerat,
2395 1973 2479 2026 cui
2514 1981 2692 2025 tamen
2722 1971 2926 2024 dictum
2958 1976 3058 2032 est,
3090 1969 3231 2037 quod
3271 1982 3377 2021 non
3412 1968 3622 2020 haberet
3649 1979 3747 2030 par-

2186 2070 2291 2116 tem
2336 2061 2390 2116 in
2438 2062 2754 2117 hmreditate
2792 2059 2892 2131 15
2938 2059 3157 2114 Christi.
3215 2057 3466 2124 Nunquid
3513 2058 3558 2110 ei
3603 2054 3746 2116 ba;-ti-

2184 2171 2334 2213 smus
2362 2197 2378 2223 ,
2415 2155 2670 2229 nunquid,
2705 2140 3050 2223 Evangelium
3075 2193 3089 2216 ,
3145 2150 3385 2220 nunquid
3442 2158 3745 2203 sacramenta

2185 2249 2511 2306 defuerunt?
2541 2240 2791 2316 seo’quia
2832 2246 2880 2301 ei
2911 2245 3146 2300 Charitas
3173 2243 3363 2308 defuit,
3398 2241 3588 2296 frustra
3614 2251 3746 2292 natus

2185 2352 2288 2410 est,
2324 2351 2378 2397 et
2424 2341 2475 2396 ei
2522 2338 2842 2408 expediebat
2887 2338 3112 2391 fortasse
3157 2349 3262 2389 non
3296 2333 3464 2388 nasci.
3514 2331 3743 2398 Numquid

2187 2447 2293 2486 non
2350 2437 2506 2486 erant
2557 2427 2669 2483 nati
2721 2428 2913 2497 quibus
2959 2424 3249 2495 Apostolus
3309 2420 3741 2488 dicit:'i'anqunn

2187 2525 2423 2595 parvulis
2450 2525 2500 2575 in
2523 2522 2740 2576 Christo
2759 2519 2841 2573 lac
2870 2519 3018 2574 vobis
3041 2515 3400 2588 potum'dedi,
3431 2529 3536 2568 non
3558 2525 3736 2566 escam:

2185 2631 2281 2670 eos
2321 2625 2497 2668 tamen
2528 2612 2812 2680 sacrilegio
2840 2609 3220 2666 schismatibus
3242 2607 3294 2680 [a
3324 2606 3600 2674 sacrilegio
3624 2602 3740 2657 schi-

2184 2702 2392 2762 smatisl
2423 2711 2656 2766 revocat,
2699 2701 2753 2754 in
2788 2701 2930 2772 quod
2966 2699 3088 2754 ideo
3117 2697 3406 2754 inruebant
3435 2691 3737 2768 [irruebant].

2185 2797 2306 2866 quia
2337 2795 2580 2852 carnales
2606 2799 2760 2848 erant
2784 2813 2798 2850 :
2824 2792 2986 2859 Quasi
3008 2790 3274 2861 parvulis,
3312 2789 3504 2858 inquit,
3539 2788 3585 2841 in
3605 2784 3734 2840 Chri-

2183 2899 2269 2944 sto
2300 2890 2380 2943 Iac
2403 2887 2556 2942 vobis
2580 2895 2762 2957 potum
2793 2884 2938 2952 dedi,
2970 2898 3075 2939 non
3104 2896 3284 2938 escam
3308 2922 3323 2945 ,
3359 2880 3584 2934 nondum
3616 2874 3732 2930 enim

2186 2980 2468 3050 poteratis,
2520 2978 2615 3033 sed
2666 2969 2767 3031 nde
2821 2975 2997 3031 adhuc
3043 2973 3260 3044 quidem
3304 2971 3544 3041 potestis,
3588 2968 3734 3022 adhuc

2184 3073 2326 3128 enim
2354 3074 2484 3128 estis
2513 3069 2778 3125 carnales.
2812 3067 2947 3123 Cum
2979 3069 3122 3122 enim
3171 3064 3281 3120 sint
3311 3065 3456 3118 inter
3489 3076 3574 3116 vos
3603 3074 3734 3114 tentu-

2185 3165 2314 3221 latio
2344 3173 2397 3220 et
2425 3162 2723 3227 contentio,
2768 3175 2952 3216 nonne
3001 3157 3245 3213 carnales
3288 3159 3442 3222 estis,
3485 3165 3534 3210 et
3575 3167 3733 3207 secun-

2184 3258 2312 3312 dum
2359 3256 2630 3310 hominem
2682 3245 3007 3308 amb‘ulatis?
3057 3251 3190 3306 Cum
3236 3250 3381 3304 enim
3424 3248 3538 3316 quis
3579 3244 3732 3304 dicat,

2185 3350 2297 3420 Ego
2342 3349 2560 3420 quidem
2619 3362 2738 3402 sum
2792 3345 2966 3406 Pauli.
3002 3343 3139 3398 alius
3169 3350 3371 3408 autem,
3406 3341 3514 3409 Ego
3555 3336 3732 3406 Apoll-5

2185 3455 2363 3496 nonne
2389 3439 2633 3496 homines
2663 3436 2833 3492 estis?
2855 3435 2923 3490 de
2967 3436 3050 3490 bis
3101 3433 3243 3490 enim
3275 3447 3440 3503 supra
3471 3430 3621 3484 dicit:
3649 3425 3734 3482 οι).

2183 3547 2338 3588 secro
2383 3539 2559 3585 autem
2594 3544 2713 3596 vos,
2747 3527 2964 3593 fratres,
3000 3541 3098 3596 per
3125 3539 3318 3579 nomen
3353 3523 3554 3577 Domini
3596 3517 3732 3572 nostri

2183 3625 2313 3696 Jesu
2343 3621 2558 3686 Christi,
2615 3629 2672 3674 ut
2697 3620 2925 3688 idipsum
2957 3616 3145 3671 dicatis
3176 3629 3389 3679 omnes,
3423 3621 3478 3667 et
3526 3625 3617 3664 non
3645 3609 3733 3660 sint

2185 3714 2242 3770 in
2268 3712 2421 3772 vobis
2462 3712 2779 3776 schismata,
2820 3709 2937 3763 sitis
2988 3717 3165 3762 autem
3214 3705 3437 3774 perfecti
3484 3703 3532 3756 in
3577 3699 3734 3754 eodem

2186 3819 2350 3862 sensu
2397 3813 2453 3860 et
2503 3805 2556 3856 in
2587 3803 2777 3857 eadem
2830 3798 3116 3854 sententia.
3150 3795 3464 3850 Nuntiatum
3506 3803 3580 3846 est
3617 3792 3734 3846 enim

2185 3901 2317 3962 mihi
2347 3901 2415 3957 de
2465 3900 2640 3963 vobis,
2673 3896 2870 3952 fratres
2916 3893 3041 3960 mei,
3093 3893 3161 3948 ab
3188 3892 3272 3946 his
3303 3890 3408 3960 _qui
3439 3897 3557 3942 sunt
3582 3884 3732 3944 Cloes.

2185 3993 2311 4064 quia
2347 3989 2720 4047 contentiones
2767 3992 2895 4039 sunt
2941 3986 2994 4037 in
3028 3982 3223 4036 vobis:
3258 3982 3358 4034 hoc
3401 3987 3569 4031 autem
3612 3973 3730 4031 dico.

2185 4081 2306 4155 quia
2358 4080 2723 4149 unusquisque
2753 4085 2989 4131 vestrum
3033 4073 3203 4128 dicit:
3237 4071 3350 4142 Ego
3391 4069 3591 4138 quitem
3633 4078 3728 4121 sont

2178 4174 2360 4242 Pauli,
2391 4187 2490 4243 ego
2519 4179 2697 4226 autem
2737 4168 2950 4237 Apollo,
2978 4180 3078 4236 ego
3121 4179 3252 4218 vero
3292 4162 3506 4233 Cephz,
3545 4174 3632 4228 ego
3656 4170 3728 4209 au-

2189 4279 2294 4324 tem
2324 4265 2560 4328 Christi;
2609 4262 2811 4318 divisus
2857 4269 2940 4315 est
2985 4257 3267 4313 Christus?
3312 4253 3541 4320 nunquid
3569 4250 3728 4304 Paulus

2187 4359 2478 4414 cruciﬁxus
2520 4364 2602 4410 est
2643 4367 2741 4422 pro
2767 4351 2922 4407 vobis
2968 4356 3062 4402 aut
3089 4349 3144 4403 in
3175 4349 3396 4401 nomine
3424 4344 3563 4399 Pauli
3592 4337 3727 4408 bapti-

2190 4453 2294 4507 zati
2321 4449 2451 4506 estis
2475 4450 2498 4504 ?
2525 4448 2614 4503 Isti
2639 4460 2788 4515 ergo,
2815 4445 2857 4499 si
2885 4444 2938 4497 in
2963 4442 3064 4496 bac
3091 4439 3451 4495 obstinatione
3473 4447 3526 4491 et
3553 4448 3713 4503 peryer

2185 4547 2353 4619 sitate.
2372 4551 2738 4607 remanerent,
2765 4529 2920 4593 certe
2955 4534 3170 4605 quidem
3203 4533 3314 4586 nati
3345 4541 3511 4593 erant,
3553 4540 3639 4580 nec
3669 4537 3724 4574 ta-

2187 4652 2309 4692 men
2339 4635 2403 4690 ad
2434 4636 2601 4704 ipsam
2633 4628 2947 4692 Ecclesiam,
2979 4627 3046 4681 de
3072 4640 3174 4695 qua
3203 4625 3311 4677 nati
3347 4631 3516 4686 erant,
3543 4633 3626 4689 per
3657 4630 3727 4684 pa:

2186 4727 2266 4785 cis
2293 4737 2456 4796 atque
2483 4723 2703 4796 unitatis
2732 4721 3030 4784 vinculum,
3062 4717 3417 4786 pertinerent.
3503 4768 3506 4769 ν

2757 4832 2983 4891 CAPUT
3023 4829 3201 4888 CCXI.

2195 4934 2379 4989 Utrum
2417 4935 2554 5001 apud
2583 4928 2846 4984 ltwrett'cos
2886 4927 2996 5001 Itiro
3031 4924 3125 5001 ﬁat
3156 4923 3387 4976 remissio
3414 4927 3728 4990 peccatorum;

2756 5014 2822 5051 ea:
2849 4997 3025 5051 eodem
3049 4997 3199 5047 libro.

2263 5096 2403 5164 Ergo
2452 5092 2566 5161 ipsa
2617 5098 2858 5160 generat,
2887 5097 2942 5143 et
2972 5102 3065 5156 per
3111 5094 3321 5140 uterum
3374 5097 3541 5147 suum,
3569 5089 3616 5132 et
3651 5089 3727 5144 per

2193 5203 2372 5246 uteros
2398 5186 2714 5241 ancillarum
2751 5198 2821 5239 ex
2864 5181 3068 5237 eisdem
3113 5177 3483 5237 sacramentis,
3512 5181 3722 5240 tanquam

2191 5298 2255 5337 ex
2286 5281 2384 5335 viri
2412 5278 2493 5334 sui
2520 5273 2881 5333 semine.Non
2905 5272 3048 5327 enim
3080 5269 3278 5325 frustra
3308 5267 3431 5322 dicit
3456 5261 3719 5334 Apostolus

2193 5373 2370 5428 omnia
2402 5370 2490 5425 illa
2537 5369 2592 5422 in
2621 5366 2788 5437 figura
2819 5377 2942 5420 esse
2979 5369 3127 5433 gesta
3160 5378 3171 5412 :
3205 5360 3300 5414 sed
3339 5358 3426 5428 qui
3454 5350 3724 5423 superbiant

2194 5477 2242 5522 et
2291 5465 2541 5535 legitima:
2586 5461 2742 5516 matri
2801 5473 2906 5512 non
2958 5453 3350 5523 adiunguntur,
3399 5447 3584 5504 similes
3623 5447 3724 5535 aut“

2196 5527 2466 5620 lsmaheli,
2511 5554 2579 5608 de
2624 5565 2730 5623 quo
2777 5549 2978 5604 dictum
3015 5554 3098 5601 est
3123 5559 3140 5598 ε
3165 5543 3315 5614 Ejice
3343 5539 3576 5596 ancillam
3601 5541 3648 5588 et
3671 5527 3724 5581 li-

2198 5653 2325 5706 lium
2357 5649 2493 5720 ejus,
2538 5659 2645 5700 non
2688 5641 2834 5699 enim
2864 5639 3037 5694 hzeres
3083 5637 3184 5694 erit
3216 5635 3356 5692 ﬁlius
3391 5631 3601 5690 ancills,

2197 5748 2308 5806 tilio
2349 5712 2661 5798 nico'isaac.
2693 5736 2794 5804 Qui
2841 5745 3016 5790 autem
3068 5730 3295 5804 paciﬁce
3341 5727 3555 5798 diligunt
3590 5712 3725 5786 legiti-
