3904 6224
117 303 245 355 873

1333 294 1764 355 TIIESAURUS.
1808 295 1955 349 CAP.
2002 293 2203 350 CCXII.
3292 288 3388 341 {‘7’.

116 427 284 467 mam
318 413 491 482 patris
532 411 613 467 sui
648 409 948 479 coniugem,
996 410 1145 478 cujus
1195 407 1431 477 legitimo
1474 408 1597 477 jure
1633 421 1722 476 gc—
1749 408 1797 465 Α
1828 407 2144 459 auctoritate
2173 410 2452 472 coguntur.
2487 400 2679 468 Quer
2711 416 2835 469 ergo
2860 410 3031 453 utrum
3057 398 3317 454 fateantur
3338 402 3387 455 rei

117 506 320 560 iterati
344 515 493 569 sunt,
521 504 727 558 similes
755 512 875 556 sunt
906 501 1024 554 ﬁliis
1048 500 1233 565 Jacob,
1257 501 1497 568 quamvis
1525 498 1591 551 de
1628 513 1721 549 an-

111 594 283 651 cillis
305 597 471 662 natis,
494 594 588 648 sed
617 603 792 646 tamen
810 590 1049 646 eamdem
1075 589 1438 644 [nereditatem
1461 587 1721 643 sumenti-

116 687 262 743 bus.
290 688 395 755 Qui
426 693 605 740 autem
633 684 698 738 de
729 680 895 752 utero'
924 682 1086 749 ipsius
1116 681 1303 734 matris
1332 680 1472 734 intus
1517 679 1570 731 in
1607 676 1724 731 uni-

117 784 250 831 tate
316 777 471 839 nati,
532 774 800 843 negligunt
848 772 1070 842 gratiam
1133 786 1292 839 quam
1357 776 1719 838 acceperunt,

112 868 355 921 similes
384 873 510 919 sunt
531 864 670 918 Esau
700 863 810 917 lilio
839 862 1004 926 Isaae,
1029 862 1117 930 qui
1142 860 1455 929 reprobatus
1488 866 1585 921 est,
1614 857 1723 911 Deo

112 965 440 1011 attestante
470 966 521 1009 et
549 955 758 1009 dicente
782 972 796 1006 :
830 953 995 1009 Jacob
1022 951 1208 1018 dilexi,
1232 950 1371 1004 Esau
1393 959 1567 1002 autem
1601 947 1724 1002 odio

116 1047 304 1101 habui
335 1065 350 1102 :
376 1062 497 1101 cum
525 1048 680 1100 ambo
707 1061 769 1116 ex
793 1060 900 1098 uno
922 1040 1203 1098 concubitu
1235 1031 1498 1107 concepti,
1524 1054 1588 1093 ex
1618 1053 1721 1093 uno

116 1148 300 1192 utero
336 1138 446 1190 nati
475 1137 597 1190 sint.
630 1136 885 1202 Qumrunt
915 1133 1073 1188 etiam
1099 1146 1270 1185 utrum
1305 1139 1521 1199 peccata
1546 1128 1725 1183 dimit-

118 1238 327 1282 tantur
366 1242 463 1296 per
493 1225 809 1295 baptismum
846 1227 898 1279 in
930 1234 1079 1292 parte
1123 1220 1329 1289 Donati,
1361 1232 1416 1274 ut
1444 1221 1487 1274 si
1520 1220 1723 1274 dixeri-

119 1332 262 1373 mus
287 1318 514 1383 dimitti,
540 1316 894 1386 respondeant
915 1314 1093 1383 :'Ergo
1115 1328 1192 1369 eSt
1216 1314 1329 1368 illic
1350 1313 1575 1381 Spiritus
1602 1326 1721 1365 san-

118 1415 283 1473 ctus,
319 1407 447 1475 quia
494 1420 613 1459 cum
662 1402 966 1458 insufflante
1013 1402 1260 1465 Domino,
1292 1401 1449 1454 datus
1477 1411 1619 1455 esset
1644 1398 1723 1451 di-

122 1497 397 1566 scipulis,
433 1507 559 1550 tunc
590 1506 800 1549 secutus
826 1505 907 1548 est
937 1502 992 1547 et
1025 1495 1097 1546 ait
1122 1509 1133 1545 :
1164 1493 1431 1561 Baptizate
1458 1502 1641 1561 gentes
1670 1491 1722 1545 in

121 1590 374 1641 nomine
402 1585 572 1641 Patris
601 1596 651 1639 et
676 1584 794 1638 Filii
824 1593 878 1638 et
902 1582 1133 1652 Spiritus
1159 1583 1324 1637 sancti
1355 1600 1365 1635 :
1390 1582 1434 1636 si
1459 1581 1543 1637 cui
1571 1581 1725 1635 dimi-

118 1674 324 1731 seritis
350 1685 590 1744 peccata,
623 1674 956 1728 dimittentur
976 1674 1057 1738 ei,
1089 1674 1132 1726 si
1154 1675 1239 1727 cui
1266 1674 1542 1726 tenueritis
1575 1682 1723 1726 tene-

1827 496 2043 551 dirnissa
2087 493 2332 561 peccata?
2362 490 2602 560 profecto
2652 491 2979 545 fatebuntur.
3026 491 3153 543 Item
3211 506 3391 559 qumrh

1824 601 1919 640 cur
1940 588 1987 640 ei
2009 585 2203 640 dixerit
2221 586 2406 640 Petrus
2435 598 2537 637 non
2563 599 2681 636 eum
2706 584 2903 638 habere
2929 592 3133 653 partem
3164 584 3215 636 in
3240 592 3388 636 sorte

1824 678 2166 733 sanctorum?
2194 678 2345 743 Quia,
2377 677 2637 745 inquiunt,
2667 684 2847 742 postea
2880 676 3139 743 peccavit,
3170 675 3390 745 pecunia

1823 768 2010 821 volens
2053 781 2232 821 emere
2262 766 2457 819 dontun
2496 766 2609 831 Dei,
2641 764 2797 834 cujus
2829 764 3131 819 venditores
3175 776 3392 833 aposto-

1825 857 1904 910 los
1935 857 2177 910 credidit.
2208 855 2342 921 Quid
2375 855 2419 907 si
2450 855 2515 908 ad
2558 856 2728 923 ipsum
2771 856 3090 924 baptismum
3123 857 3272 909 ﬁctus
3305 870 3391 910 ac-

1824 948 2003 1013 ceSsit,
2032 946 2248 1000 dimissa
2277 954 2400 999 sunt
2419 946 2466 999 ei
2500 952 2734 1013 peccata,
2760 962 2823 999 an
2854 962 2959 1000 non
2990 956 3115 1000 sunt
3136 947 3387 1001 dimissa?

1824 1038 2021 1107 efigant
2066 1035 2208 1106 quod
2254 1034 2456 1099 volunt,
2515 1033 2823 1088 utrumlibet
2868 1035 3145 1104 elegerint,
3196 1034 3392 1088 suflicit

1826 1129 2013 1187 nobis:
2045 1129 2087 1182 si
2134 1128 2353 1183 dimissa
2385 1129 2640 1195 dixerint,
2670 1128 2949 1197 quomodo
2998 1144 3125 1197 ergo
3168 1126 3393 1196 Spiritus

1824 1232 2039 1275 sanetus
2070 1220 2361 1289 disciplina:
2389 1219 2605 1289 effugiet
2638 1219 2839 1281 fictum,
2872 1218 2915 1271 si
2949 1217 3000 1271 in
3029 1219 3127 1271 isto
3154 1219 3280 1271 ficto
3306 1232 3392 1270 rc-

1824 1314 2133 1368 missioncm
2166 1323 2419 1381 cperatus
2440 1322 2521 1368 est
2550 1312 2930 1380 peccatorum?
2958 1312 2999 1365 si
3027 1312 3257 1366 dixerint
3289 1328 3391 1365 non

1825 1419 1944 1460 esse
1974 1404 2218 1469 dimissa,
2251 1418 2436 1471 qumro
2463 1404 2506 1457 si
2539 1413 2721 1471 postea
2759 1404 3021 1457 fictionem
3055 1416 3205 1456 suam
3235 1404 3395 1456 corde

1828 1513 2092 1553 concusso
2140 1506 2193 1552 ct
2232 1512 2357 1553 vero
2397 1496 2586 1551 dolore
2616 1496 2889 1559 fateretur,
2925 1496 3100 1550 denuo
3128 1497 3394 1562 baptizau-

1825 1589 1925 1641 dus
1949 1587 2313 1655 judicaretur?
2342 1578 2493 1653 Quod
2525 1586 2568 1639 si
2599 1587 3059 1640 dementiSsimum
3087 1596 3168 1640 est
3196 1586 3395 1649 dicere,

1827 1681 2089 1734 fateantur
2119 1694 2245 1733 vero
2275 1678 2536 1748 baptismo
2573 1677 2770 1739 Christi
2819 1677 3075 1744 baptizari
3107 1691 3265 1746 posse
3298 1678 3394 1730 ho-

122 1767 375 1832 buntur,
410 1774 466 1822 et
491 1765 534 1820 si
568 1767 637 1818 ita
661 1773 763 1828 est,
799 1763 1067 1832 inquiunt,
1096 1762 1399 1817 communio
1440 1769 1617 1815 nostra
1646 1770 1717 1814 cst

1832 1771 2049 1832 minem,
2081 1780 2132 1823 et
2163 1779 2339 1822 tamen
2367 1784 2460 1822 cor
2489 1767 2607 1835 ejus
2654 1770 2705 1821 in
2739 1764 3075 1830 malitiarch
3117 1767 3395 1837 sacrilegio

123 1860 390 1916 Ecclesia
416 1858 635 1917 Christi.
658 1857 771 1911 Non
804 1856 944 1910 enim
976 1865 1168 1925 prmter
1214 1854 1504 1909 Ecclesiam
1535 1853 1720 1906 d-mis-

122 1954 353 2007 sionem
388 1959 727 2021 peccatorum
761 1947 993 2018 Spiritus
1024 1956 1237 2002 sanctus
1277 1954 1565 2014 speratur:
1597 1952 1650 1997 et
1676 1942 1721 1996 si

122 2053 330 2097 nostra
363 2041 672 2097 communio
714 2049 795 2093 est
829 2037 1066 2092 Ecclesia
1094 2034 1312 2099 Christi,
1344 2049 1447 2089 non
1498 2044 1580 2088 est
1625 2034 1722 2087 Ec-

121 2133 301 2187 clesia
331 2130 535 2186 Christi
566 2140 744 2185 vestra
770 2128 1096 2183 communio.
1135 2124 1248 2181 Una
1282 2132 1362 2180 est
1398 2124 1537 2178 enim
1567 2137 1719 2191 qua:-

122 2239 355 2293 cunque
388 2221 474 2275 illa
498 2224 567 2275 sit
603 2221 672 2275 de
709 2234 810 2289 qua
853 2218 1053 2272 dictum
1082 2224 1162 2270 est
1187 2235 1201 2271 :
1222 2215 1336 2293 Una
1364 2225 1447 2269 est
1477 2214 1719 2268 columba

125 2330 291 2382 mea,
326 2328 432 2369 una
461 2321 545 2367 est
590 2312 747 2366 matri
795 2324 927 2365 sum.
956 2308 1066 2363 Nec.
1093 2316 1316 2386 possunt
1362 2306 1613 2361 Ecclesiae
1643 2313 1722 2358 tot

128 2419 291 2472 esse,
324 2413 460 2474 quot
507 2401 817 2457 schismata.
868 2398 925 2455 Si
971 2408 1145 2452 autem
1175 2396 1484 2459 dixerimus,
1514 2408 1619 2449 non
1649 2393 1719 2447 ibi

122 2497 338 2553 dimitti
386 2502 604 2563 peccata
635 2510 648 2546 :
678 2493 840 2563 Ergo,
884 2490 1158 2561 inquiunt,
1187 2504 1291 2543 non
1320 2498 1398 2542 est
1434 2487 1540 2542 illic
1565 2500 1720 2541 verus

124 2588 469 2658 baptismus,
506 2596 559 2639 ct
603 2593 883 2654 propterea
912 2595 1047 2651 quos
1081 2595 1111 2633 a
1141 2580 1295 2635 nobis
1328 2578 1596 2647 suscipitis
1625 2590 1720 2633 vos

124 2676 417 2747 baptizare
445 2674 689 2731 debetis:
719 2671 859 2742 quod
887 2671 1010 2740 quia
1039 2684 1141 2723 non
1176 2668 1366 2734 facitis,
1397 2668 1448 2721 in
1480 2666 1719 2728 Ecclesia

124 2768 343 2824 Christi
373 2781 472 2819 vos
502 2778 757 2829 nonﬁsse
779 2761 1039 2817 fatemini.
1068 2759 1162 2815 Bis
1183 2759 1257 2814 ita
1286 2758 1606 2827 resistimus,
1633 2770 1720 2812 se-

125 2859 381 2914 cundum
413 2856 709 2925 scripturas
735 2850 1274 2931 eos‘interroga'ntes,
1308 2858 1364 2905 ut
1392 2850 1532 2920 quod
1562 2863 1591 2903 a
1624 2862 1719 2902 no-

126 2951 214 3008 bis
247 2960 505 3020 quaerunt
550 2948 652 3002 sibi
682 2948 782 3017 ipsi
829 2945 1207 3017 respondeant.
1253 2944 1445 3010 Quaero
1489 2940 1631 2997 enim
1664 2947 1721 2994 ut

126 3045 321 3100 dicant
363 3050 541 3119 utrum
591 3040 927 3094 dimittantur
973 3048 1187 3106 peccata
1218 3036 1305 3092 ubi
1334 3036 1566 3090 charitas
1612 3048 1717 3087 non

1826 1875 2208 1931 perseverans,
2263 1870 2602 1929 peccatorum
2665 1860 3012 1914 abolitionem
3063 1874 3165 1913 non
3214 1860 3394 1913 sinere

1826 1952 1961 2019 fieri,
1995 1964 2151 2021 atque
2180 1953 2247 2005 ita
2274 1952 2588 2019 intelligant,
2624 1950 2676 2004 in
2704 1950 3167 2005 eommuuionibus
3198 1950 3265 2005 ab
3293 1950 3395 2004 Ec-

1823 2045 1983 2098 clesia
2014 2044 2298 2112 separatis,
2331 2058 2489 2111 posse
2516 2042 2759 2097 homines
2790 2042 3041 2109 baptizari
3077 2042 3161 2095 ubi
3194 2041 3394 2097 Christi

1824 2134 2117 2203 baptismus
2160 2134 2346 2188 eadem
2395 2132 2712 2197 sacramenti
2755 2131 3116 2186 celebratione
3146 2131 3302 2183 datur
3343 2146 3395 2185 et

1823 2226 2071 2290 sumitur,
2099 2227 2186 2293 qui
2216 2234 2391 2278 tamen
2424 2234 2547 2278 tunc
2581 2222 2747 2292 prosit
2780 2221 2845 2275 ad
2878 2222 3246 2277 remissionem
3275 2236 3392 2290 pec—

1822 2326 2082 2377 catorum,
2130 2331 2252 2370 cum
2310 2315 2428 2384 quis
2483 2312 2856 2368 reconciliatus
2912 2312 3123 2377 unitati,
3176 2312 3393 2365 sat-rile-

1822 2408 1908 2477 gio
1933 2407 2281 2463 dissensionis
2327 2405 2561 2470 exuitur,
2592 2419 2699 2473 quo
2729 2402 2845 2473 ejus
2875 2415 3088 2471 peccata
3134 2403 3393 2465 teneban-

1823 2508 1929 2563 tur,
1970 2506 2026 2553 et
2071 2496 2263 2552 dimitti
2308 2511 2412 2550 non
2468 2496 2804 2549 sinebantur.
2852 2494 3002 2547 Sicut
3044 2494 3184 2547 enim
3219 2495 3269 2548 in
3304 2495 3393 2547 illn

1822 2590 1914 2657 qui
1947 2591 2097 2643 fictus
2142 2595 2466 2652 accesserat,
2518 2589 2573 2638 lit
2604 2594 2662 2639 ut
2708 2600 2811 2640 non
2862 2583 3039 2638 denuo
3073 2585 3389 2652 baptizatur,

1820 2682 1915 2736 sed
1946 2680 2028 2751 pia
2052 2678 2209 2753 [ipsa]
2240 2680 2572 2733 correctione
2599 2686 2653 2731 et
2692 2675 2868 2732 veraci
2900 2676 3239 2732 confessione
3262 2692 3387 2744 pur-

1819 2780 1991 2840 getur,
2020 2769 2159 2838 quod
2189 2785 2294 2822 non
2329 2775 2512 2835 posset
2560 2766 2675 2820 sine
2703 2765 2987 2836 baptismo,
3026 2766 3120 2821 sed
3155 2774 3210 2819 ut
3240 2766 3379 2835 quod

1818 2875 1942 2918 ante
1968 2863 2148 2916 datum
2171 2870 2276 2927 est,
2299 2870 2425 2914 tunc
2450 2858 2624 2912 valere
2652 2856 2868 2927 incipiat
2893 2855 2959 2910 ad
2985 2856 3238 2919 salutem,
3263 2871 3382 2909 cum

1820 2954 1908 3008 illa
1949 2953 2091 3008 fictio
2139 2952 2313 3007 veraci
2357 2949 2699 3013 confessione
2746 2948 3051 3004 recesserit.
3098 2948 3187 3003 Sic
3231 2949 3391 3002 etiam

1817 3047 1940 3110 iste,
1972 3047 2060 3116 qui
2089 3045 2352 3113 baptisma
2380 3042 2608 3106 Christi,
2640 3040 2781 3112 quod
2815 3057 2920 3095 non
2952 3040 3268 3105 amiserunt,
3300 3043 3389 3110 qui

127 3132 257 3189 est?
280 3138 500 3201 peccata
528 3129 672 3183 enim
700 3129 932 3183 tenebras
952 3131 1248 3181 animarum
1278 3134 1445 3187 sunt;
1468 3124 1712 3179 audimus

1820 3131 1877 3194 Se
1929 3144 2328 3206 separaverunt,
2364 3134 2610 3189 inimicus
2660 3131 2938 3186 eharitatis
2981 3139 3035 3185 et
3061 3131 3207 3201 pacis
3242 3131 3391 3185 Chri‘

127 3227 336 3296 quippe
363 3220 627 3277 Joannem
663 3221 965 3275 dicentem:
992 3220 1092 3287 Qui
1134 3218 1248 3272 odit
1285 3216 1501 3271 fratrem
1534 3231 1709 3297 suum,
1734 3216 1743 3229 “

127 3319 185 3371 in
219 3316 470 3371 tenebris
499 3324 581 3369 est
608 3329 771 3383 usque
798 3312 972 3366 adhuc
997 3328 1013 3365 ι
1042 3311 1171 3364 nulli
1211 3318 1389 3364 autem
1430 3308 1713 3363 schismata

128 3410 410 3473 facerent,
440 3407 485 3459 si
517 3394 752 3461 fraterno
784 3403 908 3458 odio
940 3419 1043 3458 non
1071 3409 1488 3457 excaecarentur.
1507 3400 1563 3456 Si
1589 3415 1718 3470 ergo

129 3500 374 3556 dicimus
404 3513 509 3553 non
542 3493 613 3551 ibi
643 3496 839 3562 dimitti
864 3504 1097 3564 peccata,
1126 3492 1391 3563 quomodo
1423 3493 1719 3547 renascitur

130 3590 227 3661 qui
256 3588 408 3659 apud
437 3602 533 3643 eos
572 3587 901 3655 baptizatur?
929 3584 1060 3655 quid
1088 3592 1171 3639 est
1217 3584 1358 3639 enim
1386 3583 1591 3637 renasci
1625 3598 1717 3651 per

130 3680 498 3750 baptismum,
526 3670 629 3732 nisi
657 3693 685 3731 a
713 3686 977 3731 vetustate
1002 3675 1293 3731 renovari?
1321 3674 1598 3741 Quomodo
1622 3689 1717 3727 au—

132 3782 246 3829 tem
294 3780 597 3825 renovatur
644 3783 672 3822 a
707 3778 988 3831 vetustate,
1048 3764 1133 3820 cui
1181 3776 1396 3835 peccata
1447 3764 1717 3833 praeterita

132 3881 243 3919 non
272 3861 648 3918 dimittuntur?
674 3859 825 3928 Quod
853 3860 898 3914 si
924 3868 1142 3914 renatus
1169 3872 1273 3912 non
1303 3864 1405 3920 est,
1443 3871 1541 3911 nec
1564 3853 1720 3910 Chri-

132 3963 281 4011 stum
315 3952 511 4015 induit,
542 3967 607 4007 cs
637 3965 741 4020 quo
767 3950 1045 4006 conficitur
1089 3960 1145 4004 ut
1166 3950 1341 4003 denuo
1374 3948 1718 4017 baptizandus

133 4047 423 4112 videatur,
457 4044 579 4114 quia
610 4044 740 4099 dicit
792 4044 1075 4121 Apostolus
1112 4059 1125 4094 :
1161 4042 1427 4110 Quotquot
1473 4041 1613 4096 enim
1665 4041 1718 4095 in

133 4137 365 4192 Christo
412 4135 666 4204 baptizati
711 4134 861 4199 estis,
916 4133 1189 4198 Christum
1229 4132 1508 4199 induistis;
1560 4147 1717 4201 quem

134 4230 226 4285 ille
255 4230 303 4283 si
353 4244 464 4282 non
500 4227 692 4293 induit,
742 4241 839 4280 nec
868 4226 920 4279 in
950 4224 1162 4280 Christo
1191 4224 1486 4293 baptizatus
1517 4223 1719 4278 baben-

135 4320 239 4374 dus
264 4328 374 4373 est.
409 4318 582 4372 Purro
610 4318 732 4387 quia
763 4318 816 4370 in
856 4316 1072 4389 Christo
1098 4315 1326 4370 dicimus
1373 4316 1715 4384 baptizatum,

138 4418 378 4469 fatemur
426 4427 548 4467 eum
577 4412 846 4476 Christum
899 4410 1158 4472 induisse,
1206 4411 1305 4465 etsi
1335 4413 1435 4465 hoc
1467 4409 1712 4474 fatemur,

1821 3230 1927 3292 sti;
1957 3227 2008 3282 in
2036 3228 2208 3296 aliqua
2240 3224 2431 3280 lncresi
2472 3232 2565 3278 aut
2591 3223 2878 3279 schismate
2917 3222 3143 3291 accepit,
3174 3237 3279 3290 quo
3308 3237 3391 3276 sa-

1818 3321 2016 3389 crilego
2042 3318 2245 3372 scelere
2277 3325 2491 3385 peccata
2530 3316 2648 3383 ejus
2678 3328 2782 3372 non
2815 3313 3240 3379 dimittebautur,
3269 3302 3388 3367 cuin

1819 3426 1879 3465 se
1906 3410 2221 3473 correxerit,
2265 3414 2321 3461 et
2356 3406 2422 3460 ad
2459 3406 2710 3460 Ecclesia:
2756 3405 3069 3459 societatem
3102 3404 3389 3459 unitatem-

1819 3516 1922 3570 que
1950 3500 2171 3561 venerit,
2212 3513 2315 3552 non
2346 3498 2537 3551 iterum
2570 3496 2917 3565 baptizttndus
2947 3508 3026 3549 est
3057 3496 3176 3564 quia
3210 3497 3320 3563 ipsa
3343 3501 3390 3551 ei

1821 3578 2253 3644 reconciliatione
2277 3601 2338 3641 ac
2364 3600 2494 3655 pace
2517 3595 2819 3653 praestatur,
2845 3593 2900 3636 ut
2927 3583 2991 3636 ad
3025 3585 3391 3638 remissionem

1820 3690 2158 3752 peccatorum
2187 3679 2302 3750 ejus
2336 3681 2387 3733 in
2420 3679 2623 3732 unitate
2646 3677 2756 3746 jam
2789 3676 3047 3746 prodesse
3076 3679 3295 3745 incipiat
3315 3693 3390 3733 sa.

1819 3783 2173 3849 cramentum,
2206 3771 2347 3841 quod
2387 3782 2664 3839 acceptum
2712 3771 2765 3825 itt
2814 3770 3101 3828 schismate
3131 3771 3388 3840 prodesse

1820 3850 1926 3919 non
1958 3875 2184 3933 poterat.
2214 3863 2272 3920 Si
2304 3872 2482 3917 autem
2509 3862 2741 3917 dixerint
2770 3862 2823 3916 in
2855 3862 2947 3916 illo
2976 3864 3068 3931 qui
3117 3862 3272 3917 ﬁctus
3300 3879 3391 3919 ac-

1820 3958 2003 4023 cessit,
2050 3971 2146 4026 per
2194 3964 2440 4010 sanctum
2494 3954 2599 4008 vim
2650 3955 2779 4007 tanti
2826 3954 3143 4008 sacramenti
3173 3954 3389 4010 dimissa

1820 4049 2032 4119 quidem
2065 4047 2140 4102 illi
2186 4062 2307 4103 esse
2338 4056 2575 4116 peccata,
2624 4041 2676 4099 in
2709 4046 2826 4113 ipso
2877 4047 3128 4115 temporis
3166 4057 3387 4115 puncto,

1821 4143 1913 4196 sed
1948 4140 2326 4210 perfectionem
2359 4138 2527 4208 ipsius
2557 4137 2778 4205 redisse,
2805 4137 3058 4192 continuo
3084 4149 3139 4191 ut
3162 4137 3389 4206 Spiritus

1822 4242 2039 4288 sanctus
2065 4242 2118 4287 et
2145 4229 2376 4287 adfuerit
2406 4230 2694 4300 baptizato,
2722 4237 2781 4283 ut
2812 4238 3025 4296 peccata
3055 4231 3388 4297 recederent,

1822 4336 1875 4378 et
1902 4320 2354 4392 perseverantiam
2403 4320 2633 4375 ﬂctionis
2674 4319 2890 4388 fugerit,
2935 4328 2994 4372 ut
3033 4319 3283 4374 redirent.
3321 4318 3390 4372 Ut

1823 4426 1878 4470 et
1923 4415 2276 4476 illudverum
2328 4412 2422 4477 sit,
2463 4412 2733 4480 Quotquot
2784 4411 2835 4462 in
2875 4409 3090 4465 Chri‘to
3137 4409 3387 4478 baptizati

66 4544 67 4549 η
142 4515 524 4577 regeneratum
575 4505 843 4560 fatemur:
873 4504 1012 4574 quod
1058 4504 1101 4557 si
1144 4504 1212 4556 ita
1256 4514 1359 4567 εει,
1409 4515 1461 4557 et
1500 4512 1712 4572 peccata
1744 4504 1792 4562 ἰ)
1821 4508 1972 4571 estis,
2020 4507 2293 4561 Christum
2336 4505 2610 4567 induistis;
2664 4510 2719 4557 et
2771 4503 2897 4556 illud
2934 4503 3192 4557 :Sanctus
3241 4503 3384 4557 enim

136 4596 364 4657 dimissa
391 4604 535 4648 sunt.
566 4582 843 4660 Quomodo
872 4609 998 4663 ergo
1023 4593 1153 4646 dicit
1180 4593 1409 4647 Joannes
1440 4611 1452 4646 :
1477 4594 1577 4660 Qui
1600 4593 1713 4647 odit

92 4747 98 4755 ι
137 4687 366 4742 fratrem
416 4700 570 4739 suum
621 4687 672 4739 iu
720 4685 953 4739 tenebris
1000 4693 1177 4738 manet
1215 4699 1381 4752 usque
1421 4684 1623 4749 adhuc,
1666 4684 1711 4739 si

135 4783 245 4849 jam
303 4784 437 4834 facta
488 4788 573 4832 est
616 4777 857 4841 remissio
897 4776 1262 4846 peccatorum?
1293 4780 1481 4831 Annon
1529 4785 1611 4831 est
1655 4777 1708 4832 in

137 4875 432 4928 schismate
462 4871 641 4925 odium
670 4863 1137 4938 fraternumiq'uis
1166 4868 1264 4923 hoc
1286 4868 1481 4924 dixerit
1508 4854 1719 4923 cumaet

135 4967 291 5035 origo
335 4977 391 5019 et
439 4963 730 5031 pertinacia
778 4962 1081 5015 schismatis
1116 4962 1258 5015 nulla
1310 4962 1379 5015 sit
1428 4963 1549 5027 alia,
1602 4963 1703 5016 nisi

136 5057 319 5112 odium
348 5055 525 5108 fratris
557 5051 932 5125 [fraternum]?
960 5053 1101 5106 llanc
1120 5053 1190 5106 illi
1213 5054 1560 5121 quaestionem
1594 5055 1697 5109 sol-

137 5168 265 5206 vere
294 5149 392 5203 sibi
426 5148 672 5201 videntur
699 5162 817 5199 cum
850 5148 1030 5200 dicunt
1055 5162 1069 5199 ε
1098 5145 1209 5199 Non
1233 5157 1313 5200 est
1340 5161 1464 5215 ergo
1490 5148 1540 5200 in
1568 5146 1709 5200 schi-

138 5252 312 5297 smate
344 5239 592 5294 remissio
622 5246 979 5307 peccaturum,
1013 5248 1063 5291 et
1095 5239 1214 5291 ideo
1246 5254 1343 5292 nec
1375 5241 1710 5307 regeneratio

142 5333 263 5385 novi
316 5330 564 5391 hominis,
616 5338 668 5383 ct
722 5329 999 5396 prOptcrca
1031 5344 1129 5389 nec
1167 5328 1456 5394 baptismus
1485 5329 1708 5384 Christi.

143 5422 248 5475 Nos
280 5433 459 5475 autem
492 5422 610 5488 quia
645 5418 871 5472 fatemur
899 5418 969 5472 ibi
991 5434 1109 5473 esse
1143 5420 1456 5501 baptismum
1486 5422 1703 5486 Christi,

148 5514 281 5565 hanc
324 5513 403 5564 eis
443 5512 792 5578 quaestionem
843 5510 1149 5563 solvendam
1202 5513 1567 5577 [ll‘OthllilllllS,
1606 5512 1712 5565 Ma-

144 5618 239 5671 gus
270 5602 360 5655 ille
404 5602 613 5663 Simon,
646 5612 820 5654 utrum
876 5616 1001 5653 vero
1028 5603 1219 5654 Christi
1265 5604 1577 5672 baptismate
1610 5603 1709 5655 tin-

148 5705 263 5751 ctus
306 5696 393 5750 sit.
432 5693 865 5760 Respondebant,
919 5694 1011 5757 lla,
1046 5696 1164 5746 unia
1209 5706 1401 5751 sancta:
1423 5696 1711 5765 Seriplura?

469 5808 732 5870 ΡΑΤιτυῐ..
789 5806 981 5865 [Χει-

1819 4596 2046 4666 Spiritus
2077 4596 2374 4664 disciplina:
2402 4593 2617 4663 elfugiet
2649 4593 2825 4647 fictum
2854 4610 2865 4645 :
2890 4593 2940 4646 id
2972 4603 3073 4655 est,
3120 4601 3179 4645 ut
3218 4602 3272 4646 et
3296 4593 3383 4646 in-
3464 4630 3467 4633 γ

1820 4692 1945 4741 ttuat
1974 4703 2095 4741 eum
2126 4687 2336 4740 Christo
2381 4686 2636 4739 sanctitas
2676 4684 2943 4752 baptismi,
2978 4694 3030 4737 et
3070 4690 3233 4737 exuat
3256 4699 3380 4739 eum

1814 4779 2028 4833 Christo
2072 4779 2336 4847 pernicies
2379 4775 2626 4839 fietionis,
2685 4775 2821 4828 sicut
2869 4776 2925 4826 lit
2973 4787 3094 4826 cum
3151 4776 3377 4843 qulSque

1822 4875 1922 4945 ιθ
1944 4889 1970 4926 a
2000 4872 2232 4927 tenebris
2279 4886 2371 4940 per
2400 4870 2570 4923 lucem
2600 4869 2790 4923 transit
2814 4867 2879 4920 ad
2916 4867 3163 4920 tenebras
3193 4884 3205 4919 :
3234 4868 3373 4920 oculi

1815 4966 2028 5033 quidem
2059 4964 2173 5031 ejus
2229 4962 2279 5015 in
2332 4961 2579 5015 tenebras
2634 4966 2891 5025 perpetuo
2921 4956 3236 5023 diriguntur,
3291 4958 3384 5008 sed

1814 5070 1917 5109 non
1951 5062 2123 5122 potest
2158 5066 2280 5106 eum
2330 5050 2441 5112 lux,
2496 5048 2594 5101 nisi
2628 5045 2943 5114 perfundere
2986 5052 3373 5097 transeunti-tu.

1780 5153 1784 5158 '
1814 5150 1868 5201 Si
1892 5162 2016 5215 ergo
2036 5144 2267 5200 dixerint
2288 5144 2387 5195 hoc
2409 5141 2528 5212 [Qui
2552 5154 2678 5210 ergo
2701 5139 2799 5191 hoc
2817 5134 3211 5205 dixerint],'ltoe
3225 5137 3384 5191 etiam

1816 5237 1866 5288 in
1898 5236 1975 5287 eis
2003 5232 2295 5299 intelligant
2330 5229 2468 5292 fieri,
2516 5228 2604 5296 qui
2654 5234 2802 5279 extra
2848 5223 3100 5276 Ecclesia:
3142 5238 3385 5277 commu-

1818 5328 2052 5388 nionem,
2082 5324 2175 5377 sed
2200 5330 2374 5376 tamen
2396 5320 2710 5389 baptismate
2741 5316 2991 5373 Ecclesiae
3016 5316 3382 5393 baptizantur;

1817 5420 1953 5487 quod
1987 5418 2301 5484 ubicumque
2332 5414 2510 5473 fuerit.
2536 5422 2775 5466 sanctum
2808 5418 2887 5462 est
2922 5423 3017 5476 per
3037 5408 3293 5475 seipsutn,
3325 5419 3381 5462 et

1818 5510 1935 5564 ideo
1965 5526 2067 5561 nun
2097 5518 2384 5561 esteorum
2409 5506 2498 5573 qui
2523 5520 2580 5559 se
2607 5510 2870 5571 separant,
2903 5500 2995 5554 sed
3025 5500 3140 5567 ejus
3166 5501 3302 5554 unde
3327 5516 3381 5555 so

1817 5610 2084 5668 separant.
2118 5599 2267 5653 Valet
2296 5608 2471 5652 tamen
2500 5606 2553 5650 et
2582 5592 2716 5662 apud
2747 5607 2837 5646 cos
2880 5591 3154 5653 hactenus,
3198 5598 3253 5641 ut
3292 5604 3381 5657 per

1820 5696 1934 5761 ejus
1966 5696 2134 5748 lucem
2173 5698 2443 5747 transeant
2488 5689 2551 5742 ad
2594 5686 2943 5742 dissensionis
2970 5698 3080 5738 sua:
3112 5680 3380 5750 tenebras,

2835 5798 2912 5853 9.3
