  <div class='ocr_page' id='page_1' title='image "/cluster/home/n/w/nwhite01/storage/ocr_20150623/61-62/uva.x000827102/1025.png"; bbox 0 0 3904 6224; ppageno 0'>
   <div class='ocr_carea' id='block_1_1' title="bbox 461 219 666 294">
    <p class='ocr_par' dir='ltr' id='par_1_1' title="bbox 461 219 666 294">
     <span class='ocr_line' id='line_1_1' title="bbox 461 219 666 294; baseline -0.01 0"><span class='ocrx_word' id='word_1_1' title='bbox 461 219 666 294; x_wconf 51' lang='grc'><strong>⁴875’</strong></span> 
     </span>
    </p>
   </div>
   <div class='ocr_carea' id='block_1_2' title="bbox 1587 210 2680 315">
    <p class='ocr_par' dir='ltr' id='par_1_2' title="bbox 1587 210 2680 315">
     <span class='ocr_line' id='line_1_2' title="bbox 1587 210 2680 315; baseline -0.005 -26"><span class='ocrx_word' id='word_1_2' title='bbox 1587 236 1647 289; x_wconf 92' lang='lat' dir='ltr'><strong>D.</strong></span> <span class='ocrx_word' id='word_1_3' title='bbox 1691 227 1998 315; x_wconf 76' lang='lat' dir='ltr'><strong>EUGtPPtt</strong></span> <span class='ocrx_word' id='word_1_4' title='bbox 2038 227 2326 284; x_wconf 75' lang='lat' dir='ltr'><strong>ABBATIS</strong></span> <span class='ocrx_word' id='word_1_5' title='bbox 2365 210 2680 284; x_wconf 67' lang='lat' dir='ltr'><strong>mitam</strong></span> 
     </span>
    </p>
   </div>
   <div class='ocr_carea' id='block_1_3' title="bbox 3673 231 3759 282">
    <p class='ocr_par' dir='ltr' id='par_1_3' title="bbox 3673 231 3759 282">
     <span class='ocr_line' id='line_1_3' title="bbox 3673 231 3759 282; baseline 0 0"><span class='ocrx_word' id='word_1_6' title='bbox 3673 231 3759 282; x_wconf 69' lang='lat' dir='ltr'><strong>S73</strong></span> 
     </span>
    </p>
   </div>
   <div class='ocr_carea' id='block_1_4' title="bbox 522 326 3762 418">
    <p class='ocr_par' dir='ltr' id='par_1_4' title="bbox 522 326 3762 418">
     <span class='ocr_line' id='line_1_4' title="bbox 522 326 3762 418; baseline -0.004 -11"><span class='ocrx_word' id='word_1_7' title='bbox 522 352 775 408; x_wconf 88' lang='lat' dir='ltr'><strong>continuo</strong></span> <span class='ocrx_word' id='word_1_8' title='bbox 803 352 1147 406; x_wconf 75' lang='lat' dir='ltr'><strong>redeuntibus</strong></span> <span class='ocrx_word' id='word_1_9' title='bbox 1179 347 1430 418; x_wconf 83' lang='lat' dir='ltr'><strong>peccatis,</strong></span> <span class='ocrx_word' id='word_1_10' title='bbox 1462 358 1580 414; x_wconf 74' lang='lat' dir='ltr'><strong>qua:</strong></span> <span class='ocrx_word' id='word_1_11' title='bbox 1611 341 1946 412; x_wconf 74' lang='lat' dir='ltr'><strong>baptismatis</strong></span> <span class='ocrx_word' id='word_1_12' title='bbox 1970 326 2090 394; x_wconf 77' lang='lat' dir='ltr'><strong>san-</strong></span> <span class='ocrx_word' id='word_1_13' title='bbox 2122 342 2170 401; x_wconf 79' lang='grc' dir='ltr'><strong>Α</strong></span> <span class='ocrx_word' id='word_1_14' title='bbox 2199 352 2372 394; x_wconf 91' lang='lat' dir='ltr'><strong>smum</strong></span> <span class='ocrx_word' id='word_1_15' title='bbox 2401 355 2558 411; x_wconf 81' lang='lat' dir='ltr'><strong>quem</strong></span> <span class='ocrx_word' id='word_1_16' title='bbox 2590 349 2730 396; x_wconf 88' lang='lat' dir='ltr'><strong>tanta</strong></span> <span class='ocrx_word' id='word_1_17' title='bbox 2773 340 3107 397; x_wconf 73' lang='lat' dir='ltr'><strong>festinatione</strong></span> <span class='ocrx_word' id='word_1_18' title='bbox 3146 337 3365 407; x_wconf 89' lang='lat' dir='ltr'><strong>accipit,</strong></span> <span class='ocrx_word' id='word_1_19' title='bbox 3413 347 3470 392; x_wconf 87' lang='lat' dir='ltr'><strong>ut</strong></span> <span class='ocrx_word' id='word_1_20' title='bbox 3516 353 3762 395; x_wconf 52' lang='lat' dir='ltr'><strong>ncces»</strong></span> 
     </span>
    </p>
   </div>
   <div class='ocr_carea' id='block_1_5' title="bbox 523 431 2084 510">
    <p class='ocr_par' dir='ltr' id='par_1_5' title="bbox 523 431 2084 510">
     <span class='ocr_line' id='line_1_5' title="bbox 523 431 2084 510; baseline -0.009 -10"><span class='ocrx_word' id='word_1_21' title='bbox 523 447 676 501; x_wconf 87' lang='lat' dir='ltr'><strong>ctitas</strong></span> <span class='ocrx_word' id='word_1_22' title='bbox 699 446 750 501; x_wconf 91' lang='lat' dir='ltr'><strong>in</strong></span> <span class='ocrx_word' id='word_1_23' title='bbox 781 445 870 499; x_wconf 88' lang='lat' dir='ltr'><strong>illo</strong></span> <span class='ocrx_word' id='word_1_24' title='bbox 890 444 1140 510; x_wconf 86' lang='lat' dir='ltr'><strong>temporis</strong></span> <span class='ocrx_word' id='word_1_25' title='bbox 1168 446 1362 508; x_wconf 90' lang='lat' dir='ltr'><strong>puncto</strong></span> <span class='ocrx_word' id='word_1_26' title='bbox 1379 431 1692 501; x_wconf 77' lang='lat' dir='ltr'><strong>dimiserat,</strong></span> <span class='ocrx_word' id='word_1_27' title='bbox 1724 443 1975 504; x_wconf 79' lang='lat' dir='ltr'><strong>tanquam</strong></span> <span class='ocrx_word' id='word_1_28' title='bbox 2000 447 2084 487; x_wconf 89' lang='lat' dir='ltr'><strong>rc-</strong></span> 
     </span>
    </p>
   </div>
   <div class='ocr_carea' id='block_1_6' title="bbox 525 526 2093 598">
    <p class='ocr_par' dir='ltr' id='par_1_6' title="bbox 525 526 2093 598">
     <span class='ocr_line' id='line_1_6' title="bbox 525 526 2093 598; baseline -0.01 -7"><span class='ocrx_word' id='word_1_29' title='bbox 525 537 722 591; x_wconf 87' lang='lat' dir='ltr'><strong>deunte</strong></span> <span class='ocrx_word' id='word_1_30' title='bbox 765 531 1106 593; x_wconf 70' lang='lat' dir='ltr'><strong>obscuritate,</strong></span> <span class='ocrx_word' id='word_1_31' title='bbox 1160 543 1318 598; x_wconf 80' lang='lat' dir='ltr'><strong>quam</strong></span> <span class='ocrx_word' id='word_1_32' title='bbox 1372 527 1460 582; x_wconf 76' lang='lat' dir='ltr'><strong>lux</strong></span> <span class='ocrx_word' id='word_1_33' title='bbox 1505 526 1558 581; x_wconf 92' lang='lat' dir='ltr'><strong>in</strong></span> <span class='ocrx_word' id='word_1_34' title='bbox 1614 527 1844 581; x_wconf 89' lang='lat' dir='ltr'><strong>transitu</strong></span> <span class='ocrx_word' id='word_1_35' title='bbox 1883 531 2093 580; x_wconf 70' lang='lat' dir='ltr'><strong>“excus—</strong></span> 
     </span>
    </p>
   </div>
   <div class='ocr_carea' id='block_1_7' title="bbox 525 641 1540 747">
    <p class='ocr_par' dir='ltr' id='par_1_7' title="bbox 525 641 1540 747">
     <span class='ocr_line' id='line_1_7' title="bbox 525 641 1540 747; baseline -0.008 4"><span class='ocrx_word' id='word_1_36' title='bbox 525 641 683 686; x_wconf 62' lang='lat' dir='ltr'><strong>sm&quot;</strong></span> <span class='ocrx_word' id='word_1_37' title='bbox 1073 691 1298 747; x_wconf 78' lang='lat' dir='ltr'><strong>CAPUT</strong></span> <span class='ocrx_word' id='word_1_38' title='bbox 1336 689 1540 747; x_wconf 83' lang='lat' dir='ltr'><strong>ccxu.</strong></span> 
     </span>
    </p>
   </div>
   <div class='ocr_carea' id='block_1_8' title="bbox 525 779 2088 859">
    <p class='ocr_par' dir='ltr' id='par_1_8' title="bbox 525 779 2088 859">
     <span class='ocr_line' id='line_1_8' title="bbox 525 779 2088 859; baseline -0.01 -2"><span class='ocrx_word' id='word_1_39' title='bbox 525 803 741 857; x_wconf 79' lang='lat' dir='ltr'><strong>Peccata</strong></span> <span class='ocrx_word' id='word_1_40' title='bbox 766 801 875 854; x_wconf 78' lang='lat' dir='ltr'><strong>sine</strong></span> <span class='ocrx_word' id='word_1_41' title='bbox 909 797 1157 850; x_wconf 75' lang='lat' dir='ltr'><strong>charitate</strong></span> <span class='ocrx_word' id='word_1_42' title='bbox 1190 779 1293 848; x_wconf 79' lang='lat' dir='ltr'><strong>non</strong></span> <span class='ocrx_word' id='word_1_43' title='bbox 1317 793 1503 846; x_wconf 79' lang='lat' dir='ltr'><strong>dimitti</strong></span> <span class='ocrx_word' id='word_1_44' title='bbox 1523 790 1742 856; x_wconf 82' lang='lat' dir='ltr'><strong>:.probat</strong></span> <span class='ocrx_word' id='word_1_45' title='bbox 1774 805 1862 859; x_wconf 81' lang='lat' dir='ltr'><strong>per</strong></span> <span class='ocrx_word' id='word_1_46' title='bbox 1891 803 2088 842; x_wconf 79' lang='lat' dir='ltr'><strong>servum</strong></span> 
     </span>
    </p>
   </div>
   <div class='ocr_carea' id='block_1_9' title="bbox 855 861 1742 922">
    <p class='ocr_par' dir='ltr' id='par_1_9' title="bbox 855 861 1742 922">
     <span class='ocr_line' id='line_1_9' title="bbox 855 861 1742 922; baseline -0.007 -2"><span class='ocrx_word' id='word_1_47' title='bbox 855 868 936 921; x_wconf 78' lang='lat' dir='ltr'><strong>cui</strong></span> <span class='ocrx_word' id='word_1_48' title='bbox 955 867 1194 922; x_wconf 85' lang='lat' dir='ltr'><strong>dominus</strong></span> <span class='ocrx_word' id='word_1_49' title='bbox 1216 865 1434 919; x_wconf 78' lang='lat' dir='ltr'><strong>debitum</strong></span> <span class='ocrx_word' id='word_1_50' title='bbox 1458 861 1742 916; x_wconf 71' lang='lat' dir='ltr'><strong>dimiserat.</strong></span> 
     </span>
    </p>
   </div>
   <div class='ocr_carea' id='block_1_10' title="bbox 592 968 2092 1047">
    <p class='ocr_par' dir='ltr' id='par_1_10' title="bbox 592 968 2092 1047">
     <span class='ocr_line' id='line_1_10' title="bbox 592 968 2092 1047; baseline -0.011 -7"><span class='ocrx_word' id='word_1_51' title='bbox 592 985 725 1040; x_wconf 83' lang='lat' dir='ltr'><strong>Nam</strong></span> <span class='ocrx_word' id='word_1_52' title='bbox 755 979 1180 1038; x_wconf 70' lang='lat' dir='ltr'><strong>redire&#39;dimissa</strong></span> <span class='ocrx_word' id='word_1_53' title='bbox 1218 985 1434 1047; x_wconf 87' lang='lat' dir='ltr'><strong>peccata</strong></span> <span class='ocrx_word' id='word_1_54' title='bbox 1473 972 1562 1028; x_wconf 92' lang='lat' dir='ltr'><strong>ubi</strong></span> <span class='ocrx_word' id='word_1_55' title='bbox 1593 971 1823 1028; x_wconf 81' lang='lat' dir='ltr'><strong>fraterna</strong></span> <span class='ocrx_word' id='word_1_56' title='bbox 1855 968 2092 1024; x_wconf 86' lang='lat' dir='ltr'><strong>eharitas</strong></span> 
     </span>
    </p>
   </div>
   <div class='ocr_carea' id='block_1_11' title="bbox 524 1059 2111 1145">
    <p class='ocr_par' dir='ltr' id='par_1_11' title="bbox 524 1059 2111 1145">
     <span class='ocr_line' id='line_1_11' title="bbox 524 1059 2111 1145; baseline -0.013 -11"><span class='ocrx_word' id='word_1_57' title='bbox 524 1094 629 1134; x_wconf 91' lang='lat' dir='ltr'><strong>non</strong></span> <span class='ocrx_word' id='word_1_58' title='bbox 660 1085 763 1140; x_wconf 88' lang='lat' dir='ltr'><strong>est,</strong></span> <span class='ocrx_word' id='word_1_59' title='bbox 784 1073 1118 1145; x_wconf 82' lang='lat' dir='ltr'><strong>apertissime</strong></span> <span class='ocrx_word' id='word_1_60' title='bbox 1145 1068 1398 1124; x_wconf 86' lang='lat' dir='ltr'><strong>Dominus</strong></span> <span class='ocrx_word' id='word_1_61' title='bbox 1419 1067 1473 1120; x_wconf 91' lang='lat' dir='ltr'><strong>in</strong></span> <span class='ocrx_word' id='word_1_62' title='bbox 1498 1062 1792 1143; x_wconf 81' lang='lat' dir='ltr'><strong>Evangelio</strong></span> <span class='ocrx_word' id='word_1_63' title='bbox 1820 1060 2000 1126; x_wconf 84' lang='lat' dir='ltr'><strong>docet,</strong></span> <span class='ocrx_word' id='word_1_64' title='bbox 2022 1059 2111 1114; x_wconf 90' lang='lat' dir='ltr'><strong>de.</strong></span> 
     </span>
    </p>
   </div>
   <div class='ocr_carea' id='block_1_12' title="bbox 524 1149 2089 1234">
    <p class='ocr_par' dir='ltr' id='par_1_12' title="bbox 524 1149 2089 1234">
     <span class='ocr_line' id='line_1_12' title="bbox 524 1149 2089 1234; baseline -0.013 -10"><span class='ocrx_word' id='word_1_65' title='bbox 524 1169 619 1226; x_wconf 88' lang='lat' dir='ltr'><strong>illo</strong></span> <span class='ocrx_word' id='word_1_66' title='bbox 662 1181 838 1230; x_wconf 88' lang='lat' dir='ltr'><strong>servo,</strong></span> <span class='ocrx_word' id='word_1_67' title='bbox 885 1178 1042 1234; x_wconf 85' lang='lat' dir='ltr'><strong>quem</strong></span> <span class='ocrx_word' id='word_1_68' title='bbox 1069 1153 1190 1214; x_wconf 85' lang='lat' dir='ltr'><strong>cum</strong></span> <span class='ocrx_word' id='word_1_69' title='bbox 1237 1155 1531 1212; x_wconf 84' lang='lat' dir='ltr'><strong>invenisset</strong></span> <span class='ocrx_word' id='word_1_70' title='bbox 1573 1151 1871 1208; x_wconf 84' lang='lat' dir='ltr'><strong>debitorem</strong></span> <span class='ocrx_word' id='word_1_71' title='bbox 1903 1149 2089 1204; x_wconf 88' lang='lat' dir='ltr'><strong>decem</strong></span> 
     </span>
    </p>
   </div>
   <div class='ocr_carea' id='block_1_13' title="bbox 525 1240 2094 1319">
    <p class='ocr_par' dir='ltr' id='par_1_13' title="bbox 525 1240 2094 1319">
     <span class='ocr_line' id='line_1_13' title="bbox 525 1240 2094 1319; baseline -0.014 -3"><span class='ocrx_word' id='word_1_72' title='bbox 525 1261 747 1316; x_wconf 85' lang='lat' dir='ltr'><strong>millium</strong></span> <span class='ocrx_word' id='word_1_73' title='bbox 781 1257 1121 1318; x_wconf 84' lang='lat' dir='ltr'><strong>talentorum,</strong></span> <span class='ocrx_word' id='word_1_74' title='bbox 1153 1247 1468 1319; x_wconf 86' lang='lat' dir='ltr'><strong>deprecanti</strong></span> <span class='ocrx_word' id='word_1_75' title='bbox 1512 1243 1690 1300; x_wconf 86' lang='lat' dir='ltr'><strong>omnia</strong></span> <span class='ocrx_word' id='word_1_76' title='bbox 1720 1243 1929 1298; x_wconf 83' lang='lat' dir='ltr'><strong>dimisit</strong></span> <span class='ocrx_word' id='word_1_77' title='bbox 1956 1259 1970 1297; x_wconf 90' lang='lat'><strong>:</strong></span> <span class='ocrx_word' id='word_1_78' title='bbox 2002 1240 2094 1296; x_wconf 92' lang='lat' dir='ltr'><strong>ille</strong></span> 
     </span>
    </p>
   </div>
   <div class='ocr_carea' id='block_1_14' title="bbox 525 1331 2093 1413">
    <p class='ocr_par' dir='ltr' id='par_1_14' title="bbox 525 1331 2093 1413">
     <span class='ocr_line' id='line_1_14' title="bbox 525 1331 2093 1413; baseline -0.013 -7"><span class='ocrx_word' id='word_1_79' title='bbox 525 1361 702 1406; x_wconf 91' lang='lat' dir='ltr'><strong>autem</strong></span> <span class='ocrx_word' id='word_1_80' title='bbox 736 1359 1048 1403; x_wconf 87' lang='lat' dir='ltr'><strong>conservum</strong></span> <span class='ocrx_word' id='word_1_81' title='bbox 1096 1355 1249 1413; x_wconf 88' lang='lat' dir='ltr'><strong>suum</strong></span> <span class='ocrx_word' id='word_1_82' title='bbox 1275 1339 1365 1410; x_wconf 88' lang='lat' dir='ltr'><strong>qui</strong></span> <span class='ocrx_word' id='word_1_83' title='bbox 1394 1339 1446 1393; x_wconf 91' lang='lat' dir='ltr'><strong>ei</strong></span> <span class='ocrx_word' id='word_1_84' title='bbox 1490 1337 1721 1392; x_wconf 81' lang='lat' dir='ltr'><strong>debebat</strong></span> <span class='ocrx_word' id='word_1_85' title='bbox 1749 1344 1962 1390; x_wconf 85' lang='lat' dir='ltr'><strong>centum</strong></span> <span class='ocrx_word' id='word_1_86' title='bbox 1995 1331 2093 1388; x_wconf 79' lang='lat' dir='ltr'><strong>de-</strong></span> 
     </span>
    </p>
   </div>
   <div class='ocr_carea' id='block_1_15' title="bbox 527 1424 2099 1505">
    <p class='ocr_par' dir='ltr' id='par_1_15' title="bbox 527 1424 2099 1505">
     <span class='ocr_line' id='line_1_15' title="bbox 527 1424 2099 1505; baseline -0.013 -7"><span class='ocrx_word' id='word_1_87' title='bbox 527 1443 729 1505; x_wconf 86' lang='lat' dir='ltr'><strong>narios,</strong></span> <span class='ocrx_word' id='word_1_88' title='bbox 756 1454 874 1494; x_wconf 90' lang='lat' dir='ltr'><strong>cum</strong></span> <span class='ocrx_word' id='word_1_89' title='bbox 906 1437 1191 1491; x_wconf 81' lang='lat' dir='ltr'><strong>miseratus</strong></span> <span class='ocrx_word' id='word_1_90' title='bbox 1219 1447 1322 1487; x_wconf 93' lang='lat' dir='ltr'><strong>non</strong></span> <span class='ocrx_word' id='word_1_91' title='bbox 1354 1430 1561 1494; x_wconf 77' lang='lat' dir='ltr'><strong>fuisset,</strong></span> <span class='ocrx_word' id='word_1_92' title='bbox 1588 1427 1751 1500; x_wconf 80' lang='lat' dir='ltr'><strong>jussit</strong></span> <span class='ocrx_word' id='word_1_93' title='bbox 1778 1442 1898 1482; x_wconf 90' lang='lat' dir='ltr'><strong>eum</strong></span> <span class='ocrx_word' id='word_1_94' title='bbox 1923 1424 2099 1480; x_wconf 91' lang='lat' dir='ltr'><strong>domi-</strong></span> 
     </span>
    </p>
   </div>
   <div class='ocr_carea' id='block_1_16' title="bbox 529 1521 2098 1598">
    <p class='ocr_par' dir='ltr' id='par_1_16' title="bbox 529 1521 2098 1598">
     <span class='ocr_line' id='line_1_16' title="bbox 529 1521 2098 1598; baseline -0.012 -9"><span class='ocrx_word' id='word_1_95' title='bbox 529 1552 628 1590; x_wconf 88' lang='lat' dir='ltr'><strong>nus</strong></span> <span class='ocrx_word' id='word_1_96' title='bbox 659 1532 878 1588; x_wconf 81' lang='lat' dir='ltr'><strong>reddere</strong></span> <span class='ocrx_word' id='word_1_97' title='bbox 905 1525 1024 1598; x_wconf 63' lang='lat' dir='ltr'><strong>quae</strong></span> <span class='ocrx_word' id='word_1_98' title='bbox 1050 1526 1102 1580; x_wconf 92' lang='lat' dir='ltr'><strong>ei</strong></span> <span class='ocrx_word' id='word_1_99' title='bbox 1127 1524 1424 1580; x_wconf 78' lang='lat' dir='ltr'><strong>dimiserat.</strong></span> <span class='ocrx_word' id='word_1_100' title='bbox 1457 1521 1690 1590; x_wconf 84' lang='lat' dir='ltr'><strong>Tempus</strong></span> <span class='ocrx_word' id='word_1_101' title='bbox 1719 1532 1847 1587; x_wconf 89' lang='lat' dir='ltr'><strong>ergo</strong></span> <span class='ocrx_word' id='word_1_102' title='bbox 1874 1530 1980 1588; x_wconf 92' lang='lat' dir='ltr'><strong>quo</strong></span> <span class='ocrx_word' id='word_1_103' title='bbox 2006 1530 2098 1571; x_wconf 69' lang='lat' dir='ltr'><strong>aco</strong></span> 
     </span>
    </p>
   </div>
   <div class='ocr_carea' id='block_1_17' title="bbox 524 1614 2096 1696">
    <p class='ocr_par' dir='ltr' id='par_1_17' title="bbox 524 1614 2096 1696">
     <span class='ocr_line' id='line_1_17' title="bbox 524 1614 2096 1696; baseline -0.013 -15"><span class='ocrx_word' id='word_1_104' title='bbox 524 1628 718 1696; x_wconf 83' lang='lat' dir='ltr'><strong>cipitur</strong></span> <span class='ocrx_word' id='word_1_105' title='bbox 739 1620 1074 1691; x_wconf 79' lang='lat' dir='ltr'><strong>indulgentia</strong></span> <span class='ocrx_word' id='word_1_106' title='bbox 1104 1632 1199 1689; x_wconf 91' lang='lat' dir='ltr'><strong>per</strong></span> <span class='ocrx_word' id='word_1_107' title='bbox 1225 1614 1569 1684; x_wconf 83' lang='lat' dir='ltr'><strong>baptismum,</strong></span> <span class='ocrx_word' id='word_1_108' title='bbox 1600 1621 1851 1679; x_wconf 89' lang='lat' dir='ltr'><strong>tanquam</strong></span> <span class='ocrx_word' id='word_1_109' title='bbox 1884 1618 2096 1692; x_wconf 83' lang='lat' dir='ltr'><strong>tempus</strong></span> 
     </span>
    </p>
   </div>
   <div class='ocr_carea' id='block_1_18' title="bbox 527 1699 2174 1785">
    <p class='ocr_par' dir='ltr' id='par_1_18' title="bbox 527 1699 2174 1785">
     <span class='ocr_line' id='line_1_18' title="bbox 527 1699 2174 1785; baseline -0.015 -12"><span class='ocrx_word' id='word_1_110' title='bbox 527 1727 608 1775; x_wconf 87' lang='lat' dir='ltr'><strong>est</strong></span> <span class='ocrx_word' id='word_1_111' title='bbox 634 1715 919 1781; x_wconf 80' lang='lat' dir='ltr'><strong>reddenda:</strong></span> <span class='ocrx_word' id='word_1_112' title='bbox 948 1709 1191 1775; x_wconf 88' lang='lat' dir='ltr'><strong>rationis,</strong></span> <span class='ocrx_word' id='word_1_113' title='bbox 1225 1715 1283 1763; x_wconf 94' lang='lat' dir='ltr'><strong>ut</strong></span> <span class='ocrx_word' id='word_1_114' title='bbox 1307 1704 1482 1760; x_wconf 88' lang='lat' dir='ltr'><strong>omnia</strong></span> <span class='ocrx_word' id='word_1_115' title='bbox 1511 1701 1694 1773; x_wconf 85' lang='lat' dir='ltr'><strong>debita</strong></span> <span class='ocrx_word' id='word_1_116' title='bbox 1721 1714 1841 1785; x_wconf 60' lang='lat' dir='ltr'><strong>quae</strong></span> <span class='ocrx_word' id='word_1_117' title='bbox 1877 1699 2093 1753; x_wconf 70' lang='lat' dir='ltr'><strong>intenta</strong></span> <span class='ocrx_word' id='word_1_118' title='bbox 2125 1715 2174 1775; x_wconf 72' lang='grc' dir='ltr'><strong>Β</strong></span> 
     </span>
    </p>
   </div>
   <div class='ocr_carea' id='block_1_19' title="bbox 527 1791 2097 1869">
    <p class='ocr_par' dir='ltr' id='par_1_19' title="bbox 527 1791 2097 1869">
     <span class='ocr_line' id='line_1_19' title="bbox 527 1791 2097 1869; baseline -0.013 -7"><span class='ocrx_word' id='word_1_119' title='bbox 527 1808 742 1869; x_wconf 81' lang='lat' dir='ltr'><strong>iuerint,</strong></span> <span class='ocrx_word' id='word_1_120' title='bbox 788 1803 1153 1864; x_wconf 84' lang='lat' dir='ltr'><strong>dimittantur;</strong></span> <span class='ocrx_word' id='word_1_121' title='bbox 1204 1811 1312 1851; x_wconf 85' lang='lat' dir='ltr'><strong>non</strong></span> <span class='ocrx_word' id='word_1_122' title='bbox 1346 1806 1521 1850; x_wconf 88' lang='lat' dir='ltr'><strong>tamen</strong></span> <span class='ocrx_word' id='word_1_123' title='bbox 1559 1791 1654 1848; x_wconf 83' lang='lat' dir='ltr'><strong>ille</strong></span> <span class='ocrx_word' id='word_1_124' title='bbox 1693 1805 1882 1846; x_wconf 86' lang='lat' dir='ltr'><strong>servus</strong></span> <span class='ocrx_word' id='word_1_125' title='bbox 1915 1799 2097 1858; x_wconf 81' lang='lat' dir='ltr'><strong>postea</strong></span> 
     </span>
    </p>
   </div>
   <div class='ocr_carea' id='block_1_20' title="bbox 530 1880 2096 1955">
    <p class='ocr_par' dir='ltr' id='par_1_20' title="bbox 530 1880 2096 1955">
     <span class='ocr_line' id='line_1_20' title="bbox 530 1880 2096 1955; baseline -0.013 -2"><span class='ocrx_word' id='word_1_126' title='bbox 530 1898 676 1953; x_wconf 85' lang='lat' dir='ltr'><strong>dedit</strong></span> <span class='ocrx_word' id='word_1_127' title='bbox 720 1907 980 1952; x_wconf 81' lang='lat' dir='ltr'><strong>conservo</strong></span> <span class='ocrx_word' id='word_1_128' title='bbox 1008 1906 1106 1946; x_wconf 89' lang='lat' dir='ltr'><strong>suo</strong></span> <span class='ocrx_word' id='word_1_129' title='bbox 1155 1899 1392 1945; x_wconf 89' lang='lat' dir='ltr'><strong>mutuam</strong></span> <span class='ocrx_word' id='word_1_130' title='bbox 1442 1880 1738 1955; x_wconf 82' lang='lat' dir='ltr'><strong>pecuniam,</strong></span> <span class='ocrx_word' id='word_1_131' title='bbox 1790 1895 1948 1950; x_wconf 91' lang='lat' dir='ltr'><strong>quam</strong></span> <span class='ocrx_word' id='word_1_132' title='bbox 1979 1893 2096 1934; x_wconf 89' lang='lat' dir='ltr'><strong>eum</strong></span> 
     </span>
    </p>
   </div>
   <div class='ocr_carea' id='block_1_21' title="bbox 455 1973 2098 2058">
    <p class='ocr_par' dir='ltr' id='par_1_21' title="bbox 455 1973 2098 2058">
     <span class='ocr_line' id='line_1_21' title="bbox 455 1973 2098 2058; baseline -0.012 -14"><span class='ocrx_word' id='word_1_133' title='bbox 455 2040 457 2044; x_wconf 89' lang='lat'><strong>.</strong></span> <span class='ocrx_word' id='word_1_134' title='bbox 530 1992 623 2047; x_wconf 88' lang='lat' dir='ltr'><strong>ille</strong></span> <span class='ocrx_word' id='word_1_135' title='bbox 641 2005 746 2045; x_wconf 92' lang='lat' dir='ltr'><strong>non</strong></span> <span class='ocrx_word' id='word_1_136' title='bbox 774 1999 953 2058; x_wconf 82' lang='lat' dir='ltr'><strong>posset</strong></span> <span class='ocrx_word' id='word_1_137' title='bbox 979 1985 1220 2048; x_wconf 87' lang='lat' dir='ltr'><strong>reddere,</strong></span> <span class='ocrx_word' id='word_1_138' title='bbox 1247 1995 1353 2037; x_wconf 92' lang='lat' dir='ltr'><strong>non</strong></span> <span class='ocrx_word' id='word_1_139' title='bbox 1374 1980 1489 2048; x_wconf 84' lang='lat' dir='ltr'><strong>ejus</strong></span> <span class='ocrx_word' id='word_1_140' title='bbox 1513 1977 1783 2058; x_wconf 82' lang='lat' dir='ltr'><strong>misertus,</strong></span> <span class='ocrx_word' id='word_1_141' title='bbox 1806 1973 1898 2029; x_wconf 90' lang='lat' dir='ltr'><strong>sed</strong></span> <span class='ocrx_word' id='word_1_142' title='bbox 1919 1974 2028 2043; x_wconf 89' lang='lat' dir='ltr'><strong>jam</strong></span> <span class='ocrx_word' id='word_1_143' title='bbox 2050 1973 2098 2027; x_wconf 90' lang='lat' dir='ltr'><strong>ei</strong></span> 
     </span>
    </p>
   </div>
   <div class='ocr_carea' id='block_1_22' title="bbox 525 2056 2101 2154">
    <p class='ocr_par' dir='ltr' id='par_1_22' title="bbox 525 2056 2101 2154">
     <span class='ocr_line' id='line_1_22' title="bbox 525 2056 2101 2154; baseline -0.015 -13"><span class='ocrx_word' id='word_1_144' title='bbox 525 2068 759 2154; x_wconf 80' lang='lat' dir='ltr'><strong>debebat</strong></span> <span class='ocrx_word' id='word_1_145' title='bbox 776 2056 1076 2136; x_wconf 77' lang='lat' dir='ltr'><strong>conservus</strong></span> <span class='ocrx_word' id='word_1_146' title='bbox 1103 2075 1239 2145; x_wconf 86' lang='lat' dir='ltr'><strong>ejus,</strong></span> <span class='ocrx_word' id='word_1_147' title='bbox 1285 2086 1407 2128; x_wconf 87' lang='lat' dir='ltr'><strong>cum</strong></span> <span class='ocrx_word' id='word_1_148' title='bbox 1437 2069 1552 2138; x_wconf 90' lang='lat' dir='ltr'><strong>ipse</strong></span> <span class='ocrx_word' id='word_1_149' title='bbox 1591 2056 1853 2122; x_wconf 82' lang='lat' dir='ltr'><strong>rationem</strong></span> <span class='ocrx_word' id='word_1_150' title='bbox 1884 2063 2101 2118; x_wconf 90' lang='lat' dir='ltr'><strong>domino</strong></span> 
     </span>
    </p>
   </div>
   <div class='ocr_carea' id='block_1_23' title="bbox 449 2155 2101 2241">
    <p class='ocr_par' dir='ltr' id='par_1_23' title="bbox 449 2155 2101 2241">
     <span class='ocr_line' id='line_1_23' title="bbox 449 2155 2101 2241; baseline -0.017 -5"><span class='ocrx_word' id='word_1_151' title='bbox 449 2193 454 2198; x_wconf 83' lang='lat'>&#39;</span> <span class='ocrx_word' id='word_1_152' title='bbox 533 2195 630 2235; x_wconf 93' lang='lat' dir='ltr'><strong>suo</strong></span> <span class='ocrx_word' id='word_1_153' title='bbox 659 2175 908 2241; x_wconf 84' lang='lat' dir='ltr'><strong>reddens,</strong></span> <span class='ocrx_word' id='word_1_154' title='bbox 942 2170 1072 2227; x_wconf 88' lang='lat' dir='ltr'><strong>tanti</strong></span> <span class='ocrx_word' id='word_1_155' title='bbox 1105 2165 1310 2224; x_wconf 90' lang='lat' dir='ltr'><strong>numeri</strong></span> <span class='ocrx_word' id='word_1_156' title='bbox 1338 2165 1517 2220; x_wconf 89' lang='lat' dir='ltr'><strong>debito</strong></span> <span class='ocrx_word' id='word_1_157' title='bbox 1545 2161 1862 2216; x_wconf 81' lang='lat' dir='ltr'><strong>solveretur.</strong></span> <span class='ocrx_word' id='word_1_158' title='bbox 1891 2155 2000 2212; x_wconf 83' lang='lat' dir='ltr'><strong>Nec</strong></span> <span class='ocrx_word' id='word_1_159' title='bbox 2021 2155 2101 2209; x_wconf 88' lang='lat' dir='ltr'><strong>di-</strong></span> 
     </span>
    </p>
   </div>
   <div class='ocr_carea' id='block_1_24' title="bbox 534 2250 2103 2329">
    <p class='ocr_par' dir='ltr' id='par_1_24' title="bbox 534 2250 2103 2329">
     <span class='ocr_line' id='line_1_24' title="bbox 534 2250 2103 2329; baseline -0.016 -4"><span class='ocrx_word' id='word_1_160' title='bbox 534 2271 750 2325; x_wconf 80' lang='lat' dir='ltr'><strong>miserat</strong></span> <span class='ocrx_word' id='word_1_161' title='bbox 778 2278 1044 2321; x_wconf 86' lang='lat' dir='ltr'><strong>conservo</strong></span> <span class='ocrx_word' id='word_1_162' title='bbox 1069 2276 1166 2316; x_wconf 84' lang='lat' dir='ltr'><strong>suo</strong></span> <span class='ocrx_word' id='word_1_163' title='bbox 1193 2257 1334 2329; x_wconf 90' lang='lat' dir='ltr'><strong>quod</strong></span> <span class='ocrx_word' id='word_1_164' title='bbox 1359 2259 1405 2312; x_wconf 90' lang='lat' dir='ltr'><strong>ei</strong></span> <span class='ocrx_word' id='word_1_165' title='bbox 1438 2254 1691 2315; x_wconf 89' lang='lat' dir='ltr'><strong>debebat,</strong></span> <span class='ocrx_word' id='word_1_166' title='bbox 1719 2257 1776 2305; x_wconf 91' lang='lat' dir='ltr'><strong>et</strong></span> <span class='ocrx_word' id='word_1_167' title='bbox 1801 2250 1879 2303; x_wconf 91' lang='lat' dir='ltr'><strong>sic</strong></span> <span class='ocrx_word' id='word_1_168' title='bbox 1919 2261 2103 2302; x_wconf 89' lang='lat' dir='ltr'><strong>acces-</strong></span> 
     </span>
    </p>
   </div>
   <div class='ocr_carea' id='block_1_25' title="bbox 532 2336 2101 2426">
    <p class='ocr_par' dir='ltr' id='par_1_25' title="bbox 532 2336 2101 2426">
     <span class='ocr_line' id='line_1_25' title="bbox 532 2336 2101 2426; baseline -0.017 -10"><span class='ocrx_word' id='word_1_169' title='bbox 532 2368 693 2426; x_wconf 81' lang='lat' dir='ltr'><strong>serat,</strong></span> <span class='ocrx_word' id='word_1_170' title='bbox 725 2366 784 2412; x_wconf 89' lang='lat' dir='ltr'><strong>ut</strong></span> <span class='ocrx_word' id='word_1_171' title='bbox 815 2358 862 2410; x_wconf 90' lang='lat' dir='ltr'><strong>ei</strong></span> <span class='ocrx_word' id='word_1_172' title='bbox 893 2354 1183 2408; x_wconf 86' lang='lat' dir='ltr'><strong>dimitteret</strong></span> <span class='ocrx_word' id='word_1_173' title='bbox 1211 2349 1477 2404; x_wconf 91' lang='lat' dir='ltr'><strong>dominus.</strong></span> <span class='ocrx_word' id='word_1_174' title='bbox 1513 2345 1621 2399; x_wconf 86' lang='lat' dir='ltr'><strong>Hoc</strong></span> <span class='ocrx_word' id='word_1_175' title='bbox 1662 2341 1899 2397; x_wconf 88' lang='lat' dir='ltr'><strong>indicant</strong></span> <span class='ocrx_word' id='word_1_176' title='bbox 1939 2336 2101 2405; x_wconf 82' lang='lat' dir='ltr'><strong>verba</strong></span> 
     </span>
    </p>
   </div>
   <div class='ocr_carea' id='block_1_26' title="bbox 533 2428 2100 2507">
    <p class='ocr_par' dir='ltr' id='par_1_26' title="bbox 533 2428 2100 2507">
     <span class='ocr_line' id='line_1_26' title="bbox 533 2428 2100 2507; baseline -0.017 -1"><span class='ocrx_word' id='word_1_177' title='bbox 533 2447 779 2506; x_wconf 82' lang='lat' dir='ltr'><strong>conservi</strong></span> <span class='ocrx_word' id='word_1_178' title='bbox 823 2444 1087 2507; x_wconf 81' lang='lat' dir='ltr'><strong>dicentis:</strong></span> <span class='ocrx_word' id='word_1_179' title='bbox 1123 2440 1440 2495; x_wconf 80' lang='lat' dir='ltr'><strong>Pstientiam</strong></span> <span class='ocrx_word' id='word_1_180' title='bbox 1468 2436 1608 2498; x_wconf 81' lang='lat' dir='ltr'><strong>habe</strong></span> <span class='ocrx_word' id='word_1_181' title='bbox 1655 2433 1708 2486; x_wconf 87' lang='lat' dir='ltr'><strong>in</strong></span> <span class='ocrx_word' id='word_1_182' title='bbox 1739 2444 1843 2490; x_wconf 84' lang='lat' dir='ltr'><strong>me,</strong></span> <span class='ocrx_word' id='word_1_183' title='bbox 1890 2437 1944 2483; x_wconf 90' lang='lat' dir='ltr'><strong>et</strong></span> <span class='ocrx_word' id='word_1_184' title='bbox 1978 2428 2100 2482; x_wconf 91' lang='lat' dir='ltr'><strong>red-</strong></span> 
     </span>
    </p>
   </div>
   <div class='ocr_carea' id='block_1_27' title="bbox 533 2523 2101 2607">
    <p class='ocr_par' dir='ltr' id='par_1_27' title="bbox 533 2523 2101 2607">
     <span class='ocr_line' id='line_1_27' title="bbox 533 2523 2101 2607; baseline -0.018 -8"><span class='ocrx_word' id='word_1_185' title='bbox 533 2545 655 2600; x_wconf 86' lang='lat' dir='ltr'><strong>dam</strong></span> <span class='ocrx_word' id='word_1_186' title='bbox 693 2539 817 2606; x_wconf 89' lang='lat' dir='ltr'><strong>tibi;</strong></span> <span class='ocrx_word' id='word_1_187' title='bbox 846 2537 1080 2607; x_wconf 90' lang='lat' dir='ltr'><strong>alioquin</strong></span> <span class='ocrx_word' id='word_1_188' title='bbox 1106 2534 1332 2600; x_wconf 89' lang='lat' dir='ltr'><strong>diceret,</strong></span> <span class='ocrx_word' id='word_1_189' title='bbox 1362 2531 1470 2596; x_wconf 87' lang='lat' dir='ltr'><strong>jam</strong></span> <span class='ocrx_word' id='word_1_190' title='bbox 1502 2527 1631 2582; x_wconf 75' lang='lat' dir='ltr'><strong>milii</strong></span> <span class='ocrx_word' id='word_1_191' title='bbox 1651 2528 1759 2579; x_wconf 79' lang='lat' dir='ltr'><strong>hoc</strong></span> <span class='ocrx_word' id='word_1_192' title='bbox 1801 2523 2101 2585; x_wconf 88' lang='lat' dir='ltr'><strong>dimiseras,</strong></span> 
     </span>
    </p>
   </div>
   <div class='ocr_carea' id='block_1_28' title="bbox 532 2614 2106 2698">
    <p class='ocr_par' dir='ltr' id='par_1_28' title="bbox 532 2614 2106 2698">
     <span class='ocr_line' id='line_1_28' title="bbox 532 2614 2106 2698; baseline -0.017 -8"><span class='ocrx_word' id='word_1_193' title='bbox 532 2650 625 2690; x_wconf 89' lang='lat' dir='ltr'><strong>cur</strong></span> <span class='ocrx_word' id='word_1_194' title='bbox 653 2633 848 2688; x_wconf 87' lang='lat' dir='ltr'><strong>iterum</strong></span> <span class='ocrx_word' id='word_1_195' title='bbox 870 2624 1113 2698; x_wconf 79' lang='lat' dir='ltr'><strong>repetis?</strong></span> <span class='ocrx_word' id='word_1_196' title='bbox 1142 2624 1253 2679; x_wconf 76' lang='lat' dir='ltr'><strong>Hoc</strong></span> <span class='ocrx_word' id='word_1_197' title='bbox 1282 2631 1335 2678; x_wconf 90' lang='lat' dir='ltr'><strong>et</strong></span> <span class='ocrx_word' id='word_1_198' title='bbox 1362 2622 1528 2692; x_wconf 88' lang='lat' dir='ltr'><strong>ipsius</strong></span> <span class='ocrx_word' id='word_1_199' title='bbox 1572 2617 1782 2672; x_wconf 86' lang='lat' dir='ltr'><strong>Domini</strong></span> <span class='ocrx_word' id='word_1_200' title='bbox 1806 2614 1968 2668; x_wconf 86' lang='lat' dir='ltr'><strong>verba</strong></span> <span class='ocrx_word' id='word_1_201' title='bbox 1994 2627 2106 2665; x_wconf 87' lang='lat' dir='ltr'><strong>ma-</strong></span> 
     </span>
    </p>
   </div>
   <div class='ocr_carea' id='block_1_29' title="bbox 433 2712 2107 2791">
    <p class='ocr_par' dir='ltr' id='par_1_29' title="bbox 433 2712 2107 2791">
     <span class='ocr_line' id='line_1_29' title="bbox 433 2712 2107 2791; baseline -0.015 -8"><span class='ocrx_word' id='word_1_202' title='bbox 433 2728 437 2732; x_wconf 85' lang='grc'><em>’</em></span> <span class='ocrx_word' id='word_1_203' title='bbox 535 2723 779 2781; x_wconf 77' lang='lat' dir='ltr'><strong>niiestius</strong></span> <span class='ocrx_word' id='word_1_204' title='bbox 809 2719 1080 2791; x_wconf 88' lang='lat' dir='ltr'><strong>aperiunt;</strong></span> <span class='ocrx_word' id='word_1_205' title='bbox 1111 2715 1184 2771; x_wconf 89' lang='lat' dir='ltr'><strong>ait</strong></span> <span class='ocrx_word' id='word_1_206' title='bbox 1211 2714 1353 2772; x_wconf 85' lang='lat' dir='ltr'><strong>enim</strong></span> <span class='ocrx_word' id='word_1_207' title='bbox 1382 2729 1394 2766; x_wconf 88' lang='lat'>:</span> <span class='ocrx_word' id='word_1_208' title='bbox 1430 2712 1690 2780; x_wconf 75' lang='lat' dir='ltr'><strong>Egressus</strong></span> <span class='ocrx_word' id='word_1_209' title='bbox 1719 2718 1895 2783; x_wconf 83' lang='lat' dir='ltr'><strong>autem</strong></span> <span class='ocrx_word' id='word_1_210' title='bbox 1924 2718 2107 2761; x_wconf 85' lang='lat' dir='ltr'><strong>servus</strong></span> 
     </span>
    </p>
   </div>
   <div class='ocr_carea' id='block_1_30' title="bbox 535 2795 2107 2880">
    <p class='ocr_par' dir='ltr' id='par_1_30' title="bbox 535 2795 2107 2880">
     <span class='ocr_line' id='line_1_30' title="bbox 535 2795 2107 2880; baseline -0.014 -10"><span class='ocrx_word' id='word_1_211' title='bbox 535 2816 646 2880; x_wconf 89' lang='lat' dir='ltr'><strong>ille,</strong></span> <span class='ocrx_word' id='word_1_212' title='bbox 677 2815 881 2869; x_wconf 74' lang='lat' dir='ltr'><strong>invenit</strong></span> <span class='ocrx_word' id='word_1_213' title='bbox 911 2825 1070 2866; x_wconf 89' lang='lat' dir='ltr'><strong>unum</strong></span> <span class='ocrx_word' id='word_1_214' title='bbox 1098 2807 1166 2864; x_wconf 90' lang='lat' dir='ltr'><strong>de</strong></span> <span class='ocrx_word' id='word_1_215' title='bbox 1202 2805 1481 2862; x_wconf 86' lang='lat' dir='ltr'><strong>conservis</strong></span> <span class='ocrx_word' id='word_1_216' title='bbox 1510 2803 1623 2858; x_wconf 87' lang='lat' dir='ltr'><strong>suis</strong></span> <span class='ocrx_word' id='word_1_217' title='bbox 1651 2801 1744 2872; x_wconf 86' lang='lat' dir='ltr'><strong>qui</strong></span> <span class='ocrx_word' id='word_1_218' title='bbox 1788 2797 2018 2855; x_wconf 90' lang='lat' dir='ltr'><strong>debebat</strong></span> <span class='ocrx_word' id='word_1_219' title='bbox 2055 2795 2107 2850; x_wconf 93' lang='lat' dir='ltr'><strong>ei</strong></span> 
     </span>
    </p>
   </div>
   <div class='ocr_carea' id='block_1_31' title="bbox 535 2892 2107 2965">
    <p class='ocr_par' dir='ltr' id='par_1_31' title="bbox 535 2892 2107 2965">
     <span class='ocr_line' id='line_1_31' title="bbox 535 2892 2107 2965; baseline -0.015 -1"><span class='ocrx_word' id='word_1_220' title='bbox 535 2918 747 2965; x_wconf 83' lang='lat' dir='ltr'><strong>centum</strong></span> <span class='ocrx_word' id='word_1_221' title='bbox 771 2904 1040 2961; x_wconf 82' lang='lat' dir='ltr'><strong>denarios.</strong></span> <span class='ocrx_word' id='word_1_222' title='bbox 1066 2900 1180 2958; x_wconf 73' lang='lat' dir='ltr'><strong>Non</strong></span> <span class='ocrx_word' id='word_1_223' title='bbox 1203 2899 1360 2964; x_wconf 85' lang='lat' dir='ltr'><strong>dixit,</strong></span> <span class='ocrx_word' id='word_1_224' title='bbox 1393 2897 1477 2953; x_wconf 89' lang='lat' dir='ltr'><strong>cui</strong></span> <span class='ocrx_word' id='word_1_225' title='bbox 1503 2895 1740 2952; x_wconf 91' lang='lat' dir='ltr'><strong>debitum</strong></span> <span class='ocrx_word' id='word_1_226' title='bbox 1758 2892 1871 2964; x_wconf 90' lang='lat' dir='ltr'><strong>jam</strong></span> <span class='ocrx_word' id='word_1_227' title='bbox 1893 2901 2107 2946; x_wconf 85' lang='lat' dir='ltr'><strong>centum</strong></span> 
     </span>
    </p>
   </div>
   <div class='ocr_carea' id='block_1_32' title="bbox 537 2976 2108 3060">
    <p class='ocr_par' dir='ltr' id='par_1_32' title="bbox 537 2976 2108 3060">
     <span class='ocr_line' id='line_1_32' title="bbox 537 2976 2108 3060; baseline -0.015 -7"><span class='ocrx_word' id='word_1_228' title='bbox 537 2996 877 3053; x_wconf 88' lang='lat' dir='ltr'><strong>denariorum</strong></span> <span class='ocrx_word' id='word_1_229' title='bbox 921 2989 1329 3054; x_wconf 86' lang='lat' dir='ltr'><strong>dimiserat;-si</strong></span> <span class='ocrx_word' id='word_1_230' title='bbox 1373 2987 1515 3042; x_wconf 91' lang='lat' dir='ltr'><strong>enim</strong></span> <span class='ocrx_word' id='word_1_231' title='bbox 1561 2984 1864 3060; x_wconf 75' lang='lat' dir='ltr'><strong>dimiserat,</strong></span> <span class='ocrx_word' id='word_1_232' title='bbox 1910 2980 2017 3034; x_wconf 88' lang='lat' dir='ltr'><strong>non</strong></span> <span class='ocrx_word' id='word_1_233' title='bbox 2058 2976 2108 3031; x_wconf 85' lang='lat' dir='ltr'><strong>ei</strong></span> 
     </span>
    </p>
   </div>
   <div class='ocr_carea' id='block_1_33' title="bbox 536 3073 2178 3155">
    <p class='ocr_par' dir='ltr' id='par_1_33' title="bbox 536 3073 2178 3155">
     <span class='ocr_line' id='line_1_33' title="bbox 536 3073 2178 3155; baseline -0.016 -10"><span class='ocrx_word' id='word_1_234' title='bbox 536 3087 927 3155; x_wconf 74' lang='lat' dir='ltr'><strong>debebatzquia</strong></span> <span class='ocrx_word' id='word_1_235' title='bbox 954 3096 1083 3151; x_wconf 84' lang='lat' dir='ltr'><strong>ergo</strong></span> <span class='ocrx_word' id='word_1_236' title='bbox 1102 3082 1258 3146; x_wconf 77' lang='lat' dir='ltr'><strong>dixit,</strong></span> <span class='ocrx_word' id='word_1_237' title='bbox 1284 3078 1509 3134; x_wconf 87' lang='lat' dir='ltr'><strong>debebat</strong></span> <span class='ocrx_word' id='word_1_238' title='bbox 1535 3078 1605 3140; x_wconf 86' lang='lat' dir='ltr'><strong>ei,</strong></span> <span class='ocrx_word' id='word_1_239' title='bbox 1633 3073 1971 3130; x_wconf 78' lang='lat' dir='ltr'><strong>manifestum</strong></span> <span class='ocrx_word' id='word_1_240' title='bbox 1999 3078 2097 3131; x_wconf 87' lang='lat' dir='ltr'><strong>est,</strong></span> <span class='ocrx_word' id='word_1_241' title='bbox 2130 3074 2178 3138; x_wconf 69' lang='grc' dir='ltr'>ς</span> 
     </span>
    </p>
   </div>
   <div class='ocr_carea' id='block_1_34' title="bbox 535 3166 2105 3250">
    <p class='ocr_par' dir='ltr' id='par_1_34' title="bbox 535 3166 2105 3250">
     <span class='ocr_line' id='line_1_34' title="bbox 535 3166 2105 3250; baseline -0.012 -16"><span class='ocrx_word' id='word_1_242' title='bbox 535 3180 675 3250; x_wconf 90' lang='lat' dir='ltr'><strong>quod</strong></span> <span class='ocrx_word' id='word_1_243' title='bbox 705 3194 811 3234; x_wconf 89' lang='lat' dir='ltr'><strong>non</strong></span> <span class='ocrx_word' id='word_1_244' title='bbox 844 3168 1134 3233; x_wconf 78' lang='lat' dir='ltr'><strong>dimiserat.</strong></span> <span class='ocrx_word' id='word_1_245' title='bbox 1168 3172 1236 3227; x_wconf 89' lang='lat' dir='ltr'><strong>Et</strong></span> <span class='ocrx_word' id='word_1_246' title='bbox 1261 3170 1452 3226; x_wconf 89' lang='lat' dir='ltr'><strong>melius</strong></span> <span class='ocrx_word' id='word_1_247' title='bbox 1481 3166 1695 3238; x_wconf 88' lang='lat' dir='ltr'><strong>quidem</strong></span> <span class='ocrx_word' id='word_1_248' title='bbox 1723 3166 1913 3228; x_wconf 79' lang='lat' dir='ltr'><strong>fuerat,</strong></span> <span class='ocrx_word' id='word_1_249' title='bbox 1947 3170 2105 3230; x_wconf 83' lang='lat' dir='ltr'><strong>atque</strong></span> 
     </span>
    </p>
   </div>
   <div class='ocr_carea' id='block_1_35' title="bbox 525 3252 2101 3339">
    <p class='ocr_par' dir='ltr' id='par_1_35' title="bbox 525 3252 2101 3339">
     <span class='ocr_line' id='line_1_35' title="bbox 525 3252 2101 3339; baseline -0.014 -13"><span class='ocrx_word' id='word_1_250' title='bbox 525 3273 639 3325; x_wconf 65' lang='lat' dir='ltr'><strong>.hoc</strong></span> <span class='ocrx_word' id='word_1_251' title='bbox 667 3269 843 3339; x_wconf 85' lang='lat' dir='ltr'><strong>potius</strong></span> <span class='ocrx_word' id='word_1_252' title='bbox 871 3264 1198 3334; x_wconf 78' lang='lat' dir='ltr'><strong>congruebat</strong></span> <span class='ocrx_word' id='word_1_253' title='bbox 1220 3269 1367 3315; x_wconf 91' lang='lat' dir='ltr'><strong>tanto</strong></span> <span class='ocrx_word' id='word_1_254' title='bbox 1389 3257 1616 3313; x_wconf 84' lang='lat' dir='ltr'><strong>debitori</strong></span> <span class='ocrx_word' id='word_1_255' title='bbox 1639 3254 1916 3312; x_wconf 85' lang='lat' dir='ltr'><strong>reddituro</strong></span> <span class='ocrx_word' id='word_1_256' title='bbox 1946 3252 2101 3307; x_wconf 84' lang='lat' dir='ltr'><strong>ratio-</strong></span> 
     </span>
    </p>
   </div>
   <div class='ocr_carea' id='block_1_36' title="bbox 539 3344 2107 3427">
    <p class='ocr_par' dir='ltr' id='par_1_36' title="bbox 539 3344 2107 3427">
     <span class='ocr_line' id='line_1_36' title="bbox 539 3344 2107 3427; baseline -0.013 -11"><span class='ocrx_word' id='word_1_257' title='bbox 539 3375 679 3427; x_wconf 87' lang='lat' dir='ltr'><strong>nem,</strong></span> <span class='ocrx_word' id='word_1_258' title='bbox 732 3367 789 3414; x_wconf 89' lang='lat' dir='ltr'><strong>et</strong></span> <span class='ocrx_word' id='word_1_259' title='bbox 829 3353 1161 3426; x_wconf 78' lang='lat' dir='ltr'><strong>exspectanti</strong></span> <span class='ocrx_word' id='word_1_260' title='bbox 1203 3344 1626 3407; x_wconf 66' lang='lat' dir='ltr'><strong>misericordia’m</strong></span> <span class='ocrx_word' id='word_1_261' title='bbox 1657 3345 1859 3402; x_wconf 88' lang='lat' dir='ltr'><strong>domini</strong></span> <span class='ocrx_word' id='word_1_262' title='bbox 1905 3345 2010 3409; x_wconf 90' lang='lat' dir='ltr'><strong>sui,</strong></span> <span class='ocrx_word' id='word_1_263' title='bbox 2051 3355 2107 3397; x_wconf 92' lang='lat' dir='ltr'><strong>ut</strong></span> 
     </span>
    </p>
   </div>
   <div class='ocr_carea' id='block_1_37' title="bbox 463 3437 2103 3527">
    <p class='ocr_par' dir='ltr' id='par_1_37' title="bbox 463 3437 2103 3527">
     <span class='ocr_line' id='line_1_37' title="bbox 463 3437 2103 3527; baseline -0.017 -13"><span class='ocrx_word' id='word_1_264' title='bbox 463 3503 466 3506; x_wconf 80' lang='lat'><strong>.</strong></span> <span class='ocrx_word' id='word_1_265' title='bbox 539 3456 682 3527; x_wconf 90' lang='lat' dir='ltr'><strong>prior</strong></span> <span class='ocrx_word' id='word_1_266' title='bbox 711 3457 825 3525; x_wconf 91' lang='lat' dir='ltr'><strong>ipse</strong></span> <span class='ocrx_word' id='word_1_267' title='bbox 870 3464 1130 3508; x_wconf 89' lang='lat' dir='ltr'><strong>conservo</strong></span> <span class='ocrx_word' id='word_1_268' title='bbox 1175 3447 1490 3509; x_wconf 88' lang='lat' dir='ltr'><strong>dimitteret,</strong></span> <span class='ocrx_word' id='word_1_269' title='bbox 1520 3441 1683 3512; x_wconf 88' lang='lat' dir='ltr'><strong>quod</strong></span> <span class='ocrx_word' id='word_1_270' title='bbox 1711 3441 1759 3495; x_wconf 91' lang='lat' dir='ltr'><strong>ei</strong></span> <span class='ocrx_word' id='word_1_271' title='bbox 1783 3437 2103 3520; x_wconf 86' lang='lat' dir='ltr'><strong>debebatur,</strong></span> 
     </span>
    </p>
   </div>
   <div class='ocr_carea' id='block_1_38' title="bbox 536 3526 2108 3605">
    <p class='ocr_par' dir='ltr' id='par_1_38' title="bbox 536 3526 2108 3605">
     <span class='ocr_line' id='line_1_38' title="bbox 536 3526 2108 3605; baseline -0.017 -2"><span class='ocrx_word' id='word_1_272' title='bbox 536 3526 591 3604; x_wconf 84' lang='lat' dir='ltr'><strong>et</strong></span> <span class='ocrx_word' id='word_1_273' title='bbox 613 3547 690 3602; x_wconf 89' lang='lat' dir='ltr'><strong>sic</strong></span> <span class='ocrx_word' id='word_1_274' title='bbox 716 3546 782 3601; x_wconf 90' lang='lat' dir='ltr'><strong>ad</strong></span> <span class='ocrx_word' id='word_1_275' title='bbox 809 3545 1069 3598; x_wconf 88' lang='lat' dir='ltr'><strong>rationem</strong></span> <span class='ocrx_word' id='word_1_276' title='bbox 1111 3537 1461 3601; x_wconf 86' lang='lat' dir='ltr'><strong>reddendam,</strong></span> <span class='ocrx_word' id='word_1_277' title='bbox 1493 3533 1580 3588; x_wconf 90' lang='lat' dir='ltr'><strong>ubi</strong></span> <span class='ocrx_word' id='word_1_278' title='bbox 1619 3528 1984 3587; x_wconf 88' lang='lat' dir='ltr'><strong>misericordia</strong></span> <span class='ocrx_word' id='word_1_279' title='bbox 2011 3526 2108 3605; x_wconf 36' lang='lat' dir='ltr'><strong>do:</strong></span> 
     </span>
    </p>
   </div>
   <div class='ocr_carea' id='block_1_39' title="bbox 541 3607 2110 3704">
    <p class='ocr_par' dir='ltr' id='par_1_39' title="bbox 541 3607 2110 3704">
     <span class='ocr_line' id='line_1_39' title="bbox 541 3607 2110 3704; baseline -0.015 -10"><span class='ocrx_word' id='word_1_280' title='bbox 541 3641 669 3694; x_wconf 90' lang='lat' dir='ltr'><strong>mini</strong></span> <span class='ocrx_word' id='word_1_281' title='bbox 715 3635 1042 3704; x_wconf 88' lang='lat' dir='ltr'><strong>imploranda</strong></span> <span class='ocrx_word' id='word_1_282' title='bbox 1088 3638 1228 3694; x_wconf 85' lang='lat' dir='ltr'><strong>erat,</strong></span> <span class='ocrx_word' id='word_1_283' title='bbox 1280 3627 1581 3683; x_wconf 81' lang='lat' dir='ltr'><strong>accederet.</strong></span> <span class='ocrx_word' id='word_1_284' title='bbox 1633 3623 1740 3678; x_wconf 85' lang='lat' dir='ltr'><strong>Nec</strong></span> <span class='ocrx_word' id='word_1_285' title='bbox 1772 3631 1948 3676; x_wconf 89' lang='lat' dir='ltr'><strong>tamen</strong></span> <span class='ocrx_word' id='word_1_286' title='bbox 1979 3607 2110 3673; x_wconf 82' lang='lat' dir='ltr'><strong>illud</strong></span> 
     </span>
    </p>
   </div>
   <div class='ocr_carea' id='block_1_40' title="bbox 541 3709 2109 3802">
    <p class='ocr_par' dir='ltr' id='par_1_40' title="bbox 541 3709 2109 3802">
     <span class='ocr_line' id='line_1_40' title="bbox 541 3709 2109 3802; baseline -0.017 -15"><span class='ocrx_word' id='word_1_287' title='bbox 541 3730 680 3802; x_wconf 89' lang='lat' dir='ltr'><strong>quod</strong></span> <span class='ocrx_word' id='word_1_288' title='bbox 708 3728 940 3784; x_wconf 91' lang='lat' dir='ltr'><strong>nondum</strong></span> <span class='ocrx_word' id='word_1_289' title='bbox 968 3736 1230 3781; x_wconf 88' lang='lat' dir='ltr'><strong>conservo</strong></span> <span class='ocrx_word' id='word_1_290' title='bbox 1272 3719 1549 3776; x_wconf 88' lang='lat' dir='ltr'><strong>dimiserat</strong></span> <span class='ocrx_word' id='word_1_291' title='bbox 1591 3713 1866 3784; x_wconf 89' lang='lat' dir='ltr'><strong>impedivit</strong></span> <span class='ocrx_word' id='word_1_292' title='bbox 1891 3709 2109 3765; x_wconf 88' lang='lat' dir='ltr'><strong>domino</strong></span> 
     </span>
    </p>
   </div>
   <div class='ocr_carea' id='block_1_41' title="bbox 543 3801 2111 3895">
    <p class='ocr_par' dir='ltr' id='par_1_41' title="bbox 543 3801 2111 3895">
     <span class='ocr_line' id='line_1_41' title="bbox 543 3801 2111 3895; baseline -0.017 -18"><span class='ocrx_word' id='word_1_293' title='bbox 543 3801 860 3895; x_wconf 78' lang='lat' dir='ltr'><strong>[dominum]</strong></span> <span class='ocrx_word' id='word_1_294' title='bbox 901 3816 1040 3884; x_wconf 82' lang='lat' dir='ltr'><strong>ejus,</strong></span> <span class='ocrx_word' id='word_1_295' title='bbox 1090 3813 1395 3882; x_wconf 85' lang='lat' dir='ltr'><strong>quominus,</strong></span> <span class='ocrx_word' id='word_1_296' title='bbox 1441 3807 1498 3862; x_wconf 90' lang='lat' dir='ltr'><strong>in</strong></span> <span class='ocrx_word' id='word_1_297' title='bbox 1543 3805 1633 3860; x_wconf 88' lang='lat' dir='ltr'><strong>illo</strong></span> <span class='ocrx_word' id='word_1_298' title='bbox 1681 3812 1922 3871; x_wconf 88' lang='lat' dir='ltr'><strong>tempore</strong></span> <span class='ocrx_word' id='word_1_299' title='bbox 1970 3801 2111 3853; x_wconf 88' lang='lat' dir='ltr'><strong>acci-</strong></span> 
     </span>
    </p>
   </div>
   <div class='ocr_carea' id='block_1_42' title="bbox 543 3891 2107 3984">
    <p class='ocr_par' dir='ltr' id='par_1_42' title="bbox 543 3891 2107 3984">
     <span class='ocr_line' id='line_1_42' title="bbox 543 3891 2107 3984; baseline -0.017 -15"><span class='ocrx_word' id='word_1_300' title='bbox 543 3891 749 3984; x_wconf 71' lang='lat' dir='ltr'><strong>piendte</strong></span> <span class='ocrx_word' id='word_1_301' title='bbox 790 3907 1010 3964; x_wconf 88' lang='lat' dir='ltr'><strong>rationis</strong></span> <span class='ocrx_word' id='word_1_302' title='bbox 1056 3904 1348 3959; x_wconf 89' lang='lat' dir='ltr'><strong>dimitteret</strong></span> <span class='ocrx_word' id='word_1_303' title='bbox 1390 3901 1439 3953; x_wconf 92' lang='lat' dir='ltr'><strong>ei</strong></span> <span class='ocrx_word' id='word_1_304' title='bbox 1488 3896 1667 3952; x_wconf 91' lang='lat' dir='ltr'><strong>omnia</strong></span> <span class='ocrx_word' id='word_1_305' title='bbox 1696 3909 1814 3964; x_wconf 69' lang='lat' dir='ltr'><strong>quae</strong></span> <span class='ocrx_word' id='word_1_306' title='bbox 1854 3891 2107 3950; x_wconf 84' lang='lat' dir='ltr'><strong>debebat.</strong></span> 
     </span>
    </p>
   </div>
   <div class='ocr_carea' id='block_1_43' title="bbox 542 3985 2112 4073">
    <p class='ocr_par' dir='ltr' id='par_1_43' title="bbox 542 3985 2112 4073">
     <span class='ocr_line' id='line_1_43' title="bbox 542 3985 2112 4073; baseline -0.015 -12"><span class='ocrx_word' id='word_1_307' title='bbox 542 4005 650 4061; x_wconf 81' lang='lat' dir='ltr'><strong>Sed</strong></span> <span class='ocrx_word' id='word_1_308' title='bbox 691 4001 815 4073; x_wconf 89' lang='lat' dir='ltr'><strong>quid</strong></span> <span class='ocrx_word' id='word_1_309' title='bbox 850 3992 1513 4069; x_wconf 76' lang='lat' dir='ltr'><strong>profuitquandoquitlem</strong></span> <span class='ocrx_word' id='word_1_310' title='bbox 1560 3990 1614 4046; x_wconf 91' lang='lat' dir='ltr'><strong>in</strong></span> <span class='ocrx_word' id='word_1_311' title='bbox 1642 3996 1800 4057; x_wconf 91' lang='lat' dir='ltr'><strong>caput</strong></span> <span class='ocrx_word' id='word_1_312' title='bbox 1827 3985 1944 4057; x_wconf 87' lang='lat' dir='ltr'><strong>ejus</strong></span> <span class='ocrx_word' id='word_1_313' title='bbox 1984 3998 2112 4054; x_wconf 86' lang='lat' dir='ltr'><strong>pro-</strong></span> 
     </span>
    </p>
   </div>
   <div class='ocr_carea' id='block_1_44' title="bbox 545 4077 2110 4169">
    <p class='ocr_par' dir='ltr' id='par_1_44' title="bbox 545 4077 2110 4169">
     <span class='ocr_line' id='line_1_44' title="bbox 545 4077 2110 4169; baseline -0.015 -16"><span class='ocrx_word' id='word_1_314' title='bbox 545 4109 661 4169; x_wconf 89' lang='lat' dir='ltr'><strong>pter</strong></span> <span class='ocrx_word' id='word_1_315' title='bbox 686 4096 926 4150; x_wconf 86' lang='lat' dir='ltr'><strong>odiorum</strong></span> <span class='ocrx_word' id='word_1_316' title='bbox 959 4083 1412 4160; x_wconf 86' lang='lat' dir='ltr'><strong>perscverantiam</strong></span> <span class='ocrx_word' id='word_1_317' title='bbox 1445 4096 1626 4138; x_wconf 89' lang='lat' dir='ltr'><strong>rursus</strong></span> <span class='ocrx_word' id='word_1_318' title='bbox 1655 4080 1833 4136; x_wconf 89' lang='lat' dir='ltr'><strong>omnia</strong></span> <span class='ocrx_word' id='word_1_319' title='bbox 1858 4077 2110 4134; x_wconf 89' lang='lat' dir='ltr'><strong>continuo</strong></span> 
     </span>
    </p>
   </div>
   <div class='ocr_carea' id='block_1_45' title="bbox 545 4167 2107 4258">
    <p class='ocr_par' dir='ltr' id='par_1_45' title="bbox 545 4167 2107 4258">
     <span class='ocr_line' id='line_1_45' title="bbox 545 4167 2107 4258; baseline -0.017 -13"><span class='ocrx_word' id='word_1_320' title='bbox 545 4167 793 4258; x_wconf 72' lang='lat' dir='ltr'><strong>replicata</strong></span> <span class='ocrx_word' id='word_1_321' title='bbox 836 4181 994 4238; x_wconf 83' lang='lat' dir='ltr'><strong>sunt?</strong></span> <span class='ocrx_word' id='word_1_322' title='bbox 1034 4180 1134 4258; x_wconf 10' lang='lat' dir='ltr'><strong>‘Sic</strong></span> <span class='ocrx_word' id='word_1_323' title='bbox 1177 4194 1282 4232; x_wconf 92' lang='lat' dir='ltr'><strong>non</strong></span> <span class='ocrx_word' id='word_1_324' title='bbox 1327 4174 1609 4243; x_wconf 89' lang='lat' dir='ltr'><strong>impeditur</strong></span> <span class='ocrx_word' id='word_1_325' title='bbox 1647 4169 1894 4240; x_wconf 87' lang='lat' dir='ltr'><strong>baptismi</strong></span> <span class='ocrx_word' id='word_1_326' title='bbox 1944 4167 2107 4236; x_wconf 85' lang='lat' dir='ltr'><strong>gratia</strong></span> 
     </span>
    </p>
   </div>
   <div class='ocr_carea' id='block_1_46' title="bbox 547 4254 2113 4352">
    <p class='ocr_par' dir='ltr' id='par_1_46' title="bbox 547 4254 2113 4352">
     <span class='ocr_line' id='line_1_46' title="bbox 547 4254 2113 4352; baseline -0.013 -19"><span class='ocrx_word' id='word_1_327' title='bbox 547 4254 827 4352; x_wconf 75' lang='lat' dir='ltr'><strong>quominus</strong></span> <span class='ocrx_word' id='word_1_328' title='bbox 857 4254 1040 4332; x_wconf 77' lang='lat' dir='ltr'><strong>omnia</strong></span> <span class='ocrx_word' id='word_1_329' title='bbox 1065 4281 1278 4340; x_wconf 88' lang='lat' dir='ltr'><strong>peccata</strong></span> <span class='ocrx_word' id='word_1_330' title='bbox 1303 4268 1551 4334; x_wconf 89' lang='lat' dir='ltr'><strong>dimittat,</strong></span> <span class='ocrx_word' id='word_1_331' title='bbox 1569 4265 1729 4321; x_wconf 89' lang='lat' dir='ltr'><strong>etiam</strong></span> <span class='ocrx_word' id='word_1_332' title='bbox 1748 4265 1792 4318; x_wconf 90' lang='lat' dir='ltr'><strong>si</strong></span> <span class='ocrx_word' id='word_1_333' title='bbox 1809 4263 1989 4316; x_wconf 91' lang='lat' dir='ltr'><strong>odium</strong></span> <span class='ocrx_word' id='word_1_334' title='bbox 2010 4261 2113 4314; x_wconf 81' lang='lat' dir='ltr'><strong>ira-</strong></span> 
     </span>
    </p>
   </div>
   <div class='ocr_carea' id='block_1_47' title="bbox 548 4357 2106 4436">
    <p class='ocr_par' dir='ltr' id='par_1_47' title="bbox 548 4357 2106 4436">
     <span class='ocr_line' id='line_1_47' title="bbox 548 4357 2106 4436; baseline -0.014 -9"><span class='ocrx_word' id='word_1_335' title='bbox 548 4381 756 4428; x_wconf 90' lang='lat' dir='ltr'><strong>ternum</strong></span> <span class='ocrx_word' id='word_1_336' title='bbox 795 4371 850 4424; x_wconf 92' lang='lat' dir='ltr'><strong>in</strong></span> <span class='ocrx_word' id='word_1_337' title='bbox 899 4366 1015 4436; x_wconf 82' lang='lat' dir='ltr'><strong>ejus</strong></span> <span class='ocrx_word' id='word_1_338' title='bbox 1059 4364 1142 4418; x_wconf 86' lang='lat' dir='ltr'><strong>cui</strong></span> <span class='ocrx_word' id='word_1_339' title='bbox 1172 4362 1512 4416; x_wconf 87' lang='lat' dir='ltr'><strong>dimittuntur</strong></span> <span class='ocrx_word' id='word_1_340' title='bbox 1561 4357 1738 4411; x_wconf 89' lang='lat' dir='ltr'><strong>animo</strong></span> <span class='ocrx_word' id='word_1_341' title='bbox 1781 4360 2106 4424; x_wconf 85' lang='lat' dir='ltr'><strong>perseverat.</strong></span> 
     </span>
    </p>
   </div>
   <div class='ocr_carea' id='block_1_48' title="bbox 551 4441 2189 4519">
    <p class='ocr_par' dir='ltr' id='par_1_48' title="bbox 551 4441 2189 4519">
     <span class='ocr_line' id='line_1_48' title="bbox 551 4441 2189 4519; baseline -0.012 0"><span class='ocrx_word' id='word_1_342' title='bbox 551 4464 783 4519; x_wconf 85' lang='lat' dir='ltr'><strong>Solvitur</strong></span> <span class='ocrx_word' id='word_1_343' title='bbox 810 4461 951 4514; x_wconf 91' lang='lat' dir='ltr'><strong>enim</strong></span> <span class='ocrx_word' id='word_1_344' title='bbox 985 4458 1262 4510; x_wconf 80' lang='lat' dir='ltr'><strong>liesternus</strong></span> <span class='ocrx_word' id='word_1_345' title='bbox 1291 4452 1428 4515; x_wconf 90' lang='lat' dir='ltr'><strong>dies,</strong></span> <span class='ocrx_word' id='word_1_346' title='bbox 1469 4460 1522 4504; x_wconf 91' lang='lat' dir='ltr'><strong>et</strong></span> <span class='ocrx_word' id='word_1_347' title='bbox 1549 4446 1804 4518; x_wconf 87' lang='lat' dir='ltr'><strong>quidquid</strong></span> <span class='ocrx_word' id='word_1_348' title='bbox 1838 4459 1998 4514; x_wconf 88' lang='lat' dir='ltr'><strong>supra</strong></span> <span class='ocrx_word' id='word_1_349' title='bbox 2025 4452 2111 4498; x_wconf 90' lang='lat' dir='ltr'><strong>est</strong></span> <span class='ocrx_word' id='word_1_350' title='bbox 2139 4441 2189 4500; x_wconf 91' lang='lat' dir='ltr'><strong>D</strong></span> 
     </span>
    </p>
   </div>
   <div class='ocr_carea' id='block_1_49' title="bbox 554 4540 2112 4619">
    <p class='ocr_par' dir='ltr' id='par_1_49' title="bbox 554 4540 2112 4619">
     <span class='ocr_line' id='line_1_49' title="bbox 554 4540 2112 4619; baseline -0.012 -8"><span class='ocrx_word' id='word_1_351' title='bbox 554 4557 792 4619; x_wconf 82' lang='lat' dir='ltr'><strong>solvitur,</strong></span> <span class='ocrx_word' id='word_1_352' title='bbox 825 4555 981 4608; x_wconf 88' lang='lat' dir='ltr'><strong>etiam</strong></span> <span class='ocrx_word' id='word_1_353' title='bbox 1028 4551 1141 4618; x_wconf 87' lang='lat' dir='ltr'><strong>ipsa</strong></span> <span class='ocrx_word' id='word_1_354' title='bbox 1184 4548 1313 4601; x_wconf 86' lang='lat' dir='ltr'><strong>hora</strong></span> <span class='ocrx_word' id='word_1_355' title='bbox 1357 4552 1731 4614; x_wconf 87' lang='lat' dir='ltr'><strong>momentoque</strong></span> <span class='ocrx_word' id='word_1_356' title='bbox 1769 4552 1891 4597; x_wconf 89' lang='lat' dir='ltr'><strong>ante</strong></span> <span class='ocrx_word' id='word_1_357' title='bbox 1938 4540 2112 4610; x_wconf 83' lang='lat' dir='ltr'><strong>bapti-</strong></span> 
     </span>
    </p>
   </div>
   <div class='ocr_carea' id='block_1_50' title="bbox 555 4639 2115 4712">
    <p class='ocr_par' dir='ltr' id='par_1_50' title="bbox 555 4639 2115 4712">
     <span class='ocr_line' id='line_1_50' title="bbox 555 4639 2115 4712; baseline -0.011 -9"><span class='ocrx_word' id='word_1_358' title='bbox 555 4661 727 4703; x_wconf 84' lang='lat' dir='ltr'><strong>smum</strong></span> <span class='ocrx_word' id='word_1_359' title='bbox 751 4651 804 4701; x_wconf 85' lang='lat' dir='ltr'><strong>et</strong></span> <span class='ocrx_word' id='word_1_360' title='bbox 833 4646 884 4698; x_wconf 91' lang='lat' dir='ltr'><strong>in</strong></span> <span class='ocrx_word' id='word_1_361' title='bbox 913 4643 1176 4712; x_wconf 89' lang='lat' dir='ltr'><strong>baptismo</strong></span> <span class='ocrx_word' id='word_1_362' title='bbox 1204 4657 1214 4691; x_wconf 91' lang='lat'><strong>:</strong></span> <span class='ocrx_word' id='word_1_363' title='bbox 1241 4639 1491 4705; x_wconf 83' lang='lat' dir='ltr'><strong>deinceps</strong></span> <span class='ocrx_word' id='word_1_364' title='bbox 1517 4644 1689 4689; x_wconf 88' lang='lat' dir='ltr'><strong>autem</strong></span> <span class='ocrx_word' id='word_1_365' title='bbox 1717 4639 1971 4689; x_wconf 85' lang='lat' dir='ltr'><strong>continuo</strong></span> <span class='ocrx_word' id='word_1_366' title='bbox 1994 4648 2115 4687; x_wconf 92' lang='lat' dir='ltr'><strong>reus</strong></span> 
     </span>
    </p>
   </div>
   <div class='ocr_carea' id='block_1_51' title="bbox 556 4723 2115 4804">
    <p class='ocr_par' dir='ltr' id='par_1_51' title="bbox 556 4723 2115 4804">
     <span class='ocr_line' id='line_1_51' title="bbox 556 4723 2115 4804; baseline -0.011 -11"><span class='ocrx_word' id='word_1_367' title='bbox 556 4753 677 4793; x_wconf 84' lang='lat' dir='ltr'><strong>esse</strong></span> <span class='ocrx_word' id='word_1_368' title='bbox 706 4738 905 4804; x_wconf 90' lang='lat' dir='ltr'><strong>incipit,</strong></span> <span class='ocrx_word' id='word_1_369' title='bbox 945 4752 1048 4787; x_wconf 83' lang='lat' dir='ltr'><strong>non</strong></span> <span class='ocrx_word' id='word_1_370' title='bbox 1098 4734 1269 4785; x_wconf 88' lang='lat' dir='ltr'><strong>solum</strong></span> <span class='ocrx_word' id='word_1_371' title='bbox 1316 4727 1775 4795; x_wconf 89' lang='lat' dir='ltr'><strong>consequentium,</strong></span> <span class='ocrx_word' id='word_1_372' title='bbox 1811 4723 1904 4779; x_wconf 89' lang='lat' dir='ltr'><strong>sed</strong></span> <span class='ocrx_word' id='word_1_373' title='bbox 1955 4726 2115 4779; x_wconf 82' lang='lat' dir='ltr'><strong>etiam</strong></span> 
     </span>
    </p>
   </div>
   <div class='ocr_carea' id='block_1_52' title="bbox 559 4812 2120 4900">
    <p class='ocr_par' dir='ltr' id='par_1_52' title="bbox 559 4812 2120 4900">
     <span class='ocr_line' id='line_1_52' title="bbox 559 4812 2120 4900; baseline -0.011 -18"><span class='ocrx_word' id='word_1_374' title='bbox 559 4827 948 4900; x_wconf 56' lang='lat' dir='ltr'><strong>pt&#39;mlcritOrum</strong></span> <span class='ocrx_word' id='word_1_375' title='bbox 988 4812 1226 4883; x_wconf 85' lang='lat' dir='ltr'><strong>dierum,</strong></span> <span class='ocrx_word' id='word_1_376' title='bbox 1276 4821 1549 4883; x_wconf 76' lang='lat' dir='ltr'><strong>horarum,</strong></span> <span class='ocrx_word' id='word_1_377' title='bbox 1581 4825 1993 4890; x_wconf 81' lang='lat' dir='ltr'><strong>momentorum,</strong></span> <span class='ocrx_word' id='word_1_378' title='bbox 2039 4830 2120 4866; x_wconf 88' lang='lat' dir='ltr'><strong>re-</strong></span> 
     </span>
    </p>
   </div>
   <div class='ocr_carea' id='block_1_53' title="bbox 557 4908 2117 4982">
    <p class='ocr_par' dir='ltr' id='par_1_53' title="bbox 557 4908 2117 4982">
     <span class='ocr_line' id='line_1_53' title="bbox 557 4908 2117 4982; baseline -0.013 -5"><span class='ocrx_word' id='word_1_379' title='bbox 557 4920 842 4976; x_wconf 84' lang='lat' dir='ltr'><strong>deuntibus</strong></span> <span class='ocrx_word' id='word_1_380' title='bbox 872 4917 1114 4970; x_wconf 89' lang='lat' dir='ltr'><strong>omnibus</strong></span> <span class='ocrx_word' id='word_1_381' title='bbox 1153 4930 1268 4982; x_wconf 80' lang='lat' dir='ltr'><strong>quae</strong></span> <span class='ocrx_word' id='word_1_382' title='bbox 1314 4912 1530 4966; x_wconf 86' lang='lat' dir='ltr'><strong>dimissa</strong></span> <span class='ocrx_word' id='word_1_383' title='bbox 1580 4918 1725 4973; x_wconf 84' lang='lat' dir='ltr'><strong>sunt,</strong></span> <span class='ocrx_word' id='word_1_384' title='bbox 1764 4917 1818 4960; x_wconf 90' lang='lat' dir='ltr'><strong>et</strong></span> <span class='ocrx_word' id='word_1_385' title='bbox 1846 4915 1988 4975; x_wconf 63' lang='lat' dir='ltr'><strong>stupe</strong></span> <span class='ocrx_word' id='word_1_386' title='bbox 2022 4908 2117 4958; x_wconf 80' lang='lat' dir='ltr'><strong>i5ta</strong></span> 
     </span>
    </p>
   </div>
   <div class='ocr_carea' id='block_1_54' title="bbox 561 4996 1251 5081">
    <p class='ocr_par' dir='ltr' id='par_1_54' title="bbox 561 4996 1251 5081">
     <span class='ocr_line' id='line_1_54' title="bbox 561 4996 1251 5081; baseline -0.007 -18"><span class='ocrx_word' id='word_1_387' title='bbox 561 5011 877 5081; x_wconf 84' lang='lat' dir='ltr'><strong>contingunt</strong></span> <span class='ocrx_word' id='word_1_388' title='bbox 905 5010 958 5063; x_wconf 90' lang='lat' dir='ltr'><strong>in</strong></span> <span class='ocrx_word' id='word_1_389' title='bbox 981 4996 1251 5074; x_wconf 72' lang='lat' dir='ltr'><strong>Ecclesia.</strong></span> 
     </span>
    </p>
   </div>
   <div class='ocr_carea' id='block_1_55' title="bbox 1101 5098 1583 5204">
    <p class='ocr_par' dir='ltr' id='par_1_55' title="bbox 1101 5098 1583 5204">
     <span class='ocr_line' id='line_1_55' title="bbox 1101 5098 1583 5204; baseline -0.008 -30"><span class='ocrx_word' id='word_1_390' title='bbox 1101 5118 1323 5174; x_wconf 81' lang='lat' dir='ltr'><strong>CAPUT</strong></span> <span class='ocrx_word' id='word_1_391' title='bbox 1361 5098 1583 5204; x_wconf 82' lang='lat' dir='ltr'><strong>chnt.</strong></span> 
     </span>
    </p>
   </div>
   <div class='ocr_carea' id='block_1_56' title="bbox 567 5203 2124 5302">
    <p class='ocr_par' dir='ltr' id='par_1_56' title="bbox 567 5203 2124 5302">
     <span class='ocr_line' id='line_1_56' title="bbox 567 5203 2124 5302; baseline -0.006 -16"><span class='ocrx_word' id='word_1_392' title='bbox 567 5234 640 5288; x_wconf 83' lang='lat' dir='ltr'><strong>De</strong></span> <span class='ocrx_word' id='word_1_393' title='bbox 667 5234 970 5301; x_wconf 77' lang='lat' dir='ltr'><strong>baptizando</strong></span> <span class='ocrx_word' id='word_1_394' title='bbox 1018 5235 1068 5286; x_wconf 86' lang='lat' dir='ltr'><strong>in</strong></span> <span class='ocrx_word' id='word_1_395' title='bbox 1103 5232 1331 5302; x_wconf 83' lang='lat' dir='ltr'><strong>periculo</strong></span> <span class='ocrx_word' id='word_1_396' title='bbox 1378 5203 1563 5284; x_wconf 51' lang='lat' dir='ltr'><strong>uiortis&#39;</strong></span> <span class='ocrx_word' id='word_1_397' title='bbox 1598 5232 1892 5293; x_wconf 84' lang='lat' dir='ltr'><strong>constituto,</strong></span> <span class='ocrx_word' id='word_1_398' title='bbox 1937 5242 1998 5278; x_wconf 86' lang='lat' dir='ltr'><strong>ac</strong></span> <span class='ocrx_word' id='word_1_399' title='bbox 2028 5225 2124 5278; x_wconf 73' lang='lat' dir='ltr'><strong>ini~</strong></span> 
     </span>
    </p>
   </div>
   <div class='ocr_carea' id='block_1_57' title="bbox 1119 5303 1586 5378">
    <p class='ocr_par' dir='ltr' id='par_1_57' title="bbox 1119 5303 1586 5370">
     <span class='ocr_line' id='line_1_57' title="bbox 1119 5303 1586 5370; baseline -0.011 -13"><span class='ocrx_word' id='word_1_400' title='bbox 1119 5303 1338 5357; x_wconf 73' lang='lat' dir='ltr'><strong>micitias</strong></span> <span class='ocrx_word' id='word_1_401' title='bbox 1369 5314 1586 5370; x_wconf 82' lang='lat' dir='ltr'><strong>gerente.</strong></span> 
     </span>
    </p>
   </div>
   <div class='ocr_carea' id='block_1_58' title="bbox 569 5417 2127 5488">
    <p class='ocr_par' dir='ltr' id='par_1_58' title="bbox 569 5417 2127 5488">
     <span class='ocr_line' id='line_1_58' title="bbox 569 5417 2127 5488; baseline -0.004 -13"><span class='ocrx_word' id='word_1_402' title='bbox 569 5459 571 5462; x_wconf 85' lang='lat'><em>-</em></span> <span class='ocrx_word' id='word_1_403' title='bbox 634 5419 766 5475; x_wconf 83' lang='lat' dir='ltr'><strong>Nam</strong></span> <span class='ocrx_word' id='word_1_404' title='bbox 791 5420 1096 5488; x_wconf 84' lang='lat' dir='ltr'><strong>plerumque</strong></span> <span class='ocrx_word' id='word_1_405' title='bbox 1124 5420 1178 5473; x_wconf 81' lang='lat' dir='ltr'><strong>ﬁt</strong></span> <span class='ocrx_word' id='word_1_406' title='bbox 1206 5429 1262 5474; x_wconf 81' lang='grc' dir='ltr'><strong>ιιι</strong></span> <span class='ocrx_word' id='word_1_407' title='bbox 1285 5419 1443 5472; x_wconf 88' lang='lat' dir='ltr'><strong>homo</strong></span> <span class='ocrx_word' id='word_1_408' title='bbox 1463 5418 1650 5470; x_wconf 86' lang='lat' dir='ltr'><strong>habeat</strong></span> <span class='ocrx_word' id='word_1_409' title='bbox 1678 5417 1944 5471; x_wconf 89' lang='lat' dir='ltr'><strong>initnicum</strong></span> <span class='ocrx_word' id='word_1_410' title='bbox 1970 5431 2127 5485; x_wconf 89' lang='lat' dir='ltr'><strong>quem</strong></span> 
     </span>
    </p>
   </div>
   <div class='ocr_carea' id='block_1_59' title="bbox 568 5508 2132 5581">
    <p class='ocr_par' dir='ltr' id='par_1_59' title="bbox 568 5508 2132 5581">
     <span class='ocr_line' id='line_1_59' title="bbox 568 5508 2132 5581; baseline -0.001 -19"><span class='ocrx_word' id='word_1_411' title='bbox 568 5512 898 5581; x_wconf 80' lang='lat' dir='ltr'><strong>iniquissime</strong></span> <span class='ocrx_word' id='word_1_412' title='bbox 927 5509 1118 5575; x_wconf 80' lang='lat' dir='ltr'><strong>oderit,</strong></span> <span class='ocrx_word' id='word_1_413' title='bbox 1145 5525 1442 5579; x_wconf 84' lang='lat' dir='ltr'><strong>quanquam</strong></span> <span class='ocrx_word' id='word_1_414' title='bbox 1474 5510 1632 5562; x_wconf 79' lang='lat' dir='ltr'><strong>etiam</strong></span> <span class='ocrx_word' id='word_1_415' title='bbox 1661 5508 1866 5576; x_wconf 87' lang='lat' dir='ltr'><strong>iniquos</strong></span> <span class='ocrx_word' id='word_1_416' title='bbox 1889 5509 2132 5561; x_wconf 89' lang='lat' dir='ltr'><strong>inimicos</strong></span> 
     </span>
    </p>
   </div>
   <div class='ocr_carea' id='block_1_60' title="bbox 571 5601 2130 5672">
    <p class='ocr_par' dir='ltr' id='par_1_60' title="bbox 571 5601 2130 5672">
     <span class='ocr_line' id='line_1_60' title="bbox 571 5601 2130 5672; baseline -0.005 -14"><span class='ocrx_word' id='word_1_417' title='bbox 571 5602 787 5669; x_wconf 76' lang='lat' dir='ltr'><strong>diligere</strong></span> <span class='ocrx_word' id='word_1_418' title='bbox 816 5603 1115 5672; x_wconf 86' lang='lat' dir='ltr'><strong>jubcamur.</strong></span> <span class='ocrx_word' id='word_1_419' title='bbox 1168 5613 1218 5654; x_wconf 90' lang='lat' dir='ltr'><strong>et</strong></span> <span class='ocrx_word' id='word_1_420' title='bbox 1269 5615 1422 5654; x_wconf 90' lang='lat' dir='ltr'><strong>orare</strong></span> <span class='ocrx_word' id='word_1_421' title='bbox 1467 5614 1561 5668; x_wconf 89' lang='lat' dir='ltr'><strong>pro</strong></span> <span class='ocrx_word' id='word_1_422' title='bbox 1592 5601 1905 5654; x_wconf 78' lang='lat' dir='ltr'><strong>eiszsubito</strong></span> <span class='ocrx_word' id='word_1_423' title='bbox 1953 5610 2130 5652; x_wconf 83' lang='lat' dir='ltr'><strong>autem</strong></span> 
     </span>
    </p>
   </div>
   <div class='ocr_carea' id='block_1_61' title="bbox 573 5689 2138 5763">
    <p class='ocr_par' dir='ltr' id='par_1_61' title="bbox 573 5689 2138 5763">
     <span class='ocr_line' id='line_1_61' title="bbox 573 5689 2138 5763; baseline -0.001 -17"><span class='ocrx_word' id='word_1_424' title='bbox 573 5691 801 5760; x_wconf 79' lang='lat' dir='ltr'><strong>periculo</strong></span> <span class='ocrx_word' id='word_1_425' title='bbox 830 5701 1015 5748; x_wconf 87' lang='lat' dir='ltr'><strong>morts</strong></span> <span class='ocrx_word' id='word_1_426' title='bbox 1062 5692 1246 5763; x_wconf 89' lang='lat' dir='ltr'><strong>incipit</strong></span> <span class='ocrx_word' id='word_1_427' title='bbox 1289 5689 1627 5763; x_wconf 79' lang='lat' dir='ltr'><strong>petturbari,</strong></span> <span class='ocrx_word' id='word_1_428' title='bbox 1678 5698 1731 5745; x_wconf 90' lang='lat' dir='ltr'><strong>et</strong></span> <span class='ocrx_word' id='word_1_429' title='bbox 1761 5693 1928 5760; x_wconf 88' lang='lat' dir='ltr'><strong>poscit</strong></span> <span class='ocrx_word' id='word_1_430' title='bbox 1959 5691 2138 5759; x_wconf 83' lang='lat' dir='ltr'><strong>bapti-.</strong></span> 
     </span>
    </p>
   </div>
   <div class='ocr_carea' id='block_1_62' title="bbox 2195 429 3758 502">
    <p class='ocr_par' dir='ltr' id='par_1_62' title="bbox 2195 429 3758 502">
     <span class='ocr_line' id='line_1_62' title="bbox 2195 429 3758 502; baseline 0.001 -21"><span class='ocrx_word' id='word_1_431' title='bbox 2195 429 2325 484; x_wconf 88' lang='lat' dir='ltr'><strong>riam</strong></span> <span class='ocrx_word' id='word_1_432' title='bbox 2354 431 2825 500; x_wconf 75' lang='lat' dir='ltr'><strong>interrogationem</strong></span> <span class='ocrx_word' id='word_1_433' title='bbox 2864 445 3152 502; x_wconf 89' lang='lat' dir='ltr'><strong>paucorum</strong></span> <span class='ocrx_word' id='word_1_434' title='bbox 3185 431 3476 485; x_wconf 88' lang='lat' dir='ltr'><strong>verborum</strong></span> <span class='ocrx_word' id='word_1_435' title='bbox 3511 431 3601 482; x_wconf 79' lang='lat' dir='ltr'><strong>vix</strong></span> <span class='ocrx_word' id='word_1_436' title='bbox 3628 431 3758 498; x_wconf 84' lang='lat' dir='ltr'><strong>peri-</strong></span> 
     </span>
    </p>
   </div>
   <div class='ocr_carea' id='block_1_63' title="bbox 2195 520 3766 595">
    <p class='ocr_par' dir='ltr' id='par_1_63' title="bbox 2195 520 3766 595">
     <span class='ocr_line' id='line_1_63' title="bbox 2195 520 3766 595; baseline 0 -21"><span class='ocrx_word' id='word_1_437' title='bbox 2195 520 2300 574; x_wconf 91' lang='lat' dir='ltr'><strong>culi</strong></span> <span class='ocrx_word' id='word_1_438' title='bbox 2315 532 2521 590; x_wconf 82' lang='lat' dir='ltr'><strong>tempus</strong></span> <span class='ocrx_word' id='word_1_439' title='bbox 2543 524 2805 578; x_wconf 88' lang='lat' dir='ltr'><strong>ammittat</strong></span> <span class='ocrx_word' id='word_1_440' title='bbox 2822 520 3133 595; x_wconf 83' lang='lat' dir='ltr'><strong>[admittat],</strong></span> <span class='ocrx_word' id='word_1_441' title='bbox 3151 531 3350 592; x_wconf 88' lang='lat' dir='ltr'><strong>quanto</strong></span> <span class='ocrx_word' id='word_1_442' title='bbox 3374 520 3553 578; x_wconf 85' lang='lat' dir='ltr'><strong>minus</strong></span> <span class='ocrx_word' id='word_1_443' title='bbox 3570 534 3766 574; x_wconf 72' lang='lat' dir='ltr'><strong>semo-</strong></span> 
     </span>
    </p>
   </div>
   <div class='ocr_carea' id='block_1_64' title="bbox 2196 611 3760 681">
    <p class='ocr_par' dir='ltr' id='par_1_64' title="bbox 2196 611 3760 681">
     <span class='ocr_line' id='line_1_64' title="bbox 2196 611 3760 681; baseline 0 -17"><span class='ocrx_word' id='word_1_444' title='bbox 2196 625 2317 666; x_wconf 90' lang='lat' dir='ltr'><strong>nem</strong></span> <span class='ocrx_word' id='word_1_445' title='bbox 2369 612 2732 681; x_wconf 77' lang='lat' dir='ltr'><strong>longissimum</strong></span> <span class='ocrx_word' id='word_1_446' title='bbox 2784 623 2841 667; x_wconf 91' lang='lat' dir='ltr'><strong>ut</strong></span> <span class='ocrx_word' id='word_1_447' title='bbox 2891 612 3019 666; x_wconf 90' lang='lat' dir='ltr'><strong>illud</strong></span> <span class='ocrx_word' id='word_1_448' title='bbox 3071 613 3250 667; x_wconf 78' lang='lat' dir='ltr'><strong>odium</strong></span> <span class='ocrx_word' id='word_1_449' title='bbox 3300 613 3466 668; x_wconf 89' lang='lat' dir='ltr'><strong>corde</strong></span> <span class='ocrx_word' id='word_1_450' title='bbox 3521 611 3760 680; x_wconf 79' lang='lat' dir='ltr'><strong>pellatur,</strong></span> 
     </span>
    </p>
   </div>
   <div class='ocr_carea' id='block_1_65' title="bbox 2194 702 3765 773">
    <p class='ocr_par' dir='ltr' id='par_1_65' title="bbox 2194 702 3765 773">
     <span class='ocr_line' id='line_1_65' title="bbox 2194 702 3765 773; baseline -0.001 -17"><span class='ocrx_word' id='word_1_451' title='bbox 2194 702 2402 757; x_wconf 90' lang='lat' dir='ltr'><strong>etiamsi</strong></span> <span class='ocrx_word' id='word_1_452' title='bbox 2440 703 2725 773; x_wconf 86' lang='lat' dir='ltr'><strong>baptizanti</strong></span> <span class='ocrx_word' id='word_1_453' title='bbox 2767 705 2839 758; x_wconf 91' lang='lat' dir='ltr'><strong>sit</strong></span> <span class='ocrx_word' id='word_1_454' title='bbox 2881 703 3190 770; x_wconf 74' lang='lat' dir='ltr'><strong>cognitum?</strong></span> <span class='ocrx_word' id='word_1_455' title='bbox 3219 712 3370 759; x_wconf 86' lang='lat' dir='ltr'><strong>certe</strong></span> <span class='ocrx_word' id='word_1_456' title='bbox 3402 704 3507 757; x_wconf 87' lang='lat' dir='ltr'><strong>ista</strong></span> <span class='ocrx_word' id='word_1_457' title='bbox 3556 716 3662 756; x_wconf 85' lang='lat' dir='ltr'><strong>non</strong></span> <span class='ocrx_word' id='word_1_458' title='bbox 3688 715 3765 754; x_wconf 72' lang='lat' dir='ltr'><strong>so-</strong></span> 
     </span>
    </p>
   </div>
   <div class='ocr_carea' id='block_1_66' title="bbox 2195 793 3760 864">
    <p class='ocr_par' dir='ltr' id='par_1_66' title="bbox 2195 793 3760 864">
     <span class='ocr_line' id='line_1_66' title="bbox 2195 793 3760 864; baseline 0.001 -17"><span class='ocrx_word' id='word_1_459' title='bbox 2195 793 2302 847; x_wconf 88' lang='lat' dir='ltr'><strong>lum</strong></span> <span class='ocrx_word' id='word_1_460' title='bbox 2331 793 2470 863; x_wconf 90' lang='lat' dir='ltr'><strong>apud</strong></span> <span class='ocrx_word' id='word_1_461' title='bbox 2502 809 2620 860; x_wconf 90' lang='lat' dir='ltr'><strong>nos,</strong></span> <span class='ocrx_word' id='word_1_462' title='bbox 2653 795 2745 850; x_wconf 90' lang='lat' dir='ltr'><strong>sed</strong></span> <span class='ocrx_word' id='word_1_463' title='bbox 2776 795 2936 850; x_wconf 88' lang='lat' dir='ltr'><strong>etiam</strong></span> <span class='ocrx_word' id='word_1_464' title='bbox 2966 794 3106 864; x_wconf 91' lang='lat' dir='ltr'><strong>apud</strong></span> <span class='ocrx_word' id='word_1_465' title='bbox 3133 793 3252 850; x_wconf 87' lang='lat' dir='ltr'><strong>illos</strong></span> <span class='ocrx_word' id='word_1_466' title='bbox 3279 797 3504 850; x_wconf 86' lang='lat' dir='ltr'><strong>evenire</strong></span> <span class='ocrx_word' id='word_1_467' title='bbox 3528 809 3633 849; x_wconf 82' lang='lat' dir='ltr'><strong>non</strong></span> <span class='ocrx_word' id='word_1_468' title='bbox 3654 806 3760 848; x_wconf 81' lang='lat' dir='ltr'><strong>ces-</strong></span> 
     </span>
    </p>
   </div>
   <div class='ocr_carea' id='block_1_67' title="bbox 2195 874 3763 954">
    <p class='ocr_par' dir='ltr' id='par_1_67' title="bbox 2195 874 3763 954">
     <span class='ocr_line' id='line_1_67' title="bbox 2195 874 3763 954; baseline 0.002 -17"><span class='ocrx_word' id='word_1_469' title='bbox 2195 890 2335 937; x_wconf 89' lang='lat' dir='ltr'><strong>sant.</strong></span> <span class='ocrx_word' id='word_1_470' title='bbox 2367 881 2502 950; x_wconf 84' lang='lat' dir='ltr'><strong>Quid</strong></span> <span class='ocrx_word' id='word_1_471' title='bbox 2547 899 2677 954; x_wconf 88' lang='lat' dir='ltr'><strong>ergo</strong></span> <span class='ocrx_word' id='word_1_472' title='bbox 2705 874 2965 938; x_wconf 84' lang='lat' dir='ltr'><strong>dicimus?</strong></span> <span class='ocrx_word' id='word_1_473' title='bbox 3003 883 3354 938; x_wconf 86' lang='lat' dir='ltr'><strong>Dimittuntur</strong></span> <span class='ocrx_word' id='word_1_474' title='bbox 3398 895 3622 954; x_wconf 79' lang='lat' dir='ltr'><strong>peccata</strong></span> <span class='ocrx_word' id='word_1_475' title='bbox 3653 884 3763 940; x_wconf 72' lang='lat' dir='ltr'><strong>huic</strong></span> 
     </span>
    </p>
   </div>
   <div class='ocr_carea' id='block_1_68' title="bbox 2197 973 3762 1044">
    <p class='ocr_par' dir='ltr' id='par_1_68' title="bbox 2197 973 3762 1044">
     <span class='ocr_line' id='line_1_68' title="bbox 2197 973 3762 1044; baseline 0.001 -18"><span class='ocrx_word' id='word_1_476' title='bbox 2197 973 2420 1039; x_wconf 87' lang='lat' dir='ltr'><strong>homini,</strong></span> <span class='ocrx_word' id='word_1_477' title='bbox 2464 988 2530 1028; x_wconf 90' lang='lat' dir='ltr'><strong>an</strong></span> <span class='ocrx_word' id='word_1_478' title='bbox 2563 989 2690 1029; x_wconf 84' lang='lat' dir='ltr'><strong>non</strong></span> <span class='ocrx_word' id='word_1_479' title='bbox 2732 975 3104 1030; x_wconf 75' lang='lat' dir='ltr'><strong>dimittuntur?</strong></span> <span class='ocrx_word' id='word_1_480' title='bbox 3136 974 3361 1029; x_wconf 85' lang='lat' dir='ltr'><strong>Prorsus</strong></span> <span class='ocrx_word' id='word_1_481' title='bbox 3405 975 3552 1044; x_wconf 89' lang='lat' dir='ltr'><strong>quod</strong></span> <span class='ocrx_word' id='word_1_482' title='bbox 3585 978 3762 1029; x_wconf 84' lang='lat' dir='ltr'><strong>volunt</strong></span> 
     </span>
    </p>
   </div>
   <div class='ocr_carea' id='block_1_69' title="bbox 2195 1061 3765 1135">
    <p class='ocr_par' dir='ltr' id='par_1_69' title="bbox 2195 1061 3765 1135">
     <span class='ocr_line' id='line_1_69' title="bbox 2195 1061 3765 1135; baseline 0.001 -19"><span class='ocrx_word' id='word_1_483' title='bbox 2195 1061 2433 1132; x_wconf 75' lang='lat' dir='ltr'><strong>eligant;</strong></span> <span class='ocrx_word' id='word_1_484' title='bbox 2483 1063 2530 1116; x_wconf 85' lang='lat' dir='ltr'><strong>si</strong></span> <span class='ocrx_word' id='word_1_485' title='bbox 2575 1064 2718 1118; x_wconf 87' lang='lat' dir='ltr'><strong>enim</strong></span> <span class='ocrx_word' id='word_1_486' title='bbox 2775 1064 3137 1128; x_wconf 87' lang='lat' dir='ltr'><strong>dimittuntur,</strong></span> <span class='ocrx_word' id='word_1_487' title='bbox 3185 1065 3462 1118; x_wconf 83' lang='lat' dir='ltr'><strong>continuo-</strong></span> <span class='ocrx_word' id='word_1_488' title='bbox 3497 1063 3765 1135; x_wconf 77' lang='lat' dir='ltr'><strong>[continue</strong></span> 
     </span>
    </p>
   </div>
   <div class='ocr_carea' id='block_1_70' title="bbox 2197 1147 3763 1222">
    <p class='ocr_par' dir='ltr' id='par_1_70' title="bbox 2197 1147 3763 1222">
     <span class='ocr_line' id='line_1_70' title="bbox 2197 1147 3763 1222; baseline 0.003 -19"><span class='ocrx_word' id='word_1_489' title='bbox 2197 1162 2294 1219; x_wconf 91' lang='lat' dir='ltr'><strong>pro</strong></span> <span class='ocrx_word' id='word_1_490' title='bbox 2337 1147 2541 1221; x_wconf 86' lang='lat' dir='ltr'><strong>statim]</strong></span> <span class='ocrx_word' id='word_1_491' title='bbox 2593 1151 2836 1207; x_wconf 89' lang='lat' dir='ltr'><strong>redeunt.</strong></span> <span class='ocrx_word' id='word_1_492' title='bbox 2884 1151 3230 1222; x_wconf 85' lang='lat' dir='ltr'><strong>Evangel.um</strong></span> <span class='ocrx_word' id='word_1_493' title='bbox 3275 1153 3538 1222; x_wconf 85' lang='lat' dir='ltr'><strong>loquitur,</strong></span> <span class='ocrx_word' id='word_1_494' title='bbox 3579 1155 3763 1207; x_wconf 85' lang='lat' dir='ltr'><strong>veritas</strong></span> 
     </span>
    </p>
   </div>
   <div class='ocr_carea' id='block_1_71' title="bbox 2197 1240 3763 1309">
    <p class='ocr_par' dir='ltr' id='par_1_71' title="bbox 2197 1240 3763 1309">
     <span class='ocr_line' id='line_1_71' title="bbox 2197 1240 3763 1309; baseline 0.001 -15"><span class='ocrx_word' id='word_1_495' title='bbox 2197 1240 2432 1309; x_wconf 89' lang='lat' dir='ltr'><strong>clamat:</strong></span> <span class='ocrx_word' id='word_1_496' title='bbox 2458 1240 2571 1296; x_wconf 88' lang='lat' dir='ltr'><strong>sive</strong></span> <span class='ocrx_word' id='word_1_497' title='bbox 2600 1255 2728 1309; x_wconf 90' lang='lat' dir='ltr'><strong>ergo</strong></span> <span class='ocrx_word' id='word_1_498' title='bbox 2758 1241 3112 1306; x_wconf 85' lang='lat' dir='ltr'><strong>dimittantur,</strong></span> <span class='ocrx_word' id='word_1_499' title='bbox 3142 1243 3255 1297; x_wconf 87' lang='lat' dir='ltr'><strong>sive</strong></span> <span class='ocrx_word' id='word_1_500' title='bbox 3281 1258 3390 1297; x_wconf 89' lang='lat' dir='ltr'><strong>non</strong></span> <span class='ocrx_word' id='word_1_501' title='bbox 3413 1242 3763 1305; x_wconf 77' lang='lat' dir='ltr'><strong>dimittantur,</strong></span> 
     </span>
    </p>
   </div>
   <div class='ocr_carea' id='block_1_72' title="bbox 2200 1329 3765 1399">
    <p class='ocr_par' dir='ltr' id='par_1_72' title="bbox 2200 1329 3765 1399">
     <span class='ocr_line' id='line_1_72' title="bbox 2200 1329 3765 1399; baseline 0 -15"><span class='ocrx_word' id='word_1_502' title='bbox 2200 1330 2507 1384; x_wconf 82' lang='lat' dir='ltr'><strong>necessaria</strong></span> <span class='ocrx_word' id='word_1_503' title='bbox 2536 1339 2617 1384; x_wconf 85' lang='lat' dir='ltr'><strong>est</strong></span> <span class='ocrx_word' id='word_1_504' title='bbox 2647 1339 2830 1399; x_wconf 91' lang='lat' dir='ltr'><strong>postea</strong></span> <span class='ocrx_word' id='word_1_505' title='bbox 2870 1329 3128 1385; x_wconf 82' lang='lat' dir='ltr'><strong>medicina</strong></span> <span class='ocrx_word' id='word_1_506' title='bbox 3154 1346 3168 1395; x_wconf 93' lang='lat'><strong>;</strong></span> <span class='ocrx_word' id='word_1_507' title='bbox 3203 1345 3301 1384; x_wconf 89' lang='lat' dir='ltr'><strong>nec</strong></span> <span class='ocrx_word' id='word_1_508' title='bbox 3331 1338 3512 1384; x_wconf 69' lang='lat' dir='ltr'><strong>amen</strong></span> <span class='ocrx_word' id='word_1_509' title='bbox 3554 1331 3602 1384; x_wconf 85' lang='lat' dir='ltr'><strong>si</strong></span> <span class='ocrx_word' id='word_1_510' title='bbox 3631 1330 3765 1384; x_wconf 75' lang='lat' dir='ltr'><strong>vise-</strong></span> 
     </span>
    </p>
   </div>
   <div class='ocr_carea' id='block_1_73' title="bbox 2201 1420 3763 1493">
    <p class='ocr_par' dir='ltr' id='par_1_73' title="bbox 2201 1420 3763 1493">
     <span class='ocr_line' id='line_1_73' title="bbox 2201 1420 3763 1493; baseline 0 -19"><span class='ocrx_word' id='word_1_511' title='bbox 2201 1420 2294 1487; x_wconf 89' lang='lat' dir='ltr'><strong>rit,</strong></span> <span class='ocrx_word' id='word_1_512' title='bbox 2321 1431 2481 1492; x_wconf 85' lang='lat' dir='ltr'><strong>atque</strong></span> <span class='ocrx_word' id='word_1_513' title='bbox 2506 1422 2558 1477; x_wconf 93' lang='lat' dir='ltr'><strong>id</strong></span> <span class='ocrx_word' id='word_1_514' title='bbox 2601 1424 2971 1493; x_wconf 77' lang='lat' dir='ltr'><strong>corrigendum</strong></span> <span class='ocrx_word' id='word_1_515' title='bbox 3021 1436 3140 1478; x_wconf 87' lang='lat' dir='ltr'><strong>esse</strong></span> <span class='ocrx_word' id='word_1_516' title='bbox 3163 1421 3434 1486; x_wconf 79' lang='lat' dir='ltr'><strong>didicerit,</strong></span> <span class='ocrx_word' id='word_1_517' title='bbox 3464 1429 3625 1490; x_wconf 85' lang='lat' dir='ltr'><strong>atque</strong></span> <span class='ocrx_word' id='word_1_518' title='bbox 3654 1436 3763 1475; x_wconf 79' lang='lat' dir='ltr'><strong>cor-</strong></span> 
     </span>
    </p>
   </div>
   <div class='ocr_carea' id='block_1_74' title="bbox 2202 1513 3762 1584">
    <p class='ocr_par' dir='ltr' id='par_1_74' title="bbox 2202 1513 3762 1584">
     <span class='ocr_line' id='line_1_74' title="bbox 2202 1513 3762 1584; baseline -0.002 -16"><span class='ocrx_word' id='word_1_519' title='bbox 2202 1516 2419 1580; x_wconf 81' lang='lat' dir='ltr'><strong>rexerit,</strong></span> <span class='ocrx_word' id='word_1_520' title='bbox 2445 1514 2619 1569; x_wconf 88' lang='lat' dir='ltr'><strong>denuo</strong></span> <span class='ocrx_word' id='word_1_521' title='bbox 2649 1515 2964 1584; x_wconf 87' lang='lat' dir='ltr'><strong>baptizatur,</strong></span> <span class='ocrx_word' id='word_1_522' title='bbox 2993 1521 3107 1569; x_wconf 82' lang='lat' dir='ltr'><strong>sive</strong></span> <span class='ocrx_word' id='word_1_523' title='bbox 3131 1513 3272 1583; x_wconf 87' lang='lat' dir='ltr'><strong>apud</strong></span> <span class='ocrx_word' id='word_1_524' title='bbox 3318 1513 3469 1579; x_wconf 85' lang='lat' dir='ltr'><strong>illos,</strong></span> <span class='ocrx_word' id='word_1_525' title='bbox 3493 1513 3608 1568; x_wconf 86' lang='lat' dir='ltr'><strong>sive</strong></span> <span class='ocrx_word' id='word_1_526' title='bbox 3633 1513 3762 1582; x_wconf 73' lang='lat' dir='ltr'><strong>apud</strong></span> 
     </span>
    </p>
   </div>
   <div class='ocr_carea' id='block_1_75' title="bbox 2202 1592 3762 1675">
    <p class='ocr_par' dir='ltr' id='par_1_75' title="bbox 2202 1592 3762 1675">
     <span class='ocr_line' id='line_1_75' title="bbox 2202 1592 3762 1675; baseline 0 -19"><span class='ocrx_word' id='word_1_527' title='bbox 2202 1617 2318 1657; x_wconf 88' lang='lat' dir='ltr'><strong>nos.</strong></span> <span class='ocrx_word' id='word_1_528' title='bbox 2351 1603 2441 1660; x_wconf 89' lang='lat' dir='ltr'><strong>Sic</strong></span> <span class='ocrx_word' id='word_1_529' title='bbox 2463 1616 2516 1660; x_wconf 91' lang='lat' dir='ltr'><strong>et</strong></span> <span class='ocrx_word' id='word_1_530' title='bbox 2544 1605 2636 1659; x_wconf 90' lang='lat' dir='ltr'><strong>illa</strong></span> <span class='ocrx_word' id='word_1_531' title='bbox 2665 1621 2783 1675; x_wconf 82' lang='lat' dir='ltr'><strong>quae</strong></span> <span class='ocrx_word' id='word_1_532' title='bbox 2811 1592 3131 1661; x_wconf 85' lang='lat' dir='ltr'><strong>schismatiei</strong></span> <span class='ocrx_word' id='word_1_533' title='bbox 3165 1606 3247 1660; x_wconf 84' lang='lat' dir='ltr'><strong>vel</strong></span> <span class='ocrx_word' id='word_1_534' title='bbox 3279 1592 3524 1672; x_wconf 60' lang='lat' dir='ltr'><strong>haeretici</strong></span> <span class='ocrx_word' id='word_1_535' title='bbox 3554 1619 3656 1658; x_wconf 85' lang='lat' dir='ltr'><strong>non</strong></span> <span class='ocrx_word' id='word_1_536' title='bbox 3680 1605 3762 1657; x_wconf 84' lang='lat' dir='ltr'><strong>aii-</strong></span> 
     </span>
    </p>
   </div>
   <div class='ocr_carea' id='block_1_76' title="bbox 2203 1692 3764 1766">
    <p class='ocr_par' dir='ltr' id='par_1_76' title="bbox 2203 1692 3764 1766">
     <span class='ocr_line' id='line_1_76' title="bbox 2203 1692 3764 1766; baseline 0.002 -21"><span class='ocrx_word' id='word_1_537' title='bbox 2203 1702 2283 1746; x_wconf 90' lang='lat' dir='ltr'><strong>ter</strong></span> <span class='ocrx_word' id='word_1_538' title='bbox 2331 1692 2548 1759; x_wconf 87' lang='lat' dir='ltr'><strong>habent,</strong></span> <span class='ocrx_word' id='word_1_539' title='bbox 2594 1695 2898 1766; x_wconf 39' lang='lat' dir='ltr'><strong>nee.aliter</strong></span> <span class='ocrx_word' id='word_1_540' title='bbox 2937 1701 3102 1764; x_wconf 88' lang='lat' dir='ltr'><strong>agunt</strong></span> <span class='ocrx_word' id='word_1_541' title='bbox 3145 1708 3304 1763; x_wconf 88' lang='lat' dir='ltr'><strong>quam</strong></span> <span class='ocrx_word' id='word_1_542' title='bbox 3343 1708 3474 1748; x_wconf 83' lang='lat' dir='ltr'><strong>vera</strong></span> <span class='ocrx_word' id='word_1_543' title='bbox 3517 1693 3764 1754; x_wconf 81' lang='lat' dir='ltr'><strong>Ecclesia.</strong></span> 
     </span>
    </p>
   </div>
   <div class='ocr_carea' id='block_1_77' title="bbox 2203 1769 3762 1852">
    <p class='ocr_par' dir='ltr' id='par_1_77' title="bbox 2203 1769 3762 1852">
     <span class='ocr_line' id='line_1_77' title="bbox 2203 1769 3762 1852; baseline -0.001 -15"><span class='ocrx_word' id='word_1_544' title='bbox 2203 1798 2322 1839; x_wconf 82' lang='lat' dir='ltr'><strong>cum</strong></span> <span class='ocrx_word' id='word_1_545' title='bbox 2351 1783 2418 1839; x_wconf 88' lang='lat' dir='ltr'><strong>ad</strong></span> <span class='ocrx_word' id='word_1_546' title='bbox 2449 1798 2548 1840; x_wconf 90' lang='lat' dir='ltr'><strong>nos</strong></span> <span class='ocrx_word' id='word_1_547' title='bbox 2569 1783 2811 1850; x_wconf 90' lang='lat' dir='ltr'><strong>veniunt,</strong></span> <span class='ocrx_word' id='word_1_548' title='bbox 2834 1769 2942 1838; x_wconf 85' lang='lat' dir='ltr'><strong>non</strong></span> <span class='ocrx_word' id='word_1_549' title='bbox 2965 1782 3338 1848; x_wconf 85' lang='lat' dir='ltr'><strong>emendamus,</strong></span> <span class='ocrx_word' id='word_1_550' title='bbox 3366 1783 3464 1838; x_wconf 89' lang='lat' dir='ltr'><strong>sed</strong></span> <span class='ocrx_word' id='word_1_551' title='bbox 3489 1784 3661 1852; x_wconf 84' lang='lat' dir='ltr'><strong>potius</strong></span> <span class='ocrx_word' id='word_1_552' title='bbox 3682 1785 3762 1836; x_wconf 62' lang='grc' dir='ltr'><strong>τάς</strong></span> 
     </span>
    </p>
   </div>
   <div class='ocr_carea' id='block_1_78' title="bbox 2206 1873 3758 1950">
    <p class='ocr_par' dir='ltr' id='par_1_78' title="bbox 2206 1873 3758 1950">
     <span class='ocr_line' id='line_1_78' title="bbox 2206 1873 3758 1950; baseline -0.002 -20"><span class='ocrx_word' id='word_1_553' title='bbox 2206 1875 2525 1943; x_wconf 89' lang='lat' dir='ltr'><strong>probamus;</strong></span> <span class='ocrx_word' id='word_1_554' title='bbox 2557 1876 2611 1930; x_wconf 90' lang='lat' dir='ltr'><strong>in</strong></span> <span class='ocrx_word' id='word_1_555' title='bbox 2632 1874 2823 1946; x_wconf 90' lang='lat' dir='ltr'><strong>quibus</strong></span> <span class='ocrx_word' id='word_1_556' title='bbox 2848 1876 3006 1950; x_wconf 75' lang='lat' dir='ltr'><strong>enim</strong></span> <span class='ocrx_word' id='word_1_557' title='bbox 3036 1875 3492 1930; x_wconf 88' lang='lat' dir='ltr'><strong>non-dissentiunt</strong></span> <span class='ocrx_word' id='word_1_558' title='bbox 3538 1887 3570 1926; x_wconf 86' lang='lat' dir='ltr'><strong>a</strong></span> <span class='ocrx_word' id='word_1_559' title='bbox 3598 1873 3758 1935; x_wconf 80' lang='lat' dir='ltr'><strong>nobis,</strong></span> 
     </span>
    </p>
   </div>
   <div class='ocr_carea' id='block_1_79' title="bbox 2203 1963 3760 2036">
    <p class='ocr_par' dir='ltr' id='par_1_79' title="bbox 2203 1963 3760 2036">
     <span class='ocr_line' id='line_1_79' title="bbox 2203 1963 3760 2036; baseline -0.003 -16"><span class='ocrx_word' id='word_1_560' title='bbox 2203 1967 2256 2020; x_wconf 91' lang='lat' dir='ltr'><strong>in</strong></span> <span class='ocrx_word' id='word_1_561' title='bbox 2285 1967 2365 2022; x_wconf 90' lang='lat' dir='ltr'><strong>eis</strong></span> <span class='ocrx_word' id='word_1_562' title='bbox 2390 1981 2496 2022; x_wconf 91' lang='lat' dir='ltr'><strong>non</strong></span> <span class='ocrx_word' id='word_1_563' title='bbox 2527 1966 2903 2036; x_wconf 87' lang='lat' dir='ltr'><strong>disjunguntur</strong></span> <span class='ocrx_word' id='word_1_564' title='bbox 2931 1981 2961 2020; x_wconf 88' lang='lat' dir='ltr'><strong>a</strong></span> <span class='ocrx_word' id='word_1_565' title='bbox 2991 1965 3165 2032; x_wconf 85' lang='lat' dir='ltr'><strong>nobis;</strong></span> <span class='ocrx_word' id='word_1_566' title='bbox 3192 1967 3288 2020; x_wconf 89' lang='lat' dir='ltr'><strong>sed</strong></span> <span class='ocrx_word' id='word_1_567' title='bbox 3324 1976 3504 2020; x_wconf 88' lang='lat' dir='ltr'><strong>tamen</strong></span> <span class='ocrx_word' id='word_1_568' title='bbox 3534 1966 3654 2031; x_wconf 83' lang='lat' dir='ltr'><strong>quia</strong></span> <span class='ocrx_word' id='word_1_569' title='bbox 3694 1963 3760 2017; x_wconf 72' lang='lat' dir='ltr'><strong>ui~</strong></span> 
     </span>
    </p>
   </div>
   <div class='ocr_carea' id='block_1_80' title="bbox 2203 2055 3758 2128">
    <p class='ocr_par' dir='ltr' id='par_1_80' title="bbox 2203 2055 3758 2128">
     <span class='ocr_line' id='line_1_80' title="bbox 2203 2055 3758 2128; baseline -0.003 -19"><span class='ocrx_word' id='word_1_570' title='bbox 2203 2055 2277 2110; x_wconf 88' lang='lat' dir='ltr'><strong>hil</strong></span> <span class='ocrx_word' id='word_1_571' title='bbox 2305 2057 2385 2112; x_wconf 89' lang='lat' dir='ltr'><strong>eis</strong></span> <span class='ocrx_word' id='word_1_572' title='bbox 2409 2066 2628 2127; x_wconf 87' lang='lat' dir='ltr'><strong>prosunt</strong></span> <span class='ocrx_word' id='word_1_573' title='bbox 2646 2057 2886 2128; x_wconf 86' lang='lat' dir='ltr'><strong>quandiu</strong></span> <span class='ocrx_word' id='word_1_574' title='bbox 2918 2055 3240 2112; x_wconf 83' lang='lat' dir='ltr'><strong>scitismatici</strong></span> <span class='ocrx_word' id='word_1_575' title='bbox 3263 2055 3346 2110; x_wconf 91' lang='lat' dir='ltr'><strong>vel</strong></span> <span class='ocrx_word' id='word_1_576' title='bbox 3375 2055 3614 2110; x_wconf 66' lang='lat' dir='ltr'><strong>haeretici</strong></span> <span class='ocrx_word' id='word_1_577' title='bbox 3630 2061 3758 2114; x_wconf 84' lang='lat' dir='ltr'><strong>sunt,</strong></span> 
     </span>
    </p>
   </div>
   <div class='ocr_carea' id='block_1_81' title="bbox 2205 2147 3758 2219">
    <p class='ocr_par' dir='ltr' id='par_1_81' title="bbox 2205 2147 3758 2219">
     <span class='ocr_line' id='line_1_81' title="bbox 2205 2147 3758 2219; baseline -0.004 -16"><span class='ocrx_word' id='word_1_578' title='bbox 2205 2158 2423 2219; x_wconf 88' lang='lat' dir='ltr'><strong>propter</strong></span> <span class='ocrx_word' id='word_1_579' title='bbox 2451 2149 2557 2204; x_wconf 90' lang='lat' dir='ltr'><strong>alia</strong></span> <span class='ocrx_word' id='word_1_580' title='bbox 2586 2149 2639 2205; x_wconf 91' lang='lat' dir='ltr'><strong>in</strong></span> <span class='ocrx_word' id='word_1_581' title='bbox 2669 2148 2864 2219; x_wconf 89' lang='lat' dir='ltr'><strong>quibus</strong></span> <span class='ocrx_word' id='word_1_582' title='bbox 2891 2163 2919 2202; x_wconf 92' lang='lat' dir='ltr'><strong>a</strong></span> <span class='ocrx_word' id='word_1_583' title='bbox 2948 2147 3171 2203; x_wconf 86' lang='lat' dir='ltr'><strong>veritate</strong></span> <span class='ocrx_word' id='word_1_584' title='bbox 3195 2147 3541 2212; x_wconf 86' lang='lat' dir='ltr'><strong>dissentiunt,</strong></span> <span class='ocrx_word' id='word_1_585' title='bbox 3569 2156 3623 2201; x_wconf 90' lang='lat' dir='ltr'><strong>et</strong></span> <span class='ocrx_word' id='word_1_586' title='bbox 3651 2158 3758 2213; x_wconf 88' lang='lat' dir='ltr'><strong>pro-</strong></span> 
     </span>
    </p>
   </div>
   <div class='ocr_carea' id='block_1_82' title="bbox 2203 2236 3761 2310">
    <p class='ocr_par' dir='ltr' id='par_1_82' title="bbox 2203 2236 3761 2310">
     <span class='ocr_line' id='line_1_82' title="bbox 2203 2236 3761 2310; baseline -0.005 -15"><span class='ocrx_word' id='word_1_587' title='bbox 2203 2249 2325 2310; x_wconf 87' lang='lat' dir='ltr'><strong>pter</strong></span> <span class='ocrx_word' id='word_1_588' title='bbox 2354 2240 2529 2310; x_wconf 89' lang='lat' dir='ltr'><strong>ipsum</strong></span> <span class='ocrx_word' id='word_1_589' title='bbox 2556 2239 2907 2308; x_wconf 89' lang='lat' dir='ltr'><strong>separationis</strong></span> <span class='ocrx_word' id='word_1_590' title='bbox 2940 2238 3384 2294; x_wconf 89' lang='lat' dir='ltr'><strong>immanissimum</strong></span> <span class='ocrx_word' id='word_1_591' title='bbox 3429 2237 3630 2301; x_wconf 84' lang='lat' dir='ltr'><strong>scelus,</strong></span> <span class='ocrx_word' id='word_1_592' title='bbox 3661 2236 3761 2289; x_wconf 79' lang='lat' dir='ltr'><strong>sive</strong></span> 
     </span>
    </p>
   </div>
   <div class='ocr_carea' id='block_1_83' title="bbox 2205 2328 3760 2402">
    <p class='ocr_par' dir='ltr' id='par_1_83' title="bbox 2205 2328 3760 2402">
     <span class='ocr_line' id='line_1_83' title="bbox 2205 2328 3760 2402; baseline -0.003 -17"><span class='ocrx_word' id='word_1_593' title='bbox 2205 2332 2598 2401; x_wconf 86' lang='lat' dir='ltr'><strong>permanserint</strong></span> <span class='ocrx_word' id='word_1_594' title='bbox 2635 2332 2688 2386; x_wconf 91' lang='lat' dir='ltr'><strong>in</strong></span> <span class='ocrx_word' id='word_1_595' title='bbox 2733 2333 2816 2388; x_wconf 89' lang='lat' dir='ltr'><strong>eis</strong></span> <span class='ocrx_word' id='word_1_596' title='bbox 2846 2339 3082 2402; x_wconf 82' lang='lat' dir='ltr'><strong>peccata,</strong></span> <span class='ocrx_word' id='word_1_597' title='bbox 3113 2331 3229 2385; x_wconf 68' lang='lat' dir='ltr'><strong>sive</strong></span> <span class='ocrx_word' id='word_1_598' title='bbox 3258 2333 3520 2386; x_wconf 85' lang='lat' dir='ltr'><strong>continuo</strong></span> <span class='ocrx_word' id='word_1_599' title='bbox 3558 2328 3760 2383; x_wconf 82' lang='lat' dir='ltr'><strong>dimissa</strong></span> 
     </span>
    </p>
   </div>
   <div class='ocr_carea' id='block_1_84' title="bbox 2204 2424 3760 2494">
    <p class='ocr_par' dir='ltr' id='par_1_84' title="bbox 2204 2424 3760 2494">
     <span class='ocr_line' id='line_1_84' title="bbox 2204 2424 3760 2494; baseline 0 -16"><span class='ocrx_word' id='word_1_600' title='bbox 2204 2424 2492 2490; x_wconf 74' lang='lat' dir='ltr'><strong>redierint,</strong></span> <span class='ocrx_word' id='word_1_601' title='bbox 2513 2434 2570 2480; x_wconf 91' lang='lat' dir='ltr'><strong>ut</strong></span> <span class='ocrx_word' id='word_1_602' title='bbox 2615 2426 2683 2481; x_wconf 88' lang='lat' dir='ltr'><strong>ad</strong></span> <span class='ocrx_word' id='word_1_603' title='bbox 2722 2428 2946 2481; x_wconf 89' lang='lat' dir='ltr'><strong>salutem</strong></span> <span class='ocrx_word' id='word_1_604' title='bbox 2996 2425 3142 2494; x_wconf 83' lang='lat' dir='ltr'><strong>pacis</strong></span> <span class='ocrx_word' id='word_1_605' title='bbox 3181 2433 3345 2494; x_wconf 90' lang='lat' dir='ltr'><strong>atque</strong></span> <span class='ocrx_word' id='word_1_606' title='bbox 3379 2425 3655 2479; x_wconf 87' lang='lat' dir='ltr'><strong>charitatis</strong></span> <span class='ocrx_word' id='word_1_607' title='bbox 3679 2438 3760 2478; x_wconf 84' lang='lat' dir='ltr'><strong>ve-</strong></span> 
     </span>
    </p>
   </div>
   <div class='ocr_carea' id='block_1_85' title="bbox 2205 2499 3760 2595">
    <p class='ocr_par' dir='ltr' id='par_1_85' title="bbox 2205 2499 3760 2595">
     <span class='ocr_line' id='line_1_85' title="bbox 2205 2499 3760 2595; baseline -0.004 -25"><span class='ocrx_word' id='word_1_608' title='bbox 2205 2514 2375 2595; x_wconf 83' lang='lat' dir='ltr'><strong>niant,</strong></span> <span class='ocrx_word' id='word_1_609' title='bbox 2424 2515 2806 2581; x_wconf 88' lang='lat' dir='ltr'><strong>adhortamur;</strong></span> <span class='ocrx_word' id='word_1_610' title='bbox 2839 2533 2942 2570; x_wconf 83' lang='lat' dir='ltr'><strong>non</strong></span> <span class='ocrx_word' id='word_1_611' title='bbox 2965 2516 3184 2580; x_wconf 50' lang='lat' dir='ltr'><strong>’solum,</strong></span> <span class='ocrx_word' id='word_1_612' title='bbox 3217 2527 3273 2568; x_wconf 91' lang='lat' dir='ltr'><strong>ut</strong></span> <span class='ocrx_word' id='word_1_613' title='bbox 3317 2499 3522 2583; x_wconf 87' lang='lat' dir='ltr'><strong>aliquid</strong></span> <span class='ocrx_word' id='word_1_614' title='bbox 3549 2513 3760 2567; x_wconf 79' lang='lat' dir='ltr'><strong>habeant</strong></span> 
     </span>
    </p>
   </div>
   <div class='ocr_carea' id='block_1_86' title="bbox 2205 2605 3758 2675">
    <p class='ocr_par' dir='ltr' id='par_1_86' title="bbox 2205 2605 3758 2675">
     <span class='ocr_line' id='line_1_86' title="bbox 2205 2605 3758 2675; baseline -0.001 -15"><span class='ocrx_word' id='word_1_615' title='bbox 2205 2605 2344 2675; x_wconf 91' lang='lat' dir='ltr'><strong>quod</strong></span> <span class='ocrx_word' id='word_1_616' title='bbox 2373 2619 2484 2662; x_wconf 85' lang='lat' dir='ltr'><strong>non</strong></span> <span class='ocrx_word' id='word_1_617' title='bbox 2517 2607 2802 2674; x_wconf 88' lang='lat' dir='ltr'><strong>habebant,</strong></span> <span class='ocrx_word' id='word_1_618' title='bbox 2837 2607 2930 2661; x_wconf 89' lang='lat' dir='ltr'><strong>sed</strong></span> <span class='ocrx_word' id='word_1_619' title='bbox 2960 2617 3016 2660; x_wconf 92' lang='lat' dir='ltr'><strong>ut</strong></span> <span class='ocrx_word' id='word_1_620' title='bbox 3054 2608 3137 2662; x_wconf 88' lang='lat' dir='ltr'><strong>eis</strong></span> <span class='ocrx_word' id='word_1_621' title='bbox 3163 2609 3324 2661; x_wconf 90' lang='lat' dir='ltr'><strong>etiam</strong></span> <span class='ocrx_word' id='word_1_622' title='bbox 3356 2606 3483 2660; x_wconf 90' lang='lat' dir='ltr'><strong>illud</strong></span> <span class='ocrx_word' id='word_1_623' title='bbox 3522 2605 3758 2675; x_wconf 76' lang='lat' dir='ltr'><strong>prodesse</strong></span> 
     </span>
    </p>
   </div>
   <div class='ocr_carea' id='block_1_87' title="bbox 2207 2697 2927 2768">
    <p class='ocr_par' dir='ltr' id='par_1_87' title="bbox 2207 2697 2927 2768">
     <span class='ocr_line' id='line_1_87' title="bbox 2207 2697 2927 2768; baseline 0.003 -17"><span class='ocrx_word' id='word_1_624' title='bbox 2207 2697 2449 2768; x_wconf 88' lang='lat' dir='ltr'><strong>incipiat,</strong></span> <span class='ocrx_word' id='word_1_625' title='bbox 2473 2698 2617 2767; x_wconf 93' lang='lat' dir='ltr'><strong>quod</strong></span> <span class='ocrx_word' id='word_1_626' title='bbox 2639 2698 2927 2754; x_wconf 84' lang='lat' dir='ltr'><strong>habebant.</strong></span> 
     </span>
    </p>
   </div>
   <div class='ocr_carea' id='block_1_88' title="bbox 2743 2784 3232 2845">
    <p class='ocr_par' dir='ltr' id='par_1_88' title="bbox 2743 2784 3232 2845">
     <span class='ocr_line' id='line_1_88' title="bbox 2743 2784 3232 2845; baseline -0.006 -3"><span class='ocrx_word' id='word_1_627' title='bbox 2743 2786 2969 2843; x_wconf 78' lang='lat' dir='ltr'><strong>CAPUT</strong></span> <span class='ocrx_word' id='word_1_628' title='bbox 3007 2784 3232 2845; x_wconf 81' lang='lat' dir='ltr'><strong>CCXIV.</strong></span> 
     </span>
    </p>
   </div>
   <div class='ocr_carea' id='block_1_89' title="bbox 2211 2877 3758 2950">
    <p class='ocr_par' dir='ltr' id='par_1_89' title="bbox 2211 2877 3758 2950">
     <span class='ocr_line' id='line_1_89' title="bbox 2211 2877 3758 2950; baseline -0.002 -18"><span class='ocrx_word' id='word_1_629' title='bbox 2211 2877 2362 2945; x_wconf 80' lang='lat' dir='ltr'><strong>Quod</strong></span> <span class='ocrx_word' id='word_1_630' title='bbox 2390 2879 2668 2948; x_wconf 67' lang='lat' dir='ltr'><strong>baptisma:</strong></span> <span class='ocrx_word' id='word_1_631' title='bbox 2693 2878 2786 2934; x_wconf 82' lang='lat' dir='ltr'><strong>Dei</strong></span> <span class='ocrx_word' id='word_1_632' title='bbox 2804 2882 2868 2934; x_wconf 82' lang='lat' dir='ltr'><strong>sit</strong></span> <span class='ocrx_word' id='word_1_633' title='bbox 2891 2891 2937 2933; x_wconf 90' lang='lat' dir='ltr'><strong>et</strong></span> <span class='ocrx_word' id='word_1_634' title='bbox 2963 2879 3206 2933; x_wconf 72' lang='lat' dir='ltr'><strong>Ecclesia:</strong></span> <span class='ocrx_word' id='word_1_635' title='bbox 3229 2879 3514 2950; x_wconf 69' lang='lat' dir='ltr'><strong>ubicunque</strong></span> <span class='ocrx_word' id='word_1_636' title='bbox 3543 2879 3758 2933; x_wconf 73' lang='lat' dir='ltr'><strong>inuentus</strong></span> 
     </span>
    </p>
   </div>
   <div class='ocr_carea' id='block_1_90' title="bbox 2667 2950 3304 3019">
    <p class='ocr_par' dir='ltr' id='par_1_90' title="bbox 2667 2950 3304 3019">
     <span class='ocr_line' id='line_1_90' title="bbox 2667 2950 3304 3019; baseline 0.002 -17"><span class='ocrx_word' id='word_1_637' title='bbox 2667 2950 2843 3019; x_wconf 71' lang='lat' dir='ltr'><strong>fuerit,</strong></span> <span class='ocrx_word' id='word_1_638' title='bbox 2867 2966 2928 3003; x_wconf 69' lang='lat' dir='ltr'><strong>ex</strong></span> <span class='ocrx_word' id='word_1_639' title='bbox 2954 2951 3128 3003; x_wconf 84' lang='lat' dir='ltr'><strong>eodem</strong></span> <span class='ocrx_word' id='word_1_640' title='bbox 3154 2951 3304 3018; x_wconf 81' lang='lat' dir='ltr'><strong>libro.</strong></span> 
     </span>
    </p>
   </div>
   <div class='ocr_carea' id='block_1_91' title="bbox 2283 3027 3754 3113">
    <p class='ocr_par' dir='ltr' id='par_1_91' title="bbox 2283 3027 3754 3113">
     <span class='ocr_line' id='line_1_91' title="bbox 2283 3027 3754 3113; baseline -0.001 -20"><span class='ocrx_word' id='word_1_641' title='bbox 2283 3038 2504 3094; x_wconf 85' lang='lat' dir='ltr'><strong>Frustra</strong></span> <span class='ocrx_word' id='word_1_642' title='bbox 2531 3054 2658 3113; x_wconf 85' lang='lat' dir='ltr'><strong>ergo</strong></span> <span class='ocrx_word' id='word_1_643' title='bbox 2682 3038 2831 3093; x_wconf 82' lang='lat' dir='ltr'><strong>nobis</strong></span> <span class='ocrx_word' id='word_1_644' title='bbox 2853 3038 3033 3094; x_wconf 90' lang='lat' dir='ltr'><strong>dicunt</strong></span> <span class='ocrx_word' id='word_1_645' title='bbox 3060 3055 3072 3090; x_wconf 91' lang='lat'>:</span> <span class='ocrx_word' id='word_1_646' title='bbox 3097 3027 3154 3094; x_wconf 67' lang='lat' dir='ltr'><strong>Si</strong></span> <span class='ocrx_word' id='word_1_647' title='bbox 3181 3037 3502 3106; x_wconf 88' lang='lat' dir='ltr'><strong>baptismum</strong></span> <span class='ocrx_word' id='word_1_648' title='bbox 3530 3045 3754 3091; x_wconf 70' lang='lat' dir='ltr'><strong>nostrum</strong></span> 
     </span>
    </p>
   </div>
   <div class='ocr_carea' id='block_1_92' title="bbox 2209 3128 3756 3200">
    <p class='ocr_par' dir='ltr' id='par_1_92' title="bbox 2209 3128 3756 3200">
     <span class='ocr_line' id='line_1_92' title="bbox 2209 3128 3756 3200; baseline -0.001 -15"><span class='ocrx_word' id='word_1_649' title='bbox 2209 3131 2518 3199; x_wconf 77' lang='lat' dir='ltr'><strong>acceptatis,</strong></span> <span class='ocrx_word' id='word_1_650' title='bbox 2547 3131 2670 3200; x_wconf 89' lang='lat' dir='ltr'><strong>quid</strong></span> <span class='ocrx_word' id='word_1_651' title='bbox 2703 3131 2875 3185; x_wconf 91' lang='lat' dir='ltr'><strong>minus</strong></span> <span class='ocrx_word' id='word_1_652' title='bbox 2906 3130 3186 3194; x_wconf 88' lang='lat' dir='ltr'><strong>habemus,</strong></span> <span class='ocrx_word' id='word_1_653' title='bbox 3233 3137 3294 3184; x_wconf 89' lang='lat' dir='ltr'><strong>ut</strong></span> <span class='ocrx_word' id='word_1_654' title='bbox 3319 3131 3475 3184; x_wconf 86' lang='lat' dir='ltr'><strong>nobis</strong></span> <span class='ocrx_word' id='word_1_655' title='bbox 3497 3128 3564 3184; x_wconf 88' lang='lat' dir='ltr'><strong>de</strong></span> <span class='ocrx_word' id='word_1_656' title='bbox 3598 3139 3756 3184; x_wconf 63' lang='grc' dir='ltr'><strong>γαίη</strong></span> 
     </span>
    </p>
   </div>
   <div class='ocr_carea' id='block_1_93' title="bbox 2211 3221 3756 3291">
    <p class='ocr_par' dir='ltr' id='par_1_93' title="bbox 2211 3221 3756 3291">
     <span class='ocr_line' id='line_1_93' title="bbox 2211 3221 3756 3291; baseline -0.004 -14"><span class='ocrx_word' id='word_1_657' title='bbox 2211 3224 2586 3277; x_wconf 88' lang='lat' dir='ltr'><strong>communione</strong></span> <span class='ocrx_word' id='word_1_658' title='bbox 2648 3221 3028 3277; x_wconf 87' lang='lat' dir='ltr'><strong>consulendum</strong></span> <span class='ocrx_word' id='word_1_659' title='bbox 3087 3221 3318 3291; x_wconf 75' lang='lat' dir='ltr'><strong>putetis?</strong></span> <span class='ocrx_word' id='word_1_660' title='bbox 3375 3221 3756 3287; x_wconf 77' lang='lat' dir='ltr'><strong>Respondemus</strong></span> 
     </span>
    </p>
   </div>
   <div class='ocr_carea' id='block_1_94' title="bbox 2209 3309 3756 3396">
    <p class='ocr_par' dir='ltr' id='par_1_94' title="bbox 2209 3309 3756 3396">
     <span class='ocr_line' id='line_1_94' title="bbox 2209 3309 3756 3396; baseline -0.006 -24"><span class='ocrx_word' id='word_1_661' title='bbox 2209 3316 2559 3396; x_wconf 37' lang='lat' dir='ltr'><strong>etiimzNon,_</strong></span> <span class='ocrx_word' id='word_1_662' title='bbox 2583 3317 2901 3385; x_wconf 85' lang='lat' dir='ltr'><strong>baptismum</strong></span> <span class='ocrx_word' id='word_1_663' title='bbox 2953 3320 3191 3371; x_wconf 88' lang='lat' dir='ltr'><strong>vestrum</strong></span> <span class='ocrx_word' id='word_1_664' title='bbox 3239 3322 3576 3383; x_wconf 89' lang='lat' dir='ltr'><strong>acceptamus</strong></span> <span class='ocrx_word' id='word_1_665' title='bbox 3623 3309 3756 3380; x_wconf 86' lang='lat' dir='ltr'><strong>(quia</strong></span> 
     </span>
    </p>
   </div>
   <div class='ocr_carea' id='block_1_95' title="bbox 2210 3404 3760 3477">
    <p class='ocr_par' dir='ltr' id='par_1_95' title="bbox 2210 3404 3760 3477">
     <span class='ocr_line' id='line_1_95' title="bbox 2210 3404 3760 3477; baseline -0.006 -14"><span class='ocrx_word' id='word_1_666' title='bbox 2210 3422 2315 3463; x_wconf 91' lang='lat' dir='ltr'><strong>non</strong></span> <span class='ocrx_word' id='word_1_667' title='bbox 2343 3419 2425 3464; x_wconf 90' lang='lat' dir='ltr'><strong>est</strong></span> <span class='ocrx_word' id='word_1_668' title='bbox 2447 3407 2742 3477; x_wconf 87' lang='lat' dir='ltr'><strong>baptismus</strong></span> <span class='ocrx_word' id='word_1_669' title='bbox 2773 3408 2862 3464; x_wconf 78' lang='lat' dir='ltr'><strong>ille</strong></span> <span class='ocrx_word' id='word_1_670' title='bbox 2886 3406 3352 3463; x_wconf 89' lang='lat' dir='ltr'><strong>schismaticorum</strong></span> <span class='ocrx_word' id='word_1_671' title='bbox 3386 3405 3470 3460; x_wconf 88' lang='lat' dir='ltr'><strong>vel</strong></span> <span class='ocrx_word' id='word_1_672' title='bbox 3505 3404 3760 3458; x_wconf 70' lang='lat' dir='ltr'><strong>haeretico-</strong></span> 
     </span>
    </p>
   </div>
   <div class='ocr_carea' id='block_1_96' title="bbox 2210 3493 3760 3566">
    <p class='ocr_par' dir='ltr' id='par_1_96' title="bbox 2210 3493 3760 3566">
     <span class='ocr_line' id='line_1_96' title="bbox 2210 3493 3760 3566; baseline -0.004 -14"><span class='ocrx_word' id='word_1_673' title='bbox 2210 3498 2373 3566; x_wconf 87' lang='lat' dir='ltr'><strong>rum),</strong></span> <span class='ocrx_word' id='word_1_674' title='bbox 2405 3498 2497 3554; x_wconf 87' lang='lat' dir='ltr'><strong>sed</strong></span> <span class='ocrx_word' id='word_1_675' title='bbox 2532 3498 2624 3553; x_wconf 93' lang='lat' dir='ltr'><strong>Dei</strong></span> <span class='ocrx_word' id='word_1_676' title='bbox 2655 3508 2708 3553; x_wconf 91' lang='lat' dir='ltr'><strong>et</strong></span> <span class='ocrx_word' id='word_1_677' title='bbox 2734 3498 3006 3560; x_wconf 65' lang='lat' dir='ltr'><strong>Ecclesia,</strong></span> <span class='ocrx_word' id='word_1_678' title='bbox 3039 3496 3361 3565; x_wconf 90' lang='lat' dir='ltr'><strong>ubicumque</strong></span> <span class='ocrx_word' id='word_1_679' title='bbox 3394 3495 3554 3549; x_wconf 79' lang='lat' dir='ltr'><strong>fuerit</strong></span> <span class='ocrx_word' id='word_1_680' title='bbox 3592 3493 3760 3546; x_wconf 85' lang='lat' dir='ltr'><strong>inven-</strong></span> 
     </span>
    </p>
   </div>
   <div class='ocr_carea' id='block_1_97' title="bbox 2198 3584 3760 3659">
    <p class='ocr_par' dir='ltr' id='par_1_97' title="bbox 2198 3584 3760 3659">
     <span class='ocr_line' id='line_1_97' title="bbox 2198 3584 3760 3659; baseline -0.006 -17"><span class='ocrx_word' id='word_1_681' title='bbox 2198 3596 2318 3659; x_wconf 42' lang='lat' dir='ltr'><strong>.‘tus,</strong></span> <span class='ocrx_word' id='word_1_682' title='bbox 2361 3597 2415 3640; x_wconf 92' lang='lat' dir='ltr'><strong>et</strong></span> <span class='ocrx_word' id='word_1_683' title='bbox 2445 3602 2761 3657; x_wconf 89' lang='lat' dir='ltr'><strong>quocunque</strong></span> <span class='ocrx_word' id='word_1_684' title='bbox 2813 3587 3120 3641; x_wconf 86' lang='lat' dir='ltr'><strong>translatus.</strong></span> <span class='ocrx_word' id='word_1_685' title='bbox 3158 3584 3410 3639; x_wconf 72' lang='lat' dir='ltr'><strong>Vestrum</strong></span> <span class='ocrx_word' id='word_1_686' title='bbox 3455 3594 3625 3637; x_wconf 89' lang='lat' dir='ltr'><strong>autem</strong></span> <span class='ocrx_word' id='word_1_687' title='bbox 3667 3595 3760 3634; x_wconf 86' lang='lat' dir='ltr'><strong>noa</strong></span> 
     </span>
    </p>
   </div>
   <div class='ocr_carea' id='block_1_98' title="bbox 2210 3673 3750 3748">
    <p class='ocr_par' dir='ltr' id='par_1_98' title="bbox 2210 3673 3750 3748">
     <span class='ocr_line' id='line_1_98' title="bbox 2210 3673 3750 3748; baseline -0.006 -14"><span class='ocrx_word' id='word_1_688' title='bbox 2210 3689 2312 3745; x_wconf 90' lang='lat' dir='ltr'><strong>est,</strong></span> <span class='ocrx_word' id='word_1_689' title='bbox 2341 3675 2440 3733; x_wconf 79' lang='lat' dir='ltr'><strong>nisi</strong></span> <span class='ocrx_word' id='word_1_690' title='bbox 2469 3680 2616 3748; x_wconf 88' lang='lat' dir='ltr'><strong>quod</strong></span> <span class='ocrx_word' id='word_1_691' title='bbox 2641 3694 2800 3748; x_wconf 85' lang='lat' dir='ltr'><strong>prave</strong></span> <span class='ocrx_word' id='word_1_692' title='bbox 2848 3680 3079 3743; x_wconf 82' lang='lat' dir='ltr'><strong>sentitis,</strong></span> <span class='ocrx_word' id='word_1_693' title='bbox 3121 3685 3176 3731; x_wconf 91' lang='lat' dir='ltr'><strong>et</strong></span> <span class='ocrx_word' id='word_1_694' title='bbox 3204 3675 3461 3744; x_wconf 81' lang='lat' dir='ltr'><strong>sacrilege</strong></span> <span class='ocrx_word' id='word_1_695' title='bbox 3503 3673 3676 3745; x_wconf 83' lang='lat' dir='ltr'><strong>agitis,</strong></span> <span class='ocrx_word' id='word_1_696' title='bbox 3704 3683 3750 3726; x_wconf 84' lang='lat' dir='ltr'><strong>et</strong></span> 
     </span>
    </p>
   </div>
   <div class='ocr_carea' id='block_1_99' title="bbox 2213 3760 3760 3838">
    <p class='ocr_par' dir='ltr' id='par_1_99' title="bbox 2213 3760 3760 3838">
     <span class='ocr_line' id='line_1_99' title="bbox 2213 3760 3760 3838; baseline -0.007 -15"><span class='ocrx_word' id='word_1_697' title='bbox 2213 3769 2371 3838; x_wconf 91' lang='lat' dir='ltr'><strong>impie</strong></span> <span class='ocrx_word' id='word_1_698' title='bbox 2396 3768 2743 3837; x_wconf 78' lang='lat' dir='ltr'><strong>separauiini.</strong></span> <span class='ocrx_word' id='word_1_699' title='bbox 2770 3768 2900 3821; x_wconf 80' lang='lat' dir='ltr'><strong>Nam</strong></span> <span class='ocrx_word' id='word_1_700' title='bbox 2926 3767 2973 3823; x_wconf 89' lang='lat' dir='ltr'><strong>si</strong></span> <span class='ocrx_word' id='word_1_701' title='bbox 2996 3776 3190 3838; x_wconf 62' lang='lat' dir='ltr'><strong>cetera</strong></span> <span class='ocrx_word' id='word_1_702' title='bbox 3222 3765 3400 3819; x_wconf 85' lang='lat' dir='ltr'><strong>omnia</strong></span> <span class='ocrx_word' id='word_1_703' title='bbox 3425 3777 3545 3818; x_wconf 88' lang='lat' dir='ltr'><strong>vera</strong></span> <span class='ocrx_word' id='word_1_704' title='bbox 3572 3761 3653 3814; x_wconf 90' lang='lat' dir='ltr'><strong>vel</strong></span> <span class='ocrx_word' id='word_1_705' title='bbox 3681 3760 3760 3812; x_wconf 84' lang='lat' dir='ltr'><strong>ba-</strong></span> 
     </span>
    </p>
   </div>
   <div class='ocr_carea' id='block_1_100' title="bbox 2213 3836 3762 3928">
    <p class='ocr_par' dir='ltr' id='par_1_100' title="bbox 2213 3836 3762 3928">
     <span class='ocr_line' id='line_1_100' title="bbox 2213 3836 3762 3928; baseline -0.007 -14"><span class='ocrx_word' id='word_1_706' title='bbox 2213 3836 2379 3914; x_wconf 83' lang='lat' dir='ltr'><strong>beatis</strong></span> <span class='ocrx_word' id='word_1_707' title='bbox 2402 3836 2482 3912; x_wconf 89' lang='lat' dir='ltr'><strong>vel</strong></span> <span class='ocrx_word' id='word_1_708' title='bbox 2523 3857 2764 3914; x_wconf 85' lang='lat' dir='ltr'><strong>sentiatis</strong></span> <span class='ocrx_word' id='word_1_709' title='bbox 2795 3857 2869 3928; x_wconf 92' lang='lat' dir='ltr'><strong>(et</strong></span> <span class='ocrx_word' id='word_1_710' title='bbox 2916 3836 3188 3912; x_wconf 72' lang='lat' dir='ltr'><strong>incudem</strong></span> <span class='ocrx_word' id='word_1_711' title='bbox 3221 3866 3396 3910; x_wconf 86' lang='lat' dir='ltr'><strong>tamen</strong></span> <span class='ocrx_word' id='word_1_712' title='bbox 3447 3855 3762 3923; x_wconf 73' lang='lat' dir='ltr'><strong>separatione</strong></span> 
     </span>
    </p>
   </div>
   <div class='ocr_carea' id='block_1_101' title="bbox 2213 3942 3756 4013">
    <p class='ocr_par' dir='ltr' id='par_1_101' title="bbox 2213 3942 3756 4013">
     <span class='ocr_line' id='line_1_101' title="bbox 2213 3942 3756 4013; baseline -0.01 -5"><span class='ocrx_word' id='word_1_713' title='bbox 2213 3948 2436 4013; x_wconf 74' lang='lat' dir='ltr'><strong>duratis,</strong></span> <span class='ocrx_word' id='word_1_714' title='bbox 2463 3947 2717 4003; x_wconf 85' lang='lat' dir='ltr'><strong>adversus</strong></span> <span class='ocrx_word' id='word_1_715' title='bbox 2745 3947 3012 4002; x_wconf 87' lang='lat' dir='ltr'><strong>vinculum</strong></span> <span class='ocrx_word' id='word_1_716' title='bbox 3047 3946 3296 4001; x_wconf 69' lang='lat' dir='ltr'><strong>fraternae</strong></span> <span class='ocrx_word' id='word_1_717' title='bbox 3327 3942 3490 4013; x_wconf 79' lang='lat' dir='ltr'><strong>pacis,</strong></span> <span class='ocrx_word' id='word_1_718' title='bbox 3521 3942 3756 3996; x_wconf 76' lang='lat' dir='ltr'><strong>adversus</strong></span> 
     </span>
    </p>
   </div>
   <div class='ocr_carea' id='block_1_102' title="bbox 2215 4031 3756 4106">
    <p class='ocr_par' dir='ltr' id='par_1_102' title="bbox 2215 4031 3756 4106">
     <span class='ocr_line' id='line_1_102' title="bbox 2215 4031 3756 4106; baseline -0.005 -15"><span class='ocrx_word' id='word_1_719' title='bbox 2215 4037 2469 4092; x_wconf 90' lang='lat' dir='ltr'><strong>unitatem</strong></span> <span class='ocrx_word' id='word_1_720' title='bbox 2512 4038 2748 4092; x_wconf 90' lang='lat' dir='ltr'><strong>omnium</strong></span> <span class='ocrx_word' id='word_1_721' title='bbox 2781 4036 3005 4092; x_wconf 84' lang='lat' dir='ltr'><strong>fratrum</strong></span> <span class='ocrx_word' id='word_1_722' title='bbox 3056 4036 3148 4106; x_wconf 90' lang='lat' dir='ltr'><strong>qui</strong></span> <span class='ocrx_word' id='word_1_723' title='bbox 3189 4044 3306 4089; x_wconf 84' lang='lat' dir='ltr'><strong>toto</strong></span> <span class='ocrx_word' id='word_1_724' title='bbox 3347 4043 3599 4088; x_wconf 88' lang='lat' dir='ltr'><strong>terrarum</strong></span> <span class='ocrx_word' id='word_1_725' title='bbox 3641 4031 3756 4084; x_wconf 81' lang='lat' dir='ltr'><strong>orbe</strong></span> 
     </span>
    </p>
   </div>
   <div class='ocr_carea' id='block_1_103' title="bbox 2214 4119 3756 4212">
    <p class='ocr_par' dir='ltr' id='par_1_103' title="bbox 2214 4119 3756 4212">
     <span class='ocr_line' id='line_1_103' title="bbox 2214 4119 3756 4212; baseline -0.008 -30"><span class='ocrx_word' id='word_1_726' title='bbox 2214 4129 2350 4182; x_wconf 82' lang='lat' dir='ltr'><strong>sicut</strong></span> <span class='ocrx_word' id='word_1_727' title='bbox 2376 4128 2626 4212; x_wconf 76' lang='lat' dir='ltr'><strong>promissi</strong></span> <span class='ocrx_word' id='word_1_728' title='bbox 2677 4137 2819 4194; x_wconf 90' lang='lat' dir='ltr'><strong>sunt,</strong></span> <span class='ocrx_word' id='word_1_729' title='bbox 2863 4128 2935 4182; x_wconf 83' lang='lat' dir='ltr'><strong>ita</strong></span> <span class='ocrx_word' id='word_1_730' title='bbox 2978 4125 3224 4190; x_wconf 76' lang='lat' dir='ltr'><strong>exhibiti,</strong></span> <span class='ocrx_word' id='word_1_731' title='bbox 3271 4137 3496 4193; x_wconf 91' lang='lat' dir='ltr'><strong>quorum</strong></span> <span class='ocrx_word' id='word_1_732' title='bbox 3542 4119 3756 4174; x_wconf 86' lang='lat' dir='ltr'><strong>omnium</strong></span> 
     </span>
    </p>
   </div>
   <div class='ocr_carea' id='block_1_104' title="bbox 2213 4205 3754 4288">
    <p class='ocr_par' dir='ltr' id='par_1_104' title="bbox 2213 4205 3754 4288">
     <span class='ocr_line' id='line_1_104' title="bbox 2213 4205 3754 4288; baseline -0.004 -18"><span class='ocrx_word' id='word_1_733' title='bbox 2213 4231 2400 4271; x_wconf 86' lang='lat' dir='ltr'><strong>causas</strong></span> <span class='ocrx_word' id='word_1_734' title='bbox 2427 4226 2483 4288; x_wconf 82' lang='lat' dir='ltr'><strong>et</strong></span> <span class='ocrx_word' id='word_1_735' title='bbox 2505 4205 2688 4282; x_wconf 80' lang='lat' dir='ltr'><strong>corda,</strong></span> <span class='ocrx_word' id='word_1_736' title='bbox 2731 4217 2874 4272; x_wconf 94' lang='lat' dir='ltr'><strong>nullo</strong></span> <span class='ocrx_word' id='word_1_737' title='bbox 2904 4216 3062 4272; x_wconf 84' lang='lat' dir='ltr'><strong>modo</strong></span> <span class='ocrx_word' id='word_1_738' title='bbox 3093 4229 3324 4284; x_wconf 89' lang='lat' dir='ltr'><strong>unquam</strong></span> <span class='ocrx_word' id='word_1_739' title='bbox 3356 4225 3515 4288; x_wconf 87' lang='lat' dir='ltr'><strong>nosse</strong></span> <span class='ocrx_word' id='word_1_740' title='bbox 3541 4224 3601 4263; x_wconf 89' lang='lat' dir='ltr'><strong>ac</strong></span> <span class='ocrx_word' id='word_1_741' title='bbox 3632 4205 3754 4279; x_wconf 75' lang='lat' dir='ltr'><strong>[aut]</strong></span> 
     </span>
    </p>
   </div>
   <div class='ocr_carea' id='block_1_105' title="bbox 2214 4286 3751 4378">
    <p class='ocr_par' dir='ltr' id='par_1_105' title="bbox 2214 4286 3751 4378">
     <span class='ocr_line' id='line_1_105' title="bbox 2214 4286 3751 4378; baseline -0.007 -17"><span class='ocrx_word' id='word_1_742' title='bbox 2214 4286 2479 4378; x_wconf 86' lang='lat' dir='ltr'><strong>discutere</strong></span> <span class='ocrx_word' id='word_1_743' title='bbox 2519 4308 2783 4376; x_wconf 90' lang='lat' dir='ltr'><strong>potuistis,</strong></span> <span class='ocrx_word' id='word_1_744' title='bbox 2828 4318 2884 4362; x_wconf 94' lang='lat' dir='ltr'><strong>ut</strong></span> <span class='ocrx_word' id='word_1_745' title='bbox 2925 4307 3116 4362; x_wconf 88' lang='lat' dir='ltr'><strong>merito</strong></span> <span class='ocrx_word' id='word_1_746' title='bbox 3163 4286 3621 4370; x_wconf 30' lang='lat' dir='ltr'><strong>damnaretis&#39;qui</strong></span> <span class='ocrx_word' id='word_1_747' title='bbox 3661 4312 3751 4353; x_wconf 85' lang='lat' dir='ltr'><strong>non</strong></span> 
     </span>
    </p>
   </div>
   <div class='ocr_carea' id='block_1_106' title="bbox 2217 4387 3754 4468">
    <p class='ocr_par' dir='ltr' id='par_1_106' title="bbox 2217 4387 3754 4468">
     <span class='ocr_line' id='line_1_106' title="bbox 2217 4387 3754 4468; baseline -0.006 -17"><span class='ocrx_word' id='word_1_748' title='bbox 2217 4407 2437 4467; x_wconf 89' lang='lat' dir='ltr'><strong>possunt</strong></span> <span class='ocrx_word' id='word_1_749' title='bbox 2457 4406 2735 4468; x_wconf 89' lang='lat' dir='ltr'><strong>propterea</strong></span> <span class='ocrx_word' id='word_1_750' title='bbox 2766 4399 2841 4453; x_wconf 90' lang='lat' dir='ltr'><strong>rei</strong></span> <span class='ocrx_word' id='word_1_751' title='bbox 2867 4411 3006 4460; x_wconf 90' lang='lat' dir='ltr'><strong>esse,</strong></span> <span class='ocrx_word' id='word_1_752' title='bbox 3023 4397 3149 4466; x_wconf 87' lang='lat' dir='ltr'><strong>quia</strong></span> <span class='ocrx_word' id='word_1_753' title='bbox 3166 4393 3440 4464; x_wconf 90' lang='lat' dir='ltr'><strong>judicibus</strong></span> <span class='ocrx_word' id='word_1_754' title='bbox 3459 4387 3754 4446; x_wconf 78' lang='lat' dir='ltr'><strong>ecclesiasti-</strong></span> 
     </span>
    </p>
   </div>
   <div class='ocr_carea' id='block_1_107' title="bbox 2218 4477 3756 4556">
    <p class='ocr_par' dir='ltr' id='par_1_107' title="bbox 2218 4477 3756 4556">
     <span class='ocr_line' id='line_1_107' title="bbox 2218 4477 3756 4556; baseline -0.008 -15"><span class='ocrx_word' id='word_1_755' title='bbox 2218 4481 2300 4541; x_wconf 89' lang='lat' dir='ltr'><strong>cis</strong></span> <span class='ocrx_word' id='word_1_756' title='bbox 2329 4487 2526 4556; x_wconf 92' lang='lat' dir='ltr'><strong>potius,</strong></span> <span class='ocrx_word' id='word_1_757' title='bbox 2559 4503 2714 4555; x_wconf 90' lang='lat' dir='ltr'><strong>quam</strong></span> <span class='ocrx_word' id='word_1_758' title='bbox 2745 4486 3097 4556; x_wconf 81' lang='lat' dir='ltr'><strong>litigatoribus</strong></span> <span class='ocrx_word' id='word_1_759' title='bbox 3125 4484 3404 4540; x_wconf 89' lang='lat' dir='ltr'><strong>credidere</strong></span> <span class='ocrx_word' id='word_1_760' title='bbox 3439 4498 3454 4537; x_wconf 89' lang='lat'><strong>:</strong></span> <span class='ocrx_word' id='word_1_761' title='bbox 3487 4483 3582 4534; x_wconf 86' lang='lat' dir='ltr'><strong>hoc</strong></span> <span class='ocrx_word' id='word_1_762' title='bbox 3605 4477 3756 4532; x_wconf 80' lang='lat' dir='ltr'><strong>solum</strong></span> 
     </span>
    </p>
   </div>
   <div class='ocr_carea' id='block_1_108' title="bbox 2223 4558 3756 4651">
    <p class='ocr_par' dir='ltr' id='par_1_108' title="bbox 2223 4558 3756 4651">
     <span class='ocr_line' id='line_1_108' title="bbox 2223 4558 3756 4651; baseline -0.009 -17"><span class='ocrx_word' id='word_1_763' title='bbox 2223 4581 2397 4635; x_wconf 89' lang='lat' dir='ltr'><strong>minus</strong></span> <span class='ocrx_word' id='word_1_764' title='bbox 2433 4579 2660 4646; x_wconf 86' lang='lat' dir='ltr'><strong>habetis,</strong></span> <span class='ocrx_word' id='word_1_765' title='bbox 2709 4580 2847 4651; x_wconf 88' lang='lat' dir='ltr'><strong>quod</strong></span> <span class='ocrx_word' id='word_1_766' title='bbox 2895 4581 3071 4633; x_wconf 88' lang='lat' dir='ltr'><strong>minus</strong></span> <span class='ocrx_word' id='word_1_767' title='bbox 3112 4576 3294 4641; x_wconf 84' lang='lat' dir='ltr'><strong>habet,</strong></span> <span class='ocrx_word' id='word_1_768' title='bbox 3349 4575 3438 4642; x_wconf 90' lang='lat' dir='ltr'><strong>qui</strong></span> <span class='ocrx_word' id='word_1_769' title='bbox 3471 4558 3756 4627; x_wconf 75' lang='lat' dir='ltr'><strong>charitatem</strong></span> 
     </span>
    </p>
   </div>
   <div class='ocr_carea' id='block_1_109' title="bbox 2225 4667 3757 4738">
    <p class='ocr_par' dir='ltr' id='par_1_109' title="bbox 2225 4667 3757 4738">
     <span class='ocr_line' id='line_1_109' title="bbox 2225 4667 3757 4738; baseline -0.008 -17"><span class='ocrx_word' id='word_1_770' title='bbox 2225 4683 2330 4721; x_wconf 88' lang='lat' dir='ltr'><strong>non</strong></span> <span class='ocrx_word' id='word_1_771' title='bbox 2369 4668 2543 4722; x_wconf 89' lang='lat' dir='ltr'><strong>habet.</strong></span> <span class='ocrx_word' id='word_1_772' title='bbox 2573 4667 2689 4721; x_wconf 87' lang='lat' dir='ltr'><strong>Jam</strong></span> <span class='ocrx_word' id='word_1_773' title='bbox 2725 4667 2864 4738; x_wconf 80' lang='lat' dir='ltr'><strong>quid</strong></span> <span class='ocrx_word' id='word_1_774' title='bbox 2907 4681 3042 4735; x_wconf 85' lang='lat' dir='ltr'><strong>opus</strong></span> <span class='ocrx_word' id='word_1_775' title='bbox 3081 4673 3184 4731; x_wconf 85' lang='lat' dir='ltr'><strong>est,</strong></span> <span class='ocrx_word' id='word_1_776' title='bbox 3233 4677 3288 4718; x_wconf 86' lang='lat' dir='ltr'><strong>ut</strong></span> <span class='ocrx_word' id='word_1_777' title='bbox 3339 4675 3436 4716; x_wconf 92' lang='lat' dir='ltr'><strong>nos</strong></span> <span class='ocrx_word' id='word_1_778' title='bbox 3479 4667 3757 4715; x_wconf 69' lang='lat' dir='ltr'><strong>retexam:</strong></span> 
     </span>
    </p>
   </div>
   <div class='ocr_carea' id='block_1_110' title="bbox 2226 4752 3759 4833">
    <p class='ocr_par' dir='ltr' id='par_1_110' title="bbox 2226 4752 3759 4833">
     <span class='ocr_line' id='line_1_110' title="bbox 2226 4752 3759 4833; baseline -0.01 -19"><span class='ocrx_word' id='word_1_779' title='bbox 2226 4757 2605 4833; x_wconf 78' lang='lat' dir='ltr'><strong>[retexemus]?</strong></span> <span class='ocrx_word' id='word_1_780' title='bbox 2633 4774 2729 4814; x_wconf 82' lang='lat' dir='ltr'><strong>vos</strong></span> <span class='ocrx_word' id='word_1_781' title='bbox 2777 4758 2878 4827; x_wconf 90' lang='lat' dir='ltr'><strong>ipsi</strong></span> <span class='ocrx_word' id='word_1_782' title='bbox 2909 4758 2966 4813; x_wconf 90' lang='lat' dir='ltr'><strong>in</strong></span> <span class='ocrx_word' id='word_1_783' title='bbox 3011 4756 3272 4826; x_wconf 81' lang='lat' dir='ltr'><strong>Apostolo</strong></span> <span class='ocrx_word' id='word_1_784' title='bbox 3313 4752 3573 4833; x_wconf 76' lang='lat' dir='ltr'><strong>inspicite,</strong></span> <span class='ocrx_word' id='word_1_785' title='bbox 3611 4761 3759 4816; x_wconf 82' lang='lat' dir='ltr'><strong>quao-</strong></span> 
     </span>
    </p>
   </div>
   <div class='ocr_carea' id='block_1_111' title="bbox 2230 4821 3756 4916">
    <p class='ocr_par' dir='ltr' id='par_1_111' title="bbox 2230 4821 3756 4916">
     <span class='ocr_line' id='line_1_111' title="bbox 2230 4821 3756 4916; baseline -0.01 -14"><span class='ocrx_word' id='word_1_786' title='bbox 2230 4821 2338 4903; x_wconf 59' lang='lat' dir='ltr'><strong>ium</strong></span> <span class='ocrx_word' id='word_1_787' title='bbox 2391 4851 2460 4902; x_wconf 86' lang='lat' dir='ltr'><strong>sit</strong></span> <span class='ocrx_word' id='word_1_788' title='bbox 2506 4821 2647 4916; x_wconf 80' lang='lat' dir='ltr'><strong>quod</strong></span> <span class='ocrx_word' id='word_1_789' title='bbox 2680 4821 3122 4902; x_wconf 82' lang='lat' dir='ltr'><strong>minushabetis.</strong></span> <span class='ocrx_word' id='word_1_790' title='bbox 3157 4845 3294 4912; x_wconf 86' lang='lat' dir='ltr'><strong>Quid</strong></span> <span class='ocrx_word' id='word_1_791' title='bbox 3341 4821 3756 4897; x_wconf 13' lang='lat' dir='ltr'><strong>auitem&#39;interest,</strong></span> 
     </span>
    </p>
   </div>
   <div class='ocr_carea' id='block_1_112' title="bbox 2233 4927 3760 5008">
    <p class='ocr_par' dir='ltr' id='par_1_112' title="bbox 2233 4927 3760 5008">
     <span class='ocr_line' id='line_1_112' title="bbox 2233 4927 3760 5008; baseline -0.009 -16"><span class='ocrx_word' id='word_1_792' title='bbox 2233 4939 2321 5008; x_wconf 88' lang='lat' dir='ltr'><strong>qui</strong></span> <span class='ocrx_word' id='word_1_793' title='bbox 2347 4940 2658 4993; x_wconf 71' lang='lat' dir='ltr'><strong>cltaritatcm</strong></span> <span class='ocrx_word' id='word_1_794' title='bbox 2692 4956 2795 4992; x_wconf 91' lang='lat' dir='ltr'><strong>non</strong></span> <span class='ocrx_word' id='word_1_795' title='bbox 2825 4940 3002 5003; x_wconf 89' lang='lat' dir='ltr'><strong>habet,</strong></span> <span class='ocrx_word' id='word_1_796' title='bbox 3029 4948 3204 4998; x_wconf 88' lang='lat' dir='ltr'><strong>utrum</strong></span> <span class='ocrx_word' id='word_1_797' title='bbox 3245 4937 3386 4988; x_wconf 75' lang='lat' dir='ltr'><strong>foras</strong></span> <span class='ocrx_word' id='word_1_798' title='bbox 3413 4932 3576 4985; x_wconf 87' lang='lat' dir='ltr'><strong>avolet</strong></span> <span class='ocrx_word' id='word_1_799' title='bbox 3603 4927 3760 4993; x_wconf 85' lang='lat' dir='ltr'><strong>aliquo</strong></span> 
     </span>
    </p>
   </div>
   <div class='ocr_carea' id='block_1_113' title="bbox 2233 5014 3756 5093">
    <p class='ocr_par' dir='ltr' id='par_1_113' title="bbox 2233 5014 3756 5093">
     <span class='ocr_line' id='line_1_113' title="bbox 2233 5014 3756 5093; baseline -0.012 -10"><span class='ocrx_word' id='word_1_800' title='bbox 2233 5042 2392 5084; x_wconf 83' lang='lat' dir='ltr'><strong>vento</strong></span> <span class='ocrx_word' id='word_1_801' title='bbox 2436 5039 2523 5082; x_wconf 83' lang='lat' dir='ltr'><strong>ten</strong></span> <span class='ocrx_word' id='word_1_802' title='bbox 2551 5029 2743 5082; x_wconf 87' lang='lat' dir='ltr'><strong>ationis</strong></span> <span class='ocrx_word' id='word_1_803' title='bbox 2773 5029 2997 5093; x_wconf 86' lang='lat' dir='ltr'><strong>ablatus,</strong></span> <span class='ocrx_word' id='word_1_804' title='bbox 3027 5042 3093 5080; x_wconf 87' lang='lat' dir='ltr'><strong>an</strong></span> <span class='ocrx_word' id='word_1_805' title='bbox 3125 5026 3266 5078; x_wconf 90' lang='lat' dir='ltr'><strong>intus</strong></span> <span class='ocrx_word' id='word_1_806' title='bbox 3295 5025 3361 5078; x_wconf 89' lang='lat' dir='ltr'><strong>de</strong></span> <span class='ocrx_word' id='word_1_807' title='bbox 3413 5033 3576 5074; x_wconf 80' lang='lat' dir='ltr'><strong>messe</strong></span> <span class='ocrx_word' id='word_1_808' title='bbox 3599 5014 3756 5068; x_wconf 86' lang='lat' dir='ltr'><strong>domi-</strong></span> 
     </span>
    </p>
   </div>
   <div class='ocr_carea' id='block_1_114' title="bbox 2235 5104 3760 5185">
    <p class='ocr_par' dir='ltr' id='par_1_114' title="bbox 2235 5104 3760 5185">
     <span class='ocr_line' id='line_1_114' title="bbox 2235 5104 3760 5185; baseline -0.009 -10"><span class='ocrx_word' id='word_1_809' title='bbox 2235 5123 2349 5175; x_wconf 89' lang='lat' dir='ltr'><strong>nica</strong></span> <span class='ocrx_word' id='word_1_810' title='bbox 2373 5137 2475 5174; x_wconf 91' lang='lat' dir='ltr'><strong>non</strong></span> <span class='ocrx_word' id='word_1_811' title='bbox 2508 5121 2739 5185; x_wconf 84' lang='lat' dir='ltr'><strong>recedat,</strong></span> <span class='ocrx_word' id='word_1_812' title='bbox 2774 5123 2824 5173; x_wconf 89' lang='lat' dir='ltr'><strong>iu</strong></span> <span class='ocrx_word' id='word_1_813' title='bbox 2849 5119 3030 5173; x_wconf 88' lang='lat' dir='ltr'><strong>ultima</strong></span> <span class='ocrx_word' id='word_1_814' title='bbox 3060 5117 3403 5172; x_wconf 87' lang='lat' dir='ltr'><strong>ventilatione</strong></span> <span class='ocrx_word' id='word_1_815' title='bbox 3428 5104 3760 5179; x_wconf 79' lang='lat' dir='ltr'><strong>separandos?</strong></span> 
     </span>
    </p>
   </div>
   <div class='ocr_carea' id='block_1_115' title="bbox 2236 5198 3757 5284">
    <p class='ocr_par' dir='ltr' id='par_1_115' title="bbox 2236 5198 3757 5284">
     <span class='ocr_line' id='line_1_115' title="bbox 2236 5198 3757 5284; baseline -0.014 -15"><span class='ocrx_word' id='word_1_816' title='bbox 2236 5223 2290 5269; x_wconf 91' lang='lat' dir='ltr'><strong>et</strong></span> <span class='ocrx_word' id='word_1_817' title='bbox 2321 5226 2494 5268; x_wconf 87' lang='lat' dir='ltr'><strong>tamen</strong></span> <span class='ocrx_word' id='word_1_818' title='bbox 2529 5216 2688 5284; x_wconf 88' lang='lat' dir='ltr'><strong>etiam</strong></span> <span class='ocrx_word' id='word_1_819' title='bbox 2736 5214 2890 5284; x_wconf 82' lang='lat' dir='ltr'><strong>tales,</strong></span> <span class='ocrx_word' id='word_1_820' title='bbox 2930 5212 2974 5266; x_wconf 85' lang='lat' dir='ltr'><strong>si</strong></span> <span class='ocrx_word' id='word_1_821' title='bbox 2998 5211 3105 5279; x_wconf 88' lang='lat' dir='ltr'><strong>jam</strong></span> <span class='ocrx_word' id='word_1_822' title='bbox 3135 5209 3304 5264; x_wconf 79' lang='lat' dir='ltr'><strong>semel</strong></span> <span class='ocrx_word' id='word_1_823' title='bbox 3338 5221 3430 5274; x_wconf 89' lang='lat' dir='ltr'><strong>per</strong></span> <span class='ocrx_word' id='word_1_824' title='bbox 3474 5198 3757 5269; x_wconf 82' lang='lat' dir='ltr'><strong>baptismum</strong></span> 
     </span>
    </p>
   </div>
   <div class='ocr_carea' id='block_1_116' title="bbox 2240 5301 3447 5368">
    <p class='ocr_par' dir='ltr' id='par_1_116' title="bbox 2240 5301 3447 5368">
     <span class='ocr_line' id='line_1_116' title="bbox 2240 5301 3447 5368; baseline -0.007 -11"><span class='ocrx_word' id='word_1_825' title='bbox 2240 5306 2377 5358; x_wconf 91' lang='lat' dir='ltr'><strong>nacti</strong></span> <span class='ocrx_word' id='word_1_826' title='bbox 2409 5313 2550 5368; x_wconf 89' lang='lat' dir='ltr'><strong>sunt,</strong></span> <span class='ocrx_word' id='word_1_827' title='bbox 2575 5303 2763 5357; x_wconf 88' lang='lat' dir='ltr'><strong>iterum</strong></span> <span class='ocrx_word' id='word_1_828' title='bbox 2793 5317 2886 5356; x_wconf 92' lang='lat' dir='ltr'><strong>eos</strong></span> <span class='ocrx_word' id='word_1_829' title='bbox 2914 5301 3058 5357; x_wconf 90' lang='lat' dir='ltr'><strong>nasci</strong></span> <span class='ocrx_word' id='word_1_830' title='bbox 3089 5316 3192 5354; x_wconf 87' lang='lat' dir='ltr'><strong>non</strong></span> <span class='ocrx_word' id='word_1_831' title='bbox 3221 5306 3447 5367; x_wconf 90' lang='lat' dir='ltr'><strong>oportet.</strong></span> 
     </span>
    </p>
   </div>
   <div class='ocr_carea' id='block_1_117' title="bbox 2762 5391 3587 5457">
    <p class='ocr_par' dir='ltr' id='par_1_117' title="bbox 2762 5391 3587 5457">
     <span class='ocr_line' id='line_1_117' title="bbox 2762 5391 3587 5457; baseline -0.011 -11"><span class='ocrx_word' id='word_1_832' title='bbox 2762 5391 2984 5447; x_wconf 79' lang='lat' dir='ltr'><strong>CAPUT</strong></span> <span class='ocrx_word' id='word_1_833' title='bbox 3021 5391 3222 5446; x_wconf 79' lang='lat' dir='ltr'><strong>ccxv.</strong></span> <span class='ocrx_word' id='word_1_834' title='bbox 3580 5451 3587 5457; x_wconf 19' lang='grc' dir='ltr'><strong><em>α</em></strong></span> 
     </span>
    </p>
   </div>
   <div class='ocr_carea' id='block_1_118' title="bbox 2243 5448 3754 5533">
    <p class='ocr_par' dir='ltr' id='par_1_118' title="bbox 2243 5448 3754 5533">
     <span class='ocr_line' id='line_1_118' title="bbox 2243 5448 3754 5533; baseline -0.007 -16"><span class='ocrx_word' id='word_1_835' title='bbox 2243 5466 2390 5532; x_wconf 78' lang='lat' dir='ltr'><strong>Quod</strong></span> <span class='ocrx_word' id='word_1_836' title='bbox 2419 5465 2643 5518; x_wconf 67' lang='lat' dir='ltr'><strong>Ecclesia</strong></span> <span class='ocrx_word' id='word_1_837' title='bbox 2668 5465 2856 5533; x_wconf 84' lang='lat' dir='ltr'><strong>pariat,</strong></span> <span class='ocrx_word' id='word_1_838' title='bbox 2891 5463 2987 5515; x_wconf 82' lang='lat' dir='ltr'><strong>sive</strong></span> <span class='ocrx_word' id='word_1_839' title='bbox 3017 5476 3102 5526; x_wconf 82' lang='lat' dir='ltr'><strong>per</strong></span> <span class='ocrx_word' id='word_1_840' title='bbox 3140 5479 3210 5533; x_wconf 76' lang='lat' dir='ltr'><strong>se,</strong></span> <span class='ocrx_word' id='word_1_841' title='bbox 3235 5460 3345 5533; x_wconf 78' lang='lat' dir='ltr'><strong>sive</strong></span> <span class='ocrx_word' id='word_1_842' title='bbox 3365 5473 3447 5533; x_wconf 68' lang='lat' dir='ltr'><strong>per</strong></span> <span class='ocrx_word' id='word_1_843' title='bbox 3485 5448 3754 5533; x_wconf 56' lang='grc' dir='ltr'><strong>ᾳξιεέιξρηιιι</strong></span> 
     </span>
    </p>
   </div>
   <div class='ocr_carea' id='block_1_119' title="bbox 2310 5523 3751 5597">
    <p class='ocr_par' dir='ltr' id='par_1_119' title="bbox 2310 5523 3751 5597">
     <span class='ocr_line' id='line_1_119' title="bbox 2310 5523 3751 5597; baseline -0.01 -10"><span class='ocrx_word' id='word_1_844' title='bbox 2310 5547 2501 5588; x_wconf 83' lang='lat' dir='ltr'><strong>uterum</strong></span> <span class='ocrx_word' id='word_1_845' title='bbox 2547 5537 2607 5587; x_wconf 83' lang='lat' dir='ltr'><strong>de</strong></span> <span class='ocrx_word' id='word_1_846' title='bbox 2639 5523 2826 5586; x_wconf 69' lang='lat' dir='ltr'><strong>scntine</strong></span> <span class='ocrx_word' id='word_1_847' title='bbox 2846 5523 2957 5584; x_wconf 67' lang='lat' dir='ltr'><strong>tiri</strong></span> <span class='ocrx_word' id='word_1_848' title='bbox 2986 5523 3088 5597; x_wconf 70' lang='lat' dir='ltr'><strong>sui,</strong></span> <span class='ocrx_word' id='word_1_849' title='bbox 3117 5531 3200 5582; x_wconf 86' lang='lat' dir='ltr'><strong>ubi</strong></span> <span class='ocrx_word' id='word_1_850' title='bbox 3227 5523 3372 5595; x_wconf 78' lang='lat' dir='ltr'><strong>ponit</strong></span> <span class='ocrx_word' id='word_1_851' title='bbox 3393 5523 3751 5580; x_wconf 74' lang='lat' dir='ltr'><strong>sinuiitttdt&#39;ttel.</strong></span> 
     </span>
    </p>
   </div>
   <div class='ocr_carea' id='block_1_120' title="bbox 2310 5604 2790 5658">
    <p class='ocr_par' dir='ltr' id='par_1_120' title="bbox 2310 5604 2790 5658">
     <span class='ocr_line' id='line_1_120' title="bbox 2310 5604 2790 5658; baseline 0.002 -3"><span class='ocrx_word' id='word_1_852' title='bbox 2310 5606 2370 5658; x_wconf 83' lang='lat' dir='ltr'><strong>de</strong></span> <span class='ocrx_word' id='word_1_853' title='bbox 2397 5604 2536 5657; x_wconf 78' lang='lat' dir='ltr'><strong>Esau</strong></span> <span class='ocrx_word' id='word_1_854' title='bbox 2580 5615 2624 5655; x_wconf 84' lang='lat' dir='ltr'><strong>ct</strong></span> <span class='ocrx_word' id='word_1_855' title='bbox 2648 5605 2790 5656; x_wconf 74' lang='lat' dir='ltr'><strong>Aser.</strong></span> 
     </span>
    </p>
   </div>
   <div class='ocr_carea' id='block_1_121' title="bbox 2310 5683 3757 5764">
    <p class='ocr_par' dir='ltr' id='par_1_121' title="bbox 2310 5683 3757 5764">
     <span class='ocr_line' id='line_1_121' title="bbox 2310 5683 3757 5764; baseline -0.012 -14"><span class='ocrx_word' id='word_1_856' title='bbox 2310 5695 2542 5750; x_wconf 78' lang='lat' dir='ltr'><strong>Ecclesia</strong></span> <span class='ocrx_word' id='word_1_857' title='bbox 2574 5695 2767 5764; x_wconf 89' lang='lat' dir='ltr'><strong>quippe</strong></span> <span class='ocrx_word' id='word_1_858' title='bbox 2791 5705 2975 5748; x_wconf 76' lang='lat' dir='ltr'><strong>omnes</strong></span> <span class='ocrx_word' id='word_1_859' title='bbox 3008 5704 3102 5760; x_wconf 88' lang='lat' dir='ltr'><strong>per</strong></span> <span class='ocrx_word' id='word_1_860' title='bbox 3144 5686 3462 5757; x_wconf 88' lang='lat' dir='ltr'><strong>baptismum</strong></span> <span class='ocrx_word' id='word_1_861' title='bbox 3489 5686 3625 5753; x_wconf 85' lang='lat' dir='ltr'><strong>parit,</strong></span> <span class='ocrx_word' id='word_1_862' title='bbox 3663 5683 3757 5736; x_wconf 77' lang='lat' dir='ltr'><strong>sive</strong></span> 
     </span>
    </p>
   </div>
  </div>
