3904 6224
43 189 156 241 δττ

1225 177 1652 235 TllESAllRUS.
1697 177 1846 232 CAP.
1893 173 2136 231 CCXVII.

3203 177 3301 261 8:78

41 303 201 370 apud
239 316 322 366 se,
357 299 406 354 id
437 306 517 355 est
562 316 622 355 es
653 309 802 352 utero
832 313 950 361 suo,
982 298 1092 351 sive
1120 306 1266 350 extra
1298 311 1376 361 se,
1411 296 1475 349 de
1506 295 1639 365 [sive
1672 302 1714 355 Α
1748 294 1865 357 Dei,
1895 310 2000 362 quo
2050 309 2142 347 eos
2181 280 2428 346 ‘ltOtlztlllr
2457 307 2633 347 sermo
2663 292 3002 362 apostolicus,
3035 294 3097 346 ad
3144 293 3303 347 Vetus

43 397 122 447 de
152 410 247 460 se,
279 396 394 448 sive
422 396 488 448 de
526 389 735 461 ani-illa]
764 391 968 444 semine
1007 389 1104 442 viri
1137 389 1216 441 sui
1246 405 1256 436 :
1288 387 1378 441 sed
1409 395 1463 441 et
1500 387 1634 439 Esau

43 485 124 538 de
158 500 341 540 uxore
373 493 551 547 natus,
583 490 796 550 propter
828 462 1112 534 fraternam
1143 478 1459 531 discordiam
1487 491 1638 554 sepa:

46 584 215 631 ratus
239 583 324 630 est
346 590 376 627 a
406 573 602 641 populo
631 572 751 635 Dei;
778 580 833 624 et
849 573 979 625 Aser
1003 585 1094 639 per
1115 569 1298 622 uxoris
1313 569 1524 638 quidem
1550 582 1638 634 ro-

46 673 350 731 testatcm,
397 663 490 718 sed
537 677 604 718 ex
646 661 838 716 ancilla
878 671 1053 727 natus,
1098 667 1313 729 propter
1355 658 1638 710 fraternam

45 754 420 811 concordiam
465 762 662 808 terram
711 749 1082 822 promissionis
1132 748 1358 816 accepit.
1402 747 1554 802 Unde
1588 756 1641 801 et

51 844 352 911 lsrnaheli,
383 853 442 898 ut
483 850 824 912 separaretur
870 857 899 896 a
942 841 1137 910 populo
1182 839 1300 905 Dei,
1331 854 1435 893 non
1473 838 1640 893 obfuit

52 947 246 993 mater
278 937 498 1000 ancilla,
530 936 622 990 sed
655 932 825 990 obfuit
851 934 1082 987 fraterna
1108 930 1400 997 discordia,
1448 936 1501 984 et
1535 944 1639 984 non

55 1026 274 1096 profuit
307 1034 546 1094 potestas
574 1025 778 1090 uxoris,
807 1026 960 1092 cujus
991 1023 1158 1091 magis
1191 1021 1330 1074 ﬁlius
1355 1031 1490 1086 erat,
1519 1020 1639 1090 quia

59 1138 163 1190 per
196 1122 371 1189 ipsius
394 1121 512 1188 jura
562 1117 884 1187 coniugalia,
932 1125 987 1171 et
1027 1117 1078 1169 in
1125 1114 1314 1168 ancilla
1354 1113 1641 1167 seminatus

59 1223 182 1266 erat
207 1220 270 1265 et
294 1226 358 1265 ex
389 1209 579 1263 ancilla
609 1218 884 1277 susceptus
911 1224 925 1261 :
948 1207 1084 1260 situt
1119 1204 1256 1276 apud
1296 1204 1424 1259 istos
1454 1203 1642 1259 Eccle-

61 1304 164 1355 size
187 1301 316 1370 jure
347 1301 507 1370 (quod
529 1309 610 1353 est
637 1301 687 1353 in
712 1298 998 1366 baptismo)
1025 1307 1315 1352 nascuntur
1341 1296 1641 1365 quicunque

65 1402 397 1446 nascuntur.
447 1391 554 1446 Sed
599 1392 642 1444 si
689 1390 1014 1446 concordant
1057 1405 1178 1444 cum
1210 1389 1487 1457 fratribus,
1547 1400 1646 1456 per

66 1487 338 1535 unitatem
398 1481 562 1548 pacis,
626 1480 686 1536 ad
732 1491 925 1534 terram
982 1481 1206 1538 veniunt
1254 1478 1634 1549 promissionis,

69 1590 179 1626 non
227 1574 300 1625 de
345 1579 586 1624 materno
616 1582 766 1624 utero
815 1584 998 1624 rursus
1027 1570 1297 1639 ejiciendi,
1332 1571 1424 1625 sed
1457 1571 1508 1624 in
1546 1584 1636 1636 pa-

1747 387 2142 440 Testamcntum
2175 375 2640 453 ~pertinebttntzsi
2690 395 2866 440 autem
2910 385 3208 453 proﬁciunt,
3251 394 3303 435 et

1743 487 2022 554 antequam
2055 476 2268 544 capiant
2316 475 2429 543 ipso
2459 475 2692 544 profectu
2732 487 2784 530 et
2827 492 3063 542 accessu,
3107 476 3169 528 ad
3197 475 3300 529 No-

1746 585 1864 621 vum
1898 570 2192 636 pertinent;
2235 575 2292 622 et
2338 568 2378 620 si
2412 568 2716 635 priusquam
2745 568 3013 635 spiritales
3052 566 3202 630 ﬁant.
3239 580 3304 618 ex
3339 609 3348 614 _

1742 659 1839 713 hac
1869 661 1976 712 vita
2009 658 2305 727 rapiantur,
2340 655 2590 712 custoditi
2635 672 2728 725 per
2747 658 3069 712 sacramenti
3102 659 3300 712 Sancti-

1742 759 1925 816 tatem,
1950 751 2003 804 in
2037 760 2175 805 terra
2205 750 2491 804 viventium
2516 756 2910 817 computantur,
2941 748 3026 802 ubi
3068 757 3150 803 est
3179 761 3301 816 spes

1743 828 1938 898 nostra.
1965 853 2017 897 et
2044 844 2218 911 portio
2261 843 2536 898 Dominus.
2568 846 2674 900 Nec
2712 845 2921 900 invenio
2964 845 3088 914 quid
3118 847 3293 900 verius

1742 935 2068 1005 intelligatur
2106 935 2158 988 in
2198 949 2265 989 eo
2295 935 2434 1004 quod
2480 935 2734 1006 scriptum
2787 946 2868 991 est
2896 935 3304 1006 :lmperl‘ectum

1741 1042 1919 1083 meum
1963 1027 2216 1081 viderunt
2255 1027 2398 1082 oculi
2446 1028 3004 1097 tuizquandoquidem
3047 1029 3334 1096 séquitur,’

1743 1119 1880 1173 Etin
1907 1118 2043 1171 libro
2069 1128 2160 1171 tuo
2199 1132 2387 1172 omnes
2417 1118 2736 1172 scribentur.
2773 1119 2900 1184 Quae
2930 1126 3105 1172 autem
3139 1133 3303 1187 pepe-

1743 1212 1813 1264 rit
1840 1210 1968 1264 Abel
1989 1217 2043 1264 et
2065 1209 2272 1272 Enoch,
2304 1218 2358 1278 et
2392 1209 2522 1276 Noe,
2555 1219 2611 1264 et
2641 1209 2929 1275 Abraham,
2961 1210 3073 1278 ipsa
3104 1209 3308 1277 peperit

1741 1312 1794 1356 et
1833 1300 2077 1370 Moysen,
2128 1308 2181 1354 et
2224 1285 2518 1368 Prophetas
2547 1309 2790 1370 tempore
2837 1301 3157 1368 posteriores
3187 1310 3310 1353 ante

1744 1390 1950 1444 Domini
1980 1390 2267 1444 adventqu
2293 1407 2307 1444 :
2331 1401 2387 1445 et
2432 1407 2549 1460 qua:
2597 1392 2748 1456 istos,
2794 1392 2904 1461 ipsa
2933 1401 2986 1446 et
3016 1393 3308 1460 apostolos,

1741 1491 1794 1535 et
1833 1490 2092 1552 martyres
2136 1491 2373 1549 nostros,
2426 1491 2480 1536 et
2527 1496 2714 1549 omnes
2756 1483 2923 1536 bonos
2971 1481 3308 1536 christianos.

1739 1574 1940 1629 Omnes
1961 1573 2105 1628 enim
2137 1572 2363 1628 diversis
2394 1574 2607 1642 quidem
2645 1575 2974 1644 temporibus
2998 1574 3104 1629 nati
3151 1589 3311 1642 appa-

67 1672 230 1716 terno
287 1661 493 1715 semine
549 1650 892 1730 agnoscendi.
945 1663 1001 1717 Si
1060 1672 1236 1716 autem
1283 1666 1336 1716 in
1385 1663 1643 1717 discordia
1678 1666 1722 1724 Β
1751 1674 1993 1731 ruerunt,
2025 1666 2118 1720 sed
2163 1666 2419 1721 societate
2450 1667 2606 1720 unius
2649 1666 2825 1736 populi
2869 1667 3226 1731 continentur,
3258 1675 3314 1722 et

69 1758 448 1816 perseverent,
507 1750 571 1803 ad
613 1749 889 1806 lsmahelis
932 1751 1222 1806 funiculum
1281 1753 1639 1817 pertinebunt.

73 1845 230 1898 Prior
263 1854 440 1898 autem
489 1842 586 1897 fuit
617 1843 862 1921 lsmahel,
911 1852 965 1898 et
1007 1855 1188 1912 postea
1221 1845 1388 1910 Isaac,
1417 1852 1471 1899 et
1499 1845 1643 1912 prior

74 1939 240 1998 Esau.
277 1938 540 2006 posterior
581 1946 756 1991 autem
785 1935 966 1990 Iacob.
1003 1936 1116 2011 Non
1154 1937 1278 2005 quia
1309 1937 1451 2004 prior
1480 1950 1641 2004 pepe—

75 2029 143 2080 rit
186 2026 432 2092 hmresis,
473 2041 628 2094 quam
663 2024 938 2092 Ecclesia;
969 2035 1061 2080 aut
1096 2028 1205 2095 ipsa
1239 2025 1471 2080 Ecclesia
1501 2027 1644 2094 prius

74 2120 348 2182 carnales,
396 2105 489 2172 vel
541 2116 830 2184 animales,
861 2125 916 2172 et
962 2125 1149 2187 postea
1197 2116 1483 2186 spiritales.
1541 2118 1644 2172 Sed

77 2209 199 2276 quia
236 2209 289 2261 in
339 2209 452 2277 ipsa
498 2216 644 2262 sorte
690 2208 1027 2263 mortalitatis
1075 2219 1292 2272 nostrae,
1327 2223 1391 2262 ex
1437 2224 1541 2277 quo
1580 2210 1646 2264 de

79 2297 253 2350 Adam
295 2298 585 2361 nascimur,
622 2298 720 2366 17
751 2313 856 2350 non
905 2306 988 2351 est
1028 2300 1174 2366 prius
1219 2299 1356 2366 quod
1384 2299 1642 2367 spiritale,

80 2385 175 2440 sed
210 2385 353 2455 quod
397 2387 862 2454 animale,.postea
907 2386 1171 2453 Spiritale.
1207 2387 1282 2440 Ex
1329 2390 1440 2456 ipso
1471 2397 1644 2442 autem

85 2476 305 2529 animali
335 2490 518 2540 sensu,
545 2477 666 2545 quia
697 2476 855 2530 homo
885 2477 1128 2530 animalis
1158 2492 1261 2530 non
1288 2478 1508 2547 percipit
1530 2494 1647 2546 quae

84 2579 211 2622 sunt
241 2568 470 2638 Spiritus
503 2569 613 2634 Dei,
643 2585 830 2624 omnes
857 2570 1220 2626 dissensiones
1265 2581 1320 2626 et
1360 2573 1647 2627 schismata

86 2666 426 2727 generantur.
457 2659 510 2710 In
542 2673 646 2728 quo
689 2675 847 2714 sensu
881 2670 1308 2729 perseverantes,
1359 2661 1649 2731 Apostolus

85 2748 235 2817 dicit,
283 2749 348 2803 ad
384 2750 546 2804 Vetus
589 2752 985 2807 Testamentum
1020 2737 1309 2822 pertinere,
1339 2755 1391 2810 id
1436 2764 1538 2820 est,
1581 2755 1648 2809 ad

91 2850 421 2894 terrenorum
479 2845 858 2909 promissorum
894 2846 1294 2914 cupiditatem,
1353 2848 1406 2901 in
1457 2849 1650 2919 quibus

90 2931 301 2999 quidem
327 2921 589 3000 spiritalia
622 2934 933 3003 figurantur,
962 2938 1055 2991 sed
1084 2939 1331 2995 animalis
1359 2939 1522 2996 homo
1543 2957 1646 2996 non

93 3019 314 3089 percipit
340 3036 460 3090 quae
485 3033 608 3077 sunt
636 3023 866 3091 Spiritus
894 3026 1007 3081 Dei.
1229 3032 1238 3035 "

536 3166 540 3168 -
619 3133 843 3188 CAPUT
884 3134 1010 3190 ccx
1025 3120 1130 3191 v1.

1747 1756 1988 1826 ejusdem
2012 1758 2250 1812 civitatis
2273 1759 2420 1812 cives
2449 1758 2660 1812 labores
2691 1757 2848 1826 hujus
2877 1759 3314 1827 peregrinationis

1745 1848 1950 1914 experti
1980 1856 2140 1901 sunt:
2167 1857 2220 1901 et
2245 1845 2458 1916 quidam
2479 1862 2669 1902 .corum
2696 1863 2835 1902 nunc
2865 1849 3228 1917 experiuntur,
3261 1857 3316 1903 et

1747 1951 1916 2006 usque
1940 1937 1990 1990 in
2030 1937 2188 1991 linem
2215 1937 2397 1992 caeteri
2423 1939 2780 2008 experientur.
2816 1939 2942 1992 ltem
2973 1954 3088 2006 qum
3112 1939 3316 2006 peperit

1746 2028 1900 2097 Cain,
1932 2039 1988 2082 et
2015 2027 2206 2094 Citam,
2235 2012 2286 2081 et
2311 2029 2670 2085 llismahelem
2696 2028 3038 2101 [lsmaelem],
3069 2037 3122 2084 et
3150 2030 3312 2093 Esau,

1747 2122 1934 2177 eadem
1967 2124 2079 2190 ipsa
2114 2121 2344 2191 peperit,
2393 2131 2450 2176 et
2485 2122 2711 2188 Dathan,
2769 2130 2823 2175 ct
2849 2122 2980 2175 alios
3029 2123 3080 2174 in
3126 2122 3313 2175 eodem

1750 2211 1941 2280 populo
1967 2210 2170 2265 similes
2195 2229 2207 2262 :
2233 2220 2288 2265 ct
2331 2227 2448 2280 quze
2476 2211 2630 2277 istos,
2673 2212 2859 2266 eadem
2906 2213 3014 2281 ipsa
3046 2221 3099 2265 et
3125 2211 3313 2266 ludam

1747 2301 2265 2369 p‘endoapostolum,
2315 2310 2369 2355 et
2407 2301 2678 2356 Simonem
2724 2302 2951 2371 Magum,
2995 2311 3049 2356 et
3089 2310 3314 2355 thtcros

1748 2407 1917 2461 usque
1967 2393 2032 2447 ad
2067 2393 2179 2446 haec
2227 2401 2466 2460 tempora
2513 2392 3058 2460 psetnlocln-istiaims,
3101 2395 3149 2447 in
3191 2393 3316 2447 alle-

1750 2485 1930 2559 ctione
1976 2484 2196 2538 animali
2245 2485 2589 2550 pertinaciter
2617 2483 2935 2538 obduratos:
2961 2486 3071 2538 sive
3112 2484 3162 2537 iu
3196 2485 3315 2537 nni-

1752 2584 1872 2629 tate.
1900 2575 2146 2644 permixti
2197 2575 2324 2639 sint,
2368 2574 2486 2628 sive
2529 2585 2712 2643 aperta
2756 2574 3068 2642 praecisione
3111 2576 3315 2629 dissen-

1753 2666 1903 2719 nanL

1891 2751 1894 2754 ’
2277 2742 2500 2800 CAPUT
2539 2743 2785 2799 CCXVII.

1755 2855 2020 2922 Quomodo
2062 2867 2262 2927 generet
2317 2857 2546 2928 Ecclesia
2583 2859 2738 2912 bonos
2779 2869 2824 2912 et
2851 2859 3030 2924 malos,
3064 2844 3316 2928 tanquam

2095 2943 2185 2997 per
2206 2944 2259 2980 se
2281 2928 2446 2996 ipsam
2475 2927 2697 2982 Rebecca
2733 2930 2978 2998 geminos.

1674 3025 1719 3087 ε
1823 3059 1929 3112 Sed
1961 3073 2079 3113 cum
2109 3057 2240 3113 tales
2285 3061 2351 3113 ab
2393 3059 2718 3128 spiritalibus
2762 3062 3212 3130 evangelizantur,
3261 3073 3316 3117 et

1751 3145 2102 3228 sacramentis
2131 3149 2463 3216 imbuuntur,
2505 3159 2752 3219 tanquam
2800 3167 2894 3221 per
2919 3168 2978 3207 se
3007 3153 3174 3222 ipsam
3210 3155 3316 3209 Rc-

97 3218 243 3284 Ωυοά
266 3218 1014 3314 antiqua‘sftgcqlesiqhin
1037 3229 1152 3314 otiis
1173 3230 1358 3314 Itabcns
1378 3233 1652 3288 anima!em
1754 3220 2038 3293 becca‘eos
2067 3241 2211 3309 parit
2232 3241 2371 3295 sicut
2410 3242 2564 3296 Esau.
2594 3218 2726 3295 Cum
2750 3218 2925 3296 autem
2959 3218 3052 3312 per
3083 3244 3199 3298 illos
3230 3248 3319 3314 qui

446 3293 747 3360 portionem,
781 3296 834 3347 in
865 3298 981 3349 aliis
1003 3300 1300 3366 spiritalem.

162 3401 504 3471 Quocumque
532 3418 659 3473 ergo
684 3412 922 3475 tempore
967 3407 1095 3462 tales
1126 3409 1367 3466 homines
1395 3426 1512 3468 esse
1542 3429 1651 3469 coe-

98 3493 269 3557 perint
298 3492 348 3545 in
381 3492 480 3552 hac
507 3495 633 3562 vita,
669 3495 853 3564 utjam
885 3497 1204 3566 divinispro
1226 3503 1549 3558 saeculorum
1573 3506 1652 3558 di-

98 3581 408 3636 stributione
427 3589 787 3653 sacramentis
814 3587 1021 3656 imbuti,
1052 3592 1225 3646 adhuc
1258 3602 1435 3649 tamen
1463 3610 1650 3651 carna-

101 3671 213 3725 liter
255 3673 483 3741 sapiant,
515 3682 570 3729 et
615 3677 847 3731 carnalia
878 3680 946 3733 de
997 3682 1104 3736 Deo
1133 3684 1249 3738 sive
1295 3685 1349 3738 in
1380 3687 1478 3741 hac
1521 3689 1648 3755 vita,

99 3759 206 3815 sive
231 3771 352 3830 post
383 3762 519 3818 banc
547 3766 706 3820 vitam
738 3778 960 3834 sperent
991 3780 1150 3840 atque
1176 3773 1506 3841 desiderent,
1541 3780 1652 3833 ani-

101 3852 259 3907 males
300 3855 443 3908 sunt.
499 3854 734 3911 Ecclesia
768 3875 913 3927 vero,
961 3863 1100 3926 quod
1149 3874 1230 3918 est
1255 3868 1484 3935 populus
1533 3871 1647 3935 Dei,

98 3945 248 4025 etiam
279 3945 327 3998 in
361 3944 511 4001 istius
538 3949 658 4002 vi:ae
698 3953 1117 4019 peregrinatione
1166 3957 1382 4025 antiqua
1412 3974 1501 4013 res
1543 3972 1647 4025 est,

101 4034 146 4086 in
175 4015 290 4088 aliis
319 4035 624 4094 [nominibus
666 4041 865 4096 habens
914 4044 1194 4107 animalem
1227 4052 1546 4118 portionem,
1594 4052 1647 4106 in

101 4123 210 4179 aliis
246 4128 743 4196 autem‘spiritalem
771 4148 784 4182 τ
814 4132 880 4184 ad
930 4134 1188 4190 animales
1231 4140 1458 4205 pertinet
1487 4139 1648 4195 Vetus

101 4211 511 4284 Testamentum,
543 4218 608 4271 ad
629 4218 897 4286 spiritales
918 4222 1119 4278 Novum
1143 4241 1156 4288 ;
1188 4227 1280 4280 sed
1301 4229 1484 4295 primis
1511 4239 1645 4285 tem-

91 4304 304 4382 poribus
332 4315 613 4379 utrumque
651 4313 914 4367 occultum
945 4315 1066 4381 fuit,
1097 4319 1163 4371 ab
1191 4320 1357 4374 Adam
1385 4338 1551 4391 usque
1579 4326 1644 4378 ad

101 4391 321 4466 Moysen.
347 4398 392 4453 Δ
418 4399 600 4480 μεγεθ
623 4412 796 4459 autem
831 4407 1164 4463 manifestum
1191 4419 1274 4465 est
1303 4412 1486 4479 Vetus,
1515 4425 1568 4470 et
1591 4417 1640 4471 in

103 4498 162 4537 eo
184 4485 294 4554 ipso
320 4489 683 4546 occultabatur
723 4493 948 4560 Novum,
983 4500 1105 4565 quia
1138 4494 1342 4556 occulte
1371 4505 1640 4572 signiﬁca-

105 4574 262 4630 batur.
307 4577 497 4633 Postea
543 4595 671 4636 vero
696 4599 852 4653 quam
894 4586 949 4640 in
998 4603 1156 4644 carne
1198 4591 1449 4648 Dominus
1477 4599 1642 4662 venit,

105 4667 381 4722 revelatum
432 4679 516 4724 est
558 4671 783 4739 Novum,
838 4675 1045 4732 Veteris
1092 4691 1267 4735 autem
1309 4699 1642 4742 sacramenta

104 4770 392 4824 cessarunt;
444 4762 536 4816 sed
587 4766 1033 4834 concupiscentiae
1084 4772 1214 4838 tales
1259 4789 1364 4829 non
1404 4791 1646 4834 cessave-

108 4857 234 4901 runt.
266 4849 321 4902 in
355 4851 464 4904 illis
491 4854 784 4913 enimsunt
813 4872 947 4926 quos
986 4860 1273 4926 Apostolus
1299 4865 1406 4932 jam
1439 4883 1534 4935 per
1562 4883 1647 4922 sa-

105 4949 412 4993 cramentum
442 4941 574 4995 Novi
609 4942 932 5001 Testamenti
964 4960 1136 5016 natos,
1160 4953 1332 5009 adhuc
1363 4967 1535 5011 tamen
1566 4959 1647 5012 di-

105 5024 168 5077 cit
193 5029 462 5096 animales,
493 5045 596 5082 non
627 5047 779 5100 posse
808 5035 1082 5105 percipere
1107 5056 1225 5107 quae
1255 5055 1379 5097 sunt
1406 5030 1641 5113 Spiritus

112 5116 190 5170 Dei
214 5120 384 5172 asicut
425 5120 566 5174 enim
603 5123 652 5175 in
694 5130 1039 5182 sacramentis
1088 5130 1292 5186 Veteris
1322 5135 1645 5195 Testamenti

109 5207 331 5262 vivebant
360 5209 574 5279 quidam
605 5212 889 5280 spiritales,
921 5220 984 5272 ad
1008 5219 1208 5276 Novum
1231 5224 1432 5280 scilicet
1461 5229 1643 5284 Testa-
1670 5212 1675 5217 I

111 5311 348 5367 mentum,
371 5303 513 5371 quod
542 5314 663 5358 tunc
680 5310 1042 5364 occultabatur
1069 5315 1270 5369 occulte
1294 5321 1640 5387 pertinentes,

113 5395 178 5441 sic
229 5403 276 5445 et
318 5395 539 5448 nuncin
590 5409 924 5452 sacramento
967 5402 1097 5456 Novi
1140 5404 1460 5470 Testamenti
1504 5413 1642 5478 quod

110 5480 203 5546 jam
245 5480 528 5538 revelatum
578 5497 660 5539 est
710 5489 948 5558 plerique
995 5494 1175 5547 vivunt
1221 5498 1497 5553 :mimalcs.
1543 5503 1640 5566 Qui

117 5573 346 5636 proﬁcere
375 5578 416 5630 si
448 5579 630 5633 nolunt
662 5582 722 5632 ad
756 5583 1090 5651 percip‘enda
1125 5603 1238 5656 qum
1263 5600 1383 5644 sunt
1407 5591 1633 5659 Spiritus

1754 3343 1858 3382 non
1879 3336 2026 3383 caste
2047 3330 2363 3384 annuntiant
2381 3326 2747 3400 Evangelium,
2778 3333 2910 3387 tales
2933 3336 2985 3387 in
3011 3334 3101 3388 Dei
3128 3335 3318 3402 populo

1751 3427 2091 3487 generantur,
2134 3433 2238 3472 non
2278 3419 2408 3474 Sara
2439 3421 2674 3488 quidem,
2718 3422 2811 3475 sed
2853 3436 2945 3489 per
2984 3425 3124 3490 Agar
3164 3423 3316 3494 [Sara

1751 3508 1964 3576 quidem
1990 3509 2083 3562 sed
2125 3524 2216 3576 per
2245 3508 2430 3580 Agar].
2474 3510 2602 3563 ltem
2632 3511 2755 3564 boni
2781 3511 3066 3580 spiritales,
3109 3515 3319 3582 quando

1750 3598 2241 3665 evaugelizantibus
2271 3598 2352 3652 vel
2384 3599 2774 3666 baptizautibus
2817 3603 3120 3658 carnalibus
3157 3619 3317 3672 gene-

1751 3698 1953 3752 rantur,
1981 3688 2073 3741 Lia
2095 3687 2305 3756 quidem
2330 3688 2412 3742 vel
2441 3689 2637 3743 Rachel
2661 3690 2779 3759 jure
2799 3691 3064 3760 conjugali
3087 3708 3198 3760 eos,
3225 3696 3318 3749 sed

1751 3794 1846 3846 per
1873 3780 2190 3834 ancillarum
2217 3789 2427 3834 uterum
2467 3781 2621 3849 parit.
2663 3781 2798 3836 Cum
2831 3797 2956 3837 vero
2985 3799 3081 3852 per
3101 3787 3313 3852 spirita-

1753 3870 1922 3922 lesin
1957 3870 2247 3939 Evangelio
2294 3858 2623 3942 generantur
2665 3872 2786 3926 boni
2837 3872 3045 3938 ﬁdeles,
3095 3877 3184 3944 qui
3235 3878 3317 3931 vel

1749 3962 1982 4015 evadunt
2007 3962 2058 4015 in
2092 3964 2347 4031 sp'ritalis
2381 3965 2552 4018 aetatis
2581 3961 2850 4033 allectum,
2884 3967 2966 4020 vel
2998 3981 3063 4020 eo
3101 3968 3317 4023 tendere

1752 4067 1855 4104 non
1900 4051 2183 4118 desistunt,
2210 4053 2293 4107 vel
2335 4049 2454 4108 ideo
2484 4039 2587 4108 non
2634 4054 2851 4121 faciunt,
2894 4056 3016 4124 quia
3057 4072 3160 4111 non
3191 4074 3314 4128 pos-

1749 4152 1893 4205 sunt,
1923 4144 2060 4198 sicut
2087 4159 2155 4198 ex
2179 4153 2332 4199 utero
2356 4145 2502 4201 Sara:
2525 4146 2692 4214 Isaac,
2725 4148 2807 4202 vel
2846 4148 3100 4204 Rebeccae
3127 4147 3310 4216 Iacob,

1749 4234 1800 4286 in
1835 4249 2020 4287 novam
2053 4235 2216 4288 vitam
2257 4243 2311 4289 et
2339 4234 2541 4289 Novum
2573 4233 2971 4291 Testamentum
3002 4249 3308 4294 nascuntur.

1749 4323 1929 4389 Itaque
1949 4324 2061 4376 sive
2101 4324 2242 4377 intus
2265 4326 2465 4379 versari
2496 4325 2794 4393 videantur,
2827 4328 2936 4380 sive
2962 4339 3147 4395 aperte
3178 4329 3310 4385 foris

1746 4416 1876 4478 siut,
1918 4417 2058 4485 quod
2088 4431 2212 4470 caro
2242 4426 2346 4482 est,
2396 4430 2520 4470 caro
2563 4423 2684 4480 est;
2717 4410 2828 4472 sive
2869 4420 2919 4471 iu
2966 4434 3090 4473 area
3131 4422 3184 4474 in
3215 4435 3308 4476 sua

1747 4509 2028 4562 sterilitate
2095 4521 2433 4577 perseveret,
2490 4510 2601 4563 sive
2660 4513 2938 4567 occasfone
3001 4513 3308 4567 tentationis

1751 4609 1996 4666 tanquam
2015 4606 2172 4651 vento
2201 4606 2351 4651 extra
2384 4598 2660 4664 tollantur,
2686 4599 2825 4668 quod
2854 4600 3000 4668 palea
3023 4609 3125 4665 est,
3153 4603 3306 4670 palea

1747 4698 1828 4743 est
1854 4703 1867 4741 :
1891 4696 1946 4742 et
1982 4702 2196 4756 semper
2222 4688 2290 4740 ab
2331 4687 2472 4741 illius
2510 4687 2756 4743 Ecclesiae
2794 4704 2913 4757 qua:
2957 4691 3074 4744 sine
3101 4694 3305 4747 macula

1747 4788 1802 4832 et
1830 4793 1954 4844 ruga
1984 4778 2086 4842 est,
2119 4779 2321 4833 unitate
2346 4779 2546 4834 divisus
2583 4788 2684 4840 est,
2713 4776 2872 4832 etiam
2903 4778 2990 4849 qui
3014 4795 3304 4851 congrega-

1747 4869 1876 4921 tioni
1898 4879 2203 4922 sanctorum
2230 4871 2282 4923 in
2308 4869 2510 4922 carnali
2538 4869 2887 4924 obduratione
2927 4871 3200 4925 miscetur.
3233 4874 3305 4927 De

1747 4961 1893 5014 nullo
1936 4967 2115 5014 tamen
2161 4958 2551 5028 desperandum
2596 4969 2699 5026 est,
2742 4961 2853 5015 sive
2881 4964 2968 5031 qui
3018 4965 3157 5018 intus
3189 4967 3307 5020 talis

1746 5059 1989 5117 apparet,
2013 5052 2126 5105 sive
2153 5052 2242 5120 qui
2267 5051 2392 5105 foris
2418 5044 2748 5105 manifestius
2776 5055 3102 5108 adversatur.
3139 5056 3305 5124 Spiri-

1746 5144 1881 5208 tales
1910 5154 2084 5198 autem
2115 5145 2225 5199 sive
2251 5144 2315 5196 ad
2348 5144 2448 5199 hoc
2475 5147 2644 5214 ipsum
2688 5148 2772 5215 pio
2802 5150 2977 5203 studio
3018 5150 3303 5218 prolicien—

1752 5245 1852 5300 tes,
1883 5252 1987 5289 non
2020 5246 2146 5290 eunt
2177 5237 2342 5301 foras,
2365 5240 2485 5306 quia
2514 5250 2565 5292 et
2593 5255 2710 5295 cum
2733 5242 2907 5310 aliqua
2931 5243 3015 5296 vel
3041 5247 3306 5311 perversi-

1751 5335 1878 5394 tate;
1911 5329 1992 5381 vel
2023 5329 2339 5385 necessitate
2389 5331 2657 5384 hominum
2701 5333 2948 5386 videntur
2989 5335 3204 5403 expelli,
3233 5336 3302 5389 ibi

1750 5419 1914 5484 magis
1942 5418 2227 5483 probantur
2248 5435 2402 5488 quam
2432 5422 2476 5474 si
2506 5422 2647 5474 intus
2679 5433 3045 5490 permaneant,
3070 5440 3189 5479 cum
3212 5429 3306 5479 ad-

1748 5520 1935 5579 versus
1963 5507 2252 5561 Ecclesiam
2281 5510 2581 5564 nullatenus
2604 5513 2898 5582 eriguntur,
2931 5516 3021 5568 sed
3052 5515 3104 5567 in
3132 5516 3298 5568 solida

1753 5594 1969 5650 unitatis
2003 5610 2148 5666 petra
2182 5599 2475 5656 fortissimo
2525 5603 2799 5658 rharitatis
2839 5605 3027 5660 robore
3061 5607 3306 5660 radicaiv
