3904 6224
549 255 648 311 879

1633 254 1690 307 Β.
1736 253 2052 311 EUGYPPII
2095 255 2383 312 ABBATIS
2413 258 2728 313 AFRICANI
3686 266 3770 318 sm

547 381 648 424 tttr.
683 367 759 420 Ad
789 368 886 420 hoc
925 367 1064 421 enim
1098 363 1325 433 pertinet
1360 363 1501 432 quod
1544 365 1594 418 in
1628 365 1976 440 illo'Abrahzc
2027 382 2110 420 sa-
2143 376 2187 431 Α
2217 370 2308 423 sine
2349 373 2776 426 communioan
2829 386 2932 426 nou
2981 373 3175 430 habeat
3208 375 3350 430 Deus
3399 376 3625 446 aliquem
3668 396 3768 432 sun.

544 458 746 512 crilicio
774 457 983 522 dieitur,
1016 471 1139 510 aves
1175 465 1347 508 autem
1380 469 1484 508 non
1512 455 1715 510 divisit.

1040 566 1263 621 CAPUT
1302 565 1428 621 CCX
1444 567 1578 622 VIII.

547 682 690 746 Quod
715 690 972 747 prop!erea
1005 678 1252 732 Dominus
1283 697 1380 732 non
1409 681 1606 746 aperuit
1638 681 1893 750 Cypriano
1920 682 1982 733 de
2006 681 2111 733 Ba-

611 753 792 818 ptisnto
821 751 1120 803 setttcutiam
1141 766 1292 818 quam
1320 761 1491 812 postea
1517 752 1746 819 plcnario
1774 752 1989 804 concilio
2010 769 2107 820 pa-

612 821 798 888 tefecit,
823 829 873 872 ut
903 822 1012 891 ejus
1042 821 1263 874 Charitas
1291 821 1489 888 plenius
1519 831 1809 890 appareret,
1835 838 1897 874 ex
1933 824 2112 874 eodem

612 892 764 944 libro.
1583 959 1588 963 _

595 1000 969 1055 Exstantbeati
985 1001 1231 1070 martyris
1244 997 1492 1070 Cypriani
1515 1001 1566 1054 in
1584 1000 1697 1069 ejus
1716 1002 1905 1057 litteris
1923 1017 2110 1070 magna

540 1096 882 1158 documenta,
917 1104 974 1147 ut
1002 1093 1068 1147 ad
1100 1093 1391 1159 illumjam
1444 1093 1677 1159 veniam,
1721 1093 1788 1148 de
1827 1095 1980 1162 cujus
2009 1096 2110 1149 sibi

544 1190 860 1242 auctoritate
911 1187 995 1239 lati
1041 1185 1325 1239 carnaliter
1378 1184 1757 1248 blandiuntur,
1815 1201 1936 1240 cum
1994 1187 2110 1255 ejus

542 1281 808 1333 charitate
851 1275 1159 1344 spiritaliter
1196 1275 1543 1344 perimantur.
1599 1275 1728 1330 Nam
1764 1276 1869 1331 illis
1901 1285 2110 1346 tempo-

475 1406 479 1412 ι
541 1370 690 1424 ribus
720 1381 998 1435 antequam
1044 1365 1266 1437 pleuarii
1296 1365 1520 1420 Concilii
1568 1372 1853 1432 sententia,
1895 1370 2022 1438 quid
2057 1370 2108 1424 in

546 1461 644 1514 hac
686 1473 741 1512 re
768 1452 1094 1527 sequendum
1137 1465 1303 1524 esset,
1340 1457 1498 1512 totius
1531 1457 1779 1513 Ecclesia:
1826 1462 2109 1514 consensio

543 1548 934 1612 conﬁrmasset,
965 1547 1130 1610 visum
1155 1557 1235 1603 est
1260 1549 1328 1614 ei,
1356 1563 1474 1603 cum
1512 1547 1676 1604 ferme
1697 1550 1960 1620 octoginta
1990 1566 2110 1606 coe-

543 1639 774 1710 piseopis
836 1639 948 1693 suis
996 1637 1362 1692 Africanarum
1418 1639 1797 1705 Ecclesiarum,
1839 1642 2105 1698 hominem

2219 477 2353 525 rtlut,
2387 463 2524 518 sicut
2554 466 2692 518 inter
2718 466 2936 533 angelos
2965 477 3177 521 sanctos
3207 483 3315 522 non
3350 468 3513 524 habet
3541 472 3768 525 diabolus

2215 551 2444 621 aliquem
2504 569 2744 607 suorum.
2791 554 3044 608 Ecclesizc
3093 571 3221 610 vero
3273 557 3420 622 huic,
3455 574 3576 626 quae
3614 560 3767 612 adhuc

2215 645 2389 696 carnis
2419 629 2792 698 mortalitatem
2841 652 3035 712 portat,
3066 648 3301 712 quandiu
3337 650 3705 718 peregrinatur
3739 666 3763 701 a

2219 733 2460 798 Domino,
2496 736 2704 789 licuerit
2750 735 2965 789 diabolo
3016 737 3244 792 miscere
3275 739 3504 805 zizania,
3547 741 3644 792 hoc
3678 751 3762 800 est,

2215 825 2384 878 malos
2415 823 2678 889 homines,
2713 835 2766 879 ct
2805 827 3098 892 permissus
3129 828 3198 880 sit
3227 839 3449 895 propter
3487 830 3648 896 ipsius
3675 829 3762 882 Ec-

2214 913 2392 968 clesiae
2423 917 2931 984 peregrinationem,
2962 925 3021 970 ut
3050 919 3262 984 requies
3295 919 3442 970 illius
3468 921 3645 985 patria
3676 934 3761 986 qua

2214 1005 2379 1058 sancti
2411 1005 2584 1074 angeli
2637 1005 2995 1074 perfruuntur,
3045 1006 3446 1061 desideraretur
3484 1009 3757 1063 ardentius

2218 1092 2289 1145 De
2324 1093 2684 1148 Sacramentis
2733 1107 2910 1148 autem
2959 1095 3056 1148 Tac
3097 1095 3198 1149 dici
3251 1111 3356 1150 non
3403 1105 3592 1164 potest.
3632 1098 3760 1152 Sicut

2215 1185 2353 1238 enim
2384 1201 2442 1240 ea
2475 1197 2695 1253 possunt
2725 1187 2922 1241 habere
2959 1197 3118 1255 atque
3149 1198 3380 1241 tractare
3413 1203 3517 1240 non
3548 1190 3609 1242 ad
3637 1191 3759 1242 salu-

2217 1285 2341 1341 tem,
2383 1276 2477 1328 sed
2521 1276 2584 1329 ad
2618 1279 2928 1343 perniciem‘
2953 1293 3125 1343 suam,
3159 1279 3210 1331 in
3241 1293 3343 1348 qua
3377 1280 3481 1348 igni
3521 1282 3756 1334 destinata

2214 1375 2336 1418 sunt
2375 1367 2628 1420 interiora
2660 1367 2882 1430 zizania,
2911 1368 2988 1420 sic
3026 1369 3295 1422 exteriora
3326 1370 3545 1434 zizania,
3571 1386 3674 1440 qur
3701 1374 3756 1424 ab

2214 1457 2557 1512 interioribus
2600 1458 2976 1512 recedentibus
2999 1468 3351 1528 acceperunt,
3381 1465 3500 1528 quia
3531 1462 3754 1515 receden-

2217 1549 2283 1602 tia
2322 1563 2424 1603 non
2466 1550 2779 1604 amiserunt.
2813 1550 2964 1616 Quod
3013 1551 3129 1607 sine
3176 1552 3340 1606 dubio
3391 1551 3753 1616 manifestatur,

2215 1655 2333 1692 cum
2377 1640 2721 1695 redeuntibus
2769 1655 2873 1694 non
2916 1641 3237 1703 restituitur,
3269 1643 3485 1709 quando
3514 1641 3638 1696 forte
3673 1645 3754 1696 ali-

543 1729 798 1806 [omnem]
832 1731 916 1800 qui
965 1740 1110 1785 extra
1161 1730 1415 1785 Ecclesia:
1452 1730 1728 1786 catholica:
1775 1735 2107 1787 communio-
2140 1743 2186 1802 Β
2215 1730 2300 1797 qui
2341 1744 2405 1783 ex
2453 1729 2530 1783 eis
2585 1731 2714 1798 ipsis
2745 1728 2833 1798 qui
2883 1741 3216 1785 recesserant
3265 1740 3615 1785 revertuntur.
3665 1733 3752 1786 Nec

547 1840 666 1879 nem
701 1825 995 1893 baptizatus
1036 1823 1241 1886 luisset,
1283 1831 1532 1891 opertere
1583 1823 1646 1876 ad
1691 1823 1980 1879 Ecclesiam
2018 1841 2106 1880 ve-

548 1918 779 1970 nientem
811 1916 985 1969 denuo
1017 1915 1293 1982 baptizari,
1313 1913 1452 1982 quod
1483 1929 1585 1968 non
1628 1924 1770 1969 recte
1813 1915 1926 1969 fieri
1963 1924 2108 1971 tanto

545 2008 658 2060 viro
682 2009 928 2059 nimirum
959 2018 1234 2074 prepterea
1258 2006 1511 2059 Dominus
1537 2021 1638 2059 non
1663 2009 1891 2074 aperuit,
1913 2019 1968 2060 ut
1991 2009 2107 2078 ejus

546 2098 629 2166 pia
660 2106 714 2151 et
743 2097 1030 2161 humilitas,
1055 2107 1106 2150 et
1134 2096 1389 2162 Charitas,
1417 2098 1468 2150 in
1501 2099 1845 2153 custodienda
1878 2101 2106 2156 salubri-

545 2200 627 2243 ter
655 2188 905 2242 Ecclesiue
938 2202 1086 2255 pzice,
1121 2182 1434 2252 patesceret.
1466 2186 1640 2242 Minus
1664 2202 1789 2256 ergo
1819 2189 1906 2243 ille
1938 2204 2105 2258 pene-

548 2278 702 2337 trarii
716 2286 1026 2333 utcerneret
1039 2286 1300 2333 secretum
1315 2280 1548 2334 abditum
1565 2282 1883 2338 sacramenti
1903 2298 1914 2333 :
1931 2281 2046 2346 sed,
2061 2281 2105 2335 si

452 2445 453 2448 η
543 2372 893 2427 sciretomnia
918 2351 1268 2438 sacramenta,
1288 2372 1600 2427 charitatem
1619 2383 1792 2426 autem
1819 2389 1921 2427 non
1943 2374 2106 2428 habe-

545 2477 645 2532 ret,
679 2467 808 2522 nihil
834 2477 993 2522 esset.
1028 2467 1158 2521 Cum
1183 2451 1356 2522 autem
1401 2467 1575 2521 minus
1604 2467 1729 2522 illud
1757 2467 2106 2536 perspiciens,

544 2560 682 2614 hanc
704 2570 877 2614 tamen
901 2559 1193 2623 humiliter,
1209 2557 1460 2624 fideliter,
1476 2558 1684 2612 fortiter
1705 2557 2011 2623 custodivit,
2042 2558 2106 2611 ad

543 2652 784 2723 Martyrii
811 2667 1066 2706 coronam
1087 2651 1277 2706 meruit
1297 2653 1596 2729 ernire,
1623 2661 1680 2704 ut
1707 2653 1752 2704 si
1783 2668 1884 2720 qua
1919 2652 1968 2706 in
1993 2651 2108 2720 ejus

546 2745 772 2798 lucidam
808 2753 1037 2798 mentem
1069 2758 1132 2798 ex
1158 2745 1383 2797 humana
1408 2743 1724 2810 conditione,
1745 2744 1934 2798 nebula
1969 2745 2109 2798 iure-

544 2843 762 2904 pserant
813 2831 1181 2907 [irrepserat],
1217 2832 1804 2904 ,gIoriosavscrenitate
1861 2833 2111 2902 fulgentis

544 2924 821 2995 sanguinis
852 2924 1142 2994 fugaretur.
1176 2924 1288 2979 Non
1320 2923 1461 2980 enim
1491 2925 1686 2979 frustra
1719 2925 1831 2994 ipse
1853 2925 2110 2981 Dominus

544 3017 700 3074 Iesus
743 3016 1004 3082 Christus,
1046 3032 1167 3073 cum
1198 3032 1273 3072 se
1305 3018 1476 3087 ipsum
1516 3017 1719 3073 diceret
1747 3019 1932 3082 vitem,
1985 3033 2112 3075 suos

544 3121 719 3166 autem
762 3120 1007 3180 tanquam
1040 3110 1092 3164 in
1127 3111 1236 3165 vite
1273 3119 1541 3166 sarmenta
1589 3111 1802 3180 prscidi
1834 3111 1969 3165 dixit
1991 3126 2104 3177 eos,
2138 3115 2181 3175 C

2211 1821 2488 1889 quisquam
2520 1821 2714 1874 dixerit
2745 1837 2758 1874 :
2784 1821 2918 1886 Quid
2951 1822 3090 1875 enim
3124 1821 3377 1876 frumenti
3411 1823 3596 1876 habent
3629 1827 3752 1875 zin-

2212 1913 2337 1966 nia?
2368 1914 2412 1967 si
2458 1914 2598 1969 enim
2649 1912 2751 1967 hoc
2788 1913 2860 1966 ita
2906 1923 3012 1978 est,
3056 1924 3108 1966 et
3139 1914 3282 1966 intus
3332 1926 3386 1966 et
3418 1913 3542 1967 foris
3583 1915 3640 1965 ad
3670 1915 3750 1965 hoc

2211 2003 2471 2058 duntaxat
2501 2017 2595 2072 par
2615 2002 2850 2058 conditio
2877 2010 2980 2057 est.
3006 2002 3184 2070 Neque
3213 2003 3359 2057 enim
3385 2003 3437 2056 in
3459 2003 3656 2056 aiuniis
3675 2019 3749 2056 ex-

2211 2096 2499 2151 terioribus
2529 2110 2634 2150 non
2664 2095 3009 2149 inveniuntur
3041 2109 3206 2162 grana
3237 2096 3510 2160 frumenti,
3539 2106 3586 2150 et
3609 2095 3653 2148 in
3684 2098 3748 2147 in-

2212 2187 2499 2260 terioribus
2527 2185 2892 2242 inveniuntur.
2921 2187 2994 2240 De
3017 2197 3357 2243 sacramento
3389 2184 3749 2259 {sacramentis}

2211 2288 2388 2333 autem
2434 2293 2553 2332 cum
2605 2279 2886 2346 quaeritur,
2932 2293 3037 2332 non
3083 2288 3259 2332 utrum
3306 2279 3536 2334 habeant
3577 2280 3749 2348 aliquid

2211 2370 2460 2424 frumenti
2503 2369 2699 2424 zizania
2744 2371 3021 2440 quaeritur.
3066 2369 3162 2424 sed
3205 2379 3383 2424 utrum
3431 2370 3747 2425 babeantaii-

2209 2460 2334 2530 quid
2361 2461 2518 2516 cmli?
2542 2471 2595 2515 et
2620 2447 2972 2515 exterioribus
3001 2459 3138 2514 enim
3172 2470 3226 2514 et
3257 2462 3593 2516 interioribus
3618 2461 3734 2514 xim-

2213 2552 2334 2614 niis,
2367 2566 2487 2606 cum
2512 2551 2627 2618 ipso
2663 2551 2839 2604 tritico
2864 2560 2944 2604 est
2974 2549 3149 2618 pluvia
3177 2552 3498 2614 communis,
3526 2565 3631 2619 qua
3654 2565 3744 2604 rte-

2214 2643 2362 2697 lestis
2390 2653 2442 2697 et
2466 2643 2635 2696 dulcis
2659 2652 2740 2694 est
2772 2658 2786 2696 :
2818 2641 2931 2710 ipsa
2949 2639 3122 2694 etiam
3151 2641 3194 2694 si
3227 2656 3291 2695 ex
3336 2655 3398 2695 ea
3438 2642 3620 2695 zizania
3658 2654 3743 2694 ste

2215 2734 2386 2789 riliter
2429 2744 2698 2798 crescunt,
2741 2734 2818 2787 sic
2866 2743 2916 2787 et
2951 2731 3327 2800 Evangelicum
3370 2732 3561 2801 Christi
3596 2745 3744 2784 μετ’-

2215 2837 2450 2880 mentum
2480 2823 2715 2878 divinum
2746 2833 2800 2878 et
2826 2837 2992 2877 suave
3014 2832 3116 2886 est,
3152 2837 3324 2892 neque
3351 2832 3561 2891 prepter
3587 2837 3742 2876 eorum

2215 2915 2550 2970 sterilitatem
2601 2928 2736 2984 quos
2779 2913 2939 2968 etiam
2981 2911 3111 2967 foris
3158 2927 3281 2966 cum
3315 2912 3450 2980 pluit
3479 2913 3742 2980 improban-

2215 3007 2358 3063 dum.

2759 3074 2984 3130 CAPUT
3025 3073 3233 3129 CCXX.

546 3209 602 3255 et
631 3200 696 3254 de
723 3199 829 3254 vite
876 3198 1091 3266 auferri,
1141 3209 1391 3270 tanquam
1442 3200 1642 3255 inutilia
1686 3210 1955 3262 sarmenta
1987 3217 2105 3271 qum
2215 3187 2361 3269 Quqd
2401 3189 2616 3271 ﬂojtim
2645 3187 2760 3271 ,δξδξ
2809 3185 3084 3271 θσρεῖδηωε
3118 3201 3274 3271 ,ξ’ἒῖίω
3316 3185 3740 3271 ευεεςαετς,,ροιίέι

548 3287 774 3344 fructum
803 3303 906 3342 non
955 3287 1164 3344 darent.
1205 3288 1333 3357 Quis
1371 3298 1472 3344 est‘
1503 3299 1682 3346 autem
1734 3291 1956 3356 fructus,
2006 3291 2108 3346 nisi

543 3393 714 3434 novus
743 3379 830 3435 ille
860 3378 1040 3445 fmtus,
1070 3380 1136 3435 de
1165 3396 1270 3448 quo
1310 3382 1437 3436 item
1471 3381 1600 3437 dicit
1625 3400 1639 3437 :
1662 3383 1964 3437 Mandatum
2012 3399 2110 3438 no-

542 3482 667 3522 vum
700 3467 768 3520 do
790 3467 964 3530 vobis,
990 3475 1047 3521 ut
1083 3478 1177 3522 t'os
1201 3469 1426 3523 invicem
1457 3470 1726 3544 diligatis?
1759 3473 1870 3540 Ipsa
1910 3482 1992 3527 est
2017 3473 2106 3526 illa

543 3560 796 3626 eharitas,
825 3560 938 3614 sine
960 3575 1060 3629 qua
1089 3570 1280 3615 caetera
1305 3562 1695 3636 nihil-prosunt,
1733 3565 1870 3619 Dicit
1892 3576 1943 3621 et
1967 3568 2108 3634 Apo-

549 3648 1008 3703 stolus:l"ructus
1049 3659 1221 3704 autem
1269 3650 1485 3719 spiritus
1533 3661 1615 3706 est
1661 3654 1924 3719 charitas,
1981 3665 2108 3723 gau-

544 3741 710 3806 dium,
745 3754 867 3806 pax,
904 3739 1301 3807 longanimitas,
1333 3740 1651 3809 benignitas,
1691 3742 1920 3808 bonitas,
1955 3745 2105 3806 lides,

544 3828 929 3894 mansuetudo,
981 3829 1328 3882 continentia.
1375 3829 1503 3896 Quae.
1551 3833 1726 3885 omnia
1777 3833 2037 3899 incipiunt
2077 3847 2105 3885 a

541 3920 821 3985 charitnte,
854 3926 907 3971 ct
954 3933 1046 3986 per
1091 3927 1337 3972 caeteram
1365 3919 1665 3987 juncturam
1707 3921 1855 3987 quasi
1894 3921 2106 3975 botrum

542 4007 836 4062 mirabilem
870 4007 1086 4061 faciunt.
1119 4007 1227 4062 Nec
1261 4017 1433 4063 tamen
1467 4010 1662 4064 frustra
1693 4010 1832 4065 idem
1855 4011 2108 4066 Dominus

540 4100 760 4164 addidit,
787 4099 916 4167 Qure
941 4109 1118 4154 autem
1163 4110 1430 4154 sarmenta
1471 4102 1522 4156 in
1565 4117 1650 4156 me
1690 4103 1819 4157 dant
1858 4104 2106 4169 fructum,

540 4197 729 4259 purgat
753 4188 838 4241 illa
866 4198 1014 4257 pater
1039 4205 1210 4253 meus,
1234 4198 1291 4244 ut
1319 4191 1571 4258 majorem
1596 4190 1825 4246 fructum
1850 4193 2102 4248 alferant:

543 4283 642 4335 nisi
684 4280 802 4350 quia
843 4288 898 4334 et
946 4281 1076 4348 ipsi,
1118 4280 1207 4348 qui
1252 4279 1424 4335 fructu
1479 4283 1768 4350 praevalent
1807 4282 2103 4349 charitatis,

493 4381 503 4388 ‘
542 4379 766 4440 possunt
784 4381 958 4426 tamen
976 4371 1174 4440 aliquid
1196 4373 1390 4427 habere
1409 4373 1759 4442 purgandum,
1780 4373 1917 4444 quod
1936 4375 2105 4429 incul-

2281 3259 2407 3310 sicnt
2451 3261 2596 3326 fa'sa:
2635 3256 2756 3325 ﬁdei
2793 3271 2909 3308 uera
2947 3256 3208 3319 succedit;
3247 3271 3310 3308 ea:
3357 3257 3525 3308 eodem
3554 3254 3668 3306 libro
3692 3257 3740 3302 ιιι

2283 3327 2548 3397 Baptismo
2571 3343 2643 3380 tv.

2280 3441 2393 3496 Jam
2441 3442 2571 3495 satis
2619 3441 2948 3498 ostendimus
2992 3439 3056 3493 ad
3099 3438 3424 3510 baptismum
3475 3438 3560 3509 qui
3600 3438 3741 3492 verbis

2211 3531 2533 3600 evangelicis
2581 3541 2951 3595 consecratur,
3002 3545 3107 3585 non
3151 3531 3424 3600 pertinere
3470 3530 3738 3598 cujusquam

2211 3625 2292 3677 vel
2321 3623 2505 3689 dantis,
2543 3623 2624 3677 vel
2673 3623 2990 3692 accipientis
3033 3637 3298 3686 errorem,
3346 3624 3460 3679 sive
3487 3623 3550 3678 de
3596 3622 3740 3685 Patre,

2211 3713 2322 3769 sive
2347 3712 2418 3770 .de
2449 3712 2611 3780 Filio,
2665 3713 2779 3768 sive
2817 3715 2884 3769 de
2911 3714 3114 3784 Spiritu
3152 3729 3248 3768 san
3286 3723 3345 3770 to
3387 3715 3540 3769 aliter
3570 3713 3741 3768 sentiat

2209 3820 2368 3873 quam
2395 3804 2635 3858 doctrina
2667 3805 2903 3860 caelestis
2941 3791 3202 3860 insinuat:
3222 3793 3376 3861 Multi
3418 3807 3557 3861 enim
3582 3818 3740 3860 Carna-

2212 3896 2288 3949 les
2315 3903 2368 3948 et
2394 3892 2650 3950 animales
2689 3897 2845 3949 etiam
2880 3896 3020 3950 intus
3057 3895 3418 3965 baptiznntur,
3457 3911 3572 3950 cum
3593 3903 3740 3963 aperta

2211 3989 2353 4042 dicat
2383 3989 2670 4057 Apostolus
2695 4006 2708 4042 :
2737 3989 3000 4042 Aninialis
3029 3999 3204 4042 autem
3234 3988 3394 4042 homo
3426 4002 3527 4041 non
3555 3982 3738 4054 percipit

2211 4093 2270 4132 ea
2302 4093 2419 4148 qua:
2449 4089 2570 4132 sunt
2596 4079 2814 4147 spiritus
2847 4079 2959 4144 Dei,
2985 4089 3038 4135 et
3078 4076 3330 4148 percepto
3354 4080 3462 4146 jam
3494 4077 3735 4145 baptism".

2210 4171 2338 4225 dicit
2374 4185 2469 4226 eos
2503 4170 2678 4225 adhuc
2724 4172 2979 4226 animales
3027 4185 3166 4226 esse.
3213 4170 3516 4227 Secundum
3560 4181 3735 4222 sensum

2209 4273 2383 4318 autem
2425 4265 2714 4329 carnalem,
2767 4278 2872 4317 non
2903 4273 3075 4330 potest
3107 4263 3206 4315 nisi
3247 4263 3536 4315 carnaliter
3562 4259 3622 4313 de
3651 4257 3735 4309 Deo

2211 4370 2397 4424 sapere
2418 4357 2586 4410 anima
2616 4358 2888 4423 corporeis
2919 4353 3169 4408 sensibus
3209 4352 3414 4406 dedita.
3438 4350 3581 4406 Unde
3617 4345 3734 4401 multi

523 4438 650 4515 tum
683 4461 906 4532 agricola
934 4478 1028 4514 nor
1061 4438 1328 4530 relinquit.
1352 4438 1655 4532 Quod'ergo
1678 4438 1768 4519 ille
1797 4438 2017 4520 sanctus
2038 4466 2103 4520 de
2136 4483 2185 4541 ι)
2215 4455 2332 4541 Ρθξι
2356 4447 2684 4541 δθρβίξίηυίῖτ
2703 4444 3068 4541 Frondem“.
3093 4453 3145 4497 εί
3173 4444 3406 4541 muli”
3434 4442 3518 4510 (Ιυί
3547 4438 3735 4541 mf"?

544 4551 815 4620 Baptismo
840 4553 991 4605 aliter
1019 4551 1255 4605 seniiens
1284 4566 1438 4620 quim
1468 4566 1524 4606 se
1567 4567 1653 4606 res
1697 4553 1945 4618 habebat,
1988 4570 2106 4624 quae

546 4651 728 4708 postea
780 4650 1097 4708 pertractata
1143 4651 1196 4695 et
1244 4643 1646 4712 diligentissima
1676 4644 2108 4699 consideratione

545 4739 750 4791 firmata
784 4748 882 4801 est,
908 4740 960 4793 in
991 4739 1253 4793 catholica
1279 4743 1480 4795 unitate
1507 4743 1817 4810 permansit,
1851 4750 1904 4795 et
1933 4741 2104 4796 chari-

543 4832 662 4884 tatis
708 4829 946 4884 ubertate
994 4820 1393 4898 compensatum
1425 4840 1528 4898 est,
1571 4840 1624 4886 et
1667 4831 1933 4901 passionis
1973 4831 2108 4886 falce

544 4929 848 4991 purgatum.

1080 5011 1302 5068 CAPUT
1342 5014 1566 5068 CCXIX.

552 5114 652 5182 18
677 5113 821 5177 Quod
851 5110 977 5160 sicut
1010 5104 1143 5182 fully;
1165 5107 1296 5182 quod
1321 5106 1506 5158 diaboli
1533 5115 1601 5158 est
1627 5113 2102 5182 argumentum-est,

615 5169 746 5234 s'icwet
769 5182 892 5246 {oris
915 5174 1046 5244 quod
1065 5169 1250 5226 Christi
1271 5186 1361 5241 est,
1379 5169 1751 5243 agnoscendum
1773 5183 1840 5226 est
1860 5191 1878 5238 ;
1899 5191 1962 5228 ex
1982 5175 2110 5226 libro

619 5254 680 5303 de
704 5250 959 5317 Baptismo
995 5259 1064 5296 IV.

621 5361 767 5414 Sicut
797 5374 921 5426 ergo
947 5369 998 5413 et
1038 5361 1199 5423 intus,
1243 5355 1381 5423 quod
1412 5355 1605 5410 diaboli
1632 5355 1744 5422 est,
1779 5357 2105 5425 arguendum

546 5460 650 5513 est,
683 5455 756 5503 sic
782 5456 833 5502 et
872 5449 1018 5510 foris,
1057 5449 1196 5517 quod
1225 5447 1421 5503 Christi
1454 5455 1537 5498 est
1579 5430 1971 5515 agnoscendum
2004 5456 2102 5501 est.

550 5551 625 5614 An
659 5554 812 5596 extra
840 5539 1091 5593 unitatem
1116 5539 1366 5594 Ecclesia:
1397 5553 1500 5590 non
1527 5536 1682 5590 habet
1722 5551 1812 5590 sua
1842 5537 2106 5597 Christus,

551 5645 602 5685 et
633 5638 680 5684 in
711 5634 911 5685 u-titate
945 5629 1196 5684 Ecclesia:
1225 5631 1383 5684 habet
1413 5641 1505 5682 sua
1537 5627 1820 5681 diabolus?
1864 5627 1973 5681 Hoc
2000 5627 2107 5680 for-

554 5730 691 5780 tasse
717 5721 823 5797 [de]
853 5721 1154 5779 hominibus
1179 5721 1281 5776 dici
1320 5730 1511 5793 potem,
1544 5729 1598 5774 ut
1633 5718 1709 5774 sic
1739 5727 1883 5774 extra
1923 5719 2110 5776 Eccle-

2215 4539 2294 4593 vel
2328 4539 2472 4605 pueri
2507 4538 2757 4606 baptizati
2807 4548 2950 4600 sunt,
2979 4545 3176 4602 quanto
3210 4534 3378 4600 magis
3410 4546 3584 4585 eorum
3613 4526 3734 4582 intelo

2215 4620 2382 4681 lectus
2436 4639 2710 4681 serenatur
2754 4637 2808 4681 et
2854 4627 3178 4680 illuminatur
3209 4619 3588 4695 [iliuminetur],
3632 4617 3733 4670 dum

2216 4721 2434 4773 interior
2475 4719 2633 4771 homo
2673 4728 2961 4770 renovatur
2989 4717 3056 4770 de
3094 4715 3179 4767 die
3211 4716 3264 4765 in
3308 4713 3470 4773 diem,
3500 4706 3732 4778 propiores

2216 4808 2485 4882 [priore~,]
2513 4824 2634 4862 soas
2657 4807 2952 4874 contiones,
2977 4819 3108 4876 quas
3124 4804 3190 4859 de
3215 4805 3325 4857 Deo
3353 4802 3730 4882 babebant,curn

2214 4880 2323 4954 suis
2354 4900 2734 4966 phantasmatis
2766 4898 3184 4958 ludil‘tt'arentur,
3229 4892 3462 4946 inrident
3483 4880 3731 4960 [irrident].

2213 4992 2537 5046 detestantes
2572 5000 2732 5058 atque
2782 4987 3098 5041 confitentes
3146 4985 3420 5038 abiiciunt.
3463 4981 3561 5036 Nec
3589 4988 3729 5030 tame

2214 5062 2331 5132 ideo
2354 5093 2456 5130 non
2476 5078 2742 5144 accepisse
2759 5075 3074 5143 baptismum
3095 5071 3585 5132 existimantur,ant
3606 5062 3727 5115 talem

2215 5170 2528 5236 baptismum
2588 5167 2890 5234 accepisse-
2918 5164 3194 5225 dicuntur,
3259 5162 3428 5229 qualis
3482 5160 3568 5211 fuit
3612 5165 3729 5208 emt

2214 5265 2446 5330 ipsorum
2475 5279 2485 5311 :
2513 5260 2602 5314 sed
2654 5260 2702 5312 in
2736 5260 2814 5318 eis
2847 5269 2900 5313 et
2936 5257 3266 5312 Sacramenti
3299 5255 3564 5322 integritas
3598 5249 3729 5299 bono-

2220 5362 2384 5415 ratur,
2415 5359 2467 5404 et
2497 5350 2686 5403 mentis
2711 5349 2918 5402 vanitas
2961 5347 3297 5410 emendatur,
3341 5343 3538 5399 etiamsi
3570 5334 3725 5392 conlir.

2220 5453 2356 5494 mata
2405 5453 2455 5494 et
2488 5440 2710 5495 fortasse
2748 5439 2926 5492 multis
2964 5436 3397 5492 contentionibus
3423 5431 3619 5488 defensa
3643 5422 3728 5487 cal:

2222 5535 2406 5588 luerat.
2445 5533 2775 5600 Quapropter
2821 5531 2981 5586 etiam
3028 5528 3336 5590 hazreticus,
3381 5523 3465 5595 qui
3495 5517 3726 5590 μηνῖσαι

2221 5627 2347 5681 foris
2376 5639 2476 5691 εει,
2501 5627 2546 5680 si
2569 5625 2885 5694 baptismum
2913 5625 3018 5677 illic
3039 5621 3403 5691 evangelicum
3425 5613 3624 5680 accepit.
3645 5623 3670 5660 ιι
3701 5619 3724 5654 η

2223 5719 2378 5774 talem
2397 5719 2572 5788 utique
2595 5717 2912 5788 baptismum
2929 5714 3153 5785 accepit,
3170 5712 3310 5784 quali
3331 5722 3505 5767 errore
3520 5709 3708 5760 excitur
