3904 6224
120 262 241 318 S-‘fl

1329 269 1752 331 THESAURUS.
1794 276 1945 333 CAP.
1986 279 2232 340 CCXXII.

3280 292 3381 346 88‘!

114 380 565 455 Et'proptcrea
615 389 658 443 si
707 383 1278 457 resipiscensviderit,
1320 393 1721 462 relinquendum
1752 394 1801 452 Α
1826 408 1940 447 eam
1974 396 2253 461 miserans,
2286 398 2476 467 ubique
2505 400 2666 454 voluit
2692 402 2755 456 ad
2787 418 2941 473 quem
2975 403 3378 464 redeatammo-

108 484 269 527 esse
301 477 465 543 quod
509 477 645 532 male
684 486 941 545 tenuerat,
986 494 1091 534 non
1139 479 1293 534 simul
1328 480 1374 535 ei
1428 482 1729 552 relinquen-

112 561 273 616 dnm
314 576 407 620 est
442 566 638 620 bonum
668 568 805 635 quod
838 571 1137 636 acceperat.
1175 568 1281 622 Nec
1308 569 1428 637 quia
1476 586 1625 625 error
1670 575 1730 626 il-

108 651 246 708 lius
300 656 700 723 improbandus
743 670 843 725 est,
893 669 1171 730 propterea
1204 660 1253 714 in
1285 661 1372 715 illo
1415 660 1607 717 Clll‘lSii
1640 666 1729 719 ba-

106 742 392 809 ptismus
424 747 783 803 exsufﬂandus
804 759 905 804 est.
935 751 1049 807 Jam
1076 752 1214 804 enim
1236 765 1299 805 ex
1328 752 1407 807 bis
1434 769 1565 823 quos
1590 756 1728 810 intus

97 834 392 903 contigit
415 835 487 890 de
516 836 625 891 Deo
663 836 790 893 falsa
820 840 1099 906 opinantes
1144 845 1414 916 baptizari,
1460 846 1587 899 satis
1616 846 1729 898 elu-

103 933 215 977 cet
244 922 687 982 discernendam
717 944 836 984 esse
870 935 1186 1008 sacramenti
1216 937 1510 998 veritatem,
1538 934 1727 1006 agmale

100 1015 444 1070 credentis
472 1033 675 1083 errore,
706 1024 943 1090 quamvis
976 1033 1257 1096 utrumque
1292 1030 1343 1083 in
1364 1028 1595 1103 homine
1623 1044 1727 1081 uno

104 1109 337 1164 valeat
384 1111 613 1167 inveniri
646 1130 662 1169 :
691 1124 744 1168 et
791 1116 911 1171 ideo
950 1134 1069 1171 cum
1102 1120 1258 1174 etiam
1291 1120 1417 1175 foris
1465 1122 1515 1175 in
1545 1135 1727 1175 errore

108 1201 346 1270 aliquo
402 1207 744 1270 constitutus,
796 1222 921 1263 vero
969 1220 1143 1265 tamen
1192 1222 1525 1268 sacramento
1570 1214 1657 1267 lue
1689 1213 1727 1266 it

109 1292 495 1361 baptizatus,
527 1310 644 1349 cum
675 1296 929 1352 Ecclesiae
959 1300 1197 1356 redditur
1224 1304 1431 1369 unitati,
1460 1303 1597 1358 sicut
1633 1303 1726 1356 ial-

108 1399 208 1437 $.13
250 1383 400 1439 ﬁdei
435 1400 554 1440 vera
582 1386 839 1452 succedit,
872 1403 973 1442 non
1004 1390 1080 1444 sic
1105 1400 1276 1458 potest
1297 1395 1455 1447 etiam
1485 1408 1610 1448 vero
1636 1395 1725 1447 ba-

105 1474 356 1540 ptismo
398 1486 557 1530 verus
606 1475 895 1545 baptismus
936 1483 1240 1549 succedere,
1273 1484 1391 1552 quia
1422 1483 1559 1538 idem
1608 1484 1720 1552 ipse

104 1563 236 1616 sibi
308 1566 607 1621 succedere
654 1582 757 1621 non
795 1579 999 1637 potest,‘
1027 1574 1147 1640 quia
1193 1588 1290 1628 nec
1330 1574 1588 1628 decedere
1628 1592 1720 1644 pw-

104 1659 266 1706 test.
337 1654 421 1705 Ad
457 1654 555 1709 hoc
594 1670 719 1726 ergo
752 1659 982 1715 haeretici
1031 1662 1095 1714 ad
1139 1662 1448 1717 catholicam
1482 1664 1716 1734 veniunt,

1830 501 1956 541 nere
1981 486 2328 559 [admonere].
2550 529 2556 535 -

2354 582 2580 637 CAPUT
2618 581 2847 637 CCXXI.

1831 667 1905 723 De
1934 669 2175 725 bonorum
2217 689 2411 744 nierum
2442 674 2673 728 hwretico
2703 683 2757 744 iet
2804 676 3049 730 catholico
3074 676 3377 744 criminosa;

2162 758 2224 795 επ
2249 743 2421 795 eodem
2451 744 2577 796 libro
2599 746 2660 797 de
2688 743 2948 811 Baptismo
2969 762 3039 799 tv.

1897 848 2293 906 Constituamus
2322 866 2449 921 ergo
2477 852 2706 922 aliquem
2738 865 2962 923 castum,
2993 851 3373 921 continentem,

1828 951 1931 991 non
1954 952 2190 1003 avarum,
2226 956 2328 995 non
2357 941 2513 996 idolis
2551 944 2890 1009 servientem,
2928 945 3266 1016 hospitalem,
3296 951 3377 1002 ln-

1826 1025 2130 1097 digentibus
2161 1031 2572 1097 ministrantem,
2616 1048 2720 1087 non
2750 1034 3056 1104 cujusquam
3083 1037 3372 1105 inimicum,

1828 1133 1930 1171 non
1976 1123 2389 1185 contentiosum,
2429 1124 2738 1191 patientem,
2770 1127 3025 1194 quietum,
3075 1128 3273 1181 nullum
3304 1144 3374 1182 aa-

1826 1211 2135 1275 mulantem,
2171 1211 2299 1265 nulli
2322 1212 2666 1278 invidentem,
2697 1216 2954 1281 sobrium,
2991 1216 3242 1287 frngalem
3270 1218 3372 1273 baca

1827 1298 2048 1354 reticum
2077 1319 2088 1354 :
2111 1302 2243 1356 nulli
2266 1304 2444 1370 utique
2464 1304 2678 1358 dubium
2702 1316 2805 1371 est,
2838 1317 3052 1375 propter
3075 1308 3173 1363 hoc
3201 1309 3371 1362 solum

1789 1408 1792 1411 π
1826 1389 1961 1454 quod
1994 1391 2275 1446 haereticus
2316 1401 2418 1454 est,
2455 1407 2675 1459 regnum
2707 1394 2798 1447 Dei
2837 1409 2940 1448 non
2984 1410 3368 1463 possessorum.

1826 1475 2217 1532 Constituamus
2240 1479 2401 1533 alium
2427 1480 2819 1547 fornicatorem,
2844 1481 3193 1551 immundum,
3224 1488 3370 1539 luxu-

1828 1566 2047 1632 riosum,
2077 1582 2314 1633 avarum,
2347 1570 2428 1624 vel
2466 1572 2623 1625 etiam
2670 1573 2902 1640 apertius
2930 1574 3086 1629 idolis
3112 1575 3367 1642 deditum,

1826 1654 2138 1719 veneficum,
2186 1658 2593 1723 discordiosum,
2643 1663 3052 1728 contemiosum,
3102 1665 3369 1727 a-mulum,

107 1747 183 1794 ιιι
209 1742 381 1809 quod
417 1758 600 1798 eorum
628 1747 823 1801 malum
855 1758 937 1803 εει
978 1750 1294 1822 cmi-ignium
1328 1770 1431 1806 mm
1461 1756 1597 1822 quod
1632 1755 1720 1809 Dei
1757 1742 1795 1798 Il
1823 1747 2113 1800 animosum
2167 1750 2286 1820 [pro
2337 1752 2676 1823 temerario],
2723 1754 3062 1823 seditiosum,
3117 1757 3368 1821 invidum,

106 1830 358 1886 bonum
392 1842 477 1887 est
503 1845 788 1901 repetatur.
822 1838 954 1894 Dicit
979 1840 1167 1909 aliquis
1197 1858 1211 1899 :
1242 1842 1447 1897 Nihilne
1473 1858 1602 1912 ergo
1632 1845 1723 1899 in-

110 1930 327 1979 terest
363 1921 412 1977 si
439 1922 542 1977 duo
566 1923 617 1979 in
662 1940 845 1982 errore
873 1930 983 1995 pari
1013 1940 1169 1998 atque
1215 1931 1413 1985 malitia
1448 1932 1718 1988 constituti

110 2007 275 2077 sint,
325 2025 429 2064 nec
454 2012 556 2064 vita
589 2027 686 2067 nec
715 2015 877 2091 corde
924 2024 1147 2083 mutato,
1178 2017 1309 2097 alios
1357 2033 1538 2072 eorum
1571 2016 1715 2087 feris,

106 2099 287 2152 alius
342 2100 489 2154 intus
518 2088 850 2169 baptizatur?
882 2105 1072 2160 Fateor
1119 2088 1375 2163 interesse
1403 2126 1417 2161 :
1448 2108 1540 2165 ille
1578 2112 1716 2164 enim

110 2189 309 2258 pejor
363 2198 469 2250 est,
502 2191 588 2258 qui
635 2193 794 2247 etiam
827 2195 959 2249 foris
995 2195 1314 2265 baptizatur,
1361 2194 1462 2250 non
1490 2214 1552 2253 eo
1580 2202 1717 2269 quod

114 2276 333 2345 bap:iz
355 2288 482 2345 stur,
531 2282 625 2334 sed
654 2296 718 2335 eo
744 2279 1039 2351 quod‘l‘oris
1085 2294 1186 2339 est.
1222 2287 1317 2341 Est
1344 2288 1500 2343 etiam
1531 2289 1715 2361 [enim]

113 2368 325 2434 ipsius
350 2366 648 2438 divisionis,
680 2386 779 2424 nec
800 2373 1023 2441 nullum,
1051 2389 1146 2428 nec
1177 2390 1392 2443 parvum
1424 2378 1639 2447 malum,
1671 2380 1717 2433 si

115 2463 339 2510 tamen
366 2457 459 2510 ille
495 2459 581 2525 qui
612 2460 642 2513 ii
670 2470 750 2514 tus
777 2462 1090 2529 baptizatur,
1126 2479 1228 2518 non
1256 2475 1470 2534 prOpter
1505 2468 1714 2533 aliquod

112 2561 435 2606 terrenum
484 2562 574 2606 aut
607 2536 897 2620 temporale
925 2556 1262 2610 commodum
1291 2557 1430 2613 intus
1467 2572 1585 2613 esse
1614 2574 1712 2612 vo-

113 2638 259 2703 luit,
318 2636 420 2692 sed
456 2639 596 2707 quod
644 2628 896 2697 unitatem
929 2642 1179 2698 Ecclesiae
1211 2654 1323 2699 toto
1363 2651 1493 2701 orbe
1513 2647 1714 2703 dill‘usm

110 2728 502 2781 schismatum
540 2730 929 2785 concisiouibus
977 2735 1234 2800 prmtulit;
1274 2735 1505 2805 alioquin
1551 2740 1709 2792 etiam

112 2820 256 2884 ipse
304 2818 450 2871 inter
481 2818 603 2872 illos
647 2821 733 2887 qui
761 2821 886 2874 loris
911 2833 1033 2876 sunt
1069 2824 1401 2892 deputandus
1430 2836 1532 2881 est.
1564 2828 1708 2882 Con-

107 2910 441 2962 stituamus
485 2924 610 2978 ergo
638 2911 772 2966 duos
800 2914 1009 2982 aliquos
1056 2915 1157 2970 isto
1206 2918 1364 2973 modo
1393 2937 1405 2971 :
1436 2935 1595 2974 unum
1622 2935 1712 2974 eo-

108 3013 282 3063 rum,
324 2998 475 3052 verbi
503 3000 689 3069 gratia,
723 3000 773 3055 id
803 3003 1001 3060 sentire
1024 3005 1090 3061 de
1119 3005 1330 3063 Christo
1361 2998 1499 3078 quod
1530 3009 1711 3067 Photi-

1822 1836 2642 1907 ebriosmn,comessatorein,sed
2655 1844 3229 1916 catholicumznunquid
3245 1862 3366 1913 pro-

1823 1936 1936 1995 pter
1963 1926 2062 1983 hoc
2082 1931 2252 1984 solum
2275 1932 2413 1999 quod
2441 1933 2735 1988 catholicus
2762 1944 2860 1999 est,
2887 1951 3104 2006 regnum
3131 1939 3222 1993 Dei
3251 1955 3367 2006 pos-

1818 2018 2010 2073 sidebit
2030 2060 2044 2084 ,
2073 2035 2234 2090 agens
2268 2024 2387 2075 talia
2419 2023 2484 2078 de
2515 2024 2702 2092 quibus
2734 2027 2813 2079 sic
2848 2028 3116 2081 concludit
3143 2030 3366 2097 Aposto-

1822 2108 1902 2161 lus
1926 2125 1938 2160 :
1963 2111 2091 2174 Quae
2116 2112 2214 2181 17
2234 2112 2464 2179 prmdico
2486 2114 2656 2176 vobis,
2689 2116 2824 2171 sicut
2854 2118 3087 2186 praedixi,
3117 2121 3366 2187 quoniam

1818 2200 1904 2266 qui
1939 2201 2006 2254 tal
2030 2216 2059 2254 a
2085 2211 2245 2273 agunt
2268 2218 2487 2277 regnum
2516 2205 2608 2260 Dei
2640 2221 2743 2262 non
2784 2209 3157 2275 possidebunt?
3188 2210 3241 2265 Si
3270 2212 3367 2265 hoc
3439 2264 3445 2270 _

1816 2288 2064 2353 dicimus,
2099 2305 2194 2345 nos
2224 2291 2365 2360 ipsos
2405 2293 2726 2348 seducimus.
2762 2296 2890 2350 Nam
2930 2311 3105 2351 sermo
3145 2280 3235 2352 Dei
3265 2315 3366 2354 nou

1819 2393 1914 2431 nos
1943 2380 2165 2447 seducit,
2191 2383 2278 2448 qui
2311 2398 2407 2437 nec
2443 2394 2598 2448 tacet,
2634 2400 2730 2440 nec
2760 2388 2944 2456 parcit,
2980 2397 3077 2442 nec
3101 2389 3205 2442 ulla
3236 2391 3365 2443 adu—

1816 2467 2010 2522 latione
2054 2485 2148 2525 nos
2178 2471 2550 2542 decipit.,ldeo
2583 2476 2773 2544 quippe
2818 2488 2868 2530 et
2900 2476 3023 2531 alibi
3063 2478 3189 2532 dicit
3216 2497 3230 2532 :
3262 2481 3367 2534 lloc

1814 2563 1989 2609 autem
2018 2558 2225 2630 scitote,
2273 2575 2654 2629 cognoscentes
2703 2565 2952 2633 quoniam
3002 2568 3178 2621 omnis
3204 2565 3365 2623 forni-

1813 2654 1981 2710 cator,
2009 2657 2098 2701 aut
2122 2650 2445 2717 immundus,
2471 2664 2560 2705 aut
2599 2669 2810 2721 avarus,
2836 2657 2973 2723 quod
2996 2667 3078 2712 est
3106 2658 3363 2713 id-ilurum

1812 2736 2061 2801 servitus,
2111 2752 2213 2792 non
2262 2740 2419 2794 habet
2463 2741 2821 2798 bmredita'em
2868 2738 2918 2798 in
2970 2762 3133 2818 regno
3171 2749 3364 2803 Christi

1812 2832 1867 2876 et
1915 2823 2047 2891 Dei;
2115 2843 2272 2882 nemo
2318 2845 2410 2883 vos
2450 2833 2669 2887 snducat
2720 2835 2960 2891 inanibus
3023 2840 3216 2894 verbis.
3250 2841 3362 2895 Non

1811 2922 1892 2967 est
1932 2928 2064 2985 ergo
2108 2917 2246 2985 quod
2298 2918 2365 2973 de
2409 2936 2652 2977 sermone
2702 2923 2905 2979 Domini
2962 2941 3364 2996 conqueramur.

1796 3004 1946 3059 Dicit
2001 3008 2218 3063 omnino
2272 3019 2325 3064 et
2376 3010 2556 3079 aperte
2609 3027 2671 3067 ac
2725 3014 2907 3080 libere,
2957 3016 3086 3071 dicit
3133 3034 3225 3073 eos
3279 3025 3366 3089 qui

113 3102 239 3142 nus
274 3088 533 3156 opinatus
572 3100 673 3157 est,
704 3102 757 3146 et
796 3093 846 3146 in
892 3093 1010 3162 ejus
1044 3096 1232 3151 tirercsi
1274 3089 1528 3168 sapiam
1557 3113 1703 3158 extra
1734 3090 1776 3151 C
1811 3099 1947 3153 male
2002 3099 2184 3153 vivunt
2237 3100 2303 3155 ad
2355 3117 2571 3171 regnum
2633 3104 2723 3159 Dei
2781 3120 2883 3159 non
2931 3109 3230 3176 pertinere;
3286 3088 3397 3166 bis--

115 3178 416 3234 Ecrlesiae
456 3180 726 3236 catholica:
770 3187 1231 3255 cm-manionem;
1261 3191 1422 3247 alium
1451 3199 1577 3250 vero
1616 3198 1716 3255 hoc
1764 3196 1767 3199 ⁷

118 3267 292 3321 idem
328 3267 553 3331 sentire,
581 3256 672 3323 sed
701 3270 752 3324 in
794 3271 1063 3329 Catholica
1094 3278 1370 3344 baptizari,
1413 3283 1714 3342 existiman-

114 3369 240 3416 tem
308 3360 483 3425 ipsam
526 3376 644 3441 esse
670 3362 1223 3441 Catliolicamﬁﬁdem;
1274 3372 1430 3427 istum
1475 3379 1709 3435 nondum

112 3450 465 3506 han-ticum
488 3440 629 3517 dico,
652 3453 753 3507 nisi
776 3440 1111 3513 manifestata
1142 3461 1241 3514 sibi
1266 3462 1501 3526 doctrina
1524 3469 1708 3519 catho-

112 3543 250 3597 licae
290 3542 443 3597 fidei.
472 3543 721 3599 resistere
764 3546 1027 3614 maluerit,
1075 3558 1128 3604 et
1155 3552 1281 3606 illud
1312 3556 1452 3620 quod
1494 3561 1707 3613 tenebat

112 3635 391 3703 elegerit,
432 3633 569 3702 quod
598 3643 878 3703 antequam
909 3638 1020 3705 ﬁat,
1068 3643 1400 3697 manifestum
1447 3657 1529 3700 est
1559 3649 1705 3703 illum

111 3726 214 3792 qni
254 3723 401 3778 foris
436 3734 516 3777 est
541 3709 658 3780 ess'e
701 3727 964 3797 pejorem.
995 3731 1175 3801 Itaque
1202 3736 1252 3786 in
1297 3736 1396 3790 hoc
1436 3739 1544 3792 sola
1578 3741 1706 3795 falsa

109 3816 349 3884 Opinio,
386 3816 440 3868 in
482 3816 573 3871 illo
618 3826 793 3871 autem
823 3821 982 3883 etiam
1025 3824 1136 3888 ipsa
1174 3825 1365 3879 divisio
1395 3832 1704 3898 corrigenda

114 3918 240 3973 est;
276 3907 380 3960 sed
424 3906 476 3960 in
527 3918 712 3962 neutro
750 3900 985 3979 ipsoriim
1033 3912 1344 3970 sacramenti
1388 3920 1580 3975 veritas
1619 3938 1703 3978 rc-

116 3996 411 4063 petenda;
436 3997 573 4063 quod
605 4000 647 4051 si
675 4000 949 4069 quisquam
982 3998 1119 4057 idem
1150 4006 1498 4076 sentiatquod
1532 4011 1625 4080 illi,
1651 4022 1704 4066 et

114 4102 251 4143 esse
290 4085 542 4139 haeresim
584 4091 793 4143 noverit
820 4092 887 4145 ab
932 4093 1135 4149 unitate
1180 4097 1438 4150 calltoiiCa
1487 4114 1703 4169 separa-

116 4187 267 4244 tam,
303 4175 395 4229 ubi
431 4175 528 4230 hoc
555 4177 773 4232 docetur
798 4188 849 4234 et
878 4178 1120 4247 diScitur,
1159 4186 1250 4238 sed
1281 4187 1499 4256 alicujus
1522 4194 1701 4244 'sazcu-

117 4268 266 4321 laris
320 4265 667 4321 emolumenti
697 4283 880 4335 causa,
927 4271 980 4324 in
1010 4272 1267 4342 catholica
1302 4277 1501 4333 unitate
1530 4278 1701 4347 bapti-

118 4352 245 4413 itazi
294 4356 552 4421 voluerit,
583 4359 665 4413 vel
694 4360 745 4414 in
780 4374 840 4414 ea
866 4362 1164 4429 baptizatus
1194 4376 1408 4434 pr0pter
1449 4369 1549 4424 hoc
1578 4372 1700 4428 inde

1817 3187 1973 3256 igitur
2028 3190 2275 3245 omnibus
2342 3193 2487 3247 vitiis
2555 3195 2905 3267 circuitisepto
2951 3197 3211 3265 catholico
3263 3217 3364 3278 non

1816 3278 2111 3343 adulemur,
2159 3297 2256 3336 nec
2305 3283 2352 3337 ei
2405 3285 2523 3353 quia
2561 3284 2892 3342 ChriStianus
2948 3289 3242 3345 catholicus
3285 3303 3369 3349 est

1815 3367 2199 3438 impunitatem,
2230 3387 2384 3441 quam
2418 3376 2685 3442 Scriptura
2736 3376 2912 3430 divina
2944 3394 3047 3433 non
3082 3384 3364 3448 promittit,

1815 3458 2120 3524 promittere
2142 3462 2454 3516 audeamus.
2486 3463 2593 3517 Nec
2619 3466 2663 3519 si
2682 3466 2877 3536 aliquid
2908 3484 3067 3523 unum
3092 3471 3281 3527 habeat
3300 3490 3364 3529 ex

1817 3548 1899 3600 his
1929 3564 2046 3615 qua:
2075 3551 2211 3604 dicta
2256 3562 2397 3618 sunt,
2424 3554 2680 3609 debemus
2703 3557 2751 3611 ei
2792 3558 3100 3615 societatem
3124 3562 3365 3628 superne

1813 3639 1955 3693 illius
2004 3642 2187 3708 patriae
2231 3644 2490 3710 polliceri.
2537 3645 2615 3700 Ad
2649 3648 2950 3709 Corinthios
2987 3654 3126 3706 enim
3156 3654 3364 3723 singula

1810 3740 2108 3796 enumerat,
2151 3732 2203 3800 in
2248 3735 2437 3801 quibus
2481 3738 2702 3805 singulis
2739 3741 3050 3795 subauditur
3095 3747 3235 3812 quod
3282 3760 3366 3800 re—

1810 3832 1968 3886 gnum
2010 3819 2105 3872 Dei
2147 3811 2248 3873 non
2283 3824 2644 3889 possidebunt.
2693 3825 2884 3892 Nolite,
2927 3811 3122 3899 inquit,
3145 3848 3362 3888 errare:

1810 3923 1981 3975 neque
2019 3909 2307 3965 ininicalor
2341 3927 2387 3977 s,
2438 3929 2608 3982 neque
2641 3916 2794 3970 idolis
2838 3922 3153 3985 servientes,
3196 3939 3365 3992 neque

1808 3999 2055 4062 adulteri,
2092 4016 2259 4069 neque
2290 4002 2500 4070 molles,
2534 4020 2703 4074 neque
2734 4010 3087 4064 masculorum
3116 4014 3366 4068 concubi-

1810 4098 1971 4153 tores,
2003 4105 2171 4158 neque
2198 4089 2362 4155 fures,
2402 4108 2575 4162 neque
2605 4097 2773 4159 avari,
2820 4114 2993 4167 neque
3022 4102 3240 4166 ebriosi,
3272 4119 3366 4159 ne-

1807 4187 1909 4241 que
1945 4176 2212 4241 mal-dici,
2246 4193 2419 4248 neque
2466 4197 2707 4247 rapaces,
2753 4188 2969 4253 regnum
3005 4187 3095 4242 Dt'l
3127 4192 3364 4260 posside-

1808 4262 1954 4316 btml.
1992 4264 2105 4335 Non
2131 4268 2242 4325 ait:
2268 4268 2365 4341 Qui
2395 4269 2507 4325 haec
2546 4273 2723 4327 omnia
2746 4276 2870 4328 vitia
2901 4278 3052 4340 simul
3085 4279 3365 4337 habuerint

1805 4368 2022 4422 regnum
2047 4355 2140 4409 Dei
2178 4372 2280 4411 non
2304 4360 2674 4427 possidebunt;
2707 4366 2800 4419 sed
2828 4384 2840 4418 :
2868 4366 3047 4437 Neque
3068 4369 3167 4437 illi,
3193 4386 3365 4440 neque

117 4450 288 4507 exire
337 4450 589 4513 ηοιυετίι,
623 4460 726 4503 ηοη
773 4452 945 4506 solum
990 4465 1262 4523 separatus
1297 4457 1566 4516 habendus
1594 4473 1697 4531 es“
1730 4455 1777 4513 ι)
1805 4443 1900 4506 illi,
1924 4452 1979 4496 ut
2001 4444 2050 4497 in
2071 4446 2287 4513 singulis
2309 4449 2409 4503 hoc
2428 4451 2896 4523 subaudias,un
2920 4458 3048 4513 nulli
3070 4474 3251 4514 eorum
3279 4477 3362 4517 re-

120 4554 323 4594 rerum
356 4539 516 4593 etiam
550 4548 696 4594 tanto
726 4543 1056 4608 sceleratius,
1103 4554 1300 4612 quanto
1329 4550 1496 4616 magis
1533 4553 1701 4606 errori

120 4631 364 4686 hxresis
385 4639 440 4684 et
457 4631 700 4684 divisioni
723 4633 936 4687 unitatis
969 4634 1222 4694 fallaciam
1246 4638 1593 4695 simulationis
1611 4643 1703 4696 ad-

117 4720 331 4792 jungit.
347 4720 705 4788 Quamobrem
723 4724 980 4793 cujusque
1004 4726 1230 4781 hominis
1252 4731 1479 4795 pravitas
1503 4744 1703 4799 quanto

121 4812 494 4883 periculosior
538 4826 621 4866 εει
673 4824 726 4866 et
776 4816 1080 4879 tortuOsior,
1143 4826 1287 4873 tanto
1333 4821 1615 4876 instantius
1646 4828 1703 4878 et

122 4902 427 4973 operosius
475 4902 787 4971 corrigenda
834 4904 1081 4983 est‘..Ncc
1111 4905 1230 4958 ideo
1261 4915 1458 4973 tamen,
1508 4910 1549 4963 si
1578 4910 1730 4989 quid.

123 4997 303 5051 habet
332 4996 622 5063 integrum,
657 4996 948 5063 praesertim
979 5012 1081 5050 non
1111 5013 1286 5063 suum,
1316 4999 1408 5053 Sed
1443 5001 1553 5065 Dei,
1584 5018 1704 5069 pro-

123 5099 251 5157 pter
287 5087 410 5155 ejns
445 5088 753 5151 pravitatem
785 5087 864 5141 vel
915 5088 1113 5141 nullum
1156 5089 1440 5155 putandum
1486 5101 1588 5157 est,
1622 5095 1711 5148 vcl'

124 5178 328 5233 eodem
362 5177 522 5231 modo
564 5178 991 5243 vituperandum,
1030 5179 1113 5232 vel
1162 5180 1276 5247 ejus
1321 5183 1566 5248 pravitati
1608 5187 1701 5238 tri—

124 5267 437 5331 buendum,
490 5282 550 5317 ac
608 5281 710 5318 non
757 5267 896 5319 illius
940 5267 1188 5335 largitati,
1224 5258 1335 5348 qui:
1361 5271 1518 5324 etiam
1549 5273 1700 5327 forni-

124 5355 271 5413 canti
303 5370 332 5408 a
361 5369 421 5407 sc
449 5355 665 5421 animm,
708 5364 763 5408 et
790 5356 931 5409 eunti
977 5365 1093 5423 post
1134 5368 1395 5412 amatores
1426 5374 1571 5428 suos,
1605 5363 1701 5417 de—

127 5451 205 5503 dit
253 5462 449 5515 panezu
476 5460 655 5513 somn,
691 5455 744 5499 et
784 5446 966 5499 vinum
1006 5462 1178 5513 suum,
1212 5459 1265 5502 et
1304 5450 1479 5505 oleum
1523 5468 1697 5517 suum,

128 5552 179 5594 et
208 5541 312 5593 alia
345 5539 423 5591 vel
474 5538 749 5601 alimenta,
803 5538 880 5589 vel
911 5550 1252 5618 ornamenta,
1283 5557 1399 5606 qum
1444 5557 1541 5597 nec
1570 5559 1597 5596 a
1637 5561 1695 5599 se

130 5630 272 5699 ipsa,
296 5646 395 5684 nec
423 5631 485 5681 ali
514 5628 627 5696 cj-ss
655 5646 682 5682 a
708 5628 915 5683 uatorib
932 5644 989 5683 us
1012 5630 1058 5684 ci
1083 5638 1226 5697 sunt,
1258 5632 1351 5684 sed
1384 5634 1448 5688 ab
1482 5635 1571 5690 illo
1600 5638 1690 5703 qui

1809 4549 1968 4602 gnmn
2017 4535 2108 4587 Dei
2142 4536 2507 4603 possidebunt.
2538 4541 2683 4596 Sicut
2723 4558 2849 4612 ergo
2879 4546 3111 4601 hmretiei
3140 4563 3361 4617 regnum

1810 4623 1903 4677 Dei
1934 4639 2035 4678 non
2068 4626 2440 4695 possidebunt,
2464 4631 2711 4689 sictavari
2739 4649 2955 4703 regnum
2988 4636 3079 4690 Dei
3110 4654 3212 4691 non
3242 4638 3363 4708 pos-'-

1808 4714 2073 4767 siilebunt.
2114 4715 2221 4770 Nec
2263 4717 2605 4773 dubitandum
2648 4732 2728 4776 est
2766 4724 2975 4791 quidem
3006 4741 3191 4795 poenas
3221 4730 3362 4795 ipsas

1808 4804 1998 4869 quibus
2043 4806 2417 4875 eruciabuntur
2462 4810 2551 4877 qui
2596 4827 2811 4881 regnum
2848 4813 2936 4868 Dei
2969 4831 3070 4869 non
3123 4818 3362 4884 posside-

1809 4893 1940 4946 bunt
1965 4909 2059 4961 pro
2088 4894 2398 4952 diversitate
2424 4901 2702 4954 criminum
2730 4918 2849 4958 esse
2869 4906 3123 4970 diversas,
3154 4919 3207 4962 et
3229 4910 3361 4965 alias

1803 4983 1920 5036 aliis
1948 4986 2201 5062 acriores,
2227 4995 2279 5039 ut
2314 4988 2365 5040 in
2399 4990 2514 5057 ipso
2541 4990 2661 5059 igne
2695 5004 2896 5047 aeterno
2930 5010 3024 5063 pro
3052 4995 3357 5067 disparibus

1808 5073 2129 5139 ponderibus
2172 5085 2507 5143 peccatorum
2559 5080 2665 5132 sint
2692 5080 2921 5150 disparia
2951 5095 3207 5141 tormenta
3239 5104 3354 5158 pte-

1805 5178 2007 5216 narum.
2042 5164 2220 5233 Neque
2250 5167 2388 5220 enim
2416 5168 2609 5223 frustra
2641 5170 2756 5240 ipse
2782 5174 3029 5229 Dominus
3057 5178 3168 5232 ait:
3193 5178 3354 5236 Tole-

1805 5254 2017 5307 rabilius
2039 5250 2413 5311 eritSodomis
2444 5273 2601 5327 quam
2635 5260 2781 5315 vobis
2809 5263 2860 5315 in
2893 5264 2979 5319 die
3003 5264 3207 5333 judicii.

2326 5369 2549 5425 CAPUT
2584 5373 2834 5429 CCXXII.

1802 5456 1950 5521 Quod
1974 5474 2104 5538 aqaa
2125 5457 2444 5538 baptism-alis
2473 5472 2518 5514 et
2547 5448 2995 5538 intre‘Ecclest’ltnt
3008 5471 3162 5523 salvat
3190 5481 3239 5525 et
3267 5491 3355 5527 v.1:-

1906 5535 1982 5576 tra
2013 5525 2288 5581 Ecclesium
2312 5530 2546 5595 danmet;
2575 5548 2639 5584 ex
2659 5535 2787 5587 libre
2816 5552 2843 5589 v
2871 5540 2932 5589 de
2959 5536 3240 5607 Baptismo.

1868 5638 1994 5693 Sunt
2037 5641 2191 5697 ctiam
2221 5641 2431 5709 quidam
2463 5660 2524 5699 ex
2570 5661 2635 5703 eo
2667 5664 2890 5705 numero
2921 5654 3007 5721 qui
3052 5652 3222 5707 adhuc
3255 5672 3345 5709 ne-
