3904 6224
596 340 699 395 833
776 332 778 334 ⁷

595 457 773 523 quitcr
803 454 1004 517 vivant,
1037 464 1127 506 aut
1153 452 1311 506 etiam
1347 450 1398 504 in
1450 451 1769 514 lmresibus,
1791 448 1872 504 vel
1903 448 1955 501 in
1989 449 2164 520 genti-
2189 447 2241 503 Δ

599 544 723 600 lium
774 543 1234 614 superstitionibus
1254 542 1503 612 jaceant;
1543 553 1600 598 et
1639 551 1816 598 tamen
1863 541 2166 600 etiamillic

597 637 744 689 novit
767 633 1019 687 Dominus
1047 633 1139 704 qui
1169 641 1292 687 sunt
1337 633 1476 704 ejus.
1507 633 1749 704 ﬁamque
1776 635 1831 688 in
1857 633 1947 691 illa
1977 633 2163 689 ineh‘a-

601 728 692 781 bili
721 726 1051 796 praseientia
1085 722 1251 798 [Dei],
1286 727 1438 782 multi
1465 730 1553 798 qui
1584 727 1718 784 foris
1749 727 1996 781 videntur
2021 723 2165 779 intus

595 829 741 885 sunt,
775 826 831 875 et
860 818 1012 874 multi
1037 820 1124 889 qui
1153 818 1296 876 intus
1335 820 1587 876 videnlur
1615 821 1741 876 loris
1769 826 1913 874 sunt.
1946 817 2023 872 Ex
2061 816 2166 871 illis

595 924 726 981 ergo
754 910 1003 965 omnibus
1049 911 1161 980 qui,
1193 921 1252 965 ut
1301 911 1372 967 ita
1417 910 1614 976 dicam,
1665 909 1989 967 intrinsecus
2018 917 2074 964 et
2113 911 2165 962 in

596 1001 811 1056 occulto
852 1001 997 1063 intus
1039 1013 1184 1071 sunt,
1227 1010 1440 1058 constat
1489 1002 1577 1056 ille
1627 1000 1815 1056 hortus
1856 998 2164 1066 conclusus,

599 1096 718 1148 lous
743 1095 1008 1164 signatus,
1034 1104 1221 1164 puteus
1244 1109 1394 1165 aqua:
1419 1093 1573 1159 vivae,
1605 1092 2032 1162 paradisus'cum
2057 1091 2168 1147 fru-

597 1191 690 1238 ctu
738 1198 1038 1253 pomorum.
1081 1186 1281 1239 iiorum
1329 1198 1550 1238 munera
1590 1197 1849 1239 concessa
1889 1182 2167 1250 divinitus,

600 1275 799 1343 partim
826 1284 952 1332 sunt
986 1277 1219 1346 prapria,
1259 1276 1398 1330 sicut
1426 1275 1480 1330 in
1512 1276 1615 1331 hoc
1647 1285 1891 1346 tempore
1921 1274 2170 1345 infatiga-

602 1366 725 1420 bilis
752 1365 1004 1431 charitas,
1029 1376 1085 1421 et
1113 1367 1165 1420 in
1199 1365 1378 1421 futuro
1407 1368 1518 1422 vita
1549 1374 1792 1434 aeterna;
1826 1367 2017 1438 partim
2040 1377 2171 1422 vero

604 1472 725 1511 cum
756 1457 908 1512 malis
936 1457 1310 1526 perversisque
1334 1457 1662 1522 communia,
1694 1457 1838 1512 sicut»
1861 1457 2040 1513 omnia
2068 1449 2172 1511 ciae

605 1557 742 1613 tera,
773 1547 827 1601 in
868 1546 1059 1615 quibus
1090 1555 1215 1602 sunt
1255 1555 1312 1601 et
1339 1556 1682 1603 sacmsancta
1731 1550 2006 1619 mysteria.
2040 1548 2173 1604 Hinc

576 1635 784 1705 ,itaque
807 1633 918 1705 jam
956 1635 1168 1692 facilior
1192 1636 1348 1691 nobis
1397 1646 1451 1692 et
1479 1636 1779 1706 expeditior
1828 1635 1969 1692 arcae
2003 1637 2170 1703 illius,

543 1746 548 1750 τ
602 1727 754 1797 cujus
797 1726 910 1783 Nve
956 1726 1244 1791 fabricator
1298 1738 1352 1784 et
1388 1730 1716 1800 gubernator
1762 1731 1863 1785 fuit
1900 1730 2170 1802 [exstitit].

603 1820 963 1876 consideratio
1006 1822 1339 1892 proponitur.
1384 1823 1473 1877 Ait
1518 1822 1658 1878 enim
1693 1822 1880 1877 Petrus
1906 1839 1920 1875 :
1946 1821 2004 1874 In
2048 1834 2170 1875 arca
2205 1837 2251 1896 Β

607 1908 720 1965 Noe
751 1910 924 1978 pauci,
956 1910 1006 1965 id
1023 1920 1124 1978 est,
1148 1921 1268 1966 octo
1297 1911 1492 1967 animae
1524 1914 1796 1987 hominum
1829 1913 1993 1968 salva
2023 1911 2175 1964 facta:

607 2008 734 2054 sunt
759 2011 1094 2069 peraquam,
1138 2000 1278 2070 quod
1310 2011 1362 2055 tl.
1398 2001 1512 2070 vos
1530 2002 1692 2057 simili
1722 2003 1890 2057 forma
1916 2003 2176 2071 baptisma

1654 335 1719 390 D.‘
1760 330 2074 407 EUGYPI’iI
2117 327 2406 384 ABBATIS
2445 325 2783 384 AFRICANI.

3723 325 3816 379 886

2779 435 3001 493 CAPUT
3038 436 3312 493 CCXXIII.

2273 547 2423 614 Quod
2448 549 2593 601 multi
2617 547 2726 617 lupi
2756 548 2855 602 sint
2877 548 3086 601 bitat-ius
3119 548 3414 602 insidiantes
3447 555 3496 601 et
3514 549 3687 617 mu;
3714 561 3821 598 aurs

2339 618 2563 672 exterius
2597 615 2845 681 errantes,
2886 618 3014 673 scire
3059 627 3228 671 tamen
3272 617 3545 670 Dominum
3582 615 3672 685 qui
3709 629 3820 667 sua:

2337 689 2560 810 genre:
2583 688 2651 810 sle
2662 695 2850 809 ἇαηὲιο
2867 686 3160 809 {Cyprum
3194 688 3273 741 vel
3295 688 3360 742 de
3385 683 3623 756 apostolo
3649 683 3792 738 Pars
3811 699 3823 710 ·

2447 773 2465 809 s
2528 773 2558 809 ο
2697 772 2726 809 e
2799 772 2864 810 an
2887 772 2981 810 tsm
3020 793 3035 808 .

2831 772 3035 826 pttsmo.

2336 868 2509 923 Etiam
2535 863 2703 923 corde
2730 867 3013 936 tardiores,
3043 875 3304 938 quantum
3331 866 3603 929 existimo,
3634 864 3821 920 inreli-

2267 969 2399 1030 gunt
2423 958 2748 1028 baptismum
2776 956 2977 1014 Christi
3021 959 3164 1014 nulla
3193 956 3539 1029 perversitate
3577 955 3818 1014 hminis.

2267 1052 2379 1105 sive
2405 1050 2604 1114 dantis,
2635 1049 2766 1128 sive.
2789 1051 3120 1117 accipientis,
3165 1063 3323 1117 posse
3369 1046 3576 1103 violari.
3625 1045 3732 1100 Nec
3759 1045 3822 1100 ob

2268 1140 2410 1196 aliud
2438 1140 2566 1195 illis
2611 1140 2967 1210 temporibus,
3008 1140 3224 1209 quando
3250 1139 3348 1193 ista
3389 1138 3613 1207 quaestio
3650 1145 3822 1191 conm

2269 1230 2453 1286 utilem
2499 1229 2940 1286 consuetudinem
2977 1229 3426 1298 disputationibus
3475 1229 3615 1281 salva
3656 1229 3820 1280 chari-

2271 1328 2379 1378 tate
2407 1331 2570 1392 atque
2591 1321 2794 1376 unitate
2821 1320 3200 1386 altercantibus
3229 1320 3632 1382 discutiebatur,
3662 1320 3821 1371 visum

2268 1423 2354 1472 est
2383 1404 2696 1484 quibusdam
2723 1414 2884 1469 etiam
2913 1413 3142 1484 egregiis
3173 1413 3301 1466 viris
3326 1411 3650 1466 antistitibus
3679 1410 3822 1462 Chri-

2269 1505 2364 1574 sti,
2385 1507 2526 1562 inter
2544 1520 2679 1576 quos
2710 1505 2976 1576 praecipue
3000 1506 3192 1562 beatus
3219 1503 3514 1573 Cyprianus
3542 1503 3821 1564 eminebat,

2274 1613 2378 1654 non
2405 1613 2527 1654 esse
2549 1612 2705 1666 posse
2732 1595 2871 1666 apud
2912 1596 3196 1652 hareticos
3232 1597 3318 1650 vel
3347 1595 3712 1650 schismatieos
3741 1596 3822 1659 ba-

2275 1690 2529 1759 ptismum
2567 1687 2793 1756 Christi,
2825 1689 2928 1743 nisi
2980 1688 3103 1757 quia
3157 1702 3264 1742 non
3295 1686 3717 1756 distinguebatur
3753 1698 3824 1736 sa-

2275 1787 2608 1834 cramentum
2653 1777 2722 1833 ab
2755 1776 2948 1835 eli‘eclu
2977 1776 3061 1832 vel
3107 1789 3206 1831 usu
3257 1777 3610 1837 sacramenti;
3641 1782 3694 1828 et
3716 1773 3824 1842 quia

2278 1869 2394 1939 ejus
2422 1857 2645 1925 allectus
2673 1879 2832 1937 atque
2863 1883 2989 1924 usus
3017 1869 3071 1922 in
3120 1866 3432 1922 liberatione
3461 1881 3492 1919 a
3528 1868 3755 1935 peccatis
3779 1879 3823 1917 et

2277 1958 2456 2015 cordis
2483 1957 2809 2014 rectitudine
2830 1956 2968 2027 apud
2996 1955 3283 2011 haereticos
3316 1970 3422 2008 non
3454 1954 3820 2010 inveniebatur.

2279 2049 2452 2112 ipsum
2498 2062 2709 2118 quoque
2737 2046 3132 2102 sacramentum
3178 2046 3289 2100 illic
3318 2060 3424 2100 non
3465 2059 3584 2099 esse
3620 2049 3822 2111 puta‘a-

609 2089 786 2147 salvos
813 2090 961 2170 facit,
992 2107 1096 2146 non
1136 2092 1314 2147 carnis
1344 2091 1610 2162 depositio
1644 2093 1905 2158 sordium,
1929 2092 2023 2147 sed
2049 2107 2178 2147 con-

612 2185 852 2240 scientiae
904 2185 1054 2240 boum
1108 2179 1868 2256 interrogatioCQuapropter
1917 2187 1960 2240 si
2013 2200 2179 2255 appa-

609 2285 728 2331 rent
775 2275 1078 2332 hominibus
1119 2277 1172 2330 in
1219 2278 1419 2330 unitate
1446 2276 1706 2330 catholica
1750 2275 2000 2344 baptizati
2027 2315 2043 2341 ,
2090 2274 2178 2344 qui

592 2366 806 2429 steciilo
847 2361 1023 2423 verbis
1065 2368 1194 2421 solis
1237 2375 1291 2420 et
1340 2382 1444 2421 non
1483 2365 1634 2423 factis
1679 2366 2004 2430 renuntiant,
2042 2378 2178 2434 quo-

611 2455 772 2511 modo
801 2441 1067 2525 pertinent
1089 2456 1157 2511 ad
1189 2456 1344 2526 hujus
1371 2471 1507 2513 arcae
1538 2456 1876 2528 mysterium,
1904 2457 1958 2511 in
1988 2456 2180 2526 quibus

612 2563 716 2604 non
755 2558 838 2604 est
885 2550 1243 2623 conectentize
1280 2549 1436 2604 bona:
1482 2531 1890 2618 interrogatio?
1915 2548 2019 2604 Aut
2048 2544 2181 2618 quo-

542 2632 544 2634 ’
611 2642 774 2700 modo
803 2643 934 2699 salvi
965 2629 1099 2698 ﬁunt
1132 2658 1227 2713 per
1270 2657 1485 2712 aquam,
1530 2640 1621 2712 qui
1649 2651 1838 2695 sancto
1864 2640 2215 2710 baptismate-

611 2734 753 2790 male
815 2736 1061 2800 utentes,
1110 2748 1230 2790 cum
1278 2732 1561 2788 videantur
1614 2747 1737 2788 esse
1789 2730 1964 2798 intus,
2011 2715 2184 2800 usque

613 2829 670 2882 in
699 2827 856 2882 linem
886 2826 1008 2879 vita:
1037 2823 1088 2879 in
1134 2821 1409 2899 ﬂagitiosis
1443 2833 1498 2878 et
1532 2822 1754 2891 perdiis
1781 2801 2018 2876 moribds
2055 2835 2180 2891 per-

574 2915 904 2977 ,severant?
948 2923 1040 2968 aut
1085 2913 1353 2983 quomodo
1396 2927 1503 2989 non
1550 2924 1676 2967 sunt
1712 2927 1808 2982 per
1844 2926 2037 2983 aquam
2079 2912 2185 2966 sal-

613 3008 744 3073 vati,
774 3021 906 3079 quos
935 3007 991 3062 in
1019 3007 1345 3072 praeteritum
1373 3020 1587 3083 cumeo
1619 3007 1940 3076 baptismate
1959 3005 2098 3074 quod
2128 3007 2180 3060 in

615 3099 806 3153 hzeresi
834 3105 1151 3166 acceperant
1174 3097 1226 3151 in
1261 3096 1555 3151 Ecclesiam
1583 3097 1898 3167 simpliciter
1919 3084 2210 3151 adiuissos‘

612 3191 911 3263 Cyprianus
957 3192 1072 3260 ipse
1117 3189 1542 3246 commemorati
1588 3187 1777 3245 eadem
1809 3189 2006 3259 quippe
2043 3203 2182 3241 arcae
2201 3199 2256 3261 ὀ

614 3283 793 3340 unitas
820 3295 915 3337 eos
943 3283 1120 3338 salvos
1149 3281 1295 3348 fecit,
1330 3283 1384 3337 in
1401 3295 1501 3351 qua
1534 3295 1694 3337 nemo
1727 3282 1828 3335 nisi
1867 3295 1966 3349 per
1992 3289 2199 3347 aquami

615 3374 904 3430 salvandus
928 3371 1209 3444 [salvatus]
1240 3382 1342 3428 est.
1373 3373 1493 3442 Ipse
1512 3373 1654 3427 enim
1680 3372 1812 3427 dicit
1836 3387 1850 3424 :
1882 3371 2079 3426 Potens
2103 3372 2199 3424 est'

2280 2148 2383 2193 tur.
2414 2137 2521 2193 Sed
2561 2131 2996 2196 conveI'tentibus
3017 2203 3022 2207 ,
3041 2136 3228 2192 oculos
3256 2136 3323 2188 ad
3375 2136 3644 2192 interioris
3672 2134 3822 2201 pale:

2281 2228 2693 2294 multitudinem,
2742 2242 2867 2282 cum
2907 2236 2980 2292 et~
3008 2227 3060 2289 hi
3089 2226 3179 2296 qui
3224 2226 3278 2282 in
3322 2226 3437 2292 ipsa
3493 2226 3691 2279 unitale
3721 2239 3823 2292 per-

2280 2320 2421 2374 versi
2466 2327 2608 2384 sunt,
2649 2327 2704 2373 et
2754 2318 2964 2388 per'dite
2992 2317 3194 2384 vivunt,
3226 2326 3522 2386 appareant
3569 2315 3820 2369 remissio-

2284 2425 2402 2479 nem
2435 2420 2773 2482 peccatorum
2803 2424 2902 2466 nec
2929 2409 3060 2464 dare
3097 2422 3273 2478 posse,
3323 2423 3423 2463 nec
3474 2399 3823 2474 habere,'qu-a

2284 2518 2388 2565 n.0n
2415 2502 2680 2574 malignis,
2710 2502 2805 2558 sed
2845 2502 3000 2558 bonis
3042 2501 3166 2558 ﬁliis
3194 2501 3394 2556 dictum
3426 2510 3511 2554 est
3537 2520 3548 2551 :
3573 2499 3629 2555 Si
3655 2498 3735 2552 cui
3759 2500 3826 2550 di-

2283 2587 2538 2676 miseritis
2565 2605 2802 2664 peccata,
2832 2591 3169 2649 dimittentur
3195 2591 3278 2657 ei;
3306 2593 3352 2648 si
3381 2592 3470 2648 cui
3503 2584 3820 2648 rationarius,

2306 2685 2626 2765 enebpntur,
2651 2685 2848 2740 habere
2877 2694 3079 2748 tamen,
3125 2692 3181 2738 ct
3205 2683 3355 2748 dare,
3386 2692 3444 2737 et
3472 2683 3711 2751 accipere
3750 2681 3824 2731 hu—

2264 2769 2464 2846 ..'ptismi
2490 2781 2880 2828 sacramentum
2910 2771 3043 2826 satis
3065 2771 3232 2826 eluxit
3259 2773 3568 2840 pasmribus
3597 2769 3824 2822 Ecclesia

2284 2867 2562 2922 catholicae
2593 2873 2706 2920 tuto
2736 2864 2865 2920 orbe
2906 2862 3131 2926 ditiusae,
3177 2871 3273 2929 per
3301 2877 3434 2931 quos
3464 2871 3642 2929 postea
3665 2860 3825 2930 piens-

2286 2959 2347 3014 rii
2370 2958 2580 3030 concilii
2612 2957 2927 3026 auctoritate
2960 2953 3238 3023 originalis
3276 2941 3610 3007 consuetudo
3641 2953 3820 3006 limata

2286 3061 2388 3117 est,
2415 3051 2577 3106 etiam
2613 3064 2765 3103 ovem
2795 3062 2911 3117 qua
2955 3045 3089 3101 foris
3139 3044 3379 3109 errabat,
3421 3054 3478 3098 et
3517 3044 3824 3097 Domi-icu-

2277 3133 2651 3198 characterem
2698 3154 2727 3193 a
2779 3136 3057 3192 fallacibus
3085 3134 3541 3203 depraedatoribua
3583 3136 3694 3187 suis
3719 3132 3823 3185 loris

2289 3241 2587 3303 acceperat,
2640 3229 2943 3284 venientem
2983 3225 3052 3280 ad
3082 3224 3399 3280 Christiane
3445 3224 3667 3278 unitatis
3706 3223 3824 3277 salu-

2290 3335 2418 3389 tem,
2449 3324 2516 3380 ab
2545 3337 2728 3377 errore
2755 3319 2972 3389 corrigi,
3004 3332 3035 3372 a
3085 3317 3396 3385 captivitate
3423 3316 3659 3382 liberari,
3686 3330 3712 3368 a
3734 3313 3825 3366 vul-

2290 3433 2418 3472 nere
2454 3415 2633 3471 sanari
2658 3432 2674 3469 :
2697 3414 3063 3467 characterem
3095 3417 3275 3464 tamen
3324 3407 3651 3462 dominicum
3690 3420 3826 3476 agno.

617 3465 869 3520 Dominus
908 3465 1272 3520 misericordia
1305 3479 1399 3530 sua
1430 3465 1811 3548 indulgentiam
1840 3463 2055 3517 dare'et
2090 3477 2185 3516 eos

615 3558 705 3626 qui
754 3556 822 3611 ad
866 3556 1159 3634 Ecclesiam
1208 3557 1526 3627 simpliciter
1579 3557 1798 3612 admissi
1850 3556 1903 3611 in
1947 3553 2185 3611 Ecclesia

616 3651 970 3716 dormierunt,
1002 3651 1068 3705 ab
1103 3649 1358 3718 Ecclesiae
1399 3665 1510 3706 sure
1537 3648 1849 3704 muneribus
1879 3661 1984 3703 non
2031 3661 2188 3717 sepa-

617 3756 758 3796 rare.
786 3739 843 3796 Si
885 3754 989 3795 non
1020 3755 1114 3814 per
1141 3754 1360 3809 aquam,
1400 3738 1671 3810 quomodo
1711 3739 1764 3792 in
1809 3737 1979 3792 arca?
2006 3735 2212 3790 si‘non'

616 3833 670 3887 in
699 3845 846 3899 arca,
886 3831 1158 3908 quomodo
1188 3832 1239 3894 in
1264 3828 1533 3884 Ecclesia?
1559 3829 1602 3882 si
1624 3822 1802 3883 aut'em
1833 3828 1887 3882 in
1920 3825 2225 3901 Ecclesia”

619 3924 800 3991 utique
851 3923 904 3977 in
951 3936 1106 3988 arca;
1140 3929 1193 3976 et
1244 3920 1289 3974 si
1336 3919 1386 3973 in
1438 3932 1583 3984 arca,
1625 3918 1807 3987 utique
1840 3931 1937 3985 per
1973 3930 2184 3984 aquam.
2252 3954 2258 3960 .

619 4013 803 4080 Potest
829 4028 959 4081 ergo
992 4013 1106 4076 ﬂeri
1130 4019 1186 4066 ut
1214 4019 1269 4065 et
1293 4009 1509 4078 quidam
1541 4007 1673 4064 loris
1695 4007 1946 4077 baptizati
1972 4020 2068 4076 per
2094 4005 2185 4060 Dei

621 4088 1012 4172 prazscientiam
1044 4099 1223 4156 verius
1252 4101 1393 4153 intus
1422 4098 1675 4173 baptizati
1697 4097 2042 4170 deputentur,
2065 4096 2188 4164 quia

622 4197 734 4257 illic
771 4195 852 4257 eis
900 4194 1080 4262 incipit
1120 4207 1254 4262 aqua
1305 4189 1560 4264 prodesse
1605 4189 1671 4243 ad
1711 4190 1972 4252 sa‘utem;
2016 4201 2191 4256 neque

621 4286 764 4357 enim
795 4283 954 4348 aliter
983 4283 1086 4351 dici
1120 4291 1345 4358 possunt
1373 4280 1506 4334 salvi
1539 4279 1659 4333 laeti
1690 4279 1740 4337 in
1772 4294 1918 4346 arca,
1953 4278 2054 4334 nisi
2091 4278 2191 4346 per

622 4391 837 4447 aquam.
864 4374 927 4437 Et
950 4387 1134 4439 rursus
1160 4371 1497 4444 quidam,qui
1516 4369 1832 4423 videbuntur
1853 4369 1998 4421 intus
2021 4368 2190 4434 bapti-

627 4468 729 4523 zati
757 4483 852 4538 per
902 4463 1143 4533 eamdem
1187 4462 1573 4529 praseieutiam
1619 4457 1896 4522 Dci,-loris
1943 4459 2190 4526 baptizati

631 4559 809 4624 verius
827 4559 1162 4633 deputentur.
1185 4553 1321 4623 Male
1343 4553 1536 4622 quippe
1553 4560 1766 4608 utentes
1787 4549 2074 4617 baptismo,
2102 4562 2194 4615 per
2226 4561 2272 4619 ι)

632 4663 818 4724 aquam
846 4648 1161 4714 moriuntur,
1207 4644 1346 4719 quod
1389 4642 1687 4697 nulli~tunc
1717 4639 1932 4697 accidit.
1964 4638 2068 4693 nisi
2098 4638 2187 4704 qui

629 4748 821 4810 praeter
847 4753 1019 4806 arcam
1052 4738 1151 4798 fuit
1195 4738 1352 4811 Certe
1383 4735 1721 4800 manifestum
1749 4743 1832 4787 est
1860 4732 1910 4785 id
1940 4731 2079 4799 quod
2110 4730 2188 4782 di-

627 4818 766 4886 citur
813 4828 864 4893 in
902 4828 1135 4900 Ecclesia
1189 4829 1330 4883 intus
1378 4836 1433 4881 et
1487 4824 1639 4887 [οιίε.
1675 4822 1727 4878 in
1773 4821 1959 4884 corde,
1991 4835 2094 4876 non
2139 4822 2188 4872 in

628 4933 890 4987 corpore,
946 4918 1317 4989 cogitandum;
1375 4914 1804 4990 quandoquidem
1861 4924 2049 4975 omnes
2103 4912 2188 4978 qni

631 5012 791 5082 corde
836 5015 960 5063 sunt
1006 5009 1057 5060 in
1089 5023 1241 5066 arcae
1297 5011 1516 5073 unitate,
1567 5021 1660 5076 per
1713 5003 1958 5060 eamdem
2001 5016 2187 5070 aquam

633 5103 766 5158 salvi
795 5101 946 5162 ﬁunt,
992 5115 1086 5170 per
1125 5116 1283 5172 quam
1325 5116 1513 5162 omnes
1555 5099 1644 5167 qui
1675 5097 1838 5157 corde
1882 5103 2008 5150 sunt
2045 5092 2192 5149 loris.

631 5195 745 5260 sive
777 5196 934 5256 etiam
967 5207 1190 5259 corpore
1242 5190 1369 5253 Iuris
1417 5193 1542 5260 sint,
1597 5192 1712 5254 sive
1751 5195 1856 5256 non
1905 5187 2034 5250 sint,
2081 5194 2193 5238 tan-

633 5297 792 5346 quam
822 5282 1032 5347 umtatis
1079 5279 1368 5334 adversarii
1400 5282 1715 5336 moriuntur.
1747 5282 1896 5334 Sicut
1934 5291 2063 5350 e'go
2091 5290 2193 5328 non

634 5373 759 5431 alia,
792 5367 885 5422 sed
914 5367 1100 5421 eadem
1131 5385 1286 5440 aqua,
1313 5379 1366 5422 et
1395 5368 1446 5419 in
1471 5355 1590 5420 area
1625 5372 1826 5437 positos
1849 5368 2026 5420 salvus
2051 5366 2192 5426 fecit,

637 5473 688 5526 et
726 5468 876 5514 extra
908 5457 1318 5523 arcam-positos
1364 5456 1653 5524 interemit,
1684 5455 1760 5508 sic
1808 5471 1912 5508 non
1944 5457 2076 5517 alio;
2101 5453 2193 5507 sed

637 5553 824 5608 eodem
858 5540 1140 5616 baptismo,
1165 5557 1222 5600 et
1241 5546 1366 5609 boni
1387 5543 1635 5598 catholici
1661 5546 1792 5599 salvi
1819 5547 1967 5615 liuut,
1999 5556 2051 5599 et
2073 5546 2193 5598 mali

638 5641 880 5700 catholici
915 5640 993 5694 vel
1025 5637 1262 5700 haeretici
1297 5646 1558 5706 pereunt.-

2288 3507 2364 3562 sci
2414 3507 2588 3576 potius
2635 3519 2793 3575 quam
2842 3500 3153 3571 improbari,
3203 3499 3633 3568 quandoquidem
3682 3497 3826 3563 ipsum

2289 3598 2657 3671 characterem
2686 3593 2839 3648 multi
2868 3590 3106 3669 [etl‘lupi
3137 3599 3194 3646 et
3218 3589 3357 3658 lupis
3386 3587 3633 3658 infigunt,
3663 3587 3746 3657 qui
3766 3602 3826 3634 νι-

2288 3692 2480 3743 dentur
2529 3685 2742 3754 quidem
2788 3685 2933 3740 intus
2983 3700 3128 3750 esse,
3174 3693 3538 3750 verumtamen
3593 3685 3660 3736 ad
3710 3682 3825 3734 iliam

2289 3794 2464 3846 ovem,
2497 3792 2614 3848 quae
2644 3778 2805 3833 etiam
2837 3792 2905 3831 ex
2947 3774 3131 3831 multis
3160 3789 3262 3830 una
3292 3785 3398 3840 est,
3421 3789 3553 3844 ,που
3581 3771 3825 3842 pertinere

2286 3879 2494 3937 morum
2521 3885 2737 3925 suorum
2763 3868 3026 3934 fructibus~
3051 3853 3465 3930 convincuntur,
3492 3865 3542 3918 in
3569 3864 3760 3934 quibus
3789 3881 3825 3912 :u

2292 3965 2448 4018 linem
2488 3976 2655 4033 usque
2703 3960 3016 4031 perdurant,
3067 3962 3188 4029 quia
3232 3957 3524 4013 secundum
3562 3956 3824 4025 praeiss-

2293 4058 2416 4110 tiam
2444 4055 2539 4109 Dei
2567 4046 2710 4108 sicut
2735 4052 2917 4108 multa:
2943 4066 3070 4105 oves
3097 4057 3279 4112 errant
3305 4042 3676 4110 exteriusJic
3703 4048 3826 4100 mulli:

2292 4148 2400 4219 lupi
2424 4147 2743 4202 insidiantur
2763 4143 3011 4209 interius,
3041 4142 3182 4196 inter
3209 4155 3348 4209 quos
3376 4149 3550 4193 tamen
3577 4138 3722 4190 novit
3746 4136 3824 4188 D:—

2293 4241 2472 4295 minus
2520 4236 2610 4306 qui
2652 4244 2775 4291 sunt
2819 4234 2956 4316 eius,
2985 4233 3073 4302 qui
3119 4245 3224 4287 non
3272 4230 3497 4285 audiunt
3525 4243 3710 4283 voce-
3745 4228 3825 4279 nisi

2293 4331 2542 4401 pastoris,
2591 4327 2753 4383 etiam
2803 4321 2922 4386 cum
2954 4323 3153 4380 clamat
3183 4337 3279 4390 per
3308 4319 3511 4375 similes
3559 4318 3826 4372 Pharisae-

2296 4440 2436 4490 rum,
2485 4423 2553 4477 de
2609 4437 2678 4491 qu
2703 4420 2803 4491 bus
2860 4416 3058 4471 dictum
3099 4406 3225 4468 est:
3261 4411 3393 4478 Qua!
3444 4410 3626 4464 dicunt
3678 4406 3824 4459 facile.

2297 4484 2446 4569 Sicut
2489 4484 2640 4567 enim.
2664 4484 2823 4566 homo
2862 4506 3134 4578 spiritalis,
3167 4503 3367 4556 habens
3395 4500 3550 4553 linem
3582 4507 3826 4566 praesnti.

2300 4604 2353 4660 id
2384 4614 2466 4659 est
2493 4602 2824 4664 charitatem,
2855 4599 2921 4652 de
2949 4597 3056 4666 20
3084 4591 3246 4647 corde
3268 4604 3426 4658 puro,
3454 4599 3506 4642 et
3533 4583 3828 4640 consciam:

2302 4697 2458 4756 bona,
2505 4702 2558 4746 et
2591 4692 2693 4745 lide
2732 4705 2838 4749 non
2890 4689 3030 4749 licta,
3078 4691 3252 4752 potest
3290 4679 3490 4747 aliquid
3533 4691 3598 4731 ex
3638 4685 3829 4742 corpore

2300 4783 2440 4852 quod
2467 4783 2642 4834 adhuc
2673 4765 3027 4843 corrumpitur
3051 4781 3104 4826 et
3127 4770 3378 4834 adgravat
3407 4768 3660 4828 animam,
3687 4767 3830 4815 minus

2300 4871 2498 4939 liquide
2541 4882 2786 4929 cernere,
2824 4874 2879 4918 et
2924 4863 3078 4916 aliter
3124 4872 3334 4925 sapere,
3387 4855 3529 4925 quod
3579 4856 3630 4907 in
3669 4851 3825 4905 eadem

2300 4960 2555 5019 charitate
2595 4953 2923 5024 permanenti
2965 4951 3102 5003 Dens
3149 4963 3270 5000 cum
3300 4944 3528 4999 voluerit
3565 4939 3824 4995 revelabit:

2301 5053 2375 5108 sic
2408 5053 2458 5104 in
2503 5050 2717 5103 homine
2748 5045 2945 5100 carnali
2974 5053 3133 5109 atque
3159 5053 3415 5108 perverso
3446 5043 3620 5104 potest
3643 5029 3823 5097 aliquod

2301 5146 2500 5200 bonum
2539 5151 2593 5197 et
2619 5142 2748 5207 utile
2793 5138 3036 5205 reperiri,
3080 5132 3220 5202 quod
3264 5128 3477 5184 aliunde
3511 5127 3602 5190 sit,
3649 5138 3742 5175 non
3772 5134 3820 5169 es

2303 5240 2440 5307 ipso.
2472 5235 2601 5290 Nam
2633 5244 2689 5287 ut
2717 5232 2770 5286 in
2811 5228 3028 5294 palmite
3069 5225 3342 5278 lructuoso
3372 5218 3635 5272 invenitur
3655 5213 3782 5270 alia"

2307 5305 2445 5395 quod
2477 5325 2805 5394 purgandum
2836 5321 2927 5383 sit,
2959 5327 3010 5371 ut
3045 5313 3302 5382 majorem
3334 5311 3560 5363 fructum
3589 5305 3732 5364 ferat,
3753 5310 3820 5395 ita

2305 5388 2357 5474 et
2390 5420 2442 5472 in
2480 5388 2741 5470 arundine
2769 5411 2935 5465 sterili
2965 5417 3122 5474 atque
3148 5403 3317 5468 arida,
3348 5399 3430 5452 vel
3465 5397 3682 5464 alligata,
3711 5388 3821 5443 sulci

2307 5527 2409 5562 uva
2435 5506 2688 5575 pendete.
2725 5502 2788 5575 Et
2813 5502 2930 5555 ideo
2952 5502 3092 5553 sicut
3119 5496 3337 5549 stultum
3364 5498 3448 5543 est
3473 5481 3715 5575 lrnctileti
3732 5479 3820 5570 ’σιξ

2308 5571 2447 5655 mitis
2479 5571 2822 5667 purgamenia
2851 5593 3094 5652 dilivere,
3118 5581 3396 5638 commode
3417 5587 3600 5652 autem
3618 5572 3730 5667 facit
3747 5580 3820 5667 illi

2312 5706 2460 5759 poma
2507 5705 2598 5740 sua
2631 5689 2709 5740 via
2750 5685 3066 5749 ubicumque
3105 5690 3362 5743 suasimus:
3396 5689 3498 5726 non
3534 5665 3736 5736 restitit.
3763 5665 3818 5756 lli

2311 5778 2826 5852 qtti.~qttis:ibunitate
2845 5772 3111 5841 prxcisus,
3133 5773 3414 5838 propterea
3440 5759 3708 5828 rebaptiw
3724 5767 3820 5819 qua
