3830 6228
128 287 222 344 885

1257 258 1694 323 TIIESAURUS.
1732 261 1882 320 CAP.
1922 256 2192 318 CCXXXV
2208 295 2222 311 .

3254 241 3356 297 886

125 398 382 470 Cypriano
424 394 600 449 visum
644 397 727 446 est
775 386 846 442 ab
888 382 1150 440 haereticis
1200 379 1480 435 venientes
1512 374 1688 431 denuo
1719 369 1765 434 Α
1792 368 1994 440 quanto
2021 359 2617 470 melior‘.[dat].;.atque
2656 360 2729 470 ita
2915 352 3360 470 [silmilia-teris:

125 468 372 559 baptizari
419 492 692 553 oportere.
738 475 1000 535 laudanda
1047 475 1102 528 in
1147 479 1294 527 tanto
1317 468 1432 525 viro
1468 480 1681 523 aversa-

125 589 225 645 tur,
250 588 308 635 et
341 573 670 634 emendanda
700 577 963 634 sectatur,
993 578 1094 620 nec
1125 578 1190 620 ea
1229 563 1342 632 ipsa
1369 575 1489 630 qua:
1515 567 1687 614 secta-

125 664 207 725 t'ur
231 665 557 736 assequitur.
589 663 681 718 llle
708 660 854 715 enim
885 657 1011 712 dum
1047 655 1163 710 zelo
1206 651 1304 709 Dei
1331 651 1562 720 graviter
1587 647 1686 703 de-

124 766 346 814 testatur
373 767 469 810 eos
510 751 600 822 qui
645 766 705 806 se
734 748 806 804 ab
835 747 1037 802 unitate
1079 751 1481 814 separaverunt,
1524 740 1687 795 etiam

122 849 187 902 ab
213 847 330 915 ipso
363 842 626 913 baptismo
669 844 954 909 separatos
977 847 1098 890 esse
1136 831 1424 887 arbitratus
1440 837 1573 888 est:
1599 825 1688 882 isti

121 945 296 991 autem
340 949 526 1005 parum
565 931 790 989 sceleris
824 935 1068 996 putantes
1112 923 1255 995 quod
1283 922 1385 993 ipsi
1428 915 1690 977 a'Cliristi

125 1027 323 1080 unitate
350 1022 580 1092 separati
603 1031 748 1086 sunt,
769 1019 935 1076 etiam
957 1015 1280 1085 baptismum
1307 1013 1426 1083 ejus
1445 1011 1560 1067 illic
1583 1023 1690 1066 non

121 1128 240 1170 esse
275 1123 330 1170 et
372 1125 552 1167 secum
596 1112 786 1166 exisse
823 1104 1175 1162 contendunt.
1198 1103 1328 1158 Tam
1356 1117 1485 1167 ergo
1532 1102 1692 1172 longe

123 1214 245 1261 sunt
275 1202 600 1260 fecunditate
626 1199 903 1272 Cypriani,
956 1207 1018 1254 ut
1047 1211 1146 1252 nec
1171 1194 1535 1266 purgamentis
1571 1193 1690 1264 ejus

125 1308 421 1368 aequentur.
451 1296 582 1350 item
623 1292 886 1364 quisquis-
906 1305 1010 1345 non
1043 1288 1241 1344 habens
1270 1287 1606 1352 charitatem,
1637 1293 1693 1341 et

126 1389 362 1459 perditas
390 1389 504 1443 vias
552 1400 761 1441 morum
806 1372 1113 1455 ingrediens
1143 1379 1515 1448 pessimorum,
1548 1379 1693 1434 intus

126 1478 356 1551 videtur
383 1491 526 1545 esse,
569 1489 688 1530 cum
740 1472 872 1528 foris
922 1473 1010 1536 sit,
1048 1479 1102 1526 et
1144 1470 1464 1536 baptismum
1495 1467 1694 1526 Christi

129 1584 227 1627 nec
253 1569 310 1624 in
341 1565 605 1622 haereticis
633 1565 852 1634 repetit,
894 1561 1025 1616 nihil
1051 1562 1165 1630 ejus
1196 1559 1410 1629 adjuvat
1437 1557 1692 1613 sterilita-

129 1671 232 1718 tem
260 1658 403 1730 quod
432 1672 539 1712 non
569 1654 887 1710 fecundatur
925 1666 1044 1717 suo,
1075 1650 1169 1707 sed
1222 1649 1395 1704 fructu
1443 1639 1694 1703 oneratur

1789 468 1988 528 quanto
2010 456 2160 526 pejor
2191 455 2242 509 id
2287 450 2538 522 accipiat,
2573 452 2712 505 sicut
2739 450 2875 504 nihil
2916 450 3137 503 interest
3155 451 3356 512 quanto

1788 551 1976 606 melior
2005 543 2268 618 [accipiat]
2300 563 2312 599 :
2339 542 2467 599 illud
2487 542 2629 597 cnim
2662 554 2756 614 pjer
2789 541 3049 610 seipsum,
3081 544 3138 592 et
3177 535 3232 588 in
3273 532 3354 587 eis

1791 641 1881 709 qui
1903 655 2008 696 non
2035 639 2313 709 aequaliter
2346 635 2473 705 justi
2494 641 2637 699 sunt,
2663 642 2717 686 et
2750 632 2803 686 in
2826 630 2904 686 eis
2931 632 3020 700 qui
3052 641 3157 684 non
3180 639 3359 696 aequa-

1757 734 1774 745 ’
1789 733 1911 789 liter
1931 731 2098 802 iniqui
2120 739 2264 795 sunt,
2284 727 2558 798 equaliter
2578 732 2824 780 sanctum
2844 732 2949 780 est.

2260 816 2518 888 “CAPUT
2552 813 2834 873 ccxxw.

1793 912 1939 980 Quod
1966 912 2060 967 sub
2100 913 2277 966 eodem
2298 909 2572 980 vgbaptisnto
2611 917 2822 980 peccata
2862 906 3206 980 dimittantur,
3243 916 3363 966 pro-

1860 994 1972 1051 pter
1987 983 2250 1054 uinculum
2263 978 2558 1054 Acheruntis,
2595 978 2685 1054 sub
2717 978 3140 1054 quotenebontu‘r
3160 983 3364 1054 propter

1859 1044 2188 1121 sacrilegium
2217 1050 2520 1115 divisionis;
2549 1055 2598 1102 et
2620 1047 2683 1103 de
2711 1044 3052 1121 laudesancti
3078 1044 3362 1116 Cypriani;

1862 1138 1926 1178 ea:
1949 1118 2123 1178 eodem
2152 1121 2304 1175 libro.
2873 1118 2877 1123 ’

1860 1214 1989 1283 Sed,
2010 1224 2065 1271 ut
2085 1213 2284 1271 dictum
2301 1223 2406 1280 est,
2425 1213 2557 1271 nihil
2572 1214 2793 1269 interest
2809 1213 2874 1268 ad
2899 1207 3145 1282 baptismi
3167 1211 3363 1265 sancti-

1795 1315 1957 1362 tatem
1973 1313 2174 1375 quanto
2187 1305 2411 1388 quisque
2428 1307 2579 1374 pejor
2599 1303 2650 1358 id
2677 1303 2890 1369 haheat,
2904 1310 2955 1358 et
2973 1311 3171 1370 quanto
3193 1300 3360 1370 pcjori

1793 1397 1987 1453 tradat.
2005 1395 2189 1450 Potest
2205 1401 2380 1449 tamen
2397 1393 2610 1472 tradere
2628 1400 2924 1462 separatus,
2939 1392 3075 1447 sicut
3090 1399 3261 1460 potest
3278 1387 3364 1443 hac

1783 1488 1924 1544 bere
1935 1485 2336 1556 separatus,sed
2355 1495 2514 1556 quam
2527 1486 2826 1556 perniciose
2839 1485 3058 1550 habere,
3077 1495 3180 1538 tam
3196 1484 3366 1552 perni-

1793 1579 1938 1633 ciose
1952 1577 2180 1643 tradere;
2202 1576 2291 1632 ille
2307 1585 2485 1632 autem
2502 1576 2587 1630 cui
2603 1577 2784 1642 tradit,
2805 1585 2977 1645 potest
2989 1576 3274 1654 salubriter
3286 1589 3364 1628 ac-

1795 1667 1995 1749 cipere,
2018 1667 2065 1722 si
2086 1666 2200 1736 ipse
2221 1680 2326 1721 non
2350 1675 2630 1736 separatus
2663 1668 2904 1734 accipiat,
2939 1667 3075 1725 sicut
3100 1666 3366 1735 plerisque

129 1750 325 1804 ³¹Ῐθηοο
367 1748 511 1803 Fieri
538 1757 716 1801 θυίθω
748 1749 998 1832 βθίθδξυί
1025 1741 1215 1832 anqu
1242 1740 1417 1832 Ϋίεθθί
1454 1738 1506 1793 in
1543 1737 1685 1832 Ϊθάί⁶
1719 1737 1765 1798 Β
1801 1744 2015 1830 accidit,
2047 1773 2105 1820 ut
2131 1763 2394 1819 catholico
2423 1765 2603 1818 animo
2633 1770 2688 1818 et
2715 1763 2879 1819 corde
2901 1763 2968 1817 ab
2993 1764 3194 1816 unitate
3215 1764 3363 1832 pacis

122 1850 244 1896 cem
275 1836 575 1902 cbaritatis,
606 1842 662 1890 et
692 1833 745 1888 in
778 1845 883 1901 quo
901 1830 1199 1902 Cyprianus
1226 1829 1382 1883 aliter
1411 1829 1585 1894 sapuit
1605 1842 1695 1882 re-

131 1927 368 1983 ctissime
396 1926 587 1996 sapiat,
633 1933 688 1979 et
733 1930 911 1976 tamen
937 1922 989 1976 in
1035 1919 1300 1991 Cypriane
1329 1929 1486 1988 quam
1511 1916 1698 1973 in'isto

135 2017 289 2087 plura
341 2014 570 2072 fecunda
619 2014 746 2079 sint,
795 2023 850 2068 et
890 2013 950 2067 in
992 2011 1096 2066 isto
1138 2024 1296 2079 quam
1347 2008 1399 2063 in
1429 2008 1697 2078 Cypriane

135 2105 287 2177 plura
316 2105 586 2177 purganda
611 2105 738 2159 sint.
773 2103 888 2160 Non
909 2102 1082 2159 solum
1115 2103 1292 2169 itaque
1321 2101 1487 2155 malos
1509 2099 1698 2154 catho-

135 2199 266 2252 licos
299 2197 442 2252 nullo
470 2195 631 2250 modo
652 2205 1046 2262 comparamus,
1091 2189 1186 2245 sed
1214 2205 1317 2245 nec
1343 2189 1515 2245 bonos
1545 2188 1700 2245 facile

135 2301 478 2357 coequamus
519 2285 678 2341 beato
725 2283 1014 2354 Cypriane,
1061 2295 1218 2351 quem
1264 2281 1404 2336 inter
1449 2292 1599 2334 raros
1645 2288 1700 2335 et

138 2391 338 2446 paucos
385 2374 849 2432 excellentissima
898 2372 1082 2442 gratiae
1128 2370 1270 2425 viros
1322 2379 1565 2426 numerat
1613 2372 1697 2440 pia

138 2476 310 2522 mater
334 2466 572 2521 Ecclesia
595 2483 608 2519 :
631 2449 873 2535 quamvis
915 2463 1002 2518 isti
1031 2469 1086 2518 et
1125 2450 1262 2530 apud
1293 2462 1571 2538 haereticos
1611 2477 1703 2518 co-

135 2566 399 2628 gnoscant
424 2557 744 2626 baptismum
784 2549 1004 2621 Christi,
1027 2555 1104 2609 illi
1133 2564 1311 2610 autem
1341 2555 1498 2610 aliter
1528 2555 1700 2610 visum

128 2650 234 2712 sit,
263 2658 327 2705 ut
347 2663 440 2718 per
464 2663 587 2704 eum
611 2647 789 2702 minus
817 2643 1019 2715 aliquid
1044 2645 1310 2699 videntem
1333 2654 1394 2700 et
1419 2645 1470 2700 in
1503 2647 1703 2706 unitate

133 2723 448 2794 ﬁrmissime
472 2744 897 2806 permanentem,
940 2734 1270 2790 manifestius
1308 2734 1704 2807 demonstrare-

140 2839 228 2885 tur
279 2828 545 2884 harreticis
599 2841 755 2896 quam
809 2825 1070 2894 sacrilego
1119 2824 1321 2880 scelere
1369 2833 1705 2894 rumperetur

143 2918 416 2992 vinculum
440 2915 605 2985 pacis.
627 2915 810 2996 Neque
836 2912 980 2970 enim
1004 2910 1257 2970 Pharisaei
1286 2914 1435 2990 caci,
1465 2914 1724 2982 quamvis

142 3009 386 3067 dicentes
414 3007 703 3078 aliquando
729 2997 870 3076 quod
911 3004 1029 3060 fieri
1071 3004 1326 3070 debebat,
1361 3004 1704 3075 comparandi

1798 1873 1905 1914 non
1946 1853 2203 1920 alienato,
2242 1857 2419 1926 aliqua
2467 1857 2789 1915 necessitate
2829 1856 3012 1910 mortis
3042 1855 3280 1924 urgentis
3311 1855 3362 1908 in

1798 1949 2025 2018 aliquem
2055 1945 2364 2001 hxreticum
2397 1947 2682 2010 irruerent,
2713 1955 2768 2000 et
2812 1945 2880 2000 ab
2924 1960 2989 2000 eo
3038 1944 3235 2000 Christi
3274 1944 3364 1999 hac

1801 2039 2048 2106 ptismum
2075 2037 2193 2092 sine
2222 2035 2382 2090 ullius
2414 2037 2762 2104 perversitate
2789 2036 3152 2106 perciperent,
3178 2044 3231 2090 et
3249 2035 3364 2090 sive

1799 2128 2062 2209 defuncti,
2107 2129 2221 2186 sive
2249 2127 2484 2195 liberati,
2515 2142 2846 2199 nequaquam
2873 2128 3033 2209 bapnd
3065 2133 3159 2182 eos
3184 2141 3363 2183 rema-

1800 2197 2022 2286 nerent?
2043 2218 2109 2275 ad
2138 2233 2274 2290 quos
2309 2215 2580 2290 nunquam
2602 2197 2776 2275 corde
2809 2197 3152 2275 transierant.
3189 2218 3243 2275 Si
3273 2234 3367 2273 au-

1802 2319 1910 2377 tem
1937 2311 2097 2366 etiam
2126 2311 2240 2382 ipse
2277 2322 2556 2382 separatus
2597 2314 2881 2382 acceperit,
2916 2321 3065 2366 tanto
3099 2312 3366 2380 pernicio-

1802 2399 1914 2455 sius
1941 2399 2158 2470 accipit,
2190 2410 2391 2471 quanto
2417 2401 2586 2472 magis
2617 2403 2810 2456 bonum
2830 2412 2912 2458 est
2940 2386 3206 2473 quodnon
3231 2397 3368 2458 beu'e

1802 2490 2112 2558 accipitzet
2161 2499 2310 2545 tanto
2355 2493 2522 2562 magis
2551 2492 2696 2546 valet
2725 2492 2791 2546 ad
2838 2492 3056 2547 exitium
3098 2503 3363 2562 separato,
3432 2490 3436 2495 ’

1803 2588 2000 2651 quanto
2029 2581 2196 2650 magis
2247 2567 2429 2650 posset
2469 2582 2535 2637 ad
2576 2582 2800 2637 salutem
2831 2583 3012 2658 valere
3042 2585 3366 2652 conjunt-to:

1804 2682 1853 2724 et
1888 2669 2006 2725 ideo
2034 2671 2078 2724 si
2109 2671 2177 2725 ab
2203 2671 2297 2725 illa
2323 2671 2671 2740 perversitate
2694 2681 2991 2737 correctus,
3022 2681 3078 2728 et
3098 2687 3127 2725 a
3154 2687 3371 2741 separa-

1807 2761 1952 2817 tione
1995 2776 2285 2818 conversus
2332 2763 2539 2842 venerit
2567 2763 2632 2818 ad
2663 2763 2984 2819 catholicam
3028 2779 3233 2834 pacem,
3275 2764 3372 2819 sub

1806 2853 1993 2909 eodem
2025 2850 2345 2924 baptismate
2389 2857 2529 2926 quod
2573 2866 2854 2925 acceperat
2897 2857 3016 2929 ejus
3045 2866 3258 2927 peccata
3286 2856 3386 2912 αἱς

1808 2942 2115 3009 mittuntur,
2145 2945 2363 3014 propter
2387 2945 2659 3000 vinculum
2687 2946 3121 3024 char_itatls-,.sub
3149 2962 3253 3017 quo
3280 2947 3375 3002 ba-

1809 3030 2056 3100 ptismate
2084 3043 2301 3102 peccata
2347 3034 2468 3104 ejus
2515 3035 2856 3105 tenebantur,
2904 3023 3122 3107 propter
3158 3035 3376 3092 sacrile-

144 3113 303 3160 erant
357 3103 599 3181 apostolo
649 3102 830 3167 Petro,
880 3099 1125 3169 quamvis
1172 3100 1366 3154 dicenti
1417 3098 1704 3167 aliquando

1814 3098 1952 3189 gium
1987 3098 2295 3190 divisionis;
2335 3098 2457 3194 quia
2491 3124 2618 3180 illud
2648 3125 2782 3180 etin
2816 3098 3030 3182 homine
3048 3127 3215 3195 justo,
3243 3135 3296 3182 et
3327 3123 3386 3181 in'
3419 3158 3423 3162 ι

146 3193 436 3264 quod'licri
476 3208 581 3246 non
627 3191 876 3272 debebat.
923 3187 1036 3244 Non
1076 3190 1244 3243 solum
1277 3197 1452 3242 autem
1483 3188 1706 3244 istorum

143 3284 372 3339 ariditas
400 3283 546 3338 illius
565 3281 819 3336 viriditati
863 3279 1185 3336 conferenda
1214 3294 1325 3334 non
1355 3275 1582 3346 est,'sed
1613 3296 1710 3337 nec

143 3374 750 3432 aliorumfructus-illius
773 3372 998 3428 ubertati
1020 3352 1380 3442 adaequandos
1395 3383 1496 3428 est.
1513 3373 1710 3431 Gentes
1785 3383 1796 3391 ‘

143 3455 290 3524 enim
305 3467 751 3538 uemoiudaisare
772 3479 929 3521 nemo
951 3480 1090 3520 nunc
1104 3466 1262 3534 cogit,
1282 3480 1378 3521 nec
1400 3465 1521 3521 ideo
1535 3475 1710 3521 tamen

145 3559 427 3629 quisquam
465 3572 607 3612 nunc
651 3557 703 3610 in
736 3553 973 3611 Ecclesia
1009 3547 1392 3624 quantumlibet
1426 3555 1713 3625 profecerit

148 3647 293 3703 Petri
322 3646 641 3716 apostolatui
692 3644 1046 3699 conferendas
1093 3653 1193 3714 est.
1236 3645 1569 3715 Quapropter
1594 3647 1710 3702 red.

147 3739 290 3793 dens
342 3735 574 3792 debitam
638 3734 995 3792 reverentiam
1048 3728 1369 3805 dignumque
1413 3737 1668 3792 honorem
1695 3779 1709 3802 ,

153 3838 416 3899 quantum
445 3821 632 3899 valeo,
651 3827 961 3897 persolvens
988 3827 1211 3897 paciﬂco
1240 3829 1489 3897 episcopo
1519 3839 1572 3884 et
1599 3831 1712 3897 glo-

149 3923 299 3975 rioso
328 3918 549 3989 martyri
596 3918 888 3988 Cypriano,
940 3919 1108 3972 audeo
1140 3927 1313 3973 tamen
1355 3919 1534 3974 dicere
1561 3920 1715 3975 aliter

148 4021 277 4062 cum
317 4005 553 4061 sensisse
581 4006 646 4061 de
677 4006 1029 4060 schismaticis
1050 4005 1130 4060 vel
1156 4005 1372 4061 hmretic
1392 4022 1418 4062 s
1445 4007 1714 4075 baptizan-

149 4096 439 4165 dis,quam
467 4104 647 4168 postea
688 4095 885 4150 veritas
915 4095 1178 4165 prodidit:
1207 4111 1309 4152 non
1341 4114 1406 4152 ex
1453 4113 1590 4167 mea,
1620 4099 1712 4154 sed

148 4206 214 4244 ex
273 4188 540 4254 universae
588 4189 843 4255 Ecclesia:
890 4189 1178 4253 sententia,
1229 4191 1447 4259 pleuarii
1502 4194 1714 4248 concilii

150 4270 470 4336 auctoritate
515 4271 773 4334 roborata.
814 4288 973 4350 atque
1019 4280 1256 4346 firmata;
1281 4282 1417 4337 sicut
1453 4298 1714 4339 venerans

149 4387 249 4442 pro
278 4372 360 4426 sui
388 4357 581 4427 merito
606 4371 845 4437 Petrum,
869 4372 1096 4441 primum
1119 4377 1479 4442 apostolorum
1502 4386 1556 4432 et
1584 4377 1715 4432 emi-

152 4462 526 4516 nentissimum
579 4471 889 4531 martyrem,
931 4462 1100 4534 audeo
1154 4474 1327 4519 tamen
1377 4467 1555 4522 dicere
1609 4485 1712 4522 non
1745 4471 1796 4532 Ι)

148 4567 273 4607 cum
306 4541 455 4608 recte
483 4552 674 4608 iecisse
701 4563 758 4608 ut
783 4563 966 4623 gentes
982 4552 1252 4622 jodaizare
1281 4569 1491 4628 cogeret
1515 4561 1530 4625 ';
1553 4559 1712 4615 etiam

151 4642 258 4696 hoc
297 4641 440 4696 enim
467 4641 607 4707 dico,
648 4657 753 4697 non
795 4659 859 4698 ex
883 4659 1049 4709 'mea,
1087 4646 1180 4700 sed
1203 4663 1278 4706 ex
1307 4649 1533 4716 apostoli
1567 4650 1715 4705 Pauli

153 4731 379 4786 salutari
411 4730 676 4798 doctrina,
727 4747 820 4801 per
850 4733 1154 4789 universam
1187 4736 1478 4793 Ecclesiam
1509 4750 1714 4797 retenta

149 4831 316 4890 atque
361 4832 592 4876 servata.
645 4823 930 4890 Disputans
969 4838 1098 4894 ergo
1129 4825 1312 4898 [enim]
1340 4828 1407 4884 de
1451 4834 1713 4888 sententia

145 4901 430 4982 Cypriani,
484 4910 706 4964 multum
749 4911 882 4965 infra
937 4914 1126 4968 merita
1184 4903 1383 4984 positus
1426 4918 1711 4991 Cypriani,

149 5000 279 5054 dico
304 5009 694 5057 sacramentum
735 5002 982 5070 baptismi
1011 5013 1065 5056 et
1096 5005 1262 5060 bonos
1289 5017 1342 5061 et
1363 5013 1530 5065 malos
1557 5027 1714 5081 posse

147 5090 372 5158 habere,
408 5103 563 5155 posse
609 5090 760 5158 dare,
804 5105 959 5160 posse
983 5096 1268 5163 accipere;
1299 5108 1353 5153 et
1394 5100 1562 5156 bonos
1602 5104 1716 5171 qui;

146 5178 274 5231 dem
316 5179 517 5233 utiliter
544 5194 606 5232 ac
635 5180 940 5246 salubriter,
992 5184 1160 5238 malos
1206 5190 1381 5244 autem
1419 5193 1717 5258 perniciose

147 5277 313 5336 atque
353 5269 812 5334 patialitermum
862 5271 987 5325 illud
1041 5266 1602 5352 tamen'in‘utrisqtte
1649 5287 1718 5340 sit

148 5360 428 5430 asqttztlilet'
459 5360 743 5430 integrum,
777 5368 935 5430 atque
963 5363 1093 5418 nihil
1121 5366 1377 5424 interesse
1403 5371 1467 5425 ad
1499 5373 1615 5442 ejus
1639 5391 1716 5431 aa-

149 5450 366 5520 qualem
398 5449 449 5504 in
478 5452 725 5506 omnibus
756 5453 1108 5522 integritatem
1133 5470 1330 5527 quanto
1355 5463 1509 5533 pejor
1536 5467 1586 5519 id
1622 5467 1709 5521 ba-

149 5546 280 5599 heat
317 5541 455 5596 inter
483 5541 672 5608 malos,
694 5543 854 5598 .sicut
879 5545 1010 5602 nihil
1042 5550 1260 5606 interest
1283 5566 1479 5623 quanto
1525 5559 1714 5614 melior

149 5634 204 5688 id
235 5632 429 5688 habeat
482 5633 618 5688 inter
649 5633 849 5702 bonos;
899 5653 960 5692 ac
1005 5654 1101 5709 per
1133 5640 1232 5698 hoc
1280 5646 1409 5700 nihil
1441 5648 1600 5703 etiam
1632 5652 1710 5704 iu-

152 5735 320 5783 terest
366 5737 560 5796 quanto
607 5728 754 5798 pejor
797 5729 849 5785 id
899 5731 1088 5800 tradat,
1135 5734 1272 5792 sicut
1321 5736 1446 5794 nihil
1491 5741 1713 5800 intct‘cst

1815 3212 2032 3268 homine
2053 3214 2253 3284 injuste
2282 3229 2495 3285 semper
2522 3226 2764 3271 sanctum
2795 3229 2898 3284 est,
2927 3220 3068 3287 quoi
3098 3235 3269 3288 neque
3295 3220 3378 3274 ali.

1812 3305 1968 3376 cujus
2015 3307 2266 3376 aequitate
2314 3316 2558 3378 augetur,
2607 3324 2778 3379 neque
2824 3311 3049 3378 alicujus
3102 3311 3380 3380 iniquitate

1814 3399 2091 3452 minuitur.
2117 3398 2245 3465 Quae
2266 3414 2386 3454 cum
2413 3401 2483 3454 ita
2507 3402 2634 3466 sint,
2661 3399 2784 3480 quid
2815 3403 2935 3458 huic
2959 3413 3063 3457 tam
3091 3406 3407 3484 perspicuae.

1813 3491 2022 3545 veritati
2053 3491 2221 3546 ofﬁcit
2253 3491 2394 3561 quod
2427 3493 2579 3548 multi
2615 3497 2919 3564 coepisc0pi
2951 3495 3216 3566 Cypriano
3244 3497 3295 3551 iu
3321 3497 3382 3551 ῆι.

1815 3582 1919 3636 lam
1947 3583 2266 3637 sententiam
2293 3596 2704 3649 consenserunt,
2739 3600 2968 3654 suasque
2997 3588 3048 3641 itt
3080 3588 3220 3641 idem
3252 3604 3383 3643 con-

1816 3673 2094 3728 venientes
2121 3674 2366 3742 proprias
2389 3674 2746 3742 protulerunt,
2780 3676 2880 3729 nisi
2912 3686 2966 3730 ut
2992 3679 3160 3748 magis
3191 3681 3384 3752 magisc

1816 3775 1921 3831 que
1950 3761 2093 3815 illius
2122 3761 2221 3815 viri
2251 3776 2378 3832 erga
2421 3764 2676 3817 unitatem
2726 3762 2924 3833 Christi
2970 3767 3205 3822 charitas
3234 3771 3386 3826 inno-

1819 3851 2026 3906 tescat?
2053 3853 2107 3922 _Si
2138 3843 2280 3906 enim
2311 3853 2459 3908 solus
2489 3855 2558 3908 ita
2582 3856 2820 3910 sentiens
2853 3858 2997 3912 nullo
3018 3862 3387 3918 consentiente

1818 3953 2144 4008 remaneret,
2177 3942 2449 3998 videretur
2488 3957 2769 4012 propterea
2816 3946 3124 4014 rcfriguissc
3155 3953 3222 4004 ab
3266 3968 3386 4008 sce-

1819 4028 2281 4117 lerescltismatis,
2317 4039 2437 4118 quia
2471 4041 2646 4095 socios
2680 4056 2781 4095 non
2815 4042 3115 4099 inveniebat
3146 4050 3343 4104 erroris
3371 4067 3385 4105 :

1819 4138 1924 4179 tam
1959 4128 2140 4181 multis
2169 4137 2346 4182 autem
2379 4129 2477 4183 sibi
2507 4133 2985 4201 consentientibus,
3015 4150 3172 4206 quam
3201 4137 3386 4211 [quod]

1817 4233 1938 4272 cum
1970 4217 2181 4273 caneris
2212 4218 2424 4272 diversa
2449 4220 2800 4276 sentientibus
2832 4224 2884 4276 in
2919 4225 3123 4292 unitate
3143 4243 3386 4295 perman-

1820 4307 1892 4361 sit
1939 4307 2216 4362 catholicze
2255 4307 2638 4374 universitatis,
2679 4312 3076 4367 sanctissimum
3121 4318 3387 4376 vinculum

1822 4411 1926 4449 non
1958 4397 2151 4452 timore
2181 4397 2503 4462 solitudinis,
2545 4401 2638 4453 sed
2671 4402 2813 4469 pacis
2834 4418 3016 4459 amore
3037 4408 3284 4463 servavit.

2336 4492 2559 4549 CAPUT
2597 4492 2848 4550 CCXXV.

1828 4577 1978 4644 Quod
1997 4563 2366 4634 sacramentum
2390 4582 2627 4651 baptismi
2653 4595 2699 4637 et
2723 4587 2772 4638 in
2802 4589 2938 4641 malo
2963 4599 3011 4643 et
3049 4591 3100 4642 in
3137 4591 3267 4649 bona
3293 4597 3388 4652 lio.

2198 4652 2333 4704 mine
2351 4653 2418 4705 sit
2446 4655 2640 4723 wquale
2661 4671 2677 4720 ;
2702 4672 2763 4708 ex
2785 4657 2914 4711 libro
2937 4674 3008 4711 νι.

1895 4741 2078 4794 Potest
2123 4757 2250 4810 ergo
2282 4742 2396 4797 ﬁeri
2444 4758 2499 4797 ut
2530 4745 2718 4815 aliquis
2759 4747 2907 4817 pejor
2946 4752 3018 4807 sit
3062 4757 3296 4826 ctluiico,
3338 4773 3393 4818 et

1825 4838 1996 4883 tamen
2029 4831 2081 4884 iu
2105 4847 2170 4885 eo
2196 4833 2395 4888 Christi
2417 4848 2809 4892 sacramentum
2849 4857 2953 4896 non
2985 4846 3156 4902 solum
3180 4851 3267 4915 sit,
3296 4856 3388 4915 sed

1825 4925 1981 4974 e°iam
2031 4936 2134 4978 non
2165 4925 2234 4977 sit
2279 4925 2428 4994 pejus
2460 4943 2615 4996 quam
2647 4928 2701 4982 in
2755 4931 2968 4990 homine
2998 4950 3185 4995 saneto
3213 4953 3266 4997 et
3298 4945 3391 5015 ju-

1824 5020 2089 5074 sto:ctsi'
2120 5021 2263 5075 enim
2290 5063 2305 5086 ,
2344 5035 2598 5093 quantum
2651 5027 2700 5080 in
2731 5029 2823 5083 illo
2870 5030 3084 5105 homine
3130 5045 3232 5104 est,
3285 5058 3389 5096 non

1823 5125 1942 5164 eum
1983 5115 2362 5181 sorvavit,.sed
2414 5117 2591 5170 animo
2644 5129 2696 5173 et
2737 5121 3010 5179 voluntate
3040 5127 3277 5198 violavit,
3311 5143 3392 5190 ta-

1823 5205 1945 5256 men
2000 5213 2253 5272 quantum
2304 5205 2369 5259 ad
2417 5208 2588 5273 ipsum
2641 5211 2830 5264 attinet
2874 5206 3290 5287 sacramentum,
3335 5237 3391 5280 et

1823 5307 1943 5382 cum
1995 5302 2361 5364 contemptore
2406 5305 2462 5350 et
2490 5301 2954 5382 rcpydiatore'suo
3000 5297 3259 5380 integrum
3309 5316 3388 5369 in-

1821 5381 2184 5452 violatumque
2232 5387 2545 5453 permansit.
2604 5389 2790 5445 Nonne
2831 5381 3132 5452 Sodomita:
3186 5405 3384 5460 ethnici

1820 5480 1991 5562 erant,
2053 5472 2100 5524 id
2145 5482 2229 5526 est
2274 5477 2537 5542 gentiles?
2582 5479 2789 5548 pejores
2835 5499 2964 5558 ergo
3006 5502 3154 5542 erant
3197 5493 3380 5562 Judaei,

1819 5561 2008 5629 quibus
2041 5562 2296 5645 Dominus
2324 5565 2474 5636 dicit,
2522 5565 2877 5627 Tolerabilius
2916 5577 3019 5631 erit
3048 5577 3299 5640 Sodomis
3332 5561 3382 5644 iu

1819 5654 1903 5707 die
1939 5653 2121 5721 judicii
2167 5671 2322 5723 quam
2371 5658 2519 5714 vobis
2540 5677 2568 5716 :.
2597 5671 2652 5715 ct
2693 5663 2884 5731 quibus
2917 5670 3172 5737 prolibcta
3210 5677 3337 5731 dicit
3365 5698 3409 5736 :.

1819 5745 2129 5804 Justilicatis
2157 5746 2464 5822 Sodomam,
2495 5752 2545 5810 id
2571 5763 2670 5823 cst,
2704 5757 2756 5812 in
2781 5764 3175 5831 comparatione
3205 5780 3381 5824 vestio
