1915 3114
237 110 286 137 887

772 112 802 139 D.
822 111 982 140 EUGYPPII
1002 109 1146 142 ABBATIS
1165 115 1325 153 AFRICANI

1806 127 1862 154 888

235 164 504 215 Sodoma-iustiﬁcata
527 170 578 193 est.
593 166 724 215 ’ψη-(ιιιῑὰ
740 158 827 196 tamen
845 168 905 215 ideo
925 175 1013 196 sacra-
1027 169 1053 199 Α
1066 170 1162 198 meruit
1174 161 1284 207 adipisci
1301 182 1347 208 per
1361 175 1542 213 cbaritatem'].
1566 179 1681 214 Adjuvet
1694 180 1785 215 itaque
1804 190 1856 210 nos

236 214 327 238 menta
346 211 434 238 divina
450 218 508 245 quae
531 211 600 245 apud
615 211 834 246 Jtldazos'erant,
857 214 919 241 talia
940 217 1017 241 erant

236 256 328 290 quales
347 256 396 289 ipsi
411 260 487 282 erant
501 262 560 291 qua:
582 256 711 284 Dominus
724 265 829 293 quoque
851 258 907 292 ipse
925 265 1017 285 susce-

236 301 283 335 pit,
299 304 325 327 et
344 300 376 327 ad
396 308 428 328 ea
441 300 600 329 celebranda
622 298 741 336 leprosos
757 311 824 338 quos
844 303 1017 331 mandaverat

236 346 316 378 misit,
344 352 371 374 et
395 354 426 374 ea
448 347 587 375 Zachariae
609 348 771 376 ministranti
794 349 903 384 angelus
923 349 1015 381 astitit,

234 397 349 425 euntque
361 392 387 419 in
398 393 499 427 templo
509 389 704 421 sacriﬁcantem
717 393 868 422 exauditam
879 400 939 422 esse
950 402 1017 421 nun-

205 461 208 463 ν
234 437 326 465 tiavit?
347 438 408 466 llaec
422 439 516 475 eadem
534 444 711 471 sacramenta,
727 444 754 467 et
769 439 795 466 in
813 440 891 467 bonis
902 439 1017 467 homini-

234 482 283 510 bus
295 483 366 511 illius
377 484 504 519 temporis
515 488 601 517 erant,
616 489 643 512 et
656 484 682 511 in
696 484 772 511 malis
788 484 924 518 pejoribus
936 484 1015 518 quam

234 534 247 554 s
259 531 297 555 :nt
310 528 420 562 ethnici,
433 529 646 564 quandoquidem
662 528 688 556 in
704 529 755 564 21
772 529 870 556 malitia
892 529 1016 557 Sodomi-

235 572 266 600 tis
282 573 384 607 pra-lati
405 577 524 602 suntzet
540 579 628 601 tamen
651 574 696 601 illa
718 579 886 601 sacramenta
900 579 977 601 erant
991 575 1016 602 in

233 619 351 654 utrisque
365 620 467 654 integra
480 623 560 654 atque
583 619 683 647 divina.
697 619 762 646 Nam
778 624 804 647 et
824 619 874 654 ipsi
887 619 1012 655 gentiles,

233 664 329 699 siquid
344 664 461 692 divinum
484 669 511 700 et
528 669 630 692 rectum
653 665 679 692 in
693 664 825 693 doctrinis
845 666 902 693 suis
917 665 1016 692 habere

233 714 384 743 potuerunt,
398 717 451 737 non
465 710 681 745 improbaverunt
704 710 789 738 sancti
812 710 907 744 nostri,
923 718 1014 745 quam-

233 755 272 781 vis
292 755 328 782 illi
353 762 400 788 por
420 762 482 783 suas
506 756 711 790 superstitiones
734 760 763 784 et
777 755 967 788 idololatriam,
989 761 1015 784 et

232 800 384 834 superbiam
408 805 575 836 exterasque
598 808 688 828 mores
702 800 851 829 detestandi
866 806 968 835 essent,
989 805 1015 828 et

1068 216 1232 245 orationibus
1256 219 1312 247 suis
1336 221 1363 248 in
1389 222 1466 250 istius
1490 224 1579 252 carnis
1600 225 1773 261 mortalitate,
1799 233 1859 256 tau-

1067 268 1145 296 quam
1159 263 1187 290 in
1202 264 1345 299 caliginosa
1357 267 1426 294 nube
1439 268 1602 303 laborantes,
1615 277 1654 304 ut,
1669 272 1789 300 donante
1804 273 1859 301 Do-

1068 305 1140 334 mino
1152 328 1160 340 ,
1188 308 1255 336 bona
1272 304 1331 345 eius
1346 317 1473 346 quantum
1493 321 1634 349 possumus
1649 317 1799 346 imitemur.
1828 320 1858 348 Si

1067 353 1130 386 quid
1144 358 1233 382 autem
1246 356 1325 384 aliter
1338 359 1431 390 seuit,
1445 363 1472 386 et
1486 360 1645 394 quibusdam
1660 363 1790 392 fratribus
1800 366 1858 393 eol-

1067 396 1186 433 legisque
1201 401 1350 434 persuasit,
1366 404 1436 438 quod
1450 412 1520 432 nunc
1534 413 1568 433 eo
1578 414 1657 441 quem
1669 408 1766 437 dilexit
1779 418 1859 438 reve-

1068 441 1203 488 lante'iam
1217 447 1311 480 cernit,
1323 454 1372 475 nos
1387 447 1465 484 longe
1475 449 1594 484 impares
1607 453 1711 480 meritis
1721 455 1790 488 suis,
1803 455 1856 483 Er,

1067 487 1154 535 clesite
1168 489 1256 535 tamen
1267 492 1405 521 catholica:
1415 494 1609 529 auctoritatem,
1620 497 1697 532 cujus
1710 498 1769 532 ipse

1066 533 1138 567 gium
1150 538 1178 562 et
1189 534 1374 565 charissimam
1386 539 1534 567 membrum
1549 546 1601 574 est,
1616 538 1665 576 pro
1679 549 1771 570 nostra
1787 533 1858 572 inﬁr-

1067 577 1158 606 mitate
1172 584 1314 615 sectantes,
1334 582 1462 613 adversus
1477 584 1616 614 haereticos
1636 588 1678 615 vel
1696 588 1856 617 tehismati-

1067 630 1113 650 eos
1134 624 1292 659 enodemus,
1310 635 1377 662 quos
1400 631 1526 663 praecisos
1543 631 1578 666 ab
1596 633 1699 662 unitate
1713 642 1796 668 quam
1817 640 1855 662 tc-

1067 671 1135 716 nuit,
1150 675 1178 698 et
1190 678 1342 702 arescentes
1353 681 1369 702 a
1388 675 1518 705 eharitate
1532 686 1583 713 qua
1597 680 1693 714 viguit,
1714 686 1743 708 et
1763 682 1855 716 lapsos

1066 715 1100 741 ab
1114 715 1263 746 humilitate
1273 726 1324 754 qua
1337 721 1422 755 stetit,
1431 726 1507 751 tanto
1526 724 1640 759 amplius
1660 715 1800 761 improbat
1812 732 1854 754 ato

1066 766 1118 793 que
1133 761 1301 795 condemnat,
1316 770 1415 799 quanto
1430 767 1514 802 magis
1527 775 1573 796 eos
1585 769 1658 796 novit
1667 770 1701 797 ad
1716 772 1851 798 insidian-

1066 804 1128 850 dum
1142 809 1299 838 perscrutari
1318 810 1385 838 velle
1400 812 1469 845 quod
1482 812 1599 847 scripsit,
1613 819 1641 841 et
1655 815 1688 842 ad
1707 816 1853 850 paciﬁcan-

233 846 510 894 uisi‘rorrigerentttr,
526 847 616 894 divino
628 846 731 894 iudicio
751 846 890 881 puniendi.
904 846 977 894 riam
990 850 1017 873 et
1034 853 1055 881 Β
1068 849 1130 876 dum
1140 851 1236 879 imitari
1250 854 1319 881 nolle
1329 856 1398 889 quod
1408 855 1480 884 fecit.
1494 846 1569 886 Sicut
1579 846 1615 886 illi
1625 860 1669 894 qui
1680 846 1715 888 seu
1725 862 1854 888 christia-

233 890 331 918 Paulus
353 891 502 926 apostolos,
527 891 597 926 apud
621 891 800 919 Athenienses
825 899 884 918 curn
907 891 941 919 de
962 892 1017 920 Deo

232 938 354 972 quaedam
366 938 479 972 diceret,
491 938 625 973 perhibuit
635 938 816 966 testimonium
826 937 896 973 quod
909 938 1016 973 quidam

232 991 325 1011 corum
340 984 393 1012 tale
402 983 503 1019 aliquid
515 984 649 1012 dixerint:
662 984 733 1020 quod
749 985 849 1019 utique,
862 984 883 1011 si
899 984 931 1012 ad
940 984 1018 1012 Chri-

232 1027 302 1057 stum
316 1031 451 1061 venirent,
465 1034 657 1065 agnosceretur
679 1031 705 1057 in
720 1029 772 1062 eis,
785 1037 838 1057 non
852 1029 1018 1064 improbare-

231 1081 282 1103 tttr.
302 1075 336 1103 Et
355 1079 463 1104 sanctus
476 1073 626 1110 Cyprianus
646 1075 743 1103 talibus
761 1074 1015 1117 adversus‘posdem

230 1121 352 1149 ctltnicos
358 1121 440 1149 utitur
449 1121 559 1148 tt-stihus
568 1130 575 1148 :
584 1129 643 1148 nam
650 1128 709 1149 cum
718 1121 751 1149 de
759 1121 843 1156 magis
850 1121 1015 1155 loqueretur,

231 1166 348 1199 (brorum
360 1166 562 1201 tamen,inquit,
574 1166 722 1201 pracipqu
734 1165 879 1193 Sosthenes
891 1164 940 1192 Ed.
951 1164 1013 1192 Ben.

230 1210 396 1246 Illostanos],
413 1217 440 1238 et
457 1209 569 1238 formam
583 1211 637 1238 veri
650 1210 697 1239 Dei
708 1215 786 1246 negat
794 1210 913 1244 coitspici
926 1217 1014 1244 posse,

230 1260 258 1284 et
271 1257 380 1292 angelos
398 1263 477 1289 veros
491 1257 556 1285 dicit
578 1256 635 1284 sedi
658 1256 716 1290 ejus
729 1257 855 1284 assistam
866 1260 896 1289 I;
920 1255 947 1283 in
962 1264 1016 1291 quo

230 1306 259 1329 et
274 1302 350 1329 i‘lato
362 1302 420 1337 pari
434 1302 537 1330 ratione
552 1302 695 1335 consentit,
716 1306 743 1329 et
756 1309 838 1330 unum
852 1301 937 1330 Deum
957 1309 1015 1330 ser-

230 1354 308 1379 vans,
330 1351 444 1374 «cteros
468 1346 577 1382 angelos
595 1346 636 1373 vcl
651 1346 788 1373 dtemonas
809 1344 1016 1375 dicitzﬂermes

229 1400 335 1427 quoque
351 1392 542 1427 Trismegistus
561 1400 643 1419 ttttutn
661 1391 743 1419 Deum
758 1392 885 1426 loquitur.
905 1396 934 1419 et
953 1399 1014 1420 eum

230 1437 635 1472 incomprehensibilcnt,atque
665 1436 878 1464 inaestimabilem
901 1437 1015 1464 conﬁte-

230 1489 283 1512 tur.
298 1484 326 1512 Si
342 1491 405 1518 ergo
419 1484 463 1511 isti
476 1482 614 1511 venissent
628 1483 659 1510 ad
671 1482 867 1521 percipiendam
881 1481 1012 1509 Christia-

231 1537 291 1557 nam
307 1525 435 1562 salutem,
451 1535 503 1557 non
523 1527 564 1560 eis
578 1528 671 1562 utique
683 1527 827 1560 diceretur,
845 1526 901 1554 Hoc
915 1526 1014 1554 malum
1029 1526 1055 1560 ο

232 1574 346 1607 habetis,
359 1574 413 1608 vel,
429 1574 523 1601 lalsum
543 1573 658 1607 habetis,
676 1572 724 1605 sed
743 1572 821 1607 plane
835 1572 931 1600 merito
944 1571 1016 1600 dicc-

229 1624 315 1652 rctur,
331 1619 388 1647 Hoc
400 1620 475 1647 vobis
488 1619 611 1654 quamvis
629 1610 768 1654 integrum
789 1622 817 1646 et
831 1617 1015 1657 verum,.nihil

229 1672 318 1694 tamen
330 1666 469 1701 prodesset
481 1665 531 1693 nisi
544 1665 577 1692 ad
589 1665 687 1692 Christi
702 1664 815 1699 gratiam
829 1663 970 1691 veniretis.
985 1663 1015 1691 Si

227 1713 292 1748 ergo
305 1712 332 1739 in
348 1711 413 1746 ipsis
435 1708 554 1738 ethnicis
576 1714 664 1745 potest
686 1708 788 1744 aliquid
808 1708 927 1736 divinum
941 1707 1017 1735 inve-

230 1757 281 1784 niri
294 1760 421 1791 recteque
442 1755 595 1790 approbari,
610 1754 731 1789 quamvis
743 1753 784 1781 eis
807 1753 880 1780 salus
901 1752 989 1780 adhuc
1001 1759 1016 1780 a

229 1801 337 1830 Christo
352 1800 501 1836 prmstanda
517 1800 562 1832 sit,
586 1807 639 1827 non
656 1803 763 1834 oportet
777 1805 826 1825 nos
844 1798 879 1825 ita
901 1798 1015 1831 moveri,

229 1847 335 1875 etiamsi
351 1846 455 1882 pejores
467 1845 521 1873 sint
536 1845 664 1877 hmretici,
681 1848 710 1871 ut
730 1844 801 1879 quod
816 1844 843 1881 ip
857 1842 897 1871 eis
917 1844 1015 1871 malum

230 1895 346 1928 ipsorum
364 1897 405 1920 est
428 1892 539 1920 velimus
563 1887 716 1928 corrigere,
732 1896 759 1919 et
780 1890 849 1925 quod
865 1890 892 1917 in
914 1890 955 1918 eis
971 1890 1020 1917 bo-

229 1948 291 1968 num
306 1944 347 1967 est
361 1938 460 1967 Christi
475 1938 589 1966 nolimus
603 1945 757 1973 agnoscere.

486 1994 598 2023 canor
618 1985 773 2022 ccxxvr.‘

231 2043 306 2077 Quod
318 2042 442 2069 charitate
456 2041 577 2077 Cypriani
592 2041 617 2067 hi
631 2040 674 2073 qui
684 2048 733 2075 Ῥει-
746 2040 816 2077 illius
831 2038 1021 2077 sententiam_re
1041 2030 1043 2032 I

264 2080 351 2105 colunt
376 2072 509 2110 czmar'e',
532 2072 703 2108 damnentur";
727 2082 760 2102 επ
780 2073 845 2101 libro
858 2080 896 2101 vn
917 2073 949 2100 de
968 2072 1020 2100 Ba-

265 2118 370 2148 pttsmo.
581 2139 589 2145 Α
731 2120 735 2123 ’

267 2169 362 2197 Verius
374 2167 542 2196 universitati
554 2166 682 2194 Ecclesia
695 2166 836 2194 catholica:
852 2165 949 2200 placuit
962 2185 969 2198 ,
990 2169 1020 2192 ut

1069 903 1116 922 nos
1127 896 1277 926 Nazarenos
1293 905 1397 935 vocant,
1409 907 1436 929 et
1451 909 1524 930 more
1537 904 1646 937 iudaice
1656 906 1774 933 carnalia
1787 914 1854 941 pra-

1068 945 1139 974 putia
1154 945 1365 979 circumcidunt;
1381 947 1436 975 nati
1452 948 1583 983 haeretici,
1597 957 1632 977 ex
1655 951 1700 978 illo
1717 959 1815 979 errore
1828 952 1854 979 ia

1067 997 1144 1024 quem
1160 989 1255 1017 Petrus
1281 991 1389 1019 devians
1407 1001 1422 1020 a
1438 993 1519 1021 Paulo
1535 1000 1677 1031 revocatus
1690 1000 1742 1029 est,
1757 997 1786 1024 in
1804 997 1854 1025 hoc

1066 1034 1153 1061 adhuc
1167 1041 1251 1069 usque
1266 1038 1421 1069 persistunt.
1438 1038 1511 1065 Sicut
1523 1046 1587 1073 ergo
1599 1039 1649 1073 illi,
1663 1041 1741 1069 Petro
1758 1041 1786 1069 in
1801 1043 1854 1076 pri-

1067 1084 1138 1106 matu
1157 1081 1338 1113 apostolorum
1363 1083 1481 1117 martyrii
1501 1084 1584 1118 gloria
1600 1089 1736 1119 coronato,
1760 1086 1788 1113 in
1806 1094 1853 1113 sua

1066 1125 1240 1158 perversitate
1253 1126 1355 1159 praecisi
1369 1127 1401 1154 ab
1409 1127 1527 1155 Ecclesia
1539 1134 1733 1162 remanserunt,
1748 1131 1852 1164 uicisti,

1065 1171 1100 1205 Cy
1106 1172 1197 1204 priano
1209 1179 1254 1205 per
1265 1172 1451 1200 abundantiam
1459 1174 1594 1201 charitatis
1603 1175 1627 1202 in
1638 1180 1738 1203 sortem
1745 1182 1852 1204 saneto-

1066 1223 1123 1242 rum
1150 1216 1280 1249 passionis
1305 1217 1424 1245 claritate
1448 1223 1586 1254 suscepto,
1610 1220 1715 1251 sei;~sos
1742 1221 1852 1249 exsules

1066 1261 1175 1287 unitatis
1194 1267 1350 1295 agnoscunt.
1375 1267 1401 1290 et
1424 1268 1516 1291 contra
1538 1266 1648 1292 unitatis
1669 1266 1783 1300 patriam
1803 1273 1851 1300 pro

1065 1307 1122 1333 suis
1136 1307 1275 1335 calumniis
1288 1308 1494 1343 civemunitatis
1511 1316 1659 1345 opponunt.

1317 1374 1428 1403 CAPUT
1448 1376 1597 1404 CCXXVII.

1066 1429 1181 1469 Quod-ut
1198 1430 1224 1456 in
1243 1432 1360 1465 pessimis
1375 1433 1506 1469 catholicis
1518 1434 1636 1460 τοῖν-ανῆ
1651 1435 1790 1468 baptisma:
1802 1443 1850 1462 ul

1101 1466 1290 1503 incipitad‘csxe
1304 1468 1372 1503 quod
1387 1468 1482 1498 deerat.
1495 1469 1539 1494 sed
1551 1470 1670 1500 prodesse
1680 1466 1747 1503 quod
1759 1472 1848 1503 ίιίεηι,

1102 1500 1138 1526 sic
1152 1504 1174 1526 et
1189 1501 1216 1527 in
1232 1500 1371 1533 hwreticis;
1387 1509 1418 1528 ex
1431 1503 1517 1528 eodem
1532 1504 1595 1530 libro
1609 1511 1646 1531 vn
1659 1500 1691 1531 ad
1704 1500 1847 1538 Raptim;

1105 1566 1153 1594 Ubi
1170 1567 1247 1594 nobis
1255 1568 1371 1595 ostendit
1381 1569 1507 1596 Dominus
1519 1570 1587 1598 Deus
1595 1569 1688 1598 nost‘er
1700 1578 1748 1606 per
1761 1572 1847 1606 pacil-

1067 1618 1128 1639 cum
1143 1612 1296 1647 episcopum
1312 1612 1472 1648 Cyprianum
1493 1618 1522 1641 et
1538 1614 1598 1642 illos
1612 1616 1657 1650 qui
1671 1616 1695 1643 ei
1708 1623 1847 1644 mmo-se-

1068 1663 1141 1690 runt,
1155 1663 1281 1692 quantum
1297 1659 1332 1686 sit
1345 1659 1473 1687 catholica
1485 1660 1728 1696 uoiIanligenda,
1743 1663 1847 1690 nti-eu

1069 1703 1137 1738 quod
1153 1705 1230 1731 aliter
1243 1704 1390 1739 sapiebaut,
1403 1705 1488 1734 donec
1500 1706 1571 1734 Deus
1589 1706 1615 1734 id
1626 1715 1731 1743 quoque
1747 1707 1846 1735 revela-

1069 1755 1119 1783 ret,
1138 1750 1283 1777 tolerarent
1297 1751 1383 1785 potius
1396 1750 1499 1778 diversa
1511 1751 1668 1784 sentientes,
1682 1760 1762 1787 quam
1774 1760 1803 1780 se
1814 1753 1846 1780 ab

1070 1796 1108 1823 cis
1130 1796 1231 1823 nefario
1246 1796 1390 1823 schismate
1404 1801 1559 1829 separarent
1575 1806 1581 1823 :
1595 1797 1640 1824 ubi
1656 1797 1845 1825 Dunatistar-

1072 1848 1179 1875 prorsus
1195 1848 1240 1867 0ra
1256 1841 1424 1872 clauduntur,
1446 1841 1526 1867 etiam
1548 1842 1570 1868 si
1594 1842 1628 1869 de
1652 1842 1846 1870 "nimianimia

1071 1886 1134 1913 nihil
1147 1886 1275 1913 dicamus.
1291 1887 1317 1913 Si
1337 1888 1406 1912 cnim
1430 1886 1491 1912 mali
1506 1886 1590 1914 bonos
1605 1887 1633 1914 in
1648 1888 1748 1916 unitate
1758 1892 1845 1915 conu-

1071 1932 1182 1964 minant,
1197 1932 1294 1959 nullam
1304 1932 1357 1965 jam
1372 1932 1516 1962 Ecclesiam
1528 1932 1571 1960 cui
1583 1933 1731 1960 sociaretur
1742 1934 1784 1962 vel
1794 1934 1846 1968 ipse

1070 1977 1218 2012 Cyprianus
1235 1977 1353 2009 invenit;
1368 1977 1391 2005 si
1407 1983 1495 2005 autern
1518 1978 1578 2005 mali
1598 1978 1684 2006 bonos
1701 1979 1728 2006 in
1750 1980 1845 2007 unitate

1042 2033 1045 2037 λ
1071 2032 1123 2051 ηοη
1136 2025 1278 2056 maculant,
1294 2025 1393 2051 nullam
1404 2032 1510 2052 causam
1521 2026 1697 2059 separationis
1705 2026 1845 2061 sacrilegas

1071 2070 1206 2097 Donatista
1227 2070 1358 2104 proponit.
1389 2071 1549 2104 Baptismum
1564 2077 1654 2098 autem
1668 2072 1692 2098 si
1706 2070 1805 2100 habent
1820 2075 1844 2098 el

1071 2116 1178 2143 tradunt
1202 2116 1246 2142 alii
1267 2120 1320 2143 tam
1340 2115 1416 2143 multi
1430 2115 1474 2150 qui
1488 2121 1633 2149 operantur
1655 2123 1736 2151 opera
1750 2116 1844 2150 canis,

1071 2163 1157 2194 qualia
1173 2162 1218 2196 qui
1233 2167 1328 2202 agunt,
1344 2170 1453 2196 regnum
1469 2162 1515 2189 Dei
1527 2169 1580 2189 non
1597 2162 1789 2203 possidebunt:
1802 2163 1844 2190 Ia-

231 2215 348 2243 ltzrretiei
365 2214 417 2247 vel,
433 2212 599 2240 schismatici
613 2212 656 2247 qui
671 2212 726 2247 jam
740 2211 839 2239 Christi
855 2211 1014 2245 baptismum
1029 2206 1055 2237 D
1070 2209 1130 2235 bent
1146 2215 1175 2234 ac
1189 2208 1295 2234 tradunt
1307 2207 1434 2240 haeretici,
1449 2207 1493 2240 qui
1509 2207 1578 2234 inter
1593 2207 1637 2234 illa
1648 2215 1730 2242 opera
1740 2215 1843 2236 calle

232 2260 286 2288 illic
299 2259 370 2287 unde
380 2258 490 2286 veniunt
503 2262 675 2291 acceperunt,
689 2258 715 2284 in
726 2257 883 2284 catltolicam
896 2264 1017 2284 commu-

232 2306 339 2333 ttionem
349 2312 408 2332 cum
424 2305 469 2331 illo
484 2303 669 2336 admittantur,
684 2303 718 2329 ab
728 2310 819 2330 errore
831 2309 880 2329 suo
892 2302 1016 2334 correcti,

233 2352 260 2382 in
273 2340 403 2378 cliaritate
417 2349 529 2377 radicati
542 2352 621 2383 atque
632 2347 744 2380 lundati;
755 2351 785 2374 ut
795 2347 863 2381 quod
877 2347 970 2374 attinet
984 2346 1017 2374 ad

232 2395 358 2431 baptismi
373 2395 578 2426 sacramentum,
605 2401 657 2420 non
679 2393 748 2425 adsit
766 2393 837 2427 quod
853 2392 954 2424 deerat,
970 2392 1017 2418 St'd

220 2440 317 2473 'prosit
327 2440 397 2475 quod
412 2439 507 2469 inerat.
525 2439 557 2466 Et
568 2440 660 2466 beatus
673 2438 781 2472 quidem
795 2437 994 2472 Cyprianusait
1009 2445 1015 2463 :

232 2488 351 2521 Corpore
366 2483 436 2519 quod
448 2484 629 2519 corrumpitur
642 2488 868 2519 nonaggravante
883 2483 998 2509 animam
1009 2503 1016 2514 ,

233 2536 261 2559 et
274 2531 439 2566 deprimente
463 2535 568 2557 tcrrctta
593 2529 783 2556 inhabitatione
805 2536 912 2556 sensum
937 2528 1018 2555 multa

233 2577 405 2610 cogitantem,
415 2583 527 2604 serenus
539 2575 663 2610 perspicit
677 2575 912 2610 reritatcm,qunm
924 2575 1021 2602 meruit

234 2623 344 2657 adipisci
356 2631 403 2657 per
413 2623 569 2650 cbaritatctn
583 2621 625 2658 [Et
637 2621 883 2656 beatusCyprianus
892 2620 998 2655 quidem
1010 2627 1018 2646 :

233 2668 291 2696 ἔειπε
304 2675 417 2701 corpore
430 2668 499 2702 quod
514 2660 693 2700 corrumpitur
714 2674 765 2693 non
787 2670 946 2701 aggravantc
962 2665 1017 2692 aui—

235 2721 320 2746 tnatn,
337 2720 387 2740 nec
400 2713 565 2747 deprimente
585 2717 689 2739 terrena
706 2711 895 2738 inhabitatione
910 2718 1017 2737 sensum

235 2759 315 2788 ntuita
329 2759 500 2793 cogitantem,
509 2759 628 2785 screnins
640 2757 767 2791 perspicit
778 2756 926 2787 veritatem,
939 2763 1017 2790 quam

272 2821 284 2833 ι
310 2815 372 2843 Vide
387 2815 559 2851 Cyprianum,
576 2815 620 2843 lib.
638 2815 670 2842 de
688 2813 819 2842 Idolot‘unt
836 2813 966 2842 Vanitatc.

1068 2255 1118 2281 rati
1133 2259 1205 2286 sunt,
1227 2254 1296 2288 quod
1323 2253 1383 2288 quia
1406 2252 1557 2280 recedendo
1579 2260 1632 2280 non
1655 2253 1842 2286 amiserunt,“

1069 2300 1173 2326 tradere
1189 2298 1323 2338 ntanendo_
1335 2303 1489 2333 potuerunt;
1504 2299 1550 2326 sed
1567 2303 1620 2326 tam
1632 2299 1795 2327 intratum
1805 2303 1843 2326 at-

1068 2353 1119 2380 quc
1135 2344 1262 2371 inutiliter
1277 2346 1341 2371 tales
1357 2344 1463 2376 talibus,
1475 2351 1554 2377 quam
1567 2349 1594 2371 et
1606 2344 1645 2381 illi
1657 2345 1749 2372 caeteri
1761 2350 1842 2380 pauet

1068 2401 1171 2425 corutn,
1186 2392 1212 2418 in
1226 2399 1258 2418 eo
1277 2391 1347 2425 quod
1359 2398 1467 2424 regnum
1487 2391 1531 2418 Dei
1546 2399 1599 2418 non
1618 2392 1841 2426 possidebunt;d

1070 2436 1292 2472 quemadmodum
1309 2436 1360 2462 illis
1379 2436 1507 2462 correctis
1530 2435 1661 2472 baptisma
1681 2443 1736 2464 non
1759 2434 1841 2470 incipit

1070 2483 1162 2510 adesse
1177 2482 1246 2517 quod
1262 2482 1368 2514 dcorat,
1383 2482 1430 2508 sed
1444 2481 1569 2515 prodesse
1581 2482 1652 2516 quod
1665 2481 1840 2517 inengsiec

1071 2527 1211 2555 luereticis.
1225 2527 1300 2554 Untle
1313 2527 1470 2562 Cyprianus,
1486 2531 1513 2554 et
1525 2527 1571 2562 qui
1584 2534 1645 2555 cum
1655 2535 1688 2556 eo
1697 2531 1837 2559 sanauit.

1071 2574 1210 2601 catholica:
1231 2573 1356 2600 Ecclesize
1371 2581 1448 2608 qualn
1467 2573 1610 2601 noluerunt
1627 2574 1778 2608 prmeidere,
1790 2579 1836 2600 η

1074 2624 1215 2653 potuerunt
1238 2619 1421 2653 prtescr.bere.
1442 2619 1517 2652 Quod
1535 2627 1598 2646 Vt'l‘o
1618 2619 1835 2656 aliterapuull

1069 2672 1121 2690 non
1137 2663 1347 2696 cxgavctcitnus,
1369 2663 1429 2697 quia
1449 2671 1508 2690 cum
1525 2663 1566 2691 cis
1586 2663 1834 2692 veneramur-dh-

1071 2718 1087 2735 ll
1096 2718 1155 2735 ttttt:
1173 2709 1241 2743 quod
1253 2714 1339 2735 autem
1353 2710 1386 2735 ab
1396 2710 1494 2736 unitate
1506 2716 1558 2736 non
1571 2715 1739 2738 recesserunt
1750 2707 1834 2746 μ’

1071 2761 1138 2781 nttts.
1156 2754 1214 2788 quia
1231 2761 1289 2781 cum
1305 2753 1344 2781 cis
1360 2753 1520 2781 :rdiiicatuur.
1534 2753 1560 2781 iu
1577 2753 1666 2782 Petra.

1543 2801 1914 3107 ,Α
