3904 6224
1289 324 1711 382 TllESAURUS.
1756 322 1906 375 CAP.
1948 323 2268 380 CCXXVII.
3298 330 3397 381 εττο

1755 433 1976 498 Arant;
2037 434 2156 488 hinc
2203 434 2341 488 enim
2392 444 2445 487 et
2503 432 2838 501 Evangelium
2907 435 3072 489 dicit:
3132 436 3391 500 Quoniam

1830 522 2114 576 abundavit
2156 523 2422 592 iniquitas,
2463 523 2767 592 refrigescet
2810 526 3039 580 cltaritas
3083 515 3391 580 multorum.

1829 615 1897 669 At
1917 631 2042 669 vero
2071 617 2230 672 ﬂante
2251 627 2432 672 austro
2458 619 2655 687 glacies
2689 620 2990 686 resolvitur,
3030 630 3086 677 et
3123 632 3393 678 torrentes

1832 709 2025 774 ﬂuunt;
2056 710 2105 765 id
2133 719 2238 779 est,
2270 713 2499 780 peccatis
2527 714 2784 780 remissis,
2830 715 3004 783 populi
3028 717 3091 769 ad
3119 715 3389 768 Christum

1828 800 2087 856 cbaritate
2134 812 2492 868 concurrunt;
2542 803 2665 858 hinc
2710 813 2764 858 et
2789 805 2913 858 alibi
2961 806 3214 874 scriptum
3266 813 3390 859 est:

1828 891 1975 944 Sicut
2004 892 2199 961 glacies
2231 893 2280 946 in
2312 907 2532 961 sereno,
2583 895 2652 947 ita
2701 895 2975 950 solventur
3021 904 3234 963 peccata
3278 905 3388 949 tua.

1829 978 2056 1034 Proinde
2085 981 2357 1037 rationalis
2387 990 2628 1037 creatura
2669 983 2779 1038 sive
2817 984 2869 1037 in
2905 983 3145 1052 angelico
3183 984 3388 1052 spiritu.

86 334 202 388 889

655 442 875 499 CAPUT
911 438 1232 497 CCXXVIII.

87 533 234 598 Qum
263 534 391 589 sint
436 534 668 588 tenebrae
708 534 1010 590 exteriores;
1055 547 1115 583 ea:
1146 530 1271 581 libro
1298 528 1359 581 de
1387 526 1562 580 Gratia
1595 522 1728 596 N'ori

573 602 874 657 Testamenti
903 604 969 653 ad
994 601 1336 653 Honoratum.

161 714 424 770 Timore
453 715 640 785 itaque
662 727 806 770 casto
832 715 1159 784 permanenti
1183 716 1234 769 in
1251 712 1501 768 sarculum
1521 710 1724 775 saeculi,

84 807 299 858 timeat
332 806 535 860 Deum
567 822 724 860 omne
749 821 927 860 semen
959 807 1141 860 Israel.
1174 806 1424 860 Timeant
1461 817 1617 868 quem
1651 801 1727 854 di-

88 894 315 961 ligunt,
355 909 488 948 non
518 894 622 948 alta
655 895 925 962 sapientio,
956 895 1049 948 sed
1084 893 1367 945 humilibus
1391 891 1728 944 consentien-

93 985 190 1049 do,
229 999 378 1038 cum
417 987 625 1039 timore
671 995 722 1038 et
768 994 998 1038 tremore
1035 998 1183 1037 suam
1225 985 1460 1051 ipsorum
1502 982 1723 1034 salutem

96 1086 439 1141 operentur
482 1073 791 1146 [operando]
816 1095 825 1126 :
852 1074 989 1128 Deus
1012 1084 1093 1128 est
1122 1071 1260 1126 enim
1288 1072 1373 1139 qni
1402 1079 1650 1137 oneratur
1673 1069 1724 1122 in

97 1165 183 1218 eis
216 1173 281 1219 et
317 1167 492 1220 velle
512 1176 564 1220 et
591 1168 795 1235 operari
845 1179 933 1232 per
979 1167 1167 1218 bonam
1213 1163 1556 1216 voluntatem.
1603 1160 1726 1212 llaec

94 1263 183 1308 est
213 1255 470 1323 justitia
501 1258 611 1319 Dei,
646 1257 744 1310 hoc
765 1264 844 1309 est
872 1253 1011 1322 quod
1035 1253 1173 1309 Deus
1193 1252 1354 1307 donat
1381 1250 1582 1305 ho’mini
1607 1265 1725 1304 cum

95 1347 394 1411 justiiicat
439 1345 702 1415 impium;
751 1346 886 1401 lianc
910 1345 1279 1414 Deijustitiam
1311 1345 1614 1411 ignorantes
1641 1355 1728 1394 su-

97 1437 264 1504 perbi
303 1437 528 1503 Judaei,
562 1448 614 1492 et
657 1452 804 1492 suam
857 1437 1096 1492 volentes
1135 1436 1479 1496 constituere,
1507 1433 1726 1501 jnstitiaa

105 1525 206 1578 ιιι-ἰ
244 1540 372 1578 non
427 1536 562 1580 sum
601 1526 843 1595 subjecti.
897 1526 1004 1578 ilac
1046 1524 1291 1592 superbia
1320 1524 1643 1589 dejiciuntur
1671 1531 1728 1576 ut

102 1613 351 1668 humilis
389 1615 671 1669 inseratur
698 1616 955 1679 oleaster,
989 1623 1042 1668 et
1075 1613 1150 1666 illi
1188 1612 1343 1666 ibunt
1387 1613 1440 1665 in
1484 1611 1727 1667 tenebras
1831 1613 1985 1676 nalis,
2009 1614 2167 1667 etiam
2194 1616 2391 1683 privata
2422 1615 2581 1679 bono,
2608 1615 2758 1685 cujus
2797 1615 3199 1684 participatione
3227 1613 3396 1667 beati-

108 1706 485 1772 exteriores,
534 1706 598 1761 de
624 1707 816 1777 quibus
850 1707 987 1759 inter
1013 1707 1111 1758 alia
1145 1704 1433 1779 requisisti,
1465 1703 1724 1758 venienti-
1831 1701 2034 1768 licatnr,
2065 1704 2113 1757 id
2145 1713 2246 1771 est,
2277 1707 2436 1760 etiam
2467 1706 2868 1760 vitiosa‘melior
2893 1714 2974 1759 est
3001 1719 3226 1772 corpore
3254 1703 3396 1772 quod

107 1796 213 1848 bus
250 1796 330 1849 ab
361 1794 589 1852 oriente
635 1805 689 1851 et
733 1797 1007 1851 occidente
1046 1795 1246 1861 multis,
1289 1795 1377 1863 qui
1418 1795 1728 1850 recumbent
1760 1785 1808 1846 Β
1834 1807 2097 1848 Summum
2126 1805 2206 1850 est
2236 1797 2288 1850 in
2319 1798 2648 1866 corporibus,
2676 1796 2726 1850 id
2752 1803 2850 1858 est,
2877 1794 2978 1850 hac
3007 1796 3124 1850 luce
3145 1810 3262 1862 qua:
3284 1808 3396 1847 δεη-

106 1899 236 1937 cum
268 1883 571 1939 Abraham
591 1926 605 1951 ,
640 1885 784 1940 Isaac
825 1895 880 1941 et
923 1885 1088 1940 Jacob
1135 1884 1187 1938 in
1216 1897 1382 1952 regno
1423 1884 1678 1938 caelorum
1706 1899 1722 1937 :
1801 1883 1955 1944 {titur
1982 1885 2151 1938 oculis
2178 1885 2375 1948 carnis,
2409 1885 2528 1953 quia
2556 1893 2609 1939 et
2639 1885 2750 1953 ipsa
2776 1899 2971 1952 corpus
3000 1893 3102 1938 est.
3128 1884 3283 1937 Omni
3306 1896 3396 1936 au-

108 1984 242 2027 snnt
276 1976 448 2030 enim
483 1975 642 2031 modo
669 1976 720 2028 in
749 1975 947 2030 exteris
983 1975 1241 2038 tenebris,
1295 1973 1436 2028 unde
1462 1974 1724 2029 correctio
1828 1978 1931 2024 tem
1961 1987 2182 2040 corpore
2208 1973 2456 2041 quaelibet
2485 1974 2795 2040 incorporea
2822 1981 3008 2027 natura
3037 1973 3391 2040 prtesmntior,

109 2064 491 2130 desperanda
521 2081 624 2120 non
656 2074 755 2131 est,
781 2080 938 2135 quam
967 2065 1013 2118 si
1039 2065 1458 2134 contempserint
1487 2063 1638 2118 ibunt
1671 2065 1722 2118 in
1827 2074 1930 2113 non
1963 2061 2103 2114 mole
2125 2061 2267 2130 (quia
2299 2077 2404 2115 non
2429 2062 2527 2116 nisi
2553 2077 2840 2130 corporum
2872 2073 2954 2116 est
2984 2060 3196 2131 moles),
3228 2062 3319 2116 sed
3343 2063 3394 2116 vi

48 2180 50 2187 ι
113 2154 392 2208 tenebras
425 2154 749 2218 exteriores,
782 2155 870 2209 ubi
901 2154 1252 2209 correctionis
1272 2154 1419 2208 locus
1451 2169 1554 2208 non
1578 2155 1720 2215 erit;
1825 2149 2052 2217 Quadam
2079 2167 2179 2221 qua
2207 2153 2605 2224 supergreditur
2634 2168 2847 2208 omnem
2879 2155 3208 2224 phantasiam
3236 2170 3394 2223 quam

113 2245 580 2310 quoniam.Deus
610 2245 699 2298 lux
739 2252 843 2310 est,
879 2255 931 2301 et
974 2245 1211 2300 tenebrae
1247 2245 1300 2299 in
1342 2259 1410 2300 eo
1451 2260 1555 2299 non
1604 2255 1727 2300 sunt
1826 2240 2030 2295 volutat
2073 2242 2277 2295 animus
2308 2242 2551 2296 haustam
2598 2241 2667 2297 de
2715 2242 2959 2296 sensibus
2988 2242 3247 2311 corporis.
3289 2240 3396 2297 Sed

124 2336 280 2398 ullae,
310 2337 420 2391 sed
455 2337 542 2390 lux
573 2337 770 2402 cordis,
815 2353 919 2392 non
965 2323 1185 2392 istorum
1209 2337 1300 2408 qui
1329 2339 1381 2392 in
1414 2351 1574 2392 carne
1601 2347 1725 2391 sunt
1825 2329 2269 2410 quemadmodum
2303 2330 2515 2400 in'ipsis
2544 2331 2877 2401 corporibus,
2914 2344 2976 2385 ea
2999 2329 3394 2410 quteinferiora

123 2429 464 2495 «culorum,
500 2443 596 2485 nec
625 2429 840 2483 omnino
866 2429 985 2484 talis
1012 2429 1183 2497 qualis
1214 2428 1369 2498 hujus
1397 2430 1621 2484 visibilis
1645 2430 1725 2483 lu-
1825 2415 1967 2484 ευηιο
2014 2419 2152 2474 8300'-
2182 2429 2318 2474 lerm
2362 2430 2414 2476 ει
2454 2437 2610 2490 aqua.
2645 2431 2695 2476 εί
2725 2423 2839 2490 ipse
2867 2437 2979 2486 ac"
3006 2420 3225 2475 meliora
3257 2419 3391 2474 “1"”

125 2517 206 2571 cis
238 2517 544 2586 phantasia
573 2518 854 2588 cogitatur,
893 2533 1190 2589 quanquam
1221 2529 1274 2575 et
1303 2520 1376 2574 ibi
1406 2527 1488 2575 est
1516 2519 1719 2588 videre,
1825 2511 2226 2580 participatione
2257 2512 2511 2576 melioris,
2556 2513 2605 2567 id
2651 2521 2751 2575 est,
2787 2527 2905 2565 cum
2939 2513 3057 2566 luce
3088 2510 3392 2566 illuminan-

124 2607 222 2661 sed
255 2611 433 2677 longe
476 2609 661 2675 aliter,
691 2609 846 2677 longe
867 2608 1222 2664 dissimiliter.
1255 2609 1436 2676 Qualis
1462 2610 1606 2664 enim
1636 2611 1720 2664 lux

1830 2611 1910 2654 tur
1939 2611 1992 2656 et
2023 2601 2227 2655 fervore
2271 2610 2599 2671 vegetamur,
2651 2601 2727 2654 sic
2766 2603 3097 2669 incorporea:
3136 2609 3396 2654 creatura:

127 2705 216 2751 est
234 2697 360 2765 ipsa
387 2697 646 2763 cbaritas,
671 2698 788 2767 quis
808 2699 985 2753 verbis
1005 2699 1270 2768 explicet?
1290 2700 1408 2767 quis
1429 2714 1611 2755 earum
1638 2716 1722 2756 re.
1827 2694 2111 2748 rationales
2149 2693 2323 2762 ipsius
2353 2693 2620 2747 Creatoris
2654 2692 2784 2744 ﬁunt
2825 2690 3231 2760 participatione
3279 2686 3395 2744 me-

129 2800 252 2839 rum
278 2802 412 2856 qum
437 2787 681 2843 sensibus
703 2791 941 2859 corporis
963 2789 1226 2859 adjacent,
1253 2791 1361 2845 ullo
1387 2792 1724 2847 demonstret
1782 2785 2011 2851 “litil‘es.
2054 2800 2173 2838 Cum
2217 2785 2263 2839 ei
2314 2800 2342 2839 ο
2385 2786 2584 2838 hanc”!
2631 2785 2914 2852 pllrisslllla
2964 2795 3017 2836 θι
3062 2782 3394 2835 sanctissima

131 2879 443 2946 exemplo?
476 2881 555 2933 An
585 2880 718 2935 forte
747 2881 830 2936 lux
860 2881 1093 2936 clm-itas
1121 2899 1225 2937 non
1254 2886 1370 2939 est?
1410 2884 1545 2939 Audi
1587 2900 1749 2957 προ-.
1826 2876 2106 2939 cbaritate,
2151 2891 2252 2944 qua
2283 2876 2590 2928 OlllnlmOdO
2617 2876 2660 2927 si
2689 2875 2979 2946 caruerint,
3025 2873 3396 2926 tenebrescent

133 2968 336 3022 stolum
369 2969 662 3035 Joannem,
694 2971 808 3040 ipse
833 2973 1026 3042 quippe
1052 2971 1184 3028 dixit
1205 2974 1343 3042 quod
1387 2975 1545 3028 modo
1573 2990 1722 3030 com-
1778 2997 1787 3008 ο
1827 2975 1880 3019 et
1903 2965 2254 3019 obdurescunt
2288 2965 2703 3032 quodammodo.
2751 2964 2979 3022 Proinde
3020 2963 3265 3017 inlidelcs
3305 2963 3396 3013 Im-

134 3059 466 3121 memoravi,
508 3061 755 3129 quoniam
795 3062 934 3116 Deus
980 3063 1066 3117 ιιιι
1088 3073 1200 3129 εει,
1231 3065 1546 3132 etiamm-ag
1577 3066 1627 3121 ίη
1657 3081 1723 3121 eo
1828 3054 1996 3108 mines
2026 3057 2259 3108 tenebrzc
2285 3062 2426 3119 sunt,
2450 3054 2536 3121 qui
2562 3069 2653 3122 per
2677 3054 2831 3107 ﬁdem
2856 3055 3096 3107 conversi
3121 3057 3185 3107 ad
3210 3053 3394 3116 Deum,

137 3164 244 3202 non
276 3160 414 3204 sunt
443 3151 607 3213 ulla);
628 3152 714 3221 qui
739 3168 922 3207 rursus
947 3155 1106 3222 dicit,
1159 3155 1297 3210 Deus
1342 3157 1572 3212 Charitas
1599 3158 1718 3215 "35L
1748 3139 1796 3200 C
1827 3143 2050 3211 quadam
2089 3143 2359 3211 praamissa
2406 3143 2790 3196 illuminatione
2841 3143 2931 3194 lux
2988 3143 3152 3194 liunt:
3183 3141 3259 3206 in
3293 3155 3396 3209 qua

1827 3231 2151 3297 proﬁciendo
2171 3232 2216 3286 si
2248 3247 2315 3286 ex
2346 3231 2540 3313 [idead
2571 3233 2802 3298 speciem
2835 3231 3207 3301 pervenerint;
3254 3241 3312 3284 ut
3342 3233 3393 3285 id

1824 3321 1963 3391 quod
1991 3321 2214 3376 credunt
2237 3323 2400 3377 etiam
2429 3323 2768 3392 prospicere,
2799 3322 2940 3378 sicut
2968 3331 3168 3376 tantum
3196 3323 3394 3376 bonum

1828 1177 1952 1216 num
1979 1179 2088 1231 quo
2125 1165 2274 1219 beata
2307 1165 2394 1219 ﬁat
2420 1182 2540 1222 esse
2571 1181 2674 1221 non
2708 1167 2914 1235 possit;
2947 1166 3038 1219 sed
3071 1165 3393 1218 mutabililas

1828 1251 1943 1321 ejus
1969 1253 2013 1307 si
2054 1263 2392 1309 convertatur
2436 1256 2502 1308 ad
2553 1255 2981 1310 incommutabile
3029 1255 3248 1317 bonum,
3301 1253 3393 1306 {lat

1827 1342 1977 1397 beata
2005 1360 2017 1395 :
2044 1344 2181 1399 unde
2211 1344 2253 1397 si
2282 1356 2551 1400 avertatur
2579 1346 2767 1400 misera
2800 1354 2900 1400 est.
2925 1346 3150 1398 Aversio
3185 1344 3300 1412 ejus
3322 1344 3394 1395 vi-

1829 1431 1957 1486 tium
1973 1433 2109 1502 ejus,
2129 1443 2181 1488 et
2201 1436 2477 1489 conversio
2489 1434 2606 1503 ejus
2617 1436 2787 1490 virtus
2803 1439 2917 1503 ejus
2933 1444 3031 1489 est.
3049 1434 3246 1487 Natura
3268 1447 3396 1502 ergo

1828 1537 1931 1576 non
1962 1533 2043 1578 est
2069 1527 2228 1591 mala,
2259 1526 2381 1593 quia
2412 1536 2652 1580 creatura
2679 1527 2896 1595 spiritus
2933 1523 3058 1595 [est]
3085 1526 3205 1577 vita:
3237 1525 3397 1576 ratio-

139 3236 216 3292 Λα
243 3253 344 3308 per
375 3241 484 3296 hoc
513 3242 556 3296 si
583 3241 723 3298 Deus
752 3243 840 3297 lux
864 3253 962 3311 est,
989 3252 1043 3300 et
1067 3244 1205 3301 Deus
1231 3245 1463 3314 charitas
1480 3258 1582 3314 est,
1603 3266 1726 3318 pro-

141 3327 281 3404 fecto
307 3331 553 3387 eharitas
573 3333 665 3387 lux
696 3332 809 3402 ipsa
833 3342 943 3399 est,
979 3350 1097 3404 quae
1125 3335 1439 3392 diffunditur
1469 3340 1521 3394 in
1550 3341 1722 3395 cordi~

1829 1071 1942 1125 sive
1966 1073 2015 1125 in
2054 1073 2226 1127 anima
2261 1072 2487 1127 humana
2518 1075 2587 1128 ita
2629 1074 2763 1128 facta
2793 1083 2871 1128 est
2893 1118 2906 1136 ,
2941 1083 3001 1128 ut
3028 1072 3127 1151 sibi
3151 1074 3261 1142 ipsa
3295 1073 3392 1126 bo-
3437 1129 3442 1134 ,
3523 1072 3528 1077 ’

141 3407 238 3472 bus
269 3422 480 3475 nostris
523 3436 617 3488 per
649 3421 902 3490 Spiritum
951 3433 1193 3479 sanctum
1225 3426 1312 3495 qui
1332 3427 1486 3482 datus
1515 3439 1598 3483 est
1628 3447 1718 3484 no-

146 3505 244 3569 bis,
275 3507 416 3563 ltem
447 3509 610 3564 dicit:
643 3511 744 3578 Qui
787 3512 900 3566 odit
939 3504 1155 3568 lratrem
1199 3511 1352 3569 suum
1401 3518 1453 3571 in
1494 3520 1725 3575 tenebris

145 3607 223 3651 est
253 3615 432 3670 usque
463 3595 658 3656 adhuc.
683 3602 800 3656 Istae
830 3613 956 3658 sunt
985 3605 1215 3659 tenebrae
1247 3606 1295 3660 in
1325 3623 1456 3677 quas
1485 3608 1724 3665 diabolus

149 3695 201 3739 ct
247 3689 430 3757 angeli
469 3689 588 3758 ejus
619 3691 839 3750 multum
870 3692 1230 3760 superbiendo
1270 3698 1538 3764 progressi
1566 3709 1723 3764 sunt;

149 3775 387 3832 charitas
411 3781 555 3834 enim
580 3794 682 3834 non
710 3781 1009 3847 tumulatur,
1055 3797 1159 3837 non
1183 3784 1429 3851 inﬂatur;
1472 3787 1591 3842 ideo
1620 3805 1723 3844 non

155 3869 458 3933 :emulatur,
492 3872 612 3938 quia
644 3886 748 3923 non
776 3869 1010 3924 inflatur.
1054 3872 1152 3926 Ubi
1183 3874 1324 3928 enim
1358 3877 1609 3943 praecedit
1642 3879 1724 3932 in-

160 3954 322 4022 ll..tio,
358 3964 616 4012 continuo
638 3960 876 4035 sequitur
904 3962 1194 4028 mntulatio,
1239 3966 1341 4034 22
1365 3967 1609 4035 quoniam
1639 3983 1727 4022 su-

157 4048 336 4108 perbia
390 4061 564 4107 mater
604 4056 686 4102 est
704 4044 1036 4103 invidentia).
1073 4051 1324 4105 Diabolus
1352 4048 1514 4122 igitur
1552 4065 1604 4111 et
1632 4072 1750 4111 an-'

158 4134 256 4202 geli
298 4135 441 4206 ejus,
487 4151 515 4186 a
549 4137 668 4190 luce
711 4131 868 4205 atque
909 4138 1116 4193 fervore
1145 4141 1416 4196 cbaritatis
1447 4147 1642 4214 aversi,
1675 4157 1728 4200 et

159 4219 310 4275 nimis
335 4224 389 4276 in
417 4225 720 4292 superbiam
749 4225 1108 4294 invidiamque
1135 4233 1422 4296 progressi,
1455 4233 1596 4287 velut
1615 4236 1727 4305 gla-

161 4308 279 4363 ciali
307 4313 506 4367 duritia
537 4323 866 4382 torpuerant,
886 4325 939 4370 et
961 4318 1079 4372 ideo
1108 4333 1201 4386 per
1223 4319 1444 4389 ﬁguram
1478 4332 1724 4394 tanquam

164 4395 213 4449 in
235 4401 491 4467 aquilone
520 4415 806 4471 ponuntur.
837 4404 988 4460 Unde
1016 4422 1136 4466 cum
1159 4411 1339 4477 generi
1366 4410 1594 4466 humano
1615 4415 1725 4469 dia.

1825 3420 1994 3479 potest
2021 3414 2278 3482 conSpici,
2311 3425 2637 3477 mereantur,
2662 3408 2950 3482 perfectam
2976 3415 3231 3480 recipient
3263 3413 3396 3466 ima-

1822 3504 1996 3571 ginem
2035 3503 2163 3569 Dei;
2197 3504 2385 3558 talibus
2409 3506 2551 3559 enim
2578 3504 3008 3573 dicitAposmlos
3033 3521 3046 3556 :
3085 3504 3278 3557 Fuistis
3300 3496 3397 3556 ali-

1826 3593 2038 3661 quando
2069 3595 2329 3659 tenebrtc,
2367 3610 2509 3650 nunc
2538 3603 2711 3649 autem
2751 3594 2836 3647 lux
2881 3595 2930 3648 in
2961 3594 3205 3648 Domino.
3234 3594 3397 3647 l’orro

1827 3683 2072 3738 diabolus
2099 3693 2154 3738 et
2182 3684 2355 3754 angeli
2393 3686 2508 3754 ejus
2539 3685 2774 3740 tenebras
2803 3697 2928 3738 sunt
2957 3685 3258 3739 inﬁdelibus
3300 3685 3398 3737 lto-

1827 3773 2055 3828 minibus
2072 3776 2392 3840 exteriores;
2415 3777 2530 3844 plus
2551 3777 2691 3831 enim
2716 3776 2784 3830 ab
2815 3776 2899 3829 illa
2922 3776 3180 3830 cbaritatc
3202 3775 3396 3842 aversi,

1824 3875 1878 3920 et
1913 3867 1965 3919 in
1997 3881 2149 3922 suum
2186 3867 2377 3921 factum
2408 3867 2926 3936 obstinationemque
2959 3870 3222 3936 progressi
3248 3879 3394 3933 sunt;

1825 3963 1880 4009 et
1901 3957 2146 4024 quoniam
2173 3968 2411 4011 extremo
2435 3958 2635 4026 judicio
2662 3958 2897 4012 dicturus
2926 3969 3007 4012 est
3036 3957 3278 4012 Christus
3307 3959 3386 4010 eis

1827 4060 1961 4111 quos
1990 4046 2055 4098 ad
2086 4047 2350 4100 sinistram
2391 4048 2679 4111 discernet,
2722 4049 2793 4101 Ite
2822 4050 2870 4099 itt
2911 4048 3083 4114 ignem
3118 4057 3395 4112 arteruum,

1827 4137 1913 4203 qui
1945 4148 2158 4202 paratus
2187 4147 2271 4191 est
2295 4137 2503 4192 diabolo
2530 4149 2582 4192 et
2611 4130 2814 4206 angelis
2845 4139 2958 4205 ejus
2985 4153 2999 4202 ;
3045 4137 3125 4189 his
3154 4129 3398 4202 malignis

1829 4225 2103 4292 Spirittbus
2144 4225 2543 4295 conjungendos
2591 4226 2853 4294 simulque
2902 4225 3228 4278 damnandos
3269 4224 3398 4278 dicit

1831 4318 1997 4369 ituros
2037 4317 2090 4370 in
2137 4317 2380 4371 tenebras
2420 4301 2736 4381 exteriores,
2768 4316 2821 4370 id
2871 4324 2956 4370 est
3000 4316 3050 4367 in
3084 4314 3393 4368 serietatem

1832 4407 2093 4473 prenalem
2118 4406 2316 4460 diaboli
2339 4415 2392 4459 et
2417 4407 2721 4476 angelorum
2747 4406 2894 4474 ejus;
2929 4406 3053 4460 huic
3079 4419 3247 4471 poena:
3267 4419 3367 4458 con
3384 4434 3397 4444 -

167 4486 310 4546 ὒοιυε
338 4494 639 4561 incubaret,
671 4506 892 4550 ventura
934 4500 1104 4566 gratia
1137 4500 1426 4556 Salvatoris
1455 4504 1646 4560 dicitur
1673 4508 1723 4562 in
1751 4489 1804 4550 Ι)
1835 4499 2050 4552 trarium
2080 4507 2161 4553 est
2188 4490 2328 4567 quod
2359 4499 2499 4553 bono
2527 4513 2682 4553 servo
2714 4499 2906 4553 dicitur
2937 4514 2951 4552 :
3002 4497 3136 4551 Intra
3179 4498 3231 4549 in
3271 4511 3398 4565 gau-

167 4578 376 4637 Cantico
397 4585 756 4638 canticorum:
784 4585 1044 4656 Exsurge,
1070 4588 1266 4656 aquilo,
1293 4599 1344 4660 et
1359 4593 1727 4664 veni,'auster,

171 4671 322 4735 perlla
355 4675 569 4728 hortum
600 4691 795 4741 meum,
824 4685 878 4731 et
907 4676 1070 4731 ﬂuent
1097 4691 1368 4743 aromata;
1395 4696 1620 4751 exsurge
1642 4685 1730 4754 qui

172 4760 335 4830 ruisti,
367 4768 458 4836 qui
484 4766 711 4821 subditis
737 4769 1018 4830 incumbis,
1052 4771 1138 4837 qui
1183 4786 1455 4839 possessos
1487 4777 1684 4842 premis
1713 4795 1727 4844 ;

173 4865 416 4927 exsurge,
437 4867 499 4913 ut
526 4875 552 4910 a
585 4868 672 4912 tuo
700 4861 932 4927 pondere
961 4851 1174 4916 relevati
1205 4865 1474 4932 erigantur
1503 4884 1728 4934 quorum

174 4946 366 5002 animas
398 4952 689 5019 premendo
714 4954 968 5005 curvasti.
1004 4953 1066 5006 Et
1104 4955 1247 5016 veni,
1292 4965 1492 5022 auster,
1537 4959 1726 5028 inquit,

178 5033 407 5102 spiritum
439 5041 692 5094 invocans
714 5043 914 5110 gratim,
951 5043 1160 5098 ﬂantem
1192 5046 1258 5099 de
1289 5048 1541 5111 meridie,
1588 5051 1732 5104 velut

178 5139 204 5176 a
233 5141 374 5195 parte
405 5132 610 5186 fervida
637 5144 690 5187 et
719 5133 1001 5195 luminosa.
1031 5144 1086 5189 et
1113 5137 1275 5190 lluant
1301 5149 1557 5192 aromata.
1587 5140 1734 5194 Unde

185 5217 454 5281 Apostolus
484 5219 650 5274 dicit:
696 5221 893 5276 Christi
931 5224 1100 5278 bonus
1129 5225 1261 5279 odor
1285 5239 1467 5280 smnus
1500 5229 1548 5280 in
1587 5229 1732 5283 onmi

185 5304 318 5375 loco;
352 5314 476 5365 hinc
517 5312 675 5366 etiam
721 5314 914 5368 dicitur
958 5315 1007 5370 in
1057 5318 1284 5384 quodam
1331 5321 1558 5384 psalmo:
1594 5323 1731 5375 Con-

186 5407 338 5466 verte,
371 5402 612 5468 Domine,
651 5403 1009 5470 captivitatem
1060 5416 1317 5471 nostram,
1363 5411 1498 5463 sit-ut
1525 5419 1731 5466 torrens

190 5484 249 5536 in‘
278 5503 487 5556 austro;
543 5483 898 5560 captivitatem
957 5495 1174 5560 scilicet,
1223 5513 1324 5564 qua
1374 5500 1472 5552 sub
1523 5501 1733 5555 diabolo

190 5586 414 5646 unquam
471 5583 570 5636 sub
621 5584 864 5651 aquiltne
922 5587 1255 5652 tenebantur,
1306 5590 1390 5643 ubi
1432 5592 1731 5647 abundante

193 5663 444 5738 iniquitate
500 5671 826 5739 frigucrant,
881 5686 931 5728 et
977 5675 1368 5744 quodammodo
1419 5684 1729 5748 congelnc-

1832 4589 1975 4642 dium
2001 4589 2208 4642 Domini
2241 4589 2343 4652 tui;
2383 4598 2437 4641 ut
2466 4599 2664 4658 quanto
2697 4599 2818 4643 sunt
2846 4588 2959 4640 istae
2991 4587 3222 4641 tenebrat
3250 4596 3398 4639 exte-

1835 4680 2024 4743 riores,
2057 4687 2201 4731 tanto
2234 4678 2302 4732 sit
2333 4677 2516 4731 lumen»
2557 4677 2684 4730 illud
2730 4676 2969 4731 interius.
3019 4675 3130 4728 Non
3164 4674 3276 4728 haec
3307 4690 3400 4741 per

1834 4770 2070 4822 locorum
2095 4768 2367 4822 intervalla
2384 4767 2529 4821 inani
2555 4769 2920 4836 phantasmate
2946 4766 3225 4835 cogitanda
3250 4774 3399 4824 sunt,

1833 4862 2014 4917 loozilia
2048 4863 2214 4930 spatia
2242 4876 2345 4915 non
2368 4872 2627 4930 occupant
2655 4862 2755 4914 nisi
2788 4867 3070 4929 corporum
3116 4859 3397 4929 [corporis]

1839 4955 2027 5008 moles.
2062 4953 2172 5006 Non
2203 4963 2283 5006 est
2319 4953 2420 5007 hoc
2448 4953 2662 5020 spiritus
2688 4952 2827 5017 vita,
2853 4968 2955 5005 non
2984 4962 3062 5004 est
3094 4952 3192 5004 hoc
3221 4952 3398 5004 anima

1840 5045 2141 5110 rationalis,
2177 5044 2340 5097 multo
2371 5046 2546 5096 minus
2573 5044 2710 5097 Deus
2737 5045 2969 5097 omnium
2994 5041 3401 5109 benignissimus

1838 5137 2079 5188 conditor
2120 5145 2173 5188 et
2211 5134 2533 5202 iustissimus
2581 5135 2873 5188 ordinatur.
2936 5132 3304 5185 Voluntatibus
3346 5143 3402 5184 et

1818 5223 2112 5278 affectibus
2143 5227 2237 5278 ista
2270 5224 2350 5278 vel
2383 5227 2758 5293 propinquare,
2806 5223 2888 5276 vel
2935 5223 3090 5289 longe
3130 5221 3265 5285 ﬁeri,
3320 5223 3400 5275 vel

1844 5317 2060 5377 intrare.
2085 5317 2165 5372 vel
2198 5318 2346 5371 exire
2375 5316 2642 5370 dicuntur.
2673 5314 2774 5369 Sed
2809 5314 2930 5382 quia
2958 5313 3096 5367 malo
3119 5327 3312 5379 Opere,
3352 5312 3402 5364 id

1835 5417 1917 5461 est
1964 5409 2273 5472 tenebroso,
2329 5407 2658 5462 delectantur
2704 5405 2990 5470 facientes,
3031 5411 3278 5458 secutura
3320 5412 3402 5457 est

1835 5511 2007 5554 autem
2040 5516 2192 5569 pmna
2224 5516 2339 5568 quae
2372 5508 2646 5568 torqueat;
2680 5497 2800 5551 ideo
2829 5497 3085 5550 Dominus
3112 5495 3201 5548 ubi
3231 5493 3396 5547 dii-it:

1836 5591 2105 5645 Tenebras
2133 5592 2444 5652 exteriores,
2488 5589 2634 5642 addit
2681 5589 2873 5648 etiam.
2929 5587 2998 5641 lbi
3034 5584 3133 5638 erit
3162 5583 3398 5651 ploratus

1836 5681 2032 5752 [ttetos]
2060 5691 2112 5736 et
2148 5682 2340 5736 stridor
2377 5679 2654 5745 dentium;
2703 5695 2768 5734 ne
2809 5678 2999 5733 talibus
3030 5672 3394 5730 oblectationi-
