3904 6224
547 293 644 351 891

1623 294 1686 352 D.
1729 290 2045 351 EUCYPPII
2084 290 2375 348 ABBATIS
2410 292 2729 351 AFRICANI

3700 305 3789 357 892

546 408 669 476 bus,
695 407 941 479 qualibus
964 405 1047 462 hic
1078 404 1236 483 iniqui
1268 402 1632 474 perfruuntur,
1669 404 1887 473 quando
1918 403 2110 458 inlide-
2145 405 2196 465 Α
2219 401 2514 472 longitudo,
2545 414 2597 457 et
2623 405 2868 470 altitudo,
2898 413 2951 459 et
2980 407 3326 474 profundum,
3357 409 3498 464 scire
3519 410 3685 465 etiam
3706 427 3783 466 su-

546 498 698 554 litate
723 509 882 570 atque
905 498 1157 567 injustitia
1188 497 1588 562 tenebrescuut,
1609 497 1770 551 etiam
1797 498 1849 550 in
1878 497 1969 550 illo
1989 510 2112 563 sup-

548 595 708 663 plicio
735 609 794 648 se
823 605 1014 647 usuros
1041 577 1319 648 dementer
1345 590 1684 654 existiment.
1700 590 1836 657 Quia
1862 589 2005 643 enim
2029 601 2116 640 vo-

551 682 718 738 lentes
748 679 944 749 injuste
979 688 1202 734 utuntur
1241 679 1417 746 bonis,
1459 667 1603 749 iuste
1636 680 1881 734 nolentes
1905 678 2112 732 crucia-

551 783 742 828 uuntur
758 772 944 836 malis;
962 770 1104 826 unde
1125 780 1348 841 possunt
1369 772 1530 826 etiam
1554 770 1790 826 tenebrz
1811 769 2112 822 exteriores

547 862 768 931 intelligi
794 876 966 931 prensa
987 857 1326 932 corporales.
1353 861 1561 931 Corpus
1591 860 1786 930 quippe
1810 848 1894 914 est
1917 859 2111 917 anima

543 954 804 1018 exterius,
835 963 893 1006 ut
917 953 1026 1009 sint
1053 953 1245 1008 animat
1267 951 1430 1018 mala,
1451 952 1644 1020 quibus
1676 965 1706 1004 a
1733 949 2008 1004 charitatis
2034 949 2114 1002 lu-

543 1042 685 1097 mine
706 1057 898 1098 aversa
917 1041 1137 1118 [mens],
1153 1045 1206 1099 in
1230 1043 1459 1114 peccatis
1481 1041 1799 1105 oblectatur,
1817 1041 2113 1096 exteriores

542 1133 806 1198 tenebrae;
824 1134 1069 1204 corporis
1083 1143 1256 1189 autem
1271 1132 1430 1198 mala,
1445 1131 1639 1200 quibus
1652 1132 1866 1186 eternis
1883 1132 1935 1186 in
1950 1131 2110 1184 finem

545 1222 900 1294 torquebitur,
942 1225 1231 1279 exteriores
1271 1222 1533 1301 tenebrae,
1569 1235 1702 1292 quas
1739 1221 1882 1277 solas
1925 1221 2113 1274 timent

538 1311 630 1380 qui
657 1313 839 1369 servili
865 1313 1038 1368 adhuc
1067 1313 1256 1370 timore
1283 1312 1612 1368 detinentur.
1646 1311 1781 1366 Nam
1803 1310 1850 1365 si
1875 1313 1954 1365 eis
1985 1309 2110 1365 lice-

537 1412 623 1457 ret
651 1403 702 1458 in
730 1403 831 1458 lllis
859 1403 1056 1458 exteris
1078 1417 1198 1470 qua:
1223 1411 1350 1458 sunt
1377 1402 1431 1457 in
1461 1402 1694 1472 peccatis
1731 1403 1948 1470 impune
1971 1416 2109 1455 sem-
2145 1431 2150 1433 -

542 1505 639 1557 per
668 1493 803 1546 volvi
832 1501 886 1546 et
921 1491 1147 1560 involvi,
1180 1491 1418 1562 profecto
1442 1507 1712 1561 nunquam
1736 1491 1934 1546 vellent
1951 1505 2110 1545 acce-

547 1587 672 1640 dere
696 1583 762 1636 ad
794 1583 986 1650 Deum,
1013 1591 1069 1639 et
1095 1583 1379 1638 illuminari
1403 1593 1457 1640 et
1484 1584 1750 1639 inhaerere
1769 1581 1843 1638 illi
1867 1596 1960 1650 per
1975 1581 2109 1635 cha-

525 1675 768 1738 ritatem,
798 1675 886 1728 ubi
917 1684 999 1730 est
1032 1675 1191 1731 timor
1227 1677 1408 1735 castus
1454 1689 1774 1744 permanens
1827 1674 1880 1727 in
1936 1682 2106 1736 sarcu-

2219 491 2639 560 pereminentctu
2683 493 2958 549 scientiam
3003 497 3277 552 charitatis
3309 499 3542 568 Christi,
3587 511 3648 554 ut
3697 501 3779 555 ita-

2218 582 2467 651 pleamini
2509 585 2560 637 in
2600 599 2815 640 omnem
2847 586 3227 656 plenitudinem
3264 591 3378 646 Dei.
3412 593 3644 650 Attende
3680 606 3782 646 em—

2172 728 2177 738 ,
2219 675 2303 726 nia
2335 673 2637 743 diligenter.
2663 674 2832 744 Hujus
2861 678 2938 731 rei
2967 680 3156 746 gratia,
3208 683 3399 749 inquit,
3431 683 3588 738 llecto
3620 697 3778 752 genus

2215 778 2331 818 mea
2362 765 2432 818 ad
2463 765 2673 821 Patrem
2713 766 2923 823 Domini
2961 769 3126 823 nostri
3159 768 3281 825 lesu
3310 770 3542 843 Christi,
3583 788 3651 827 ex
3683 788 3776 842 quo

2168 903 2171 906 .
2215 856 2391 926 omnis
2420 857 2526 927 23
2555 859 2842 925 paternitas
2873 859 2926 914 in
2955 861 3095 916 caelo
3118 871 3173 916 et
3205 862 3256 916 in
3287 871 3426 916 terra
3462 865 3773 918 nominatur.

2213 943 2420 1011 Quaeris
2444 946 2596 1015 cujus
2617 947 2693 1003 rei
2723 950 2926 1019 gratia?
2953 950 3064 1020 Hoc
3102 965 3260 1022 supra
3290 951 3533 1006 dixerat:
3564 953 3774 1022 Propter

2213 1036 2354 1106 quod
2386 1047 2509 1108 peto
2529 1055 2632 1096 non
2657 1041 2913 1098 infirmari
2954 1045 3008 1099 in
3047 1044 3482 1101 tribulationibus
3510 1048 3646 1102 meis
3688 1062 3770 1117 pro

2213 1127 2396 1192 vobis;
2439 1119 2539 1184 hoc
2567 1145 2697 1200 ergo
2723 1132 2803 1187 eis
2836 1141 2983 1202 optat
3013 1142 3069 1188 ut
3097 1149 3203 1188 non
3244 1134 3582 1190 inﬂrmentur
3606 1135 3660 1190 in
3689 1136 3768 1189 tri-

2213 1216 2572 1276 bulationibus
2592 1223 2829 1290 Apostoli
2842 1239 2977 1295 quas
2987 1239 3083 1294 pro
3104 1226 3208 1280 illis
3231 1227 3548 1293 sustinebat,
3563 1239 3616 1282 et
3630 1243 3765 1296 prop-

2213 1317 2296 1363 ter
2317 1311 2418 1364 boc
2444 1327 2616 1382 genua
2648 1304 2900 1374 ﬂectebat
2929 1317 2997 1372 ad
3029 1317 3280 1383 Patrem;
3312 1319 3536 1387 proinde
3571 1334 3672 1374 non
3694 1321 3761 1372 in-

2211 1398 2410 1456 firmari
2442 1404 2581 1458 unde
2612 1405 2716 1460 illis
2745 1404 2835 1472 sit,
2864 1408 3106 1478 sequitur
3131 1417 3188 1464 et
3211 1409 3343 1466 dicit
3371 1428 3383 1463 :
3415 1409 3483 1465 Ut
3512 1409 3601 1465 det
3629 1410 3762 1470 vobis

2209 1491 2504 1545 secundum
2549 1493 2761 1550 divitias
2799 1495 2985 1565 gloria
3023 1511 3157 1564 suae,
3205 1498 3402 1552 virtute
3445 1499 3760 1553 corroborari

2211 1596 2306 1648 per
2333 1580 2587 1651 Spiritum
2615 1582 2764 1652 ejus;
2813 1584 2897 1640 ba:
2921 1594 3045 1639 sunt
3070 1587 3268 1641 divitia:
3295 1587 3364 1642 de
3390 1586 3582 1656 quibus
3608 1588 3759 1641 dicit:

2207 1671 2253 1726 Ο
2276 1672 2502 1730 altitudo
2543 1673 2886 1730 divitiarum!
2915 1675 3138 1732 Abditas
3174 1679 3318 1733 enim
3361 1678 3560 1734 habent
3593 1693 3759 1733 causas

538 1766 658 1820 lum
687 1765 898 1830 sazculi;
946 1766 1039 1835 qui
1070 1766 1230 1821 timor
1255 1781 1361 1820 non
1389 1765 1610 1829 cruciat,
1653 1763 1746 1820 sed
1787 1758 2106 1830 tenaciorem
2140 1753 2186 1812 Β
2215 1761 2502 1828 ubi,nullis
2525 1766 2728 1821 meritis
2751 1768 3195 1834 praecedentibus,
3216 1771 3341 1840 quid
3367 1771 3621 1826 habemus
3635 1771 3755 1840 quod

537 1851 664 1910 facit
683 1853 914 1908 animam
939 1853 1065 1914 boni
1093 1854 1255 1929 illius,
1281 1854 1421 1923 quod
1449 1853 1496 1907 si
1523 1852 1804 1937 dimiserit,
1828 1848 1999 1932 cadet.

1055 1964 1280 2022 CAPUT
1317 1966 1598 2022 CCXXIX.

538 2051 671 2120 Qua
694 2054 760 2107 sit
785 2033 1021 2135 latitudo,
1043 2066 1091 2108 et
1121 2041 1406 2126 longitudo,
1444 2067 1490 2110 rt
1520 2055 1756 2140 altitudo,
1806 2064 1852 2108 et
1896 2048 2119 2179 παχείῃ-ς’

616 2123 739 2175 dum
764 2126 899 2179 quod
937 2133 1009 2178 att
1038 2125 1350 2179 Apostolus:
1396 2143 1458 2179 ea:
1503 2128 1634 2179 libro
1669 2126 1732 2178 de
1760 2123 1940 2179 Gratia
2028 2139 2107 2179 om

616 2123 739 2196 dum
764 2126 917 2196 quod,
937 2127 1009 2178 ait
1038 2123 1350 2196 Apostolus;
1396 2143 1458 2182 ca:
1503 2128 1634 2181 libro
1669 2126 1732 2178 de
1760 2123 1940 2179 Gratia
1973 2123 2108 2180 Novi

611 2190 940 2249 Testamenti.

605 2302 794 2359 Merito
815 2320 944 2375 ergo
970 2307 1193 2384 istorum
1214 2310 1301 2379 qui
1333 2319 1641 2367 saturantur
1658 2312 1838 2368 vivent
1867 2312 2030 2368 corda
2053 2314 2104 2366 in

533 2393 786 2448 saculum
818 2397 1001 2451 saeculi
1027 2411 1043 2451 :
1093 2398 1199 2452 vita
1226 2399 1369 2453 enim
1399 2393 1643 2456 Christus
1663 2411 1745 2457 est
1773 2403 1863 2472 qui
1905 2402 2104 2472 habitat

532 2483 587 2536 in
608 2483 860 2539 cordibus
875 2501 1084 2559 eorum,
1119 2488 1331 2544 interim
1355 2505 1451 2560 per
1481 2491 1662 2559 dem,
1686 2503 1805 2562 post
1830 2494 1988 2548 etiam
2011 2507 2107 2560 per

531 2576 790 2642 speciem.
821 2574 1017 2633 Vident
1042 2578 1185 2634 enim
1215 2595 1356 2634 nunc
1393 2595 1490 2650 per
1528 2583 1799 2650 speculum
1845 2583 1899 2635 in
1943 2582 2104 2650 aenig-

531 2677 697 2734 mate,
720 2675 846 2724 tunc
868 2679 1044 2726 autem
1071 2670 1206 2726 facie
1227 2671 1294 2724 ad
1324 2670 1531 2726 faciem.
1567 2671 1715 2727 Unde
1739 2673 1851 2742 ipsa
1864 2663 2106 2727 'cbaritas

533 2775 676 2814 nunc
691 2761 743 2815 in
769 2762 922 2816 bonis
940 2763 1189 2832 operibus
1206 2764 1508 2819 dilectionis
1525 2773 1824 2827 exercetur,
1841 2778 1942 2832 qua
1958 2778 2017 2821 se
2036 2763 2102 2818 ad

534 2855 952 2910 subveniendum
965 2846 1394 2927 quaquaversum
1417 2865 1615 2926 potest,
1634 2855 1884 2926 porrigit;
1907 2864 1963 2910 et
1986 2852 2103 2910 hac

532 2946 752 3000 latitudo
771 2956 884 3012 est;
920 2963 1058 3003 nunc
1077 2949 1473 3018 longanimitate
1492 2948 1714 3003 adversa
1737 2949 1946 3011 tolerat,
1969 2957 2022 3003 et
2050 2949 2102 3002 in

2215 1867 2321 1908 non
2350 1855 2688 1923 accepimus?
2712 1856 2914 1913 Deinde
2941 1861 3181 1929 sequitur
3203 1871 3258 1915 et
3276 1860 3407 1930 quid
3429 1871 3574 1930 optet
3592 1862 3754 1930 adju-

2125 1934 2128 1937 ’
2211 1944 2317 2013 git:
2362 1944 2416 1998 ln
2438 1944 2718 2012 interiore,
2749 1948 2943 2019 inquit,
2972 1949 3186 2006 homine
3211 1951 3456 2008 habitare
3486 1951 3751 2015 Christum,

2211 2046 2308 2101 per
2336 2033 2493 2088 ﬁdem
2525 2033 2578 2091 in
2607 2034 3074 2094 cordibus’vestrit
3101 2057 3117 2106 ;
3155 2041 3268 2095 htec
3295 2051 3380 2096 est
3407 2043 3509 2096 vita
3536 2043 3750 2096 cordium

2208 2135 2312 2190 qua
2343 2124 2569 2178 vivimus
2599 2126 2651 2179 in
2679 2129 2932 2183 saeculum
2961 2130 3166 2195 muli,
3196 2130 3266 2202 ab
3289 2130 3443 2186 initio
3470 2131 3586 2186 ﬁdei
3606 2146 3751 2201 usque

2208 2211 2274 2266 ad
2306 2211 2464 2269 finem
2495 2218 2722 2284 speciei:
2752 2228 2810 2273 ut
2833 2219 2888 2274 in
2917 2218 3198 2292 charitate,
3230 2222 3434 2291 inquit,
3476 2221 3680 2277 radicati
3704 2232 3750 2277 et

2210 2304 2437 2386 fundati,
2478 2309 2812 2374 pravaleatis
2858 2311 3318 2382 comprehendere
3363 2329 3484 2369 cum
3521 2315 3748 2370 ’θωῦμα

2206 2387 2428 2451 sanctis.
2466 2395 2571 2452 ista
2611 2394 2693 2454 est
2729 2403 3034 2457 communio
3059 2396 3336 2473 cujusdam
3367 2405 3554 2459 divinae
3580 2404 3746 2460 cccles-

2209 2488 2385 2557 tisque
2411 2488 2739 2558 reipublicaz,
2771 2490 2894 2547 hinc
2913 2503 3218 2549 saturantur
3242 2509 3520 2564 pauperes,
3543 2511 3638 2549 rm
3661 2510 3744 2548 sua

2205 2588 2526 2649 querentes,
2550 2581 2644 2636 sed
2674 2596 2795 2651 qua
2814 2582 2940 2639 Jesu
2965 2577 3182 2653 Christi,
3211 2584 3265 2639 id
3294 2574 3380 2641 est
3404 2601 3509 2641 non
3536 2601 3744 2642 eota-a-

2206 2670 2274 2724 da
2296 2671 2501 2739 privata
2525 2668 2814 2739 sectanles,
2857 2675 2950 2730 sed
2978 2673 3028 2730 in
3059 2691 3344 2732 commune
3375 2679 3460 2732 ubi
3488 2679 3620 2732 salus
3642 2692 3744 2730 orn.

2208 2761 2354 2816 nium
2384 2770 2467 2817 est
2490 2764 2854 2820 consulentes.
2885 2765 3016 2821 Nam
3059 2767 3127 2822 de
3166 2768 3282 2837 ipso
3312 2783 3450 2838 pane
3491 2784 3588 2840 quo
3625 2771 3742 2824 tales

2205 2860 2537 2923 saturantur,
2568 2853 2800 2924 quodam
2833 2855 2954 2910 loco
2983 2859 3270 2927 Apostolus
3299 2858 3432 2914 dicit
3456 2877 3468 2912 :
3511 2859 3639 2914 Unas
3663 2871 3740 2927 pa-

2205 2943 2313 3010 nis,
2349 2959 2513 2998 unum
2559 2959 2752 3014 corpus
2798 2946 2949 3017 multi
2976 2963 3178 3002 sumus.
3213 2950 3353 3014 Quid
3383 2964 3505 3019 ergo
3528 2963 3739 3016 compre-

528 3052 592 3093 co
611 3038 753 3108 quod
780 3040 1041 3095 veraciter
1062 3043 1233 3095 tenuit
1254 3051 1581 3110 perseverat,
1609 3051 1664 3097 et
1683 3041 1798 3095 haec
1825 3039 2098 3109 longitudo
2134 3100 2172 3111 _
2209 3033 2443 3089 Ιιεῐιίιοτθ
2462 3034 2485 3088 7
2507 3033 2634 3101 Qui!
2662 3037 2750 3103 Sil.
2781 3038 2967 3107 inquit.
2991 3037 3213 3092 Ιθῑίιιιάο
3233 3056 3247 3090 ε
3271 3039 3411 3093 sicut
3437 3039 3580 3094 etiam
3603 3036 3735 3111 U30)

528 3100 645 3182 est;
693 3129 993 3186 bocautem
1024 3141 1192 3188 totum
1239 3100 1455 3204 propter
1496 3100 1891 3203 adipiscendam
1914 3100 2098 3188 “vitam
2126 3100 2176 3164 ο
2203 3121 2336 3188 (“iis
2365 3122 2420 3177 in
2445 3100 2598 3179 δοῐίίε
2624 3100 2875 3194 ορείίδυέ
2920 3100 3108 3196 finibus
3147 3127 3510 3182 δεοονοιεηιί³
3546 3100 3738 3198 Wall;

529 3212 655 3274 facit
678 3231 956 3286 aeternam,
975 3238 1093 3292 qua:
1117 3223 1196 3278 illi
1225 3225 1551 3292 promittitur
1567 3227 1621 3280 in
1651 3226 1886 3293 excelso,
1909 3236 1962 3282 et
1981 3226 2099 3282 haec

527 3311 756 3385 altitudo
783 3321 885 3368 est.
930 3315 1120 3369 Existit
1162 3304 1289 3370 v’ero
1338 3331 1402 3370 ex
1456 3317 1665 3389 occulto
1711 3319 1813 3372 ista
1841 3317 2094 3385 charitas,

526 3398 616 3453 ubi
662 3397 867 3455 fundati
918 3403 1311 3472 quodammodo
1340 3415 1392 3460 et
1451 3405 1668 3460 radicati
1711 3421 1936 3472 sumus;
2009 3407 2098 3461 ubi

526 3505 704 3545 causae
733 3493 1017 3547 voluntatis
1046 3493 1139 3550 Dei
1165 3509 1267 3550 non
1304 3495 1710 3564 investigantur,
1748 3494 1906 3565 cujus
1929 3497 2098 3565 gratia

523 3595 712 3634 sumus
742 3581 872 3635 salvi
901 3581 1059 3647 facti;
1078 3597 1188 3637 non
1214 3599 1281 3660 ex
1324 3585 1582 3660 operibus
1601 3584 1821 3654 iustitia:
1857 3599 1976 3654 quae
2001 3599 2100 3641 nos

523 3669 772 3735 fecimus,
800 3672 893 3727 sed
922 3671 1213 3728 secundum
1242 3674 1380 3742 ejus.
1403 3675 1846 3730 misericordiam.
1897 3675 2096 3730 Volun-

524 3764 656 3817 tarie
710 3762 901 3833 quippe
945 3765 1129 3832 genuit
1169 3780 1266 3820 nos
1308 3768 1472 3821 verbo
1501 3765 1835 3831 veritatis,et
1863 3765 1977 3820 haec
2005 3781 2097 3822 vo-

523 3853 698 3908 luntas
723 3868 841 3922 ejus
867 3853 919 3907 in
950 3853 1129 3909 abdito
1156 3863 1261 3919 est,
1284 3855 1438 3924 cujus
1460 3855 1654 3910 secreti
1681 3853 2094 3923 profunditatem

523 3946 919 4012 quodammodo
946 3961 1304 4017 expavescens
1325 3949 1618 4016 Apostolus
1644 3949 1875 4003 clamat:
1905 3948 1950 4003 0
1976 3949 2097 4002 alti-

524 4037 652 4090 tudo
678 4037 988 4092 divitiarum
1019 4039 1294 4107 sapientiat
1319 4049 1376 4094 et
1402 4039 1640 4095 scientia:
1665 4039 1760 4095 Dei
1785 4039 1798 4092 ε
1829 4040 2096 4120 quam/in-

522 4129 833 4184 scrutabilia
865 4139 990 4184 sunt
1020 4129 1217 4200 judicia
1258 4129 1408 4199 ejus,
1454 4139 1509 4186 et
1555 4130 1954 4200 investigabiles
1997 4130 2096 4184 vite

521 4219 668 4287 ejus!
697 4221 828 4287 Quis
856 4222 997 4276 enim
1023 4221 1272 4291 cognovit
1291 4235 1506 4276 sensum
1531 4220 1739 4275 Domini
1761 4223 1784 4273 ?
1809 4221 1989 4276 ethoc
2011 4211 2095 4274 est

525 4310 865 4378 profundum.
891 4310 1129 4364 Altitudo
1149 4311 1344 4380 quippe
1370 4325 1655 4367 commune
1683 4326 1878 4365 nomen
1900 4321 1981 4365 est
2001 4326 2092 4365 ex-

525 4400 671 4454 celso
698 4410 754 4456 et
783 4401 1069 4470 profundo,
1100 4403 1194 4456 sed
1222 4417 1343 4457 cum
1369 4403 1423 4457 in
1445 4418 1527 4458 ext
1544 4403 1660 4457 elso
1687 4401 1899 4468 dicitur,
1921 4401 2086 4456 subli-

2204 3221 2290 3267 tur
2329 3229 2502 3285 usque
2554 3215 2620 3270 ad
2668 3215 2968 3286 diligendus
3011 3215 3285 3284 inimicos;
3325 3227 3380 3272 et
3401 3217 3659 3287 longitudo,
3687 3228 3735 3270 at

2199 3303 2576 3374 longanimiter
2602 3321 2698 3376 pro
2727 3308 2827 3362 hac
2863 3298 3140 3363 latitudine
3167 3308 3426 3364 molestia:
3456 3307 3729 3364 tolerantur;

2201 3406 2254 3452 et
2285 3397 2531 3463 altitudo,
2563 3407 2622 3454 ut
2653 3415 2748 3468 pro
2778 3401 2861 3455 his
2887 3411 3148 3457 aeternum
3180 3403 3319 3472 quod
3350 3403 3404 3456 in
3428 3402 3644 3472 supernis
3659 3410 3733 3454 est

2201 3488 2498 3557 premium,
2543 3504 2651 3545 non
2685 3491 2890 3546 varium
2928 3489 3126 3562 aliquid
3155 3493 3449 3561 temporale
3474 3501 3686 3560 speretur
3713 3506 3727 3553 ;

2199 3589 2252 3633 et
2279 3580 2616 3648 profundum,
2643 3581 2781 3636 unde
2801 3583 3030 3651 gratuita
3056 3583 3223 3652 gratia
3255 3582 3346 3636 Dei
3372 3582 3638 3638 secundum
3654 3590 3727 3633 se;

2198 3675 2405 3724 cretum
2433 3678 2486 3723 et
2512 3669 2752 3724 abditum
2783 3658 3070 3726 voluntatis
3112 3672 3228 3740 ejus
3264 3672 3463 3727 existit.
3507 3673 3572 3726 lbi
3607 3672 3724 3725 enim

2199 3757 2442 3823 radicati,
2472 3757 2546 3840 ibi
2576 3758 2777 3813 fundati
2803 3773 3017 3824 sumus;
3050 3761 3272 3816 radicati
3303 3775 3514 3830 propter
3530 3751 3723 3830 agricul-

2199 3855 2393 3913 turam,
2423 3846 2625 3902 fundati
2659 3859 2878 3918 propter
2904 3850 3333 3926 tedilicationem.
3365 3851 3487 3918 Qua
3513 3849 3724 3918 quoniam

2199 3951 2306 3989 non
2329 3945 2413 3991 est
2435 3936 2503 3991 ab
2525 3936 2738 3992 homine
2763 3938 2891 3992 dicit
2909 3939 3015 3998 alio
3036 3938 3152 3993 loco
3173 3939 3314 3993 idem
3339 3942 3627 4007 Apostolus:
3651 3935 3722 3987 Dei

2194 4027 2516 4096 agricultura
2546 4025 2745 4099 [estis],
2779 4027 2874 4083 Dei
2915 4029 3194 4084 mdilicatio
3239 4030 3390 4084 estis.
3442 4029 3543 4082 lloc
3583 4035 3721 4080 totum

2195 4118 2355 4195 igitur
2376 4131 2495 4172 cum
2528 4119 2579 4171 in
2613 4121 2712 4173 hac
2742 4129 2921 4174 nostra
2949 4120 3377 4192 peregrinatione
3405 4118 3528 4173 ﬁdes
3555 4133 3636 4186 per
3658 4117 3720 4169 di-

2196 4207 2479 4263 lectionem
2503 4220 2776 4278 operatur,
2803 4211 2854 4265 in
2886 4210 3061 4265 futuro
3087 4222 3266 4265 autem
3296 4211 3490 4266 saeculo
3531 4207 3719 4278 perfecta

2193 4309 2247 4352 et
2269 4299 2420 4366 plena
2449 4301 2699 4365 charitas,
2735 4301 2853 4356 sine
2881 4303 2990 4356 ulla
3018 4304 3278 4356 malorum
3312 4303 3597 4365 tolerantia,
3636 4314 3717 4352 neu

2199 4390 2301 4443 fide
2320 4391 2490 4445 credit
2509 4392 2650 4459 quod
2673 4407 2776 4446 non
2791 4391 2927 4447 videt
2937 4434 2964 4458 ,,
2980 4407 3076 4448 nec
3091 4409 3188 4461 spe
3209 4394 3473 4462 desiderat
3489 4391 3614 4461 quod
3637 4406 3718 4442 nm

522 4494 721 4550 nritatis
750 4453 1034 4550 eminentia
1065 4493 1500 4559 commendatur;
1532 4509 1652 4548 cum
1682 4505 1860 4548 autem
1886 4492 1938 4546 in
1960 4506 2084 4561 pro—
2112 4453 2166 4512 Β
2193 4487 2354 4544 Ιθηθιο
2386 4479 2476 4532 sed
2509 4481 2556 4532 in
2589 4490 2848 4534 alternum
2872 4481 3110 4535 veritatis
3129 4481 3602 4547 incommutabilem
3622 4491 3717 4545 spe-

521 4580 706 4643 fundo,
733 4583 1016 4639 difficultas
1045 4582 1462 4654 investigationis
1490 4591 1548 4638 et
1568 4583 1906 4651 cognitionis.
1934 4581 2085 4637 Unde

521 4681 574 4724 et
614 4671 742 4724 illud
769 4672 878 4726 Deo
904 4673 1136 4727 dicitur:
1182 4673 1351 4740 Quam
1388 4672 1719 4740 magnificam
1745 4678 1887 4724 .sunt
1920 4685 2083 4738 opera

520 4773 636 4827 tua,
664 4762 904 4824 Domine,
933 4762 1086 4816 nimis
1120 4761 1397 4829 profunda:
1419 4762 1570 4815 lactat
1599 4770 1719 4815 sunt
1739 4759 2084 4830 cogitationes

527 4864 666 4916 tum;
697 4860 751 4902 et
783 4852 1010 4904 iterum:
1053 4849 1258 4904 Judfcia
1298 4861 1386 4905 tua
1437 4850 1586 4906 velut
1632 4849 1794 4904 multa
1841 4850 2082 4918 abyssus.

523 4942 656 4996 llinc
688 4941 849 5009 igitur
877 4950 958 4994 est
991 4938 1120 4993 illud
1162 4941 1396 5006 Apostoli
1428 4941 1570 5009 quod
1604 4938 1984 5008 requirendum
2013 4939 2092 4992 in-

528 5048 608 5089 ter
635 5044 829 5086 caetera
878 5029 1134 5099 posuisti:
1183 5029 1349 5099 llujus
1373 5033 1450 5086 rei
1476 5032 1665 5099 gratia,
1702 5032 1902 5097 inquit,
1935 5033 2091 5085 llecto

524 5138 698 5188 genua
727 5136 843 5194 mea
872 5121 936 5174 ad
967 5118 1178 5177 Patrem
1211 5120 1418 5174 Domini
1441 5122 1606 5176 nostri
1632 5123 1758 5176 Jesu
1779 5112 2086 5185 Christi,'ex

521 5227 628 5279 quo
655 5211 829 5269 omnis
856 5211 1147 5277 paternitas
1177 5211 1229 5269 in
1260 5211 1397 5265 cualu
1421 5221 1476 5267 et
1496 5213 1548 5266 in
1578 5223 1734 5268 terra.
1756 5212 2081 5277 nominatur,

441 5319 454 5326 ί
524 5300 690 5355 utdel
719 5300 870 5353 vobis
897 5301 1184 5354 secundum
1218 5301 1432 5355 divitias
1461 5302 1644 5370 glorite
1687 5317 1833 5366 suae,
1893 5302 2084 5357 virtute

523 5392 857 5446 corroborari
887 5407 980 5461 per
1001 5391 1258 5460 Spiritum
1288 5393 1404 5460 ejus
1427 5432 1443 5456 ,
1491 5392 1542 5444 in
1579 5392 1828 5447 interiore
1869 5393 2085 5448 homine

526 5482 764 5536 habitate
790 5478 1082 5544 Christum,
1108 5497 1200 5545 per
1222 5481 1378 5536 fidem
1413 5482 1463 5536 in
1490 5481 1738 5536 cordibus
1769 5485 1989 5551 vestris,
2025 5496 2081 5539 ut

522 5575 574 5626 in
603 5575 859 5627 cliaritatc
888 5574 1104 5628 radicati
1135 5583 1190 5627 et
1216 5572 1441 5640 fundati,
1482 5573 1810 5643 prtuvaleatis
1832 5589 2078 5643 compre-

557 5661 758 5718 andcrc
786 5677 905 5718 cum
945 5663 1188 5718 omnibus
1227 5663 1424 5728 sanctis
1466 5679 1585 5732 qua:
1633 5663 1702 5719 sit
1750 5663 1991 5733 latitudo,
2023 5673 2074 5720 et

2190 4564 2325 4624 ciem
2374 4571 2842 4641 contemplabitur,
2883 4573 3039 4640 cujus
3064 4573 3184 4627 sine
3213 4572 3318 4627 line
3347 4573 3570 4641 quictunt
3611 4581 3718 4635 opus

2188 4660 2291 4714 erit
2336 4659 2551 4716 laudare
2599 4663 2739 4730 quod
2790 4673 2954 4726 amat,
2983 4673 3038 4718 et
3076 4677 3256 4718 amare
3281 4664 3417 4732 quod
3455 4664 3633 4716 laudat.
3659 4658 3717 4711 De

2191 4748 2315 4804 hinc
2353 4749 2494 4822 [hac]
2523 4761 2912 4819 consequenter
2943 4751 3109 4806 dicit:
3159 4753 3314 4806 Scire
3359 4754 3512 4807 etiam
3555 4763 3713 4815 super-

2189 4841 2510 4896 eminentem
2543 4845 2818 4897 scientiam
2866 4844 3135 4898 charitatis
3168 4845 3398 4907 Christi,
3430 4855 3484 4898 ut
3529 4843 3712 4908 implea-

2195 4935 2322 4987 mini
2353 4935 2404 4988 in
2434 4948 2644 4988 omnem
2678 4936 3054 5007 plenitudinem
3098 4937 3214 4992 Dei.
3261 4938 3316 4991 In
3366 4937 3459 4990 hoc
3499 4934 3711 5005 mysterio

2194 5022 2360 5092 llgura
2386 5027 2560 5078 crucis
2581 5027 2879 5080 ostenditur
2911 5027 3036 5096 :qui
3077 5028 3218 5081 enim
3248 5029 3368 5098 quia
3406 5027 3557 5081 voluit
3594 5037 3707 5077 mor-

2191 5123 2316 5166 tuus
2341 5122 2458 5178 est,
2495 5114 2759 5182 quomodo
2793 5114 2960 5168 voluit
2995 5125 3236 5170 mortuus
3260 5127 3374 5180 est;
3418 5131 3516 5168 non
3546 5114 3704 5166 frasm

2189 5204 2347 5273 igitur
2374 5205 2478 5258 tale
2499 5219 2665 5273 genus
2687 5205 2872 5261 mortis
2893 5206 3070 5275 elegit,
3098 5207 3195 5260 nisi
3223 5215 3276 5260 ut
3301 5207 3351 5260 in
3367 5222 3430 5260 eo
3447 5216 3629 5274 quoque
3646 5199 3702 5250 1³·

2191 5294 2433 5349 titudinis
2457 5295 2632 5363 hujus,
2659 5296 3020 5367 longitudinis,
3046 5307 3100 5352 et
3120 5297 3430 5360 altitudinis,
3454 5304 3504 5349 et
3527 5290 3700 5362 profun-

2188 5384 2368 5440 ditatis
2390 5370 2644 5453 magistcr
2673 5389 2943 5440 existeret.
2969 5369 3098 5441 Nam
3129 5387 3352 5440 latitudo
3378 5393 3458 5440 est
3491 5385 3538 5436 in
3573 5395 3627 5434 eo
3650 5380 3695 5430 li-

2185 5491 2290 5546 gno
2317 5478 2455 5546 quod
2486 5487 2846 5533 transversum
2878 5475 3102 5548 desuper
3132 5480 3338 5548 figitur;
3369 5479 3465 5533 hoc
3496 5477 3556 5530 ad
3585 5474 3691 5527 lauta

2182 5585 2344 5640 opera
2376 5571 2628 5639 pertinet,
2677 5572 2798 5639 quia
2830 5572 2898 5624 illi
2941 5571 3294 5627 extenduntur
3323 5584 3527 5632 manus;
3555 5562 3688 5631 longi-

2184 5665 2309 5720 tudo
2341 5664 2391 5717 iu
2420 5680 2483 5718 co
2511 5664 2651 5732 quod
2695 5666 2761 5720 ab
2788 5666 2899 5734 ipso
2942 5665 3081 5734 ligno
3107 5682 3271 5736 usque
3303 5666 3366 5721 ad
3397 5673 3568 5721 tertatu
3590 5670 3688 5710 cott-
