3904 6224
372 270 473 323 ὶδθὸ

1538 281 1966 337 τιιεεΑυιιυδ.
2007 282 2158 339 CAP.
2199 285 2453 343 CCXXX.

3500 305 3601 360 896

364 379 607 471 spientim
630 399 731 454 est,
758 392 826 445 ibi
851 392 991 448 enim
1013 392 1401 462 quodammodo
1430 403 1617 461 statur,
1646 401 1798 455 idest
1819 414 1937 484 per
1966 398 2012 457 A
2042 399 2267 467 majores
2293 410 2545 470 peccant,
2575 401 2858 461 offerentes
2883 369 3002 464 eum
3028 418 3189 481 atque
3231 413 3468 486 obligare
3509 432 3600 473 co-

363 476 574 534 sistitur
592 489 647 534 et
662 491 1052 550 perseveratur,
1077 489 1216 555 quod
1244 486 1626 558 longanimitati
1640 481 1922 547 tribuitur:

363 561 593 627 altitudo
619 581 701 626 est
730 575 781 628 in
813 590 876 630 ea
905 575 1031 648 ligni
1061 587 1208 646 parte
1236 589 1357 654 qua:
1380 581 1447 636 ab
1477 582 1567 638 illo
1596 585 1737 653 quod
1762 595 1937 642 trans-

2042 499 2225 546 nantes
2246 492 2544 548 daemonum
2575 497 2848 566 sacrilegis
2892 501 3148 568 vinculis,
3178 518 3285 560 non
3314 515 3394 561 est
3421 509 3596 563 anima

2038 588 2382 650 utrorumque
2408 585 2724 650 communis,
2751 594 2809 639 ut
2842 589 3004 643 etiam
3024 593 3230 660 culpam
3257 597 3466 663 possint
3495 597 3592 652 ba-

362 677 583 718 versum
614 666 792 735 ﬁgitur
815 683 1024 724 sursum
1052 686 1240 727 versus
1269 674 1603 744 relinquitur,
1636 678 1737 734 hoc
1763 691 1844 735 est
1868 682 1936 737 ad
2037 669 2164 725 bere
2185 685 2520 729 communem
2543 691 2556 725 ³
2581 683 2687 729 ηοη
2715 677 2853 732 enim
2886 679 2966 733 δίε
2994 685 3414 740 communicatur
3439 687 3592 756 culpa

340 763 523 822 caput
551 756 811 825 cruciﬁxi,
839 761 957 827 quia
981 758 1118 834 bene
1139 763 1469 832 sperantium
1489 779 1720 834 superna
1743 785 1932 841 exspe—
2035 772 2132 827 Per
2157 759 2380 815 θιῑετῖυε
2407 762 2734 819 "Iuniam"!
2760 804 2777 830 ν
2818 770 3260 836 quemadmodum
3302 779 3594 831 οοιηπιωιί·

356 845 528 898 ctatio
552 854 654 907 est.
683 846 800 904 Jam
823 864 949 905 vero
976 850 1105 906 illud
1131 867 1196 907 ex
1228 853 1374 924 ligno
1395 857 1536 928 quod
1564 873 1668 913 non
1689 870 1928 931 apparet,

356 937 504 1002 quod
545 939 703 996 ﬁxum
747 941 1065 1010 occultatur,
1113 944 1252 1001 unde
1300 955 1464 1002 totum
1509 949 1640 1005 illud
1663 955 1926 1024 exsurgit,

359 1026 775 1095 profunditatem
803 1032 1064 1103 signiﬁcat
1087 1036 1331 1104 gratuitae
1351 1039 1556 1109 gratiae,
1589 1041 1642 1095 in
1664 1057 1768 1113 quo
1788 1045 1924 1098 mulo

356 1124 537 1171 torum
591 1118 800 1193 ingenia
848 1131 1198 1180 conteruntur
1245 1127 1296 1181 id
1342 1131 1683 1200 pervestigari
1727 1147 1926 1189 conan-

356 1205 514 1271 tium,
547 1215 606 1263 ut
630 1209 695 1264 ad
719 1221 1012 1267 extremum
1039 1215 1119 1270 eis
1149 1217 1352 1274 dicatur
1377 1220 1471 1276 :'0
1507 1221 1689 1292 homo,
1722 1235 1775 1278 tu
1804 1227 1924 1298 quis

353 1294 439 1362 es,
472 1291 926 1380 qui'respondeas
955 1303 1098 1360 Deo?
1131 1305 1318 1363 Vivent
1355 1324 1482 1380 ergo
1509 1291 1679 1369 corda
1715 1291 1923 1372 satura-

355 1395 536 1443 torum
550 1376 856 1459 pauperum
887 1394 938 1447 in
968 1395 1218 1452 saeculum
1246 1376 1447 1468 saeculi,
1479 1399 1580 1456 hoc
1616 1411 1699 1459 est
1740 1404 1920 1460 humi-

323 1478 486 1548 lium
513 1480 770 1541 charitale
800 1484 1153 1556 ﬂagrantium,
1180 1505 1281 1544 non
1307 1507 1398 1547 sua
1430 1495 1797 1563 qurerentium,
1822 1500 1917 1554 sed

352 1581 660 1630 sanctorum
688 1577 940 1632 societate
966 1579 1329 1647 gaudentium.

871 1689 1094 1778 eam
1140 1692 1396 1751 ccxxx.

354 1797 542 1882 Utrum
571 1811 800 1882 paren'es
844 1805 1110 1882 baptisqtis
1151 1809 1377 1874 parvulis
1415 1821 1646 1882 noceant,
1675 1829 1788 1866 eum
1830 1831 1916 1870 eos

423 1872 1066 1948 dentoniorumsacriﬁciis
1084 1872 1264 1948 sanare
1275 1872 1612 1948 conanturket
1630 1872 1675 1935 si
1699 1899 1796 1936 non
1820 1900 1914 1938 no-

321 1943 327 1949 “
401 1942 831 2022 cognouerim“
864 1943 937 2022 eis
963 1946 1124 2014 prosit
1162 1942 1626 2022 rum‘baptisantur
1653 1963 1914 2022 parentum

418 2009 569 2077 ﬁdes,
589 2021 806 2080 quorum
831 2013 899 2066 eis
922 2009 1021 2068 non
1051 2025 1212 2085 potest
1225 2009 1403 2072 ‘obess'e
1423 2009 1701 2086 inﬁdelitas
1723 2024 1748 2075 ?

426 2122 633 2191 Quaeris
665 2128 695 2179 a'
737 2138 1040 2190 me,utrum
1087 2139 1334 2199 parentes
1363 2133 1644 2204 baptizatis
1678 2135 1912 2205 parvulis

292 2210 296 2213 ’
345 2215 462 2270 suis
490 2224 716 2270 noceant
737 2231 854 2271 cum
885 2217 978 2270 eos
1007 2219 1389 2280 dremoniorum
1415 2226 1692 2280 sacriﬁciis
1722 2241 1911 2295 sanare

346 2309 648 2362 conamur?
678 2318 730 2364 et
753 2310 795 2364 si
829 2325 931 2364 non
964 2323 1173 2379 nocent,
1203 2315 1468 2384 quomodo
1489 2318 1567 2374 eis
1597 2317 1764 2386 prosit
1785 2333 1906 2374 cum

345 2395 680 2464 baptizantur
708 2409 977 2469 parentum
1010 2401 1140 2458 ﬁdes
1164 2445 1179 2470 ,
1207 2420 1428 2474 quorum
1480 2411 1559 2463 eis
1602 2424 1708 2465 non
1737 2419 1907 2480 potest

345 2487 540 2541 obesse
579 2489 830 2564 perﬁdia?
862 2490 957 2546 Ubi
998 2496 1293 2563 respondeo
1325 2505 1521 2551 tantam
1551 2499 1694 2553 illius
1723 2504 1901 2555 sacra-

343 2578 531 2641 menti,
565 2577 758 2634 hocest
783 2579 1025 2650 baptismi
1065 2583 1332 2650 salutaris,
1378 2600 1494 2640 esse
1523 2589 1770 2644 virtutem
1801 2630 1816 2655 ,
1851 2590 1902 2644 in

343 2678 527 2722 sancta
538 2683 790 2740 compage
801 2672 1035 2740 corporis
1047 2673 1324 2749 Christi,ut
1335 2677 1495 2730 semel
1509 2688 1796 2746 generatus
1808 2696 1903 2751 per

343 2761 566 2826 aliorum
583 2765 848 2819 carnalem
865 2766 1204 2835 voluptatem,
1227 2774 1345 2839 cum
1366 2771 1529 2825 semel
1552 2759 1894 2849 regeneratus

344 2850 507 2906 fuerit
533 2868 626 2921 per
650 2854 871 2913 aliorum
913 2857 1204 2924 spiritalem
1243 2862 1590 2930 voluntatem,
1638 2864 1891 2938 deinceps

342 2956 451 2996 non
489 2945 658 3011 possit
681 2946 890 3028 vinculo
932 2947 1117 3003 alienae
1164 2950 1455 3029 iniquitatis
1483 2955 1784 3027 obstringi,
1818 2962 1900 3016 cui

341 3034 486 3085 nulla
514 3050 607 3088 sua
628 3037 896 3092 voluntate
927 3041 1213 3094 consentit.
1248 3044 1312 3097 Et
1339 3045 1510 3107 anima
1543 3049 1684 3102 enim
1729 3054 1891 3116 patris

2030 858 2182 904 catur
2234 852 2405 920 gratia
2455 869 2550 922 per
2583 855 2816 924 Spiritus
2853 862 3022 915 sancti
3073 864 3352 919 unitatem.
3408 869 3592 924 Potest

2028 939 2168 994 enim
2196 951 2250 996 et
2278 942 2330 997 in
2356 942 2458 998 hoc
2490 955 2544 1000 et
2573 947 2626 1000 in
2658 946 2754 1004 illo
2796 948 3012 1006 homine
3038 967 3156 1008 esse
3201 971 3338 1011 unus
3364 958 3592 1027 Spiritus

2026 1039 2275 1100 sanctus,
2331 1035 2537 1089 etiamsi
2591 1037 2816 1093 invicem
2873 1042 3114 1097 nesciant
3171 1059 3265 1113 per
3309 1063 3466 1115 quem
3515 1051 3616 1104 sit'

2026 1123 2298 1195 utriusque
2323 1129 2492 1195 gratia
2516 1133 2834 1188 communis.
2860 1133 2974 1188 Non
3003 1147 3180 1191 autem
3221 1147 3396 1206 potest
3423 1142 3587 1209 spiri-

2024 1222 2113 1271 tus
2134 1217 2362 1274 hominis
2403 1235 2522 1276 esse
2547 1231 2598 1276 et
2635 1222 2793 1292 hujus
2822 1232 2872 1278 et
2917 1226 3053 1281 illius
3078 1268 3095 1295 ,
3134 1243 3228 1299 per
3256 1245 3433 1300 quem,
3469 1248 3587 1302 pec~

2026 1316 2184 1364 caute
2213 1312 2382 1366 altero
2409 1322 2463 1368 et
2489 1315 2661 1370 altero
2686 1332 2789 1370 non
2822 1329 3100 1390 peccante,
3129 1324 3193 1376 sit
3226 1331 3400 1379 tamen
3431 1327 3583 1395 culpa

2021 1402 2364 1458 communis:
2407 1418 2471 1458 ac
2521 1420 2615 1474 per
2647 1407 2748 1460 hoc
2794 1419 2967 1475 potest
3017 1413 3264 1479 parvulus
3306 1415 3470 1470 semel
3515 1431 3582 1470 ex

2021 1502 2297 1559 parentum
2333 1509 2506 1565 carne
2542 1499 2848 1565 generantis
2879 1499 3200 1572 [generatus]
3233 1504 3324 1558 Dei
3378 1503 3579 1574 Spiritu

2017 1584 2321 1648 regenerari
2355 1624 2370 1648 ,
2418 1594 2474 1638 ut
2502 1599 2566 1640 ex
2599 1586 2706 1642 illis
2734 1587 2985 1660 obligatio
3015 1601 3284 1647 contracta
3323 1595 3578 1652 solvatur.

2015 1668 2129 1724 Non
2155 1673 2329 1738 petest
2354 1684 2528 1727 autem
2558 1678 2726 1731 semel
2770 1679 2857 1732 Dei
2887 1678 3083 1745 Spiritu
3115 1693 3456 1752 regeneratus
3505 1703 3573 1741 ex

1944 1757 1990 1816 Β
2019 1767 2291 1825 parentum
2310 1775 2470 1816 carne
2491 1767 2813 1832 rcgeuer’ari,
2834 1775 2889 1819 ut
2909 1768 3156 1836 obligatio
3172 1786 3288 1840 quat
3306 1774 3480 1828 soluta
3502 1785 3580 1833 est

2023 1848 2214 1901 iterum
2256 1851 2602 1905 contrahatur
2635 1869 2652 1908 :
2690 1865 2743 1910 et
2770 1856 2890 1912 ideo
2933 1860 3096 1914 semel
3125 1871 3424 1932 perceptam
3457 1879 3578 1935 par-

2016 1937 2169 1990 vulus
2203 1938 2399 1994 Christi
2428 1943 2651 2010 gratiam
2694 1960 2800 2000 non
2829 1948 3048 2013 amittit,
3081 1951 3178 2005 nisi
3228 1954 3577 2023 propriaqim-

1986 2094 1990 2098 1
2019 2033 2309 2109 pietate,.si
2339 2036 2508 2089 aetatis
2535 2051 2754 2092 accessu
2797 2048 2901 2114 tam
2940 2042 3110 2096 malus
3150 2032 3400 2100 evaserit.
3430 2045 3576 2102 Tunc

2014 2125 2156 2179 enim
2185 2125 2346 2180 etiam
2370 2128 2581 2196 propria
2607 2128 2820 2199 incipiet
2848 2132 3042 2188 habere
3059 2144 3302 2203 peccata,
3326 2154 3444 2206 quas
3469 2155 3574 2194 non

2013 2216 2418 2285 regeneratione
2447 2218 2911 2299 auferantur,rsed
2939 2223 3042 2276 alia
3072 2227 3348 2280 curatione
3374 2243 3571 2284 sanen-

2016 2316 2118 2361 tur.
2153 2305 2527 2364 Verumtamen
2556 2313 2973 2368 rectedicuntur
3020 2325 3298 2385 parentes,
3333 2317 3416 2374 vel
3459 2322 3573 2390 qui-

2007 2411 2233 2466 cumque
2256 2400 2485 2467 majores
2526 2393 2812 2467 lllios,seu
2834 2398 3095 2472 quaslibet
3124 2408 3376 2476 parvulos
3405 2409 3570 2480 bapti-

2009 2494 2184 2552 satos,
2211 2487 2595 2542 daemoniorum
2618 2490 2896 2559 sacrilegio
2918 2492 3152 2561 obligare
3166 2505 3437 2562 conantes,
3461 2497 3569 2566 spi-

2007 2575 2239 2634 ritaliter
2268 2576 2548 2631 homicidae
2579 2595 2594 2632 :
2624 2593 2745 2632 nam
2777 2580 2828 2634 in
2854 2579 2956 2635 illis
2985 2581 3193 2650 quidem
3240 2572 3568 2640 interiectio-

2007 2681 2127 2720 nem
2160 2667 2267 2737 24
2294 2682 2399 2722 non
2424 2667 2659 2738 iaciunt,
2688 2669 2811 2735 sed,
2833 2682 3085 2738 quantum
3116 2673 3173 2726 in
3199 2674 3326 2743 ipsis
3355 2684 3463 2752 est,
3489 2676 3565 2731 in-

2008 2756 2317 2811 terfectores
2356 2757 2518 2824 ﬁunt;
2552 2768 2697 2814 recte
2743 2760 2850 2815 illis
2877 2761 3103 2826 dicitur,
3135 2765 3344 2830 quando
3371 2765 3439 2819 ab
3469 2767 3565 2822 hoc

2006 2850 2215 2904 scelere
2263 2850 2609 2919 prohibentur
2653 2869 2665 2903 :
2697 2851 2873 2908 Nolite
2896 2854 3140 2910 occidere
3169 2856 3416 2925 parvulos
3446 2873 3564 2913 ves-

1995 2939 2144 3005 tros;
2178 2941 2309 2996 dicit
2337 2943 2478 3006 enim
2521 2942 2810 3012 Apostolus
2841 2961 2852 2995 :
2887 2944 3140 3015 Spiritum
3173 2948 3335 3004 nolite
3359 2950 3562 3009 exstin-

2001 3045 2182 3100 guere.
2216 3030 2328 3086 Non
2353 3035 2470 3102 quia
2497 3034 2587 3088 ille
2609 3026 3093 3118 exstinguipotest,
3117 3037 3210 3093 sed
3234 3047 3483 3108 quantum
3507 3040 3558 3094 in

340 3139 459 3179 mea
488 3137 592 3193 est,
621 3127 805 3198 inquit,
838 3139 890 3184 et
915 3133 1088 3187 anima
1132 3135 1224 3190 ﬁlii
1267 3147 1529 3220 meaest‘i
1559 3143 1731 3196 anima
1775 3161 1890 3214 qua:

1999 3121 2126 3189 ipsis
2177 3132 2262 3177 est
2301 3124 2653 3187 exstinctores
2698 3112 3042 3191 ejus-merito
3073 3129 3314 3183 dicuntur
3359 3128 3448 3198 qui
3482 3131 3560 3184 sic

339 3218 643 3284 peccaverit
689 3221 796 3288 ipsa
845 3225 1282 3292 morietur.~Non
1308 3218 1482 3284 autem
1527 3241 1707 3298 peccat
1752 3234 1887 3302 ipsa,

337 3320 463 3360 cum
491 3317 733 3373 parentes
757 3311 803 3362 ei
831 3311 1042 3364 omnino
1085 3314 1342 3368 nescienti
1372 3319 1454 3371 vel
1504 3321 1727 3388 quilibet
1755 3325 1890 3378 alius

338 3395 557 3457 adhibet
584 3399 854 3469 sacrilegia
881 3400 1282 3456 dmmoniorum.
1315 3405 1414 3459 Sed
1467 3405 1584 3465 ideo
1627 3426 1691 3464 ex
1720 3412 1887 3467 Adam

329 3473 502 3539 traxit
530 3486 668 3554 quod
693 3492 1011 3542 sacramenti
1046 3492 1185 3545 illius
1212 3497 1378 3558 gratia
1411 3497 1739 3566 solveretur,
1764 3503 1887 3570 quia

338 3577 575 3650 nondum
605 3590 719 3632 erat
749 3582 919 3636 anima
953 3584 1235 3651 separatim
1274 3585 1454 3640 vivens
1477 3629 1493 3656 ,
1523 3589 1572 3643 id
1614 3601 1696 3647 est
1721 3594 1885 3649 altera

338 3666 512 3727 anima
533 3667 600 3722 de
622 3684 724 3737 qua
756 3670 1015 3725 diceretur
1039 3690 1052 3725 :
1082 3672 1147 3727 Et
1173 3675 1348 3727 anima
1377 3678 1540 3745 patris
1559 3695 1675 3736 mea
1705 3692 1805 3749 est,
1835 3694 1889 3739 et

335 3757 516 3813 anima
546 3759 638 3813 ﬁlii
674 3774 790 3814 mea
817 3769 917 3814 est.
950 3761 1062 3815 Jam
1094 3763 1268 3831 itaque
1295 3778 1414 3818 cum
1447 3765 1605 3822 homo
1635 3757 1887 3843 iniseipso

337 3858 432 3923 est
445 3851 516 3922 ab
539 3863 605 3905 eo
627 3852 717 3922 qui
743 3854 923 3922 genuit
947 3855 1099 3908 aliter
1137 3856 1354 3913 allectus
1372 3899 1388 3925 ,
1422 3873 1641 3938 peccato
1669 3864 1884 3930 alterius

336 3939 461 3997 sine
475 3957 572 4000 sua
607 3946 955 3999 consensione
986 3961 1090 3999 non
1144 3953 1351 4005 tenetur
1383 3951 1644 4007 obnoxius
1678 3971 1690 4005 :
1726 3958 1886 4010 traxit

337 4019 486 4102 origo
514 4047 735 4103 reatum,
776 4037 901 4105 quia.
921 4053 1072 4116 .unus
1096 4050 1212 4094 erat
1243 4023 1362 4096 cum
1399 4042 1484 4097 illo
1510 4058 1541 4097 a
1568 4059 1672 4112 quo
1701 4049 1894 4112 traxit,

337 4121 548 4192 quando
576 4126 713 4192 quod
745 4127 901 4183 traxit
924 4127 1210 4183 admissum
1242 4139 1343 4185 est.
1374 4130 1487 4186 Non
1516 4143 1692 4191 autem
1724 4125 1883 4194 trahit

336 4215 471 4277 alter
498 4215 566 4268 ab
590 4215 776 4282 altero,
807 4215 1014 4285 quando
1047 4233 1138 4273 sua
1178 4235 1492 4291 unoquoque
1535 4226 1743 4292 propria
1772 4227 1881 4283 vita

336 4303 571 4388 vivente;
615 4298 723 4373 jam
762 4316 844 4360 est
881 4307 1017 4362 unde
1045 4309 1246 4367 dicatur
1276 4325 1291 4364 :
1323 4311 1508 4365 Anima
1537 4329 1656 4388 qu:e_
1695 4329 1883 4382 peccao

339 4380 470 4447 verit
512 4393 625 4462 ipsa
650 4397 922 4453 morietur.
955 4397 1020 4453 Ut
1044 4408 1218 4455 autem
1264 4380 1758 4471 possitregetierari
1783 4423 1880 4478 per

335 4484 564 4538 alliciunt
596 4486 1106 4543 voluntatisalienae
1133 4527 1149 4556 ,
1181 4468 1298 4544 cum
1327 4468 1543 4547 σπειιυῖ
1570 4468 1881 4550 consecran-
1911 4468 1957 4525 θ

334 4575 452 4638 dus,
483 4575 606 4629 l’acit
655 4576 753 4631 hoc
800 4593 933 4632 unus
979 4578 1241 4647 Spiritus,
1285 4595 1349 4634 ex
1396 4596 1499 4650 quo
1546 4595 1885 4652 regeneratur

333 4664 562 4721 oblatus.
592 4665 705 4721 Non
736 4673 875 4721 enim
918 4670 1169 4739 scriptum
1198 4680 1298 4736 est,
1346 4671 1454 4727 Nisi
1503 4674 1621 4742 quis
1667 4687 1882 4732 renatus

333 4755 486 4810 luerit
521 4771 585 4811 ex
617 4767 887 4825 parentum
916 4759 1201 4823 voluntate,
1233 4768 1326 4816 aut
1348 4777 1410 4813 ex
1442 4760 1773 4816 oll'erentium
1795 4765 1876 4818 vel

331 4847 741 4902 ministrantium
775 4829 903 4913 ﬁde;
936 4850 1027 4903 sed
1063 4866 1077 4902 :
1107 4849 1213 4904 Nisi
1243 4851 1360 4919 quis
1395 4860 1605 4905 renatus
1639 4853 1790 4907 fuerit
1813 4870 1874 4907 ex

332 4954 463 5009 aqua
511 4949 565 4994 et
611 4940 829 5008 Spiritu;
879 4940 1021 5008 Aqua
1072 4942 1226 5010 igitur
1273 4941 1528 4995 exhibens
1581 4941 1874 4996 forinsecus

329 5043 716 5090 sacramentum
743 5034 948 5103 gratiae,
972 5044 1022 5087 et
1052 5035 1280 5103 Spiritus
1303 5027 1527 5101 operam
1556 5036 1875 5090 intrinsecus

333 5124 644 5180 beneﬁcium
674 5124 858 5193 gratiae
878 5165 891 5186 .
923 5125 1131 5179 solvens
1174 5125 1438 5179 vinculum
1465 5127 1656 5193 culpae,
1690 5142 1872 5180 recon-

332 5215 523 5274 civians
548 5216 741 5270 bonum
769 5223 1001 5279 naturae,
1035 5224 1343 5284 regenerant
1383 5215 1649 5269 hominem
1691 5218 1743 5269 in
1767 5231 1872 5269 uno

330 5309 544 5364 Christo
572 5313 638 5365 ex
666 5323 768 5373 ιιιιρ
810 5308 974 5362 Adam
1000 5318 1324 5386 generatum.
1368 5306 1700 5376 Regenerans
1743 5322 1871 5376 ergo

329 5403 559 5474 Spiritus
587 5404 639 5456 in
671 5400 953 5471 majoribus
975 5400 1326 5467 oﬁerentibus,
1358 5409 1411 5454 et
1440 5404 1656 5467 parvulo
1694 5401 1868 5454 oblato

329 5505 514 5552 renato
537 5533 556 5559 ,
594 5509 708 5564 quas
760 5495 1051 5550 communis
1096 5502 1175 5549 est
1218 5511 1230 5543 :
1267 5493 1381 5546 ideo
1428 5507 1515 5558 per
1563 5494 1867 5546 societatem

333 5590 486 5645 unius
507 5585 847 5658 ejusdemque
875 5584 1088 5652 spiritus
1113 5621 1129 5648 ,
1168 5576 1730 5650 predestmll‘erentinm
1773 5592 1867 5630 vo-

331 5683 499 5739 luntas
533 5680 746 5750 parvulo
789 5676 984 5732 oblito.
1029 5673 1242 5740 Quando
1273 5682 1443 5728 autem
1492 5674 1541 5726 i'n
1591 5670 1862 5738 part-nituit

1991 3219 2155 3279 agunt
2218 3203 2642 3266 ut"exstiuctum
2702 3216 2889 3280 velint;
2949 3217 2992 3271 si
3040 3217 3179 3270 enim
3229 3209 3556 3274 sacramenta

1993 3301 2271 3371 quamdam
2319 3302 2713 3359 similitudinem
2766 3322 2939 3359 rerum
2998 3321 3176 3360 earum
3221 3322 3443 3375 quarum
3467 3322 3555 3361 sa-

1989 3403 2258 3448 cramenta
2304 3402 2427 3447 sunt
2469 3410 2571 3448 non
2630 3396 3179 3461 haberent,'omnitio
3222 3407 3555 3454 sacramenta

1991 3500 2095 3538 non
2154 3493 2352 3539 essent.
2409 3483 2486 3537 Ex
2555 3484 2652 3538 hac
2704 3494 2876 3540 autem
2927 3485 3271 3540 similitudine
3318 3487 3552 3556 plerum-

1989 3592 2092 3647 que
2147 3576 2254 3646 jam
2301 3556 2532 3646 ip'sarum
2585 3589 2758 3632 rerum
2816 3577 3025 3629 nomina
3075 3577 3421 3645 accipiuntur.
3470 3579 3556 3633 Si-

1990 3677 2079 3725 cut
2131 3683 2257 3738 ergo
2312 3655 2599 3721 secundum
2650 3667 2929 3735 quemdam
2987 3665 3197 3720 modum
3253 3683 3554 3722 sacramen-

1990 3768 2099 3814 tum
2164 3759 2405 3826 corporis
2458 3756 2650 3811 Christi
2697 3769 2887 3824 corpus
2943 3756 3165 3820 Christi,
3234 3764 3316 3810 est
3370 3771 3553 3829 sacra-

1989 3859 2220 3904 mentum
2267 3847 2536 3918 sanguinis
2584 3846 2774 3901 Christi
2825 3846 3038 3915 sanguis
3087 3846 3280 3900 Christi
3335 3854 3452 3912 est,~
3479 3848 3552 3900 ita

1986 3949 2372 4007 sacramentum
2413 3938 2533 3993 ﬁdei
2575 3937 2705 3991 ﬁdes
2757 3930 2860 3991 est.
2914 3937 3049 3991 Nihil
3075 3946 3250 3991 autem
3289 3941 3372 3992 est
3411 3937 3551 3993 aliud

1985 4032 2206 4090 credere
2252 4044 2409 4099 qnam
2443 4029 2600 4082 ﬁdem
2652 4025 2848 4082 habere
2878 4043 2891 4079 :
2922 4041 2982 4081 ac
3034 4042 3124 4093 per
3168 4026 3426 4107 hoccum
3467 4043 3550 4082 re-

1985 4122 2285 4194 spondetur
2327 4121 2573 4191 parvulus
2623 4117 2841 4172 credere
2876 4117 2965 4187 qui
3008 4116 3126 4170 ﬁdei
3177 4112 3406 4170 nondum
3454 4118 3548 4170 ba-

1985 4217 2109 4271 bent
2173 4213 2418 4269 affectum
2447 4251 2462 4276 ,
2500 4207 2899 4284 respondetur,
2945 4209 3103 4264 ﬁdem
3168 4209 3363 4265 habere
3419 4218 3545 4277 pro;

1986 4315 2100 4375 pter
2145 4303 2269 4362 ﬁdei
2313 4311 2730 4365 sacramentum,
2760 4309 2814 4355 et
2848 4311 3159 4355 convertere
3185 4315 3243 4355 se
3270 4299 3334 4354 ad
3376 4299 3542 4355 Deum

1983 4403 2200 4468 propter
2251 4393 2613 4449 conversionis
2665 4398 3089 4454 sacramentum,
3137 4390 3258 4460 quia
3296 4397 3363 4444 ,ει
3431 4391 3544 4459 ipsa

1989 4488 2268 4555 responsio
2311 4486 2378 4540 sd
2437 4474 2850 4539 celebrationem
2902 4482 3124 4551 pertinet
3187 4482 3565 4558 sacramenti;

1988 4583 2124 4633 sicut
2147 4577 2214 4631 de
2242 4574 2629 4645 ipsobaptismo
2651 4571 2970 4641 Apostolus:
2994 4569 3034 4624 C
3071 4571 3320 4640 nsepulti,
3351 4571 3540 4638 inquit,

1987 4681 2168 4721 sumus
2180 4665 2391 4720 Christo
2413 4677 2508 4731 per
2528 4660 2840 4728 baptismum
2860 4660 2912 4713 in
2932 4669 3152 4712 mortem
3173 4677 3184 4710 :
3203 4671 3307 4712 non
3329 4658 3421 4724 ait,
3443 4658 3540 4714 Se-

1987 4759 2248 4826 pulturam
2270 4752 2708 4823 signiﬁcavimus,
2739 4750 2828 4803 sed
2863 4763 3074 4817 prorsus
3097 4751 3188 4811 ait,
3229 4749 3537 4817 Consepulti

1981 4863 2182 4903 sumus.
2227 4845 2623 4900 Sacrameutum
2668 4854 2792 4909 ergo
2823 4847 2978 4892 tanta:
3006 4840 3078 4892 rei
3119 4853 3223 4892 non
3267 4838 3364 4891 nisi
3395 4839 3536 4906 ejus~

1982 4943 2097 4994 dem
2130 4938 2207 4993 rei
2243 4934 2498 4990 vocabulo
2539 4929 2875 4999 nuncupavit.
2916 4929 3090 4998 Itaque
3136 4932 3428 4998 parvulum,
3455 4940 3534 4984 el.-

1974 5032 2029 5085 ἐἰ
2075 5030 2303 5083 nondum
2339 5004 2471 5080 ﬁdes
2513 5027 2597 5078 illa
2630 5039 2747 5091 quze
2795 5024 2846 5076 in
2892 5022 3220 5075 credentium
3263 5020 3533 5075 voluntate

1979 5119 2356 5186 consistit,jam
2377 5125 2549 5171 tamen
2579 5115 2741 5183 ipsius
2767 5114 2885 5168 lidei
2905 5119 3288 5170 sacramentum
3317 5111 3526 5172 ﬁdelem

1966 5210 2128 5274 facit;
2174 5223 2294 5261 nam
2339 5205 2471 5260 sicut
2496 5203 2714 5258 credere
2759 5199 3124 5268 respondetur,
3170 5199 3236 5252 ita
3281 5197 3436 5254 etiam
3471 5202 3529 5253 li-

1979 5303 2124 5357 deles
2153 5307 2384 5358 vocatur,
2433 5310 2538 5349 non
2573 5309 2680 5348 rem
2713 5293 2822 5363 ipsa
2863 5300 3040 5344 mente
3087 5289 3395 5351 annuentlo,
3429 5291 3520 5344 sed

1980 5393 2143 5462 ipsius
2193 5391 2266 5446 rei
2319 5395 2703 5442 sacramentum
2759 5381 3112 5450 percipiendo.
3167 5379 3294 5434 Cum
3347 5389 3521 5433 autem

1979 5499 2165 5552 sapere
2194 5482 2351 5535 homo
2392 5474 2634 5546 ceperit,
2668 5489 2769 5526 non
2801 5471 2927 5526 illud
2955 5475 3342 5524 sacramentum
3373 5484 3522 5536 l‘t‘pcs

1978 5583 2070 5637 tct,
2119 5572 2209 5626 sed
2264 5570 2547 5636 intelliget,
2589 5565 2808 5633 ejusque
2846 5563 3040 5627 veritati
3080 5575 3309 5635 consona
3360 5562 3518 5613 etiam

1973 5664 2240 5718 voluntate
2308 5653 2808 5726 coaptabilur..lloc
2874 5650 3101 5721 quandiu
3141 5664 3252 5704 non
3300 5661 3514 5720 tutost,
