  <div class='ocr_page' id='page_1' title='image "/cluster/home/n/w/nwhite01/storage/ocr_20150623/61-62/uva.x000827102/1035.png"; bbox 0 0 3904 6224; ppageno 0'>
   <div class='ocr_carea' id='block_1_1' title="bbox 437 1339 771 1407">
    <p class='ocr_par' dir='ltr' id='par_1_1' title="bbox 437 1339 771 1407">
     <span class='ocr_line' id='line_1_1' title="bbox 437 1339 771 1407; baseline 0.015 -18"><span class='ocrx_word' id='word_1_1' title='bbox 437 1393 440 1398; x_wconf 64' lang='grc'><strong><em>,</em></strong></span> <span class='ocrx_word' id='word_1_2' title='bbox 523 1339 771 1407; x_wconf 72' lang='lat' dir='ltr'><strong>percipit.</strong></span> 
     </span>
    </p>
   </div>
   <div class='ocr_carea' id='block_1_2' title="bbox 535 235 636 289">
    <p class='ocr_par' dir='ltr' id='par_1_2' title="bbox 535 235 636 289">
     <span class='ocr_line' id='line_1_2' title="bbox 535 235 636 289; baseline -0.01 0"><span class='ocrx_word' id='word_1_3' title='bbox 535 235 636 289; x_wconf 72' lang='grc'><strong>893</strong></span> 
     </span>
    </p>
   </div>
   <div class='ocr_carea' id='block_1_3' title="bbox 1584 215 3704 306">
    <p class='ocr_par' dir='ltr' id='par_1_3' title="bbox 1584 215 3704 306">
     <span class='ocr_line' id='line_1_3' title="bbox 1584 215 3704 306; baseline -0.002 -1"><span class='ocrx_word' id='word_1_4' title='bbox 1584 250 1647 305; x_wconf 86' lang='lat' dir='ltr'><strong>n.</strong></span> <span class='ocrx_word' id='word_1_5' title='bbox 1689 249 2006 306; x_wconf 72' lang='lat' dir='ltr'><strong>EUGYl‘l’ll</strong></span> <span class='ocrx_word' id='word_1_6' title='bbox 2045 215 2330 303; x_wconf 62' lang='lat' dir='ltr'><strong>animus</strong></span> <span class='ocrx_word' id='word_1_7' title='bbox 2367 246 2682 303; x_wconf 64' lang='lat' dir='ltr'><strong>aerucam</strong></span> <span class='ocrx_word' id='word_1_8' title='bbox 3202 267 3211 290; x_wconf 70' lang='grc' dir='ltr'><strong>ι</strong></span> <span class='ocrx_word' id='word_1_9' title='bbox 3623 250 3704 302; x_wconf 68' lang='lat' dir='ltr'><strong>ssc</strong></span> 
     </span>
    </p>
   </div>
   <div class='ocr_carea' id='block_1_4' title="bbox 535 351 3704 429">
    <p class='ocr_par' dir='ltr' id='par_1_4' title="bbox 535 351 3704 429">
     <span class='ocr_line' id='line_1_4' title="bbox 535 351 3704 429; baseline 0.004 -27"><span class='ocrx_word' id='word_1_10' title='bbox 535 351 734 406; x_wconf 80' lang='lat' dir='ltr'><strong>valebit</strong></span> <span class='ocrx_word' id='word_1_11' title='bbox 761 367 1142 413; x_wconf 71' lang='lat' dir='ltr'><strong>sacramentum</strong></span> <span class='ocrx_word' id='word_1_12' title='bbox 1167 360 1233 413; x_wconf 87' lang='lat' dir='ltr'><strong>ad</strong></span> <span class='ocrx_word' id='word_1_13' title='bbox 1262 360 1375 429; x_wconf 84' lang='lat' dir='ltr'><strong>ejus</strong></span> <span class='ocrx_word' id='word_1_14' title='bbox 1414 362 1632 416; x_wconf 89' lang='lat' dir='ltr'><strong>tutelam</strong></span> <span class='ocrx_word' id='word_1_15' title='bbox 1677 361 1929 415; x_wconf 86' lang='lat' dir='ltr'><strong>adversus</strong></span> <span class='ocrx_word' id='word_1_16' title='bbox 1953 375 2080 415; x_wconf 86' lang='lat' dir='ltr'><strong>con-</strong></span> <span class='ocrx_word' id='word_1_17' title='bbox 2116 364 2160 422; x_wconf 83' lang='grc' dir='ltr'><strong>Β</strong></span> <span class='ocrx_word' id='word_1_18' title='bbox 2189 359 2320 414; x_wconf 78' lang='lat' dir='ltr'><strong>forte</strong></span> <span class='ocrx_word' id='word_1_19' title='bbox 2337 374 2468 428; x_wconf 89' lang='lat' dir='ltr'><strong>quos</strong></span> <span class='ocrx_word' id='word_1_20' title='bbox 2498 360 2738 427; x_wconf 78' lang='lat' dir='ltr'><strong>angustia</strong></span> <span class='ocrx_word' id='word_1_21' title='bbox 2764 359 3020 425; x_wconf 86' lang='lat' dir='ltr'><strong>passionis</strong></span> <span class='ocrx_word' id='word_1_22' title='bbox 3045 361 3264 426; x_wconf 82' lang='lat' dir='ltr'><strong>invenit,</strong></span> <span class='ocrx_word' id='word_1_23' title='bbox 3298 367 3354 414; x_wconf 84' lang='lat' dir='ltr'><strong>et</strong></span> <span class='ocrx_word' id='word_1_24' title='bbox 3381 360 3606 414; x_wconf 79' lang='lat' dir='ltr'><strong>nolentes</strong></span> <span class='ocrx_word' id='word_1_25' title='bbox 3629 376 3704 415; x_wconf 83' lang='lat' dir='ltr'><strong>ne-</strong></span> 
     </span>
    </p>
   </div>
   <div class='ocr_carea' id='block_1_5' title="bbox 536 441 2081 517">
    <p class='ocr_par' dir='ltr' id='par_1_5' title="bbox 536 441 2081 517">
     <span class='ocr_line' id='line_1_5' title="bbox 536 441 2081 517; baseline 0.01 -28"><span class='ocrx_word' id='word_1_26' title='bbox 536 441 728 495; x_wconf 89' lang='lat' dir='ltr'><strong>trarias</strong></span> <span class='ocrx_word' id='word_1_27' title='bbox 767 455 1069 512; x_wconf 80' lang='lat' dir='ltr'><strong>potestates,</strong></span> <span class='ocrx_word' id='word_1_28' title='bbox 1110 456 1164 502; x_wconf 87' lang='lat' dir='ltr'><strong>et</strong></span> <span class='ocrx_word' id='word_1_29' title='bbox 1189 458 1387 503; x_wconf 90' lang='lat' dir='ltr'><strong>tantum</strong></span> <span class='ocrx_word' id='word_1_30' title='bbox 1425 452 1640 517; x_wconf 82' lang='lat' dir='ltr'><strong>valebit,</strong></span> <span class='ocrx_word' id='word_1_31' title='bbox 1679 461 1735 506; x_wconf 85' lang='lat' dir='ltr'><strong>ut</strong></span> <span class='ocrx_word' id='word_1_32' title='bbox 1768 452 1811 505; x_wconf 90' lang='lat' dir='ltr'><strong>si</strong></span> <span class='ocrx_word' id='word_1_33' title='bbox 1842 462 1964 506; x_wconf 83' lang='lat' dir='ltr'><strong>ante</strong></span> <span class='ocrx_word' id='word_1_34' title='bbox 2002 468 2081 505; x_wconf 89' lang='lat' dir='ltr'><strong>ra-</strong></span> 
     </span>
    </p>
   </div>
   <div class='ocr_carea' id='block_1_6' title="bbox 534 535 2081 613">
    <p class='ocr_par' dir='ltr' id='par_1_6' title="bbox 534 535 2081 613">
     <span class='ocr_line' id='line_1_6' title="bbox 534 535 2081 613; baseline 0.01 -31"><span class='ocrx_word' id='word_1_35' title='bbox 534 535 693 588; x_wconf 85' lang='lat' dir='ltr'><strong>tionis</strong></span> <span class='ocrx_word' id='word_1_36' title='bbox 719 552 868 589; x_wconf 88' lang='lat' dir='ltr'><strong>usum</strong></span> <span class='ocrx_word' id='word_1_37' title='bbox 899 552 962 590; x_wconf 81' lang='lat' dir='ltr'><strong>ex</strong></span> <span class='ocrx_word' id='word_1_38' title='bbox 994 539 1091 592; x_wconf 88' lang='lat' dir='ltr'><strong>hac</strong></span> <span class='ocrx_word' id='word_1_39' title='bbox 1123 542 1230 594; x_wconf 89' lang='lat' dir='ltr'><strong>vita</strong></span> <span class='ocrx_word' id='word_1_40' title='bbox 1254 544 1578 613; x_wconf 78' lang='lat' dir='ltr'><strong>migraverit,</strong></span> <span class='ocrx_word' id='word_1_41' title='bbox 1606 545 1880 613; x_wconf 87' lang='lat' dir='ltr'><strong>peripsnm</strong></span> <span class='ocrx_word' id='word_1_42' title='bbox 1904 559 2081 597; x_wconf 72' lang='lat' dir='ltr'><strong>Sacra-</strong></span> 
     </span>
    </p>
   </div>
   <div class='ocr_carea' id='block_1_7' title="bbox 533 630 2078 697">
    <p class='ocr_par' dir='ltr' id='par_1_7' title="bbox 533 630 2078 697">
     <span class='ocr_line' id='line_1_7' title="bbox 533 630 2078 697; baseline 0.007 -23"><span class='ocrx_word' id='word_1_43' title='bbox 533 633 788 690; x_wconf 90' lang='lat' dir='ltr'><strong>mentum,</strong></span> <span class='ocrx_word' id='word_1_44' title='bbox 821 630 1225 686; x_wconf 84' lang='lat' dir='ltr'><strong>commendante</strong></span> <span class='ocrx_word' id='word_1_45' title='bbox 1269 633 1520 689; x_wconf 75' lang='lat' dir='ltr'><strong>Ecclesia:</strong></span> <span class='ocrx_word' id='word_1_46' title='bbox 1560 635 1851 697; x_wconf 88' lang='lat' dir='ltr'><strong>eharitate,</strong></span> <span class='ocrx_word' id='word_1_47' title='bbox 1886 635 1951 685; x_wconf 87' lang='lat' dir='ltr'><strong>ab</strong></span> <span class='ocrx_word' id='word_1_48' title='bbox 1997 634 2078 685; x_wconf 91' lang='lat' dir='ltr'><strong>illa</strong></span> 
     </span>
    </p>
   </div>
   <div class='ocr_carea' id='block_1_8' title="bbox 531 713 2079 788">
    <p class='ocr_par' dir='ltr' id='par_1_8' title="bbox 531 713 2079 788">
     <span class='ocr_line' id='line_1_8' title="bbox 531 713 2079 788; baseline 0.004 -22"><span class='ocrx_word' id='word_1_49' title='bbox 531 713 972 770; x_wconf 88' lang='lat' dir='ltr'><strong>condemnatione</strong></span> <span class='ocrx_word' id='word_1_50' title='bbox 999 732 1118 786; x_wconf 75' lang='lat' dir='ltr'><strong>qute</strong></span> <span class='ocrx_word' id='word_1_51' title='bbox 1146 736 1242 788; x_wconf 90' lang='lat' dir='ltr'><strong>per</strong></span> <span class='ocrx_word' id='word_1_52' title='bbox 1285 737 1445 776; x_wconf 91' lang='lat' dir='ltr'><strong>unum</strong></span> <span class='ocrx_word' id='word_1_53' title='bbox 1477 725 1740 777; x_wconf 86' lang='lat' dir='ltr'><strong>hominem</strong></span> <span class='ocrx_word' id='word_1_54' title='bbox 1773 723 1983 775; x_wconf 78' lang='lat' dir='ltr'><strong>intravit</strong></span> <span class='ocrx_word' id='word_1_55' title='bbox 2027 722 2079 772; x_wconf 88' lang='lat' dir='ltr'><strong>in</strong></span> 
     </span>
    </p>
   </div>
   <div class='ocr_carea' id='block_1_9' title="bbox 531 801 2077 881">
    <p class='ocr_par' dir='ltr' id='par_1_9' title="bbox 531 801 2077 881">
     <span class='ocr_line' id='line_1_9' title="bbox 531 801 2077 881; baseline 0.009 -31"><span class='ocrx_word' id='word_1_56' title='bbox 531 801 806 869; x_wconf 84' lang='lat' dir='ltr'><strong>mundum,</strong></span> <span class='ocrx_word' id='word_1_57' title='bbox 833 801 1136 863; x_wconf 86' lang='lat' dir='ltr'><strong>Christiano</strong></span> <span class='ocrx_word' id='word_1_58' title='bbox 1150 810 1411 880; x_wconf 70' lang='lat' dir='ltr'><strong>adiutorio</strong></span> <span class='ocrx_word' id='word_1_59' title='bbox 1434 813 1707 869; x_wconf 86' lang='lat' dir='ltr'><strong>liberetur.</strong></span> <span class='ocrx_word' id='word_1_60' title='bbox 1736 814 1846 866; x_wconf 84' lang='lat' dir='ltr'><strong>lloe</strong></span> <span class='ocrx_word' id='word_1_61' title='bbox 1867 813 1953 881; x_wconf 91' lang='lat' dir='ltr'><strong>qui</strong></span> <span class='ocrx_word' id='word_1_62' title='bbox 1976 827 2077 864; x_wconf 93' lang='lat' dir='ltr'><strong>non</strong></span> 
     </span>
    </p>
   </div>
   <div class='ocr_carea' id='block_1_10' title="bbox 528 891 2079 972">
    <p class='ocr_par' dir='ltr' id='par_1_10' title="bbox 528 891 2079 972">
     <span class='ocr_line' id='line_1_10' title="bbox 528 891 2079 972; baseline 0.009 -30"><span class='ocrx_word' id='word_1_63' title='bbox 528 891 694 945; x_wconf 87' lang='lat' dir='ltr'><strong>credit</strong></span> <span class='ocrx_word' id='word_1_64' title='bbox 722 903 774 946; x_wconf 89' lang='lat' dir='ltr'><strong>ct</strong></span> <span class='ocrx_word' id='word_1_65' title='bbox 800 895 909 950; x_wconf 78' lang='lat' dir='ltr'><strong>fieri</strong></span> <span class='ocrx_word' id='word_1_66' title='bbox 950 914 1052 952; x_wconf 94' lang='lat' dir='ltr'><strong>non</strong></span> <span class='ocrx_word' id='word_1_67' title='bbox 1086 916 1240 968; x_wconf 83' lang='lat' dir='ltr'><strong>posse</strong></span> <span class='ocrx_word' id='word_1_68' title='bbox 1259 905 1562 969; x_wconf 84' lang='lat' dir='ltr'><strong>arbitratur,</strong></span> <span class='ocrx_word' id='word_1_69' title='bbox 1592 905 1826 972; x_wconf 79' lang='lat' dir='ltr'><strong>profecto</strong></span> <span class='ocrx_word' id='word_1_70' title='bbox 1851 904 2079 958; x_wconf 85' lang='lat' dir='ltr'><strong>inlidelis</strong></span> 
     </span>
    </p>
   </div>
   <div class='ocr_carea' id='block_1_11' title="bbox 523 982 2079 1062">
    <p class='ocr_par' dir='ltr' id='par_1_11' title="bbox 523 982 2079 1062">
     <span class='ocr_line' id='line_1_11' title="bbox 523 982 2079 1062; baseline 0.011 -31"><span class='ocrx_word' id='word_1_71' title='bbox 523 989 636 1043; x_wconf 87' lang='lat' dir='ltr'><strong>est,</strong></span> <span class='ocrx_word' id='word_1_72' title='bbox 666 983 762 1034; x_wconf 83' lang='lat' dir='ltr'><strong>etsi</strong></span> <span class='ocrx_word' id='word_1_73' title='bbox 787 982 982 1040; x_wconf 88' lang='lat' dir='ltr'><strong>habeat</strong></span> <span class='ocrx_word' id='word_1_74' title='bbox 1005 989 1126 1053; x_wconf 79' lang='lat' dir='ltr'><strong>ﬁdei</strong></span> <span class='ocrx_word' id='word_1_75' title='bbox 1152 1005 1539 1046; x_wconf 79' lang='lat' dir='ltr'><strong>sacramentum</strong></span> <span class='ocrx_word' id='word_1_76' title='bbox 1570 1010 1582 1058; x_wconf 95' lang='lat'>;</span> <span class='ocrx_word' id='word_1_77' title='bbox 1609 995 1864 1062; x_wconf 80' lang='lat' dir='ltr'><strong>longeque</strong></span> <span class='ocrx_word' id='word_1_78' title='bbox 1892 995 2079 1048; x_wconf 88' lang='lat' dir='ltr'><strong>melior</strong></span> 
     </span>
    </p>
   </div>
   <div class='ocr_carea' id='block_1_12' title="bbox 526 1069 2075 1148">
    <p class='ocr_par' dir='ltr' id='par_1_12' title="bbox 526 1069 2075 1148">
     <span class='ocr_line' id='line_1_12' title="bbox 526 1069 2075 1148; baseline 0.012 -30"><span class='ocrx_word' id='word_1_79' title='bbox 526 1075 610 1119; x_wconf 89' lang='lat' dir='ltr'><strong>est</strong></span> <span class='ocrx_word' id='word_1_80' title='bbox 635 1069 722 1123; x_wconf 89' lang='lat' dir='ltr'><strong>ille</strong></span> <span class='ocrx_word' id='word_1_81' title='bbox 753 1075 1004 1143; x_wconf 79' lang='lat' dir='ltr'><strong>parvulus</strong></span> <span class='ocrx_word' id='word_1_82' title='bbox 1031 1079 1122 1146; x_wconf 89' lang='lat' dir='ltr'><strong>qui</strong></span> <span class='ocrx_word' id='word_1_83' title='bbox 1147 1081 1349 1148; x_wconf 85' lang='lat' dir='ltr'><strong>etiamsi</strong></span> <span class='ocrx_word' id='word_1_84' title='bbox 1366 1081 1516 1134; x_wconf 80' lang='lat' dir='ltr'><strong>ﬁdem</strong></span> <span class='ocrx_word' id='word_1_85' title='bbox 1551 1083 1782 1135; x_wconf 92' lang='lat' dir='ltr'><strong>nondum</strong></span> <span class='ocrx_word' id='word_1_86' title='bbox 1815 1083 2000 1136; x_wconf 88' lang='lat' dir='ltr'><strong>habeat</strong></span> <span class='ocrx_word' id='word_1_87' title='bbox 2027 1084 2075 1136; x_wconf 94' lang='lat' dir='ltr'><strong>in</strong></span> 
     </span>
    </p>
   </div>
   <div class='ocr_carea' id='block_1_13' title="bbox 523 1157 2078 1240">
    <p class='ocr_par' dir='ltr' id='par_1_13' title="bbox 523 1157 2078 1240">
     <span class='ocr_line' id='line_1_13' title="bbox 523 1157 2078 1240; baseline 0.013 -33"><span class='ocrx_word' id='word_1_88' title='bbox 523 1157 867 1226; x_wconf 81' lang='lat' dir='ltr'><strong>cogitatione,</strong></span> <span class='ocrx_word' id='word_1_89' title='bbox 901 1180 1002 1218; x_wconf 92' lang='lat' dir='ltr'><strong>non</strong></span> <span class='ocrx_word' id='word_1_90' title='bbox 1032 1167 1078 1220; x_wconf 89' lang='lat' dir='ltr'><strong>ei</strong></span> <span class='ocrx_word' id='word_1_91' title='bbox 1125 1176 1300 1221; x_wconf 89' lang='lat' dir='ltr'><strong>tamen</strong></span> <span class='ocrx_word' id='word_1_92' title='bbox 1331 1171 1531 1223; x_wconf 87' lang='lat' dir='ltr'><strong>obicem</strong></span> <span class='ocrx_word' id='word_1_93' title='bbox 1574 1174 1855 1226; x_wconf 73' lang='lat' dir='ltr'><strong>contraria:</strong></span> <span class='ocrx_word' id='word_1_94' title='bbox 1879 1173 2078 1240; x_wconf 78' lang='lat' dir='ltr'><strong>cogita-</strong></span> 
     </span>
    </p>
   </div>
   <div class='ocr_carea' id='block_1_14' title="bbox 526 1245 2076 1330">
    <p class='ocr_par' dir='ltr' id='par_1_14' title="bbox 526 1245 2076 1330">
     <span class='ocr_line' id='line_1_14' title="bbox 526 1245 2076 1330; baseline 0.016 -34"><span class='ocrx_word' id='word_1_95' title='bbox 526 1245 686 1301; x_wconf 86' lang='lat' dir='ltr'><strong>tionis</strong></span> <span class='ocrx_word' id='word_1_96' title='bbox 715 1254 970 1322; x_wconf 89' lang='lat' dir='ltr'><strong>0pponit,</strong></span> <span class='ocrx_word' id='word_1_97' title='bbox 1020 1255 1158 1311; x_wconf 91' lang='lat' dir='ltr'><strong>unde</strong></span> <span class='ocrx_word' id='word_1_98' title='bbox 1186 1270 1574 1314; x_wconf 85' lang='lat' dir='ltr'><strong>sacramentum</strong></span> <span class='ocrx_word' id='word_1_99' title='bbox 1620 1263 1738 1330; x_wconf 78' lang='lat' dir='ltr'><strong>ejus</strong></span> <span class='ocrx_word' id='word_1_100' title='bbox 1794 1263 2076 1317; x_wconf 73' lang='lat' dir='ltr'><strong>salubriter</strong></span> 
     </span>
    </p>
   </div>
   <div class='ocr_carea' id='block_1_15' title="bbox 2185 447 3700 517">
    <p class='ocr_par' dir='ltr' id='par_1_15' title="bbox 2185 447 3700 517">
     <span class='ocr_line' id='line_1_15' title="bbox 2185 447 3700 517; baseline 0.001 -17"><span class='ocrx_word' id='word_1_101' title='bbox 2185 462 2310 515; x_wconf 88' lang='lat' dir='ltr'><strong>gare</strong></span> <span class='ocrx_word' id='word_1_102' title='bbox 2354 447 2620 501; x_wconf 83' lang='lat' dir='ltr'><strong>Christum</strong></span> <span class='ocrx_word' id='word_1_103' title='bbox 2653 458 2934 516; x_wconf 80' lang='lat' dir='ltr'><strong>antequam</strong></span> <span class='ocrx_word' id='word_1_104' title='bbox 2969 450 3364 517; x_wconf 87' lang='lat' dir='ltr'><strong>baptizarentur</strong></span> <span class='ocrx_word' id='word_1_105' title='bbox 3403 451 3551 502; x_wconf 84' lang='lat' dir='ltr'><strong>occisi</strong></span> <span class='ocrx_word' id='word_1_106' title='bbox 3582 461 3700 510; x_wconf 91' lang='lat' dir='ltr'><strong>sunt,</strong></span> 
     </span>
    </p>
   </div>
   <div class='ocr_carea' id='block_1_16' title="bbox 2184 535 3701 607">
    <p class='ocr_par' dir='ltr' id='par_1_16' title="bbox 2184 535 3701 607">
     <span class='ocr_line' id='line_1_16' title="bbox 2184 535 3701 607; baseline 0.005 -23"><span class='ocrx_word' id='word_1_107' title='bbox 2184 535 2371 601; x_wconf 85' lang='lat' dir='ltr'><strong>quibus</strong></span> <span class='ocrx_word' id='word_1_108' title='bbox 2399 537 2507 602; x_wconf 88' lang='lat' dir='ltr'><strong>ipsa</strong></span> <span class='ocrx_word' id='word_1_109' title='bbox 2546 537 2726 602; x_wconf 78' lang='lat' dir='ltr'><strong>passio</strong></span> <span class='ocrx_word' id='word_1_110' title='bbox 2771 551 2867 603; x_wconf 90' lang='lat' dir='ltr'><strong>pro</strong></span> <span class='ocrx_word' id='word_1_111' title='bbox 2918 537 3179 604; x_wconf 87' lang='lat' dir='ltr'><strong>baptismo</strong></span> <span class='ocrx_word' id='word_1_112' title='bbox 3224 541 3469 607; x_wconf 79' lang='lat' dir='ltr'><strong>deputata</strong></span> <span class='ocrx_word' id='word_1_113' title='bbox 3498 548 3591 592; x_wconf 82' lang='lat' dir='ltr'><strong>est.</strong></span> <span class='ocrx_word' id='word_1_114' title='bbox 3617 539 3701 592; x_wconf 77' lang='lat' dir='ltr'><strong>Sed</strong></span> 
     </span>
    </p>
   </div>
   <div class='ocr_carea' id='block_1_17' title="bbox 2183 625 3702 698">
    <p class='ocr_par' dir='ltr' id='par_1_17' title="bbox 2183 625 3702 698">
     <span class='ocr_line' id='line_1_17' title="bbox 2183 625 3702 698; baseline 0.005 -21"><span class='ocrx_word' id='word_1_115' title='bbox 2183 625 2413 692; x_wconf 86' lang='lat' dir='ltr'><strong>nunquid</strong></span> <span class='ocrx_word' id='word_1_116' title='bbox 2442 627 2540 678; x_wconf 81' lang='lat' dir='ltr'><strong>huc</strong></span> <span class='ocrx_word' id='word_1_117' title='bbox 2569 641 2847 693; x_wconf 86' lang='lat' dir='ltr'><strong>possumus</strong></span> <span class='ocrx_word' id='word_1_118' title='bbox 2870 627 2936 680; x_wconf 89' lang='lat' dir='ltr'><strong>de</strong></span> <span class='ocrx_word' id='word_1_119' title='bbox 2956 629 3221 694; x_wconf 84' lang='lat' dir='ltr'><strong>Apostolis</strong></span> <span class='ocrx_word' id='word_1_120' title='bbox 3240 629 3437 694; x_wconf 88' lang='lat' dir='ltr'><strong>dicere,</strong></span> <span class='ocrx_word' id='word_1_121' title='bbox 3465 631 3546 697; x_wconf 90' lang='lat' dir='ltr'><strong>qui</strong></span> <span class='ocrx_word' id='word_1_122' title='bbox 3567 644 3702 698; x_wconf 80' lang='lat' dir='ltr'><strong>usque</strong></span> 
     </span>
    </p>
   </div>
   <div class='ocr_carea' id='block_1_18' title="bbox 2182 713 3696 786">
    <p class='ocr_par' dir='ltr' id='par_1_18' title="bbox 2182 713 3696 786">
     <span class='ocr_line' id='line_1_18' title="bbox 2182 713 3696 786; baseline 0.005 -22"><span class='ocrx_word' id='word_1_123' title='bbox 2182 713 2313 766; x_wconf 83' lang='lat' dir='ltr'><strong>adeo</strong></span> <span class='ocrx_word' id='word_1_124' title='bbox 2347 715 2544 783; x_wconf 85' lang='lat' dir='ltr'><strong>largum</strong></span> <span class='ocrx_word' id='word_1_125' title='bbox 2578 725 2784 786; x_wconf 75' lang='lat' dir='ltr'><strong>tempus</strong></span> <span class='ocrx_word' id='word_1_126' title='bbox 2833 715 3132 770; x_wconf 88' lang='lat' dir='ltr'><strong>habuerunt.</strong></span> <span class='ocrx_word' id='word_1_127' title='bbox 3175 734 3280 786; x_wconf 88' lang='lat' dir='ltr'><strong>quo</strong></span> <span class='ocrx_word' id='word_1_128' title='bbox 3327 720 3696 786; x_wconf 68' lang='lat' dir='ltr'><strong>baptizarentur.</strong></span> 
     </span>
    </p>
   </div>
   <div class='ocr_carea' id='block_1_19' title="bbox 2182 801 3696 874">
    <p class='ocr_par' dir='ltr' id='par_1_19' title="bbox 2182 801 3696 874">
     <span class='ocr_line' id='line_1_19' title="bbox 2182 801 3696 874; baseline 0.006 -24"><span class='ocrx_word' id='word_1_129' title='bbox 2182 810 2237 851; x_wconf 92' lang='lat' dir='ltr'><strong>ut</strong></span> <span class='ocrx_word' id='word_1_130' title='bbox 2265 801 2396 855; x_wconf 90' lang='lat' dir='ltr'><strong>alios</strong></span> <span class='ocrx_word' id='word_1_131' title='bbox 2441 803 2599 856; x_wconf 89' lang='lat' dir='ltr'><strong>etiam</strong></span> <span class='ocrx_word' id='word_1_132' title='bbox 2641 802 3053 872; x_wconf 76' lang='lat' dir='ltr'><strong>baptizaverinti</strong></span> <span class='ocrx_word' id='word_1_133' title='bbox 3101 805 3202 859; x_wconf 85' lang='lat' dir='ltr'><strong>Sed</strong></span> <span class='ocrx_word' id='word_1_134' title='bbox 3253 821 3356 858; x_wconf 91' lang='lat' dir='ltr'><strong>non</strong></span> <span class='ocrx_word' id='word_1_135' title='bbox 3401 809 3562 858; x_wconf 84' lang='lat' dir='ltr'><strong>omnia</strong></span> <span class='ocrx_word' id='word_1_136' title='bbox 3601 823 3696 874; x_wconf 71' lang='lat' dir='ltr'><strong>qua!</strong></span> 
     </span>
    </p>
   </div>
   <div class='ocr_carea' id='block_1_20' title="bbox 2183 891 3694 962">
    <p class='ocr_par' dir='ltr' id='par_1_20' title="bbox 2183 891 3694 962">
     <span class='ocr_line' id='line_1_20' title="bbox 2183 891 3694 962; baseline 0.002 -19"><span class='ocrx_word' id='word_1_137' title='bbox 2183 891 2314 944; x_wconf 80' lang='lat' dir='ltr'><strong>facta</strong></span> <span class='ocrx_word' id='word_1_138' title='bbox 2344 902 2465 945; x_wconf 90' lang='lat' dir='ltr'><strong>sunt</strong></span> <span class='ocrx_word' id='word_1_139' title='bbox 2513 893 2670 946; x_wconf 88' lang='lat' dir='ltr'><strong>etiam</strong></span> <span class='ocrx_word' id='word_1_140' title='bbox 2714 895 2906 962; x_wconf 83' lang='lat' dir='ltr'><strong>scripta</strong></span> <span class='ocrx_word' id='word_1_141' title='bbox 2956 895 3319 959; x_wconf 90' lang='lat' dir='ltr'><strong>inveniuntur;</strong></span> <span class='ocrx_word' id='word_1_142' title='bbox 3374 910 3694 949; x_wconf 61' lang='lat' dir='ltr'><strong>verum-amen</strong></span> 
     </span>
    </p>
   </div>
   <div class='ocr_carea' id='block_1_21' title="bbox 2179 981 3692 1053">
    <p class='ocr_par' dir='ltr' id='par_1_21' title="bbox 2179 981 3692 1053">
     <span class='ocr_line' id='line_1_21' title="bbox 2179 981 3692 1053; baseline 0.002 -21"><span class='ocrx_word' id='word_1_143' title='bbox 2179 981 2308 1033; x_wconf 78' lang='lat' dir='ltr'><strong>facta</strong></span> <span class='ocrx_word' id='word_1_144' title='bbox 2333 996 2449 1034; x_wconf 86' lang='lat' dir='ltr'><strong>esse</strong></span> <span class='ocrx_word' id='word_1_145' title='bbox 2469 997 2530 1036; x_wconf 82' lang='lat' dir='ltr'><strong>ex</strong></span> <span class='ocrx_word' id='word_1_146' title='bbox 2552 984 2755 1037; x_wconf 72' lang='lat' dir='ltr'><strong>eazteris</strong></span> <span class='ocrx_word' id='word_1_147' title='bbox 2775 984 3105 1038; x_wconf 86' lang='lat' dir='ltr'><strong>documentis</strong></span> <span class='ocrx_word' id='word_1_148' title='bbox 3135 986 3441 1051; x_wconf 71' lang='lat' dir='ltr'><strong>probantur.</strong></span> <span class='ocrx_word' id='word_1_149' title='bbox 3461 985 3692 1053; x_wconf 76' lang='lat' dir='ltr'><strong>Scriptum</strong></span> 
     </span>
    </p>
   </div>
   <div class='ocr_carea' id='block_1_22' title="bbox 2179 1073 3694 1144">
    <p class='ocr_par' dir='ltr' id='par_1_22' title="bbox 2179 1073 3694 1144">
     <span class='ocr_line' id='line_1_22' title="bbox 2179 1073 3694 1144; baseline 0.003 -21"><span class='ocrx_word' id='word_1_150' title='bbox 2179 1080 2256 1123; x_wconf 90' lang='lat' dir='ltr'><strong>est</strong></span> <span class='ocrx_word' id='word_1_151' title='bbox 2283 1073 2493 1140; x_wconf 83' lang='lat' dir='ltr'><strong>quando</strong></span> <span class='ocrx_word' id='word_1_152' title='bbox 2521 1073 2812 1140; x_wconf 81' lang='lat' dir='ltr'><strong>baptizatus</strong></span> <span class='ocrx_word' id='word_1_153' title='bbox 2842 1076 2910 1127; x_wconf 87' lang='lat' dir='ltr'><strong>sit</strong></span> <span class='ocrx_word' id='word_1_154' title='bbox 2934 1078 3216 1142; x_wconf 72' lang='lat' dir='ltr'><strong>Apostolus</strong></span> <span class='ocrx_word' id='word_1_155' title='bbox 3250 1075 3461 1140; x_wconf 80' lang='lat' dir='ltr'><strong>Paulus,</strong></span> <span class='ocrx_word' id='word_1_156' title='bbox 3485 1086 3535 1130; x_wconf 91' lang='lat' dir='ltr'><strong>et</strong></span> <span class='ocrx_word' id='word_1_157' title='bbox 3557 1078 3694 1144; x_wconf 87' lang='lat' dir='ltr'><strong>scrip-</strong></span> 
     </span>
    </p>
   </div>
   <div class='ocr_carea' id='block_1_23' title="bbox 2179 1167 3690 1235">
    <p class='ocr_par' dir='ltr' id='par_1_23' title="bbox 2179 1167 3690 1235">
     <span class='ocr_line' id='line_1_23' title="bbox 2179 1167 3690 1235; baseline 0.005 -20"><span class='ocrx_word' id='word_1_158' title='bbox 2179 1173 2284 1216; x_wconf 88' lang='lat' dir='ltr'><strong>tum</strong></span> <span class='ocrx_word' id='word_1_159' title='bbox 2320 1182 2420 1217; x_wconf 87' lang='lat' dir='ltr'><strong>nun</strong></span> <span class='ocrx_word' id='word_1_160' title='bbox 2467 1174 2548 1219; x_wconf 87' lang='lat' dir='ltr'><strong>est</strong></span> <span class='ocrx_word' id='word_1_161' title='bbox 2577 1167 2787 1232; x_wconf 83' lang='lat' dir='ltr'><strong>quando</strong></span> <span class='ocrx_word' id='word_1_162' title='bbox 2813 1167 3058 1235; x_wconf 85' lang='lat' dir='ltr'><strong>baptizati</strong></span> <span class='ocrx_word' id='word_1_163' title='bbox 3086 1169 3193 1221; x_wconf 91' lang='lat' dir='ltr'><strong>sint</strong></span> <span class='ocrx_word' id='word_1_164' title='bbox 3237 1169 3323 1221; x_wconf 91' lang='lat' dir='ltr'><strong>alii</strong></span> <span class='ocrx_word' id='word_1_165' title='bbox 3359 1170 3587 1230; x_wconf 76' lang='lat' dir='ltr'><strong>apo:tuli,</strong></span> <span class='ocrx_word' id='word_1_166' title='bbox 3619 1185 3690 1222; x_wconf 84' lang='lat' dir='ltr'><strong>ve-</strong></span> 
     </span>
    </p>
   </div>
   <div class='ocr_carea' id='block_1_24' title="bbox 2177 1257 3690 1326">
    <p class='ocr_par' dir='ltr' id='par_1_24' title="bbox 2177 1257 3690 1326">
     <span class='ocr_line' id='line_1_24' title="bbox 2177 1257 3690 1326; baseline 0.003 -20"><span class='ocrx_word' id='word_1_167' title='bbox 2177 1271 2292 1307; x_wconf 88' lang='lat' dir='ltr'><strong>rum</strong></span> <span class='ocrx_word' id='word_1_168' title='bbox 2332 1267 2504 1309; x_wconf 86' lang='lat' dir='ltr'><strong>tamen</strong></span> <span class='ocrx_word' id='word_1_169' title='bbox 2537 1257 2696 1311; x_wconf 88' lang='lat' dir='ltr'><strong>etiam</strong></span> <span class='ocrx_word' id='word_1_170' title='bbox 2743 1257 2885 1324; x_wconf 90' lang='lat' dir='ltr'><strong>ipsos</strong></span> <span class='ocrx_word' id='word_1_171' title='bbox 2918 1258 3211 1323; x_wconf 69' lang='lat' dir='ltr'><strong>baptizatos</strong></span> <span class='ocrx_word' id='word_1_172' title='bbox 3235 1259 3519 1326; x_wconf 69' lang='lat' dir='ltr'><strong>intelligi-re</strong></span> <span class='ocrx_word' id='word_1_173' title='bbox 3554 1259 3690 1310; x_wconf 73' lang='lat' dir='ltr'><strong>debe-</strong></span> 
     </span>
    </p>
   </div>
   <div class='ocr_carea' id='block_1_25' title="bbox 2177 1346 3690 1416">
    <p class='ocr_par' dir='ltr' id='par_1_25' title="bbox 2177 1346 3690 1416">
     <span class='ocr_line' id='line_1_25' title="bbox 2177 1346 3690 1416; baseline 0.004 -20"><span class='ocrx_word' id='word_1_174' title='bbox 2177 1359 2292 1397; x_wconf 87' lang='lat' dir='ltr'><strong>lttltS</strong></span> <span class='ocrx_word' id='word_1_175' title='bbox 2311 1385 2324 1406; x_wconf 91' lang='lat'><strong>,</strong></span> <span class='ocrx_word' id='word_1_176' title='bbox 2358 1346 2799 1412; x_wconf 83' lang='lat' dir='ltr'><strong>quemadmodum</strong></span> <span class='ocrx_word' id='word_1_177' title='bbox 2827 1348 3078 1415; x_wconf 88' lang='lat' dir='ltr'><strong>scriptum</strong></span> <span class='ocrx_word' id='word_1_178' title='bbox 3104 1358 3202 1412; x_wconf 86' lang='lat' dir='ltr'><strong>est,</strong></span> <span class='ocrx_word' id='word_1_179' title='bbox 3231 1350 3564 1416; x_wconf 73' lang='lat' dir='ltr'><strong>quandubapt</strong></span> <span class='ocrx_word' id='word_1_180' title='bbox 3583 1358 3690 1402; x_wconf 64' lang='grc' dir='ltr'>ιιι-ε</span> 
     </span>
    </p>
   </div>
   <div class='ocr_carea' id='block_1_26' title="bbox 991 1375 1583 1491">
    <p class='ocr_par' dir='ltr' id='par_1_26' title="bbox 991 1375 1583 1491">
     <span class='ocr_line' id='line_1_26' title="bbox 991 1375 1583 1491; baseline 0.007 -23"><span class='ocrx_word' id='word_1_181' title='bbox 991 1375 1243 1491; x_wconf 69' lang='lat' dir='ltr'><strong>eaeor</strong></span> <span class='ocrx_word' id='word_1_182' title='bbox 1305 1417 1583 1472; x_wconf 80' lang='lat' dir='ltr'><strong>ccxxxr.</strong></span> 
     </span>
    </p>
   </div>
   <div class='ocr_carea' id='block_1_27' title="bbox 520 1488 2072 1580">
    <p class='ocr_par' dir='ltr' id='par_1_27' title="bbox 520 1488 2072 1580">
     <span class='ocr_line' id='line_1_27' title="bbox 520 1488 2072 1580; baseline 0.011 -34"><span class='ocrx_word' id='word_1_183' title='bbox 520 1494 598 1547; x_wconf 80' lang='lat' dir='ltr'><strong>An</strong></span> <span class='ocrx_word' id='word_1_184' title='bbox 628 1488 848 1566; x_wconf 68' lang='lat' dir='ltr'><strong>apostoli</strong></span> <span class='ocrx_word' id='word_1_185' title='bbox 867 1501 1054 1568; x_wconf 79' lang='lat' dir='ltr'><strong>fuerint</strong></span> <span class='ocrx_word' id='word_1_186' title='bbox 1080 1488 1351 1575; x_wconf 67' lang='lat' dir='ltr'><strong>baptismi;</strong></span> <span class='ocrx_word' id='word_1_187' title='bbox 1381 1523 1442 1562; x_wconf 71' lang='grc' dir='ltr'><strong>επ</strong></span> <span class='ocrx_word' id='word_1_188' title='bbox 1471 1511 1686 1577; x_wconf 82' lang='lat' dir='ltr'><strong>epistola</strong></span> <span class='ocrx_word' id='word_1_189' title='bbox 1715 1513 1781 1563; x_wconf 85' lang='lat' dir='ltr'><strong>ad</strong></span> <span class='ocrx_word' id='word_1_190' title='bbox 1802 1509 2072 1580; x_wconf 79' lang='lat' dir='ltr'><strong>Seleucia-</strong></span> 
     </span>
    </p>
   </div>
   <div class='ocr_carea' id='block_1_28' title="bbox 1231 1593 1367 1631">
    <p class='ocr_par' dir='ltr' id='par_1_28' title="bbox 1231 1593 1367 1631">
     <span class='ocr_line' id='line_1_28' title="bbox 1231 1593 1367 1631; baseline 0.022 -3"><span class='ocrx_word' id='word_1_191' title='bbox 1231 1593 1367 1631; x_wconf 84' lang='lat' dir='ltr'><strong>nam.</strong></span> 
     </span>
    </p>
   </div>
   <div class='ocr_carea' id='block_1_29' title="bbox 2175 1435 3688 1504">
    <p class='ocr_par' dir='ltr' id='par_1_29' title="bbox 2175 1435 3688 1504">
     <span class='ocr_line' id='line_1_29' title="bbox 2175 1435 3688 1504; baseline 0.006 -19"><span class='ocrx_word' id='word_1_192' title='bbox 2175 1446 2294 1486; x_wconf 85' lang='lat' dir='ltr'><strong>sunt</strong></span> <span class='ocrx_word' id='word_1_193' title='bbox 2327 1435 2504 1502; x_wconf 89' lang='lat' dir='ltr'><strong>plebes</strong></span> <span class='ocrx_word' id='word_1_194' title='bbox 2533 1436 2884 1490; x_wconf 87' lang='lat' dir='ltr'><strong>Eeclesiarum</strong></span> <span class='ocrx_word' id='word_1_195' title='bbox 2905 1438 2954 1490; x_wconf 91' lang='lat' dir='ltr'><strong>in</strong></span> <span class='ocrx_word' id='word_1_196' title='bbox 2971 1437 3295 1492; x_wconf 72' lang='lat' dir='ltr'><strong>Hierusalem</strong></span> <span class='ocrx_word' id='word_1_197' title='bbox 3315 1463 3326 1490; x_wconf 86' lang='grc' dir='ltr'><strong>ι</strong></span> <span class='ocrx_word' id='word_1_198' title='bbox 3348 1441 3428 1492; x_wconf 92' lang='lat' dir='ltr'><strong>tiu</strong></span> <span class='ocrx_word' id='word_1_199' title='bbox 3451 1440 3688 1504; x_wconf 78' lang='lat' dir='ltr'><strong>Samaria;</strong></span> 
     </span>
    </p>
   </div>
   <div class='ocr_carea' id='block_1_30' title="bbox 2175 1524 3686 1597">
    <p class='ocr_par' dir='ltr' id='par_1_30' title="bbox 2175 1524 3686 1597">
     <span class='ocr_line' id='line_1_30' title="bbox 2175 1524 3686 1597; baseline 0.003 -22"><span class='ocrx_word' id='word_1_200' title='bbox 2175 1524 2382 1592; x_wconf 86' lang='lat' dir='ltr'><strong>quando</strong></span> <span class='ocrx_word' id='word_1_201' title='bbox 2396 1534 2570 1579; x_wconf 89' lang='lat' dir='ltr'><strong>autem</strong></span> <span class='ocrx_word' id='word_1_202' title='bbox 2582 1525 2859 1593; x_wconf 74' lang='lat' dir='ltr'><strong>baptizata:</strong></span> <span class='ocrx_word' id='word_1_203' title='bbox 2886 1527 2989 1580; x_wconf 90' lang='lat' dir='ltr'><strong>sint</strong></span> <span class='ocrx_word' id='word_1_204' title='bbox 3008 1527 3123 1580; x_wconf 69' lang='lat' dir='ltr'><strong>alite</strong></span> <span class='ocrx_word' id='word_1_205' title='bbox 3139 1528 3317 1596; x_wconf 88' lang='lat' dir='ltr'><strong>plebes</strong></span> <span class='ocrx_word' id='word_1_206' title='bbox 3334 1531 3572 1596; x_wconf 80' lang='lat' dir='ltr'><strong>gentium,</strong></span> <span class='ocrx_word' id='word_1_207' title='bbox 3593 1533 3686 1597; x_wconf 86' lang='lat' dir='ltr'><strong>qui-</strong></span> 
     </span>
    </p>
   </div>
   <div class='ocr_carea' id='block_1_31' title="bbox 2173 1614 3682 1686">
    <p class='ocr_par' dir='ltr' id='par_1_31' title="bbox 2173 1614 3682 1686">
     <span class='ocr_line' id='line_1_31' title="bbox 2173 1614 3682 1686; baseline 0.002 -19"><span class='ocrx_word' id='word_1_208' title='bbox 2173 1614 2268 1667; x_wconf 88' lang='lat' dir='ltr'><strong>bus</strong></span> <span class='ocrx_word' id='word_1_209' title='bbox 2295 1614 2518 1680; x_wconf 77' lang='lat' dir='ltr'><strong>apostoli</strong></span> <span class='ocrx_word' id='word_1_210' title='bbox 2536 1615 2788 1684; x_wconf 83' lang='lat' dir='ltr'><strong>epistolas</strong></span> <span class='ocrx_word' id='word_1_211' title='bbox 2805 1618 3212 1681; x_wconf 81' lang='lat' dir='ltr'><strong>miserunt,‘non</strong></span> <span class='ocrx_word' id='word_1_212' title='bbox 3243 1628 3324 1672; x_wconf 89' lang='lat' dir='ltr'><strong>est</strong></span> <span class='ocrx_word' id='word_1_213' title='bbox 3353 1620 3522 1686; x_wconf 86' lang='lat' dir='ltr'><strong>utique</strong></span> <span class='ocrx_word' id='word_1_214' title='bbox 3545 1621 3682 1685; x_wconf 83' lang='lat' dir='ltr'><strong>serip-</strong></span> 
     </span>
    </p>
   </div>
   <div class='ocr_carea' id='block_1_32' title="bbox 588 1673 3683 1778">
    <p class='ocr_par' dir='ltr' id='par_1_32' title="bbox 588 1673 3683 1778">
     <span class='ocr_line' id='line_1_32' title="bbox 588 1673 3683 1778; baseline 0.011 -51"><span class='ocrx_word' id='word_1_215' title='bbox 588 1673 777 1731; x_wconf 80' lang='lat' dir='ltr'><strong>Nescio</strong></span> <span class='ocrx_word' id='word_1_216' title='bbox 792 1681 948 1749; x_wconf 86' lang='lat' dir='ltr'><strong>quale</strong></span> <span class='ocrx_word' id='word_1_217' title='bbox 975 1697 1071 1738; x_wconf 90' lang='lat' dir='ltr'><strong>eor</strong></span> <span class='ocrx_word' id='word_1_218' title='bbox 1101 1685 1292 1741; x_wconf 86' lang='lat' dir='ltr'><strong>habeat</strong></span> <span class='ocrx_word' id='word_1_219' title='bbox 1320 1689 1429 1756; x_wconf 69' lang='lat' dir='ltr'><strong>qui.</strong></span> <span class='ocrx_word' id='word_1_220' title='bbox 1461 1705 1579 1744; x_wconf 77' lang='lat' dir='ltr'><strong>cum</strong></span> <span class='ocrx_word' id='word_1_221' title='bbox 1607 1692 1873 1758; x_wconf 65' lang='lat'><strong>300510105</strong></span> <span class='ocrx_word' id='word_1_222' title='bbox 1899 1691 2069 1759; x_wconf 68' lang='grc' dir='ltr'><strong>ιπψῑί-</strong></span> <span class='ocrx_word' id='word_1_223' title='bbox 2103 1709 2144 1766; x_wconf 85' lang='grc' dir='ltr'><strong>Β</strong></span> <span class='ocrx_word' id='word_1_224' title='bbox 2172 1713 2280 1758; x_wconf 90' lang='lat' dir='ltr'><strong>tum</strong></span> <span class='ocrx_word' id='word_1_225' title='bbox 2312 1673 2342 1759; x_wconf 46' lang='grc' dir='ltr'><strong>τ’</strong></span> <span class='ocrx_word' id='word_1_226' title='bbox 2357 1715 2408 1760; x_wconf 89' lang='lat' dir='ltr'><strong>et</strong></span> <span class='ocrx_word' id='word_1_227' title='bbox 2436 1673 2607 1760; x_wconf 73' lang='lat' dir='ltr'><strong>tamen</strong></span> <span class='ocrx_word' id='word_1_228' title='bbox 2629 1707 2786 1761; x_wconf 78' lang='lat' dir='ltr'><strong>etiam</strong></span> <span class='ocrx_word' id='word_1_229' title='bbox 2818 1709 2958 1775; x_wconf 83' lang='lat' dir='ltr'><strong>ipsas</strong></span> <span class='ocrx_word' id='word_1_230' title='bbox 2974 1709 3262 1778; x_wconf 85' lang='lat' dir='ltr'><strong>baptizatas</strong></span> <span class='ocrx_word' id='word_1_231' title='bbox 3283 1712 3492 1764; x_wconf 87' lang='lat' dir='ltr'><strong>minime</strong></span> <span class='ocrx_word' id='word_1_232' title='bbox 3512 1712 3683 1763; x_wconf 85' lang='lat' dir='ltr'><strong>dubita-</strong></span> 
     </span>
    </p>
   </div>
   <div class='ocr_carea' id='block_1_33' title="bbox 514 1769 3681 1867">
    <p class='ocr_par' dir='ltr' id='par_1_33' title="bbox 514 1769 3681 1867">
     <span class='ocr_line' id='line_1_33' title="bbox 514 1769 3681 1867; baseline 0.01 -45"><span class='ocrx_word' id='word_1_233' title='bbox 514 1776 663 1822; x_wconf 70' lang='lat' dir='ltr'><strong>Zatos</strong></span> <span class='ocrx_word' id='word_1_234' title='bbox 693 1769 864 1836; x_wconf 76' lang='lat' dir='ltr'><strong>dicat,</strong></span> <span class='ocrx_word' id='word_1_235' title='bbox 910 1774 1122 1830; x_wconf 77' lang='lat' dir='ltr'><strong>Petrum</strong></span> <span class='ocrx_word' id='word_1_236' title='bbox 1167 1779 1487 1846; x_wconf 75' lang='lat' dir='ltr'><strong>baptizatum</strong></span> <span class='ocrx_word' id='word_1_237' title='bbox 1516 1791 1689 1851; x_wconf 85' lang='lat' dir='ltr'><strong>negat.</strong></span> <span class='ocrx_word' id='word_1_238' title='bbox 1715 1783 1864 1849; x_wconf 85' lang='lat' dir='ltr'><strong>Quod</strong></span> <span class='ocrx_word' id='word_1_239' title='bbox 1893 1793 2068 1836; x_wconf 84' lang='lat' dir='ltr'><strong>autem</strong></span> <span class='ocrx_word' id='word_1_240' title='bbox 2172 1807 2311 1857; x_wconf 92' lang='lat' dir='ltr'><strong>mus,</strong></span> <span class='ocrx_word' id='word_1_241' title='bbox 2336 1803 2550 1863; x_wconf 86' lang='lat' dir='ltr'><strong>propter</strong></span> <span class='ocrx_word' id='word_1_242' title='bbox 2577 1795 2717 1849; x_wconf 83' lang='lat' dir='ltr'><strong>il‘am</strong></span> <span class='ocrx_word' id='word_1_243' title='bbox 2744 1769 2952 1850; x_wconf 69' lang='lat' dir='ltr'><strong>Domini</strong></span> <span class='ocrx_word' id='word_1_244' title='bbox 2973 1769 3288 1851; x_wconf 77' lang='lat' dir='ltr'><strong>sententiam</strong></span> <span class='ocrx_word' id='word_1_245' title='bbox 3315 1817 3327 1850; x_wconf 74' lang='grc' dir='ltr'>ε</span> <span class='ocrx_word' id='word_1_246' title='bbox 3361 1799 3465 1852; x_wconf 73' lang='lat' dir='ltr'><strong>Nisi</strong></span> <span class='ocrx_word' id='word_1_247' title='bbox 3493 1800 3594 1867; x_wconf 88' lang='lat' dir='ltr'><strong>quis</strong></span> <span class='ocrx_word' id='word_1_248' title='bbox 3616 1815 3681 1853; x_wconf 83' lang='lat' dir='ltr'><strong>re-</strong></span> 
     </span>
    </p>
   </div>
   <div class='ocr_carea' id='block_1_34' title="bbox 513 1857 2044 1956">
    <p class='ocr_par' dir='ltr' id='par_1_34' title="bbox 513 1857 2044 1938">
     <span class='ocr_line' id='line_1_34' title="bbox 513 1857 2044 1938; baseline 0.012 -29"><span class='ocrx_word' id='word_1_249' title='bbox 513 1857 706 1912; x_wconf 90' lang='lat' dir='ltr'><strong>dicitur</strong></span> <span class='ocrx_word' id='word_1_250' title='bbox 738 1860 925 1918; x_wconf 86' lang='lat' dir='ltr'><strong>Petrus</strong></span> <span class='ocrx_word' id='word_1_251' title='bbox 955 1866 1126 1938; x_wconf 84' lang='lat' dir='ltr'><strong>egisse</strong></span> <span class='ocrx_word' id='word_1_252' title='bbox 1156 1871 1543 1938; x_wconf 78' lang='lat' dir='ltr'><strong>ptenitentiam,</strong></span> <span class='ocrx_word' id='word_1_253' title='bbox 1567 1875 1856 1928; x_wconf 91' lang='lat' dir='ltr'><strong>cavendum</strong></span> <span class='ocrx_word' id='word_1_254' title='bbox 1883 1883 1965 1928; x_wconf 89' lang='lat' dir='ltr'><strong>est</strong></span> <span class='ocrx_word' id='word_1_255' title='bbox 2005 1890 2044 1927; x_wconf 46' lang='lat' dir='ltr'><strong>nt</strong></span> 
     </span>
    </p>
   </div>
   <div class='ocr_carea' id='block_1_35' title="bbox 2151 1857 3681 1956">
    <p class='ocr_par' dir='ltr' id='par_1_35' title="bbox 2171 1884 3681 1956">
     <span class='ocr_line' id='line_1_35' title="bbox 2171 1884 3681 1956; baseline 0.005 -21"><span class='ocrx_word' id='word_1_256' title='bbox 2171 1892 2325 1936; x_wconf 90' lang='lat' dir='ltr'><strong>natus</strong></span> <span class='ocrx_word' id='word_1_257' title='bbox 2348 1884 2503 1938; x_wconf 81' lang='lat' dir='ltr'><strong>fuerit</strong></span> <span class='ocrx_word' id='word_1_258' title='bbox 2524 1899 2590 1939; x_wconf 78' lang='lat' dir='ltr'><strong>ex</strong></span> <span class='ocrx_word' id='word_1_259' title='bbox 2611 1900 2745 1955; x_wconf 90' lang='lat' dir='ltr'><strong>aqua</strong></span> <span class='ocrx_word' id='word_1_260' title='bbox 2779 1888 3049 1956; x_wconf 88' lang='lat' dir='ltr'><strong>etSpiritu</strong></span> <span class='ocrx_word' id='word_1_261' title='bbox 3078 1898 3285 1954; x_wconf 87' lang='lat' dir='ltr'><strong>sancto,</strong></span> <span class='ocrx_word' id='word_1_262' title='bbox 3303 1906 3402 1942; x_wconf 90' lang='lat' dir='ltr'><strong>non</strong></span> <span class='ocrx_word' id='word_1_263' title='bbox 3431 1891 3620 1943; x_wconf 74' lang='lat' dir='ltr'><strong>intrabit</strong></span> <span class='ocrx_word' id='word_1_264' title='bbox 3642 1891 3681 1942; x_wconf 89' lang='lat' dir='ltr'><strong>in</strong></span> 
     </span>
    </p>
   </div>
   <div class='ocr_carea' id='block_1_36' title="bbox 512 1944 3679 2047">
    <p class='ocr_par' dir='ltr' id='par_1_36' title="bbox 512 1944 3679 2047">
     <span class='ocr_line' id='line_1_36' title="bbox 512 1944 3679 2047; baseline 0.009 -49"><span class='ocrx_word' id='word_1_265' title='bbox 512 1944 588 2000; x_wconf 89' lang='lat' dir='ltr'><strong>ita</strong></span> <span class='ocrx_word' id='word_1_266' title='bbox 618 1957 832 2018; x_wconf 88' lang='lat' dir='ltr'><strong>putetur</strong></span> <span class='ocrx_word' id='word_1_267' title='bbox 878 1955 1050 2024; x_wconf 78' lang='lat' dir='ltr'><strong>egisse</strong></span> <span class='ocrx_word' id='word_1_268' title='bbox 1095 1961 1360 2028; x_wconf 80' lang='lat' dir='ltr'><strong>quomodo</strong></span> <span class='ocrx_word' id='word_1_269' title='bbox 1403 1973 1572 2032; x_wconf 82' lang='lat' dir='ltr'><strong>agunt</strong></span> <span class='ocrx_word' id='word_1_270' title='bbox 1600 1965 1650 2018; x_wconf 92' lang='lat' dir='ltr'><strong>in</strong></span> <span class='ocrx_word' id='word_1_271' title='bbox 1699 1966 1929 2019; x_wconf 84' lang='lat' dir='ltr'><strong>Ecclesia</strong></span> <span class='ocrx_word' id='word_1_272' title='bbox 1982 1968 2066 2035; x_wconf 84' lang='lat' dir='ltr'><strong>qui</strong></span> <span class='ocrx_word' id='word_1_273' title='bbox 2169 1988 2391 2041; x_wconf 79' lang='lat' dir='ltr'><strong>regnum</strong></span> <span class='ocrx_word' id='word_1_274' title='bbox 2414 1944 2997 2043; x_wconf 66' lang='lat' dir='ltr'><strong>ccblorurri.Utrutitttue</strong></span> <span class='ocrx_word' id='word_1_275' title='bbox 3022 1989 3198 2033; x_wconf 84' lang='lat' dir='ltr'><strong>autem</strong></span> <span class='ocrx_word' id='word_1_276' title='bbox 3221 1981 3286 2033; x_wconf 90' lang='lat' dir='ltr'><strong>de</strong></span> <span class='ocrx_word' id='word_1_277' title='bbox 3312 1981 3524 2032; x_wconf 75' lang='lat' dir='ltr'><strong>Doano</strong></span> <span class='ocrx_word' id='word_1_278' title='bbox 3543 1982 3679 2047; x_wconf 81' lang='lat' dir='ltr'><strong>scrip.</strong></span> 
     </span>
    </p>
   </div>
   <div class='ocr_carea' id='block_1_37' title="bbox 513 2042 2044 2137">
    <p class='ocr_par' dir='ltr' id='par_1_37' title="bbox 513 2042 2042 2122">
     <span class='ocr_line' id='line_1_37' title="bbox 513 2042 2042 2122; baseline 0.009 -29"><span class='ocrx_word' id='word_1_279' title='bbox 513 2042 730 2106; x_wconf 83' lang='lat' dir='ltr'><strong>proprie</strong></span> <span class='ocrx_word' id='word_1_280' title='bbox 779 2044 1096 2108; x_wconf 72' lang='lat' dir='ltr'><strong>puenitentes</strong></span> <span class='ocrx_word' id='word_1_281' title='bbox 1125 2060 1381 2105; x_wconf 79' lang='lat' dir='ltr'><strong>vocantur</strong></span> <span class='ocrx_word' id='word_1_282' title='bbox 1425 2061 1524 2107; x_wconf 91' lang='lat' dir='ltr'><strong>:et</strong></span> <span class='ocrx_word' id='word_1_283' title='bbox 1553 2054 1671 2122; x_wconf 91' lang='lat' dir='ltr'><strong>quis</strong></span> <span class='ocrx_word' id='word_1_284' title='bbox 1714 2055 1810 2110; x_wconf 84' lang='lat' dir='ltr'><strong>hoc</strong></span> <span class='ocrx_word' id='word_1_285' title='bbox 1852 2053 1986 2108; x_wconf 75' lang='lat' dir='ltr'><strong>{erat</strong></span> <span class='ocrx_word' id='word_1_286' title='bbox 2013 2070 2042 2107; x_wconf 88' lang='grc' dir='ltr'><strong>ιι</strong></span> 
     </span>
    </p>
   </div>
   <div class='ocr_carea' id='block_1_38' title="bbox 2151 2042 3679 2137">
    <p class='ocr_par' dir='ltr' id='par_1_38' title="bbox 2168 2042 3679 2137">
     <span class='ocr_line' id='line_1_38' title="bbox 2168 2042 3679 2137; baseline 0.003 -20"><span class='ocrx_word' id='word_1_287' title='bbox 2168 2072 2277 2117; x_wconf 89' lang='lat' dir='ltr'><strong>tum</strong></span> <span class='ocrx_word' id='word_1_288' title='bbox 2297 2072 2398 2128; x_wconf 89' lang='lat' dir='ltr'><strong>est,</strong></span> <span class='ocrx_word' id='word_1_289' title='bbox 2416 2065 2535 2132; x_wconf 87' lang='lat' dir='ltr'><strong>quia</strong></span> <span class='ocrx_word' id='word_1_290' title='bbox 2559 2064 2853 2133; x_wconf 86' lang='lat' dir='ltr'><strong>baptizabat</strong></span> <span class='ocrx_word' id='word_1_291' title='bbox 2875 2068 3049 2135; x_wconf 87' lang='lat' dir='ltr'><strong>plures</strong></span> <span class='ocrx_word' id='word_1_292' title='bbox 3071 2084 3227 2137; x_wconf 89' lang='lat' dir='ltr'><strong>quam</strong></span> <span class='ocrx_word' id='word_1_293' title='bbox 3254 2069 3494 2133; x_wconf 79' lang='lat' dir='ltr'><strong>Joannes,</strong></span> <span class='ocrx_word' id='word_1_294' title='bbox 3517 2081 3563 2122; x_wconf 87' lang='lat' dir='ltr'><strong>et</strong></span> <span class='ocrx_word' id='word_1_295' title='bbox 3581 2042 3679 2137; x_wconf 71' lang='lat' dir='ltr'><strong>quia</strong></span> 
     </span>
    </p>
   </div>
   <div class='ocr_carea' id='block_1_39' title="bbox 510 2127 3677 2230">
    <p class='ocr_par' dir='ltr' id='par_1_39' title="bbox 510 2127 3677 2230">
     <span class='ocr_line' id='line_1_39' title="bbox 510 2127 3677 2230; baseline 0.01 -53"><span class='ocrx_word' id='word_1_296' title='bbox 510 2127 736 2192; x_wconf 90' lang='lat' dir='ltr'><strong>primum</strong></span> <span class='ocrx_word' id='word_1_297' title='bbox 766 2136 1124 2199; x_wconf 59' lang='lat' dir='ltr'><strong>apostolorum</strong></span> <span class='ocrx_word' id='word_1_298' title='bbox 1167 2138 1303 2194; x_wconf 90' lang='lat' dir='ltr'><strong>inter</strong></span> <span class='ocrx_word' id='word_1_299' title='bbox 1333 2141 1466 2196; x_wconf 89' lang='lat' dir='ltr'><strong>tales</strong></span> <span class='ocrx_word' id='word_1_300' title='bbox 1509 2147 1832 2212; x_wconf 72' lang='lat' dir='ltr'><strong>pmnitentcs</strong></span> <span class='ocrx_word' id='word_1_301' title='bbox 1879 2159 2066 2200; x_wconf 90' lang='lat' dir='ltr'><strong>nume-</strong></span> <span class='ocrx_word' id='word_1_302' title='bbox 2169 2155 2284 2224; x_wconf 83' lang='lat' dir='ltr'><strong>ipse</strong></span> <span class='ocrx_word' id='word_1_303' title='bbox 2310 2127 2778 2225; x_wconf 39' lang='lat' dir='ltr'><strong>non—baptizabat,</strong></span> <span class='ocrx_word' id='word_1_304' title='bbox 2808 2127 2900 2212; x_wconf 78' lang='lat' dir='ltr'><strong>sed</strong></span> <span class='ocrx_word' id='word_1_305' title='bbox 2927 2127 3169 2229; x_wconf 73' lang='lat' dir='ltr'><strong>discipuli</strong></span> <span class='ocrx_word' id='word_1_306' title='bbox 3195 2160 3308 2229; x_wconf 85' lang='lat' dir='ltr'><strong>ejus</strong></span> <span class='ocrx_word' id='word_1_307' title='bbox 3335 2203 3348 2226; x_wconf 95' lang='lat'><strong>,</strong></span> <span class='ocrx_word' id='word_1_308' title='bbox 3380 2171 3432 2214; x_wconf 93' lang='lat' dir='ltr'><strong>ut</strong></span> <span class='ocrx_word' id='word_1_309' title='bbox 3459 2163 3677 2230; x_wconf 67' lang='lat' dir='ltr'><strong>intellige~</strong></span> 
     </span>
    </p>
   </div>
   <div class='ocr_carea' id='block_1_40' title="bbox 514 2217 2044 2320">
    <p class='ocr_par' dir='ltr' id='par_1_40' title="bbox 514 2217 2044 2305">
     <span class='ocr_line' id='line_1_40' title="bbox 514 2217 2044 2305; baseline 0.014 -37"><span class='ocrx_word' id='word_1_310' title='bbox 514 2217 736 2272; x_wconf 86' lang='lat' dir='ltr'><strong>randum</strong></span> <span class='ocrx_word' id='word_1_311' title='bbox 801 2227 1075 2289; x_wconf 81' lang='lat' dir='ltr'><strong>putemus?</strong></span> <span class='ocrx_word' id='word_1_312' title='bbox 1127 2228 1378 2285; x_wconf 77' lang='lat' dir='ltr'><strong>Pmnituit</strong></span> <span class='ocrx_word' id='word_1_313' title='bbox 1431 2234 1571 2287; x_wconf 89' lang='lat' dir='ltr'><strong>enim</strong></span> <span class='ocrx_word' id='word_1_314' title='bbox 1647 2250 1765 2288; x_wconf 90' lang='lat' dir='ltr'><strong>eum</strong></span> <span class='ocrx_word' id='word_1_315' title='bbox 1841 2250 2044 2305; x_wconf 73' lang='lat' dir='ltr'><strong>negasSt</strong></span> 
     </span>
    </p>
   </div>
   <div class='ocr_carea' id='block_1_41' title="bbox 2151 2217 3674 2320">
    <p class='ocr_par' dir='ltr' id='par_1_41' title="bbox 2167 2217 3674 2320">
     <span class='ocr_line' id='line_1_41' title="bbox 2167 2217 3674 2320; baseline 0.004 -22"><span class='ocrx_word' id='word_1_316' title='bbox 2167 2217 2347 2299; x_wconf 76' lang='lat' dir='ltr'><strong>remus</strong></span> <span class='ocrx_word' id='word_1_317' title='bbox 2373 2255 2428 2300; x_wconf 87' lang='lat' dir='ltr'><strong>et</strong></span> <span class='ocrx_word' id='word_1_318' title='bbox 2449 2217 2617 2314; x_wconf 79' lang='lat' dir='ltr'><strong>ipsum</strong></span> <span class='ocrx_word' id='word_1_319' title='bbox 2649 2248 2859 2318; x_wconf 88' lang='lat' dir='ltr'><strong>quidem</strong></span> <span class='ocrx_word' id='word_1_320' title='bbox 2887 2217 3184 2316; x_wconf 71' lang='lat' dir='ltr'><strong>baptizasse</strong></span> <span class='ocrx_word' id='word_1_321' title='bbox 3212 2253 3483 2320; x_wconf 74' lang='lat' dir='ltr'><strong>praesentia</strong></span> <span class='ocrx_word' id='word_1_322' title='bbox 3512 2250 3674 2319; x_wconf 82' lang='lat' dir='ltr'><strong>majes-</strong></span> 
     </span>
    </p>
   </div>
   <div class='ocr_carea' id='block_1_42' title="bbox 507 2303 3674 2407">
    <p class='ocr_par' dir='ltr' id='par_1_42' title="bbox 507 2303 3674 2407">
     <span class='ocr_line' id='line_1_42' title="bbox 507 2303 3674 2407; baseline 0.01 -44"><span class='ocrx_word' id='word_1_323' title='bbox 507 2303 778 2364; x_wconf 79' lang='lat' dir='ltr'><strong>Christum</strong></span> <span class='ocrx_word' id='word_1_324' title='bbox 807 2350 820 2374; x_wconf 85' lang='lat'><strong>,</strong></span> <span class='ocrx_word' id='word_1_325' title='bbox 858 2314 1000 2382; x_wconf 86' lang='lat' dir='ltr'><strong>quod</strong></span> <span class='ocrx_word' id='word_1_326' title='bbox 1052 2320 1167 2393; x_wconf 85' lang='lat' dir='ltr'><strong>ejus</strong></span> <span class='ocrx_word' id='word_1_327' title='bbox 1218 2318 1452 2374; x_wconf 75' lang='lat' dir='ltr'><strong>indieant</strong></span> <span class='ocrx_word' id='word_1_328' title='bbox 1491 2322 1771 2392; x_wconf 72' lang='lat' dir='ltr'><strong>laerymm;</strong></span> <span class='ocrx_word' id='word_1_329' title='bbox 1817 2325 1893 2378; x_wconf 91' lang='lat' dir='ltr'><strong>sic</strong></span> <span class='ocrx_word' id='word_1_330' title='bbox 1919 2303 2063 2380; x_wconf 79' lang='lat' dir='ltr'><strong>enim</strong></span> <span class='ocrx_word' id='word_1_331' title='bbox 2168 2335 2323 2401; x_wconf 85' lang='lat' dir='ltr'><strong>tatis,</strong></span> <span class='ocrx_word' id='word_1_332' title='bbox 2357 2303 2859 2404; x_wconf 47' lang='lat' dir='ltr'><strong>nontamen-ipsum</strong></span> <span class='ocrx_word' id='word_1_333' title='bbox 2883 2338 3175 2406; x_wconf 81' lang='lat' dir='ltr'><strong>baptizasse</strong></span> <span class='ocrx_word' id='word_1_334' title='bbox 3203 2303 3439 2394; x_wconf 73' lang='lat' dir='ltr'><strong>manibus</strong></span> <span class='ocrx_word' id='word_1_335' title='bbox 3464 2341 3674 2407; x_wconf 78' lang='lat' dir='ltr'><strong>suiszip-</strong></span> 
     </span>
    </p>
   </div>
   <div class='ocr_carea' id='block_1_43' title="bbox 506 2393 2044 2497">
    <p class='ocr_par' dir='ltr' id='par_1_43' title="bbox 506 2393 2041 2469">
     <span class='ocr_line' id='line_1_43' title="bbox 506 2393 2041 2469; baseline 0.015 -23"><span class='ocrx_word' id='word_1_336' title='bbox 506 2393 762 2462; x_wconf 83' lang='lat' dir='ltr'><strong>scriptum</strong></span> <span class='ocrx_word' id='word_1_337' title='bbox 785 2409 902 2454; x_wconf 88' lang='lat' dir='ltr'><strong>est:</strong></span> <span class='ocrx_word' id='word_1_338' title='bbox 930 2402 1062 2469; x_wconf 87' lang='lat' dir='ltr'><strong>Quia</strong></span> <span class='ocrx_word' id='word_1_339' title='bbox 1094 2405 1235 2460; x_wconf 84' lang='lat' dir='ltr'><strong>ﬂevit</strong></span> <span class='ocrx_word' id='word_1_340' title='bbox 1263 2422 1462 2464; x_wconf 88' lang='lat' dir='ltr'><strong>amare.</strong></span> <span class='ocrx_word' id='word_1_341' title='bbox 1503 2411 1742 2465; x_wconf 86' lang='lat' dir='ltr'><strong>Nondum</strong></span> <span class='ocrx_word' id='word_1_342' title='bbox 1787 2414 1922 2466; x_wconf 90' lang='lat' dir='ltr'><strong>enim</strong></span> <span class='ocrx_word' id='word_1_343' title='bbox 1957 2414 2041 2469; x_wconf 81' lang='lat' dir='ltr'><strong>fuc</strong></span> 
     </span>
    </p>
   </div>
   <div class='ocr_carea' id='block_1_44' title="bbox 2151 2393 3674 2497">
    <p class='ocr_par' dir='ltr' id='par_1_44' title="bbox 2166 2427 3674 2497">
     <span class='ocr_line' id='line_1_44' title="bbox 2166 2427 3674 2497; baseline 0.003 -19"><span class='ocrx_word' id='word_1_344' title='bbox 2166 2427 2276 2480; x_wconf 89' lang='lat' dir='ltr'><strong>sius</strong></span> <span class='ocrx_word' id='word_1_345' title='bbox 2303 2427 2442 2480; x_wconf 90' lang='lat' dir='ltr'><strong>enim</strong></span> <span class='ocrx_word' id='word_1_346' title='bbox 2471 2439 2586 2483; x_wconf 88' lang='lat' dir='ltr'><strong>erat</strong></span> <span class='ocrx_word' id='word_1_347' title='bbox 2617 2428 2867 2497; x_wconf 90' lang='lat' dir='ltr'><strong>Baptismi</strong></span> <span class='ocrx_word' id='word_1_348' title='bbox 2899 2439 3306 2492; x_wconf 87' lang='lat' dir='ltr'><strong>sacramentum;</strong></span> <span class='ocrx_word' id='word_1_349' title='bbox 3338 2433 3400 2485; x_wconf 87' lang='lat' dir='ltr'><strong>ad</strong></span> <span class='ocrx_word' id='word_1_350' title='bbox 3429 2431 3674 2497; x_wconf 80' lang='lat' dir='ltr'><strong>discipulos</strong></span> 
     </span>
    </p>
   </div>
   <div class='ocr_carea' id='block_1_45' title="bbox 507 2489 3672 2589">
    <p class='ocr_par' dir='ltr' id='par_1_45' title="bbox 507 2489 3672 2589">
     <span class='ocr_line' id='line_1_45' title="bbox 507 2489 3672 2589; baseline 0.011 -57"><span class='ocrx_word' id='word_1_351' title='bbox 507 2489 628 2536; x_wconf 88' lang='lat' dir='ltr'><strong>rant</strong></span> <span class='ocrx_word' id='word_1_352' title='bbox 657 2491 1044 2546; x_wconf 87' lang='lat' dir='ltr'><strong>resurrectione</strong></span> <span class='ocrx_word' id='word_1_353' title='bbox 1079 2493 1281 2548; x_wconf 87' lang='lat' dir='ltr'><strong>Domini</strong></span> <span class='ocrx_word' id='word_1_354' title='bbox 1303 2498 1698 2564; x_wconf 83' lang='lat' dir='ltr'><strong>conlirmati,et</strong></span> <span class='ocrx_word' id='word_1_355' title='bbox 1727 2501 1813 2555; x_wconf 91' lang='lat' dir='ltr'><strong>illo</strong></span> <span class='ocrx_word' id='word_1_356' title='bbox 1835 2502 2063 2556; x_wconf 84' lang='lat' dir='ltr'><strong>adventu</strong></span> <span class='ocrx_word' id='word_1_357' title='bbox 2163 2525 2340 2570; x_wconf 67' lang='lat' dir='ltr'><strong>autem</strong></span> <span class='ocrx_word' id='word_1_358' title='bbox 2369 2518 2665 2586; x_wconf 66' lang='lat' dir='ltr'><strong>baptizandi</strong></span> <span class='ocrx_word' id='word_1_359' title='bbox 2695 2489 3046 2574; x_wconf 48' lang='lat' dir='ltr'><strong>ininisterjum</strong></span> <span class='ocrx_word' id='word_1_360' title='bbox 3077 2522 3390 2589; x_wconf 71' lang='lat' dir='ltr'><strong>pertinebat,</strong></span> <span class='ocrx_word' id='word_1_361' title='bbox 3419 2521 3549 2574; x_wconf 77' lang='lat' dir='ltr'><strong>Tunc</strong></span> <span class='ocrx_word' id='word_1_362' title='bbox 3569 2533 3672 2588; x_wconf 70' lang='lat' dir='ltr'><strong>ergo</strong></span> 
     </span>
    </p>
   </div>
   <div class='ocr_carea' id='block_1_46' title="bbox 507 2570 2044 2680">
    <p class='ocr_par' dir='ltr' id='par_1_46' title="bbox 507 2570 2040 2659">
     <span class='ocr_line' id='line_1_46' title="bbox 507 2570 2040 2659; baseline 0.014 -35"><span class='ocrx_word' id='word_1_363' title='bbox 507 2570 737 2638; x_wconf 86' lang='lat' dir='ltr'><strong>Spiritus</strong></span> <span class='ocrx_word' id='word_1_364' title='bbox 775 2580 974 2645; x_wconf 90' lang='lat' dir='ltr'><strong>sancti,</strong></span> <span class='ocrx_word' id='word_1_365' title='bbox 1015 2582 1103 2649; x_wconf 90' lang='lat' dir='ltr'><strong>qui</strong></span> <span class='ocrx_word' id='word_1_366' title='bbox 1146 2585 1385 2652; x_wconf 88' lang='lat' dir='ltr'><strong>apparuit</strong></span> <span class='ocrx_word' id='word_1_367' title='bbox 1430 2587 1514 2641; x_wconf 92' lang='lat' dir='ltr'><strong>die</strong></span> <span class='ocrx_word' id='word_1_368' title='bbox 1567 2587 1905 2644; x_wconf 76' lang='lat' dir='ltr'><strong>Pentecostes</strong></span> <span class='ocrx_word' id='word_1_369' title='bbox 1931 2635 1944 2659; x_wconf 96' lang='lat'><strong>,</strong></span> <span class='ocrx_word' id='word_1_370' title='bbox 1979 2608 2040 2646; x_wconf 88' lang='lat' dir='ltr'><strong>ve</strong></span> 
     </span>
    </p>
   </div>
   <div class='ocr_carea' id='block_1_47' title="bbox 2151 2570 3671 2680">
    <p class='ocr_par' dir='ltr' id='par_1_47' title="bbox 2162 2570 3671 2680">
     <span class='ocr_line' id='line_1_47' title="bbox 2162 2570 3671 2680; baseline 0.001 -23"><span class='ocrx_word' id='word_1_371' title='bbox 2162 2605 2379 2673; x_wconf 73' lang='lat' dir='ltr'><strong>quando~</strong></span> <span class='ocrx_word' id='word_1_372' title='bbox 2403 2570 2528 2661; x_wconf 76' lang='lat' dir='ltr'><strong>dicit</strong></span> <span class='ocrx_word' id='word_1_373' title='bbox 2552 2607 2784 2662; x_wconf 75' lang='lat' dir='ltr'><strong>Joannes</strong></span> <span class='ocrx_word' id='word_1_374' title='bbox 2819 2609 3138 2678; x_wconf 84' lang='lat' dir='ltr'><strong>evangelista</strong></span> <span class='ocrx_word' id='word_1_375' title='bbox 3173 2609 3224 2663; x_wconf 92' lang='lat' dir='ltr'><strong>in</strong></span> <span class='ocrx_word' id='word_1_376' title='bbox 3274 2610 3542 2680; x_wconf 87' lang='lat' dir='ltr'><strong>Evangelio</strong></span> <span class='ocrx_word' id='word_1_377' title='bbox 3568 2623 3671 2674; x_wconf 86' lang='lat' dir='ltr'><strong>suo,</strong></span> 
     </span>
    </p>
   </div>
   <div class='ocr_carea' id='block_1_48' title="bbox 506 2658 3671 2768">
    <p class='ocr_par' dir='ltr' id='par_1_48' title="bbox 506 2658 3671 2768">
     <span class='ocr_line' id='line_1_48' title="bbox 506 2658 3671 2768; baseline 0.008 -55"><span class='ocrx_word' id='word_1_378' title='bbox 506 2658 596 2715; x_wconf 88' lang='lat' dir='ltr'><strong>illa</strong></span> <span class='ocrx_word' id='word_1_379' title='bbox 627 2664 971 2733; x_wconf 89' lang='lat' dir='ltr'><strong>inspiratione</strong></span> <span class='ocrx_word' id='word_1_380' title='bbox 991 2687 1162 2751; x_wconf 38' lang='lat' dir='ltr'><strong>[quam</strong></span> <span class='ocrx_word' id='word_1_381' title='bbox 1204 2673 1586 2760; x_wconf 82' lang='lat' dir='ltr'><strong>demonstravit</strong></span> <span class='ocrx_word' id='word_1_382' title='bbox 1632 2678 1886 2732; x_wconf 89' lang='lat' dir='ltr'><strong>Dominus</strong></span> <span class='ocrx_word' id='word_1_383' title='bbox 1920 2658 2063 2746; x_wconf 78' lang='lat' dir='ltr'><strong>post—</strong></span> <span class='ocrx_word' id='word_1_384' title='bbox 2164 2658 2289 2749; x_wconf 65' lang='lat' dir='ltr'><strong>post</strong></span> <span class='ocrx_word' id='word_1_385' title='bbox 2313 2696 2427 2750; x_wconf 56' lang='lat' dir='ltr'><strong>[nec</strong></span> <span class='ocrx_word' id='word_1_386' title='bbox 2446 2697 2577 2751; x_wconf 70' lang='grc' dir='ltr'>ειῖίι</span> <span class='ocrx_word' id='word_1_387' title='bbox 2602 2697 2756 2752; x_wconf 57' lang='grc' dir='ltr'><strong>δεευε</strong></span> <span class='ocrx_word' id='word_1_388' title='bbox 2781 2708 2834 2752; x_wconf 71' lang='grc' dir='ltr'>ει</span> <span class='ocrx_word' id='word_1_389' title='bbox 2858 2658 3099 2766; x_wconf 37' lang='lat' dir='ltr'><strong>discipuli</strong></span> <span class='ocrx_word' id='word_1_390' title='bbox 3123 2700 3239 2768; x_wconf 61' lang='lat' dir='ltr'><strong>eius</strong></span> <span class='ocrx_word' id='word_1_391' title='bbox 3267 2702 3319 2754; x_wconf 74' lang='grc' dir='ltr'><strong>ίη</strong></span> <span class='ocrx_word' id='word_1_392' title='bbox 3348 2658 3558 2755; x_wconf 49' lang='grc' dir='ltr'><strong>πυξίδα,</strong></span> <span class='ocrx_word' id='word_1_393' title='bbox 3587 2709 3671 2752; x_wconf 67' lang='grc' dir='ltr'><strong>ια.</strong></span> 
     </span>
    </p>
   </div>
   <div class='ocr_carea' id='block_1_49' title="bbox 506 2761 2044 2860">
    <p class='ocr_par' dir='ltr' id='par_1_49' title="bbox 506 2761 2039 2829">
     <span class='ocr_line' id='line_1_49' title="bbox 506 2761 2039 2829; baseline 0.012 -25"><span class='ocrx_word' id='word_1_394' title='bbox 506 2766 664 2820; x_wconf 85' lang='lat' dir='ltr'><strong>quam</strong></span> <span class='ocrx_word' id='word_1_395' title='bbox 691 2761 980 2812; x_wconf 84' lang='lat' dir='ltr'><strong>resurrexit</strong></span> <span class='ocrx_word' id='word_1_396' title='bbox 1011 2775 1038 2812; x_wconf 90' lang='lat' dir='ltr'><strong>a</strong></span> <span class='ocrx_word' id='word_1_397' title='bbox 1064 2764 1304 2829; x_wconf 86' lang='lat' dir='ltr'><strong>mortuis,</strong></span> <span class='ocrx_word' id='word_1_398' title='bbox 1328 2779 1447 2819; x_wconf 90' lang='lat' dir='ltr'><strong>eum</strong></span> <span class='ocrx_word' id='word_1_399' title='bbox 1486 2767 1768 2821; x_wconf 79' lang='lat' dir='ltr'><strong>iusnfllavit</strong></span> <span class='ocrx_word' id='word_1_400' title='bbox 1805 2770 1853 2820; x_wconf 63' lang='lat' dir='ltr'><strong>iu</strong></span> <span class='ocrx_word' id='word_1_401' title='bbox 1877 2785 2039 2823; x_wconf 88' lang='lat' dir='ltr'><strong>cornu</strong></span> 
     </span>
    </p>
   </div>
   <div class='ocr_carea' id='block_1_50' title="bbox 2151 2761 3669 2860">
    <p class='ocr_par' dir='ltr' id='par_1_50' title="bbox 2162 2788 3669 2860">
     <span class='ocr_line' id='line_1_50' title="bbox 2162 2788 3669 2860; baseline 0.003 -23"><span class='ocrx_word' id='word_1_402' title='bbox 2162 2800 2294 2851; x_wconf 88' lang='lat' dir='ltr'><strong>ram,</strong></span> <span class='ocrx_word' id='word_1_403' title='bbox 2326 2796 2380 2841; x_wconf 89' lang='lat' dir='ltr'><strong>et</strong></span> <span class='ocrx_word' id='word_1_404' title='bbox 2411 2788 2514 2842; x_wconf 92' lang='lat' dir='ltr'><strong>illic</strong></span> <span class='ocrx_word' id='word_1_405' title='bbox 2553 2791 2856 2844; x_wconf 88' lang='lat' dir='ltr'><strong>morabatur</strong></span> <span class='ocrx_word' id='word_1_406' title='bbox 2884 2805 3000 2844; x_wconf 90' lang='lat' dir='ltr'><strong>cum</strong></span> <span class='ocrx_word' id='word_1_407' title='bbox 3030 2790 3126 2850; x_wconf 66' lang='lat' dir='ltr'><strong>eis.</strong></span> <span class='ocrx_word' id='word_1_408' title='bbox 3157 2800 3211 2844; x_wconf 90' lang='lat' dir='ltr'><strong>et</strong></span> <span class='ocrx_word' id='word_1_409' title='bbox 3233 2793 3669 2860; x_wconf 80' lang='lat' dir='ltr'><strong>b-ptizabat;tune</strong></span> 
     </span>
    </p>
   </div>
   <div class='ocr_carea' id='block_1_51' title="bbox 505 2843 2044 2949">
    <p class='ocr_par' dir='ltr' id='par_1_51' title="bbox 505 2843 2044 2922">
     <span class='ocr_line' id='line_1_51' title="bbox 505 2843 2044 2922; baseline 0.012 -28"><span class='ocrx_word' id='word_1_410' title='bbox 505 2843 689 2896; x_wconf 77' lang='lat' dir='ltr'><strong>faciem</strong></span> <span class='ocrx_word' id='word_1_411' title='bbox 738 2845 920 2902; x_wconf 88' lang='lat' dir='ltr'><strong>dicens</strong></span> <span class='ocrx_word' id='word_1_412' title='bbox 950 2867 960 2900; x_wconf 90' lang='lat'>:</span> <span class='ocrx_word' id='word_1_413' title='bbox 993 2851 1234 2920; x_wconf 84' lang='lat' dir='ltr'><strong>Accipite</strong></span> <span class='ocrx_word' id='word_1_414' title='bbox 1279 2853 1536 2922; x_wconf 88' lang='lat' dir='ltr'><strong>Spiritum</strong></span> <span class='ocrx_word' id='word_1_415' title='bbox 1588 2866 1851 2911; x_wconf 90' lang='lat' dir='ltr'><strong>sanctum.</strong></span> <span class='ocrx_word' id='word_1_416' title='bbox 1913 2859 2044 2913; x_wconf 76' lang='grc' dir='ltr'>υηιιι</span> 
     </span>
    </p>
   </div>
   <div class='ocr_carea' id='block_1_52' title="bbox 2151 2843 3665 2949">
    <p class='ocr_par' dir='ltr' id='par_1_52' title="bbox 2164 2843 3665 2949">
     <span class='ocr_line' id='line_1_52' title="bbox 2164 2843 3665 2949; baseline 0.004 -23"><span class='ocrx_word' id='word_1_417' title='bbox 2164 2843 2317 2942; x_wconf 84' lang='lat' dir='ltr'><strong>paulo</strong></span> <span class='ocrx_word' id='word_1_418' title='bbox 2349 2888 2462 2942; x_wconf 88' lang='lat' dir='ltr'><strong>post</strong></span> <span class='ocrx_word' id='word_1_419' title='bbox 2485 2877 2554 2930; x_wconf 84' lang='lat' dir='ltr'><strong>de</strong></span> <span class='ocrx_word' id='word_1_420' title='bbox 2595 2878 2684 2930; x_wconf 71' lang='lat' dir='ltr'><strong>ilfo</strong></span> <span class='ocrx_word' id='word_1_421' title='bbox 2712 2878 2927 2946; x_wconf 88' lang='lat' dir='ltr'><strong>loquens</strong></span> <span class='ocrx_word' id='word_1_422' title='bbox 2957 2880 3027 2932; x_wconf 85' lang='lat' dir='ltr'><strong>ait</strong></span> <span class='ocrx_word' id='word_1_423' title='bbox 3058 2897 3070 2931; x_wconf 91' lang='lat'>:</span> <span class='ocrx_word' id='word_1_424' title='bbox 3109 2879 3170 2933; x_wconf 88' lang='lat' dir='ltr'><strong>Ut</strong></span> <span class='ocrx_word' id='word_1_425' title='bbox 3200 2843 3324 2948; x_wconf 73' lang='lat' dir='ltr'><strong>ergo</strong></span> <span class='ocrx_word' id='word_1_426' title='bbox 3351 2877 3665 2949; x_wconf 84' lang='lat' dir='ltr'><strong>cognovitJe-</strong></span> 
     </span>
    </p>
   </div>
   <div class='ocr_carea' id='block_1_53' title="bbox 504 2934 2044 3037">
    <p class='ocr_par' dir='ltr' id='par_1_53' title="bbox 504 2934 2044 3018">
     <span class='ocr_line' id='line_1_53' title="bbox 504 2934 2044 3018; baseline 0.01 -33"><span class='ocrx_word' id='word_1_427' title='bbox 504 2941 646 2986; x_wconf 88' lang='lat' dir='ltr'><strong>recte</strong></span> <span class='ocrx_word' id='word_1_428' title='bbox 671 2934 772 2989; x_wconf 92' lang='lat' dir='ltr'><strong>diei</strong></span> <span class='ocrx_word' id='word_1_429' title='bbox 803 2948 972 3005; x_wconf 88' lang='lat' dir='ltr'><strong>potest</strong></span> <span class='ocrx_word' id='word_1_430' title='bbox 1004 2942 1124 3009; x_wconf 88' lang='lat' dir='ltr'><strong>quia</strong></span> <span class='ocrx_word' id='word_1_431' title='bbox 1153 2958 1270 2995; x_wconf 90' lang='lat' dir='ltr'><strong>cum</strong></span> <span class='ocrx_word' id='word_1_432' title='bbox 1295 2943 1491 3000; x_wconf 85' lang='lat' dir='ltr'><strong>Petrus</strong></span> <span class='ocrx_word' id='word_1_433' title='bbox 1513 2949 1721 3016; x_wconf 81' lang='lat' dir='ltr'><strong>negavit</strong></span> <span class='ocrx_word' id='word_1_434' title='bbox 1751 2949 2044 3018; x_wconf 77' lang='lat' dir='ltr'><strong>Dominum1</strong></span> 
     </span>
    </p>
   </div>
   <div class='ocr_carea' id='block_1_54' title="bbox 2151 2934 3666 3037">
    <p class='ocr_par' dir='ltr' id='par_1_54' title="bbox 2161 2934 3666 3037">
     <span class='ocr_line' id='line_1_54' title="bbox 2161 2934 3666 3037; baseline 0.001 -21"><span class='ocrx_word' id='word_1_435' title='bbox 2161 2934 2251 3016; x_wconf 81' lang='lat' dir='ltr'><strong>sus</strong></span> <span class='ocrx_word' id='word_1_436' title='bbox 2275 2934 2392 3033; x_wconf 84' lang='lat' dir='ltr'><strong>quia</strong></span> <span class='ocrx_word' id='word_1_437' title='bbox 2425 2966 2698 3032; x_wconf 85' lang='lat' dir='ltr'><strong>audierant</strong></span> <span class='ocrx_word' id='word_1_438' title='bbox 2721 2934 2968 3021; x_wconf 67' lang='lat' dir='ltr'><strong>Pharisaei</strong></span> <span class='ocrx_word' id='word_1_439' title='bbox 2998 2969 3136 3037; x_wconf 90' lang='lat' dir='ltr'><strong>quod</strong></span> <span class='ocrx_word' id='word_1_440' title='bbox 3165 2934 3319 3023; x_wconf 66' lang='lat' dir='ltr'><strong>Jesus</strong></span> <span class='ocrx_word' id='word_1_441' title='bbox 3349 2934 3512 3035; x_wconf 57' lang='lat' dir='ltr'><strong>ptures</strong></span> <span class='ocrx_word' id='word_1_442' title='bbox 3533 2968 3666 3022; x_wconf 55' lang='lat' dir='ltr'><strong>disci.</strong></span> 
     </span>
    </p>
   </div>
   <div class='ocr_carea' id='block_1_55' title="bbox 501 3026 2044 3128">
    <p class='ocr_par' dir='ltr' id='par_1_55' title="bbox 501 3026 2044 3110">
     <span class='ocr_line' id='line_1_55' title="bbox 501 3026 2044 3110; baseline 0.012 -34"><span class='ocrx_word' id='word_1_443' title='bbox 501 3026 733 3079; x_wconf 87' lang='lat' dir='ltr'><strong>nondum</strong></span> <span class='ocrx_word' id='word_1_444' title='bbox 763 3029 967 3085; x_wconf 76' lang='lat' dir='ltr'><strong>inerant</strong></span> <span class='ocrx_word' id='word_1_445' title='bbox 996 3035 1218 3100; x_wconf 86' lang='lat' dir='ltr'><strong>apostoli</strong></span> <span class='ocrx_word' id='word_1_446' title='bbox 1251 3035 1494 3104; x_wconf 83' lang='lat' dir='ltr'><strong>baptizati</strong></span> <span class='ocrx_word' id='word_1_447' title='bbox 1521 3079 1536 3105; x_wconf 93' lang='lat'><strong>,</strong></span> <span class='ocrx_word' id='word_1_448' title='bbox 1565 3054 1666 3093; x_wconf 91' lang='lat' dir='ltr'><strong>non</strong></span> <span class='ocrx_word' id='word_1_449' title='bbox 1700 3049 1872 3095; x_wconf 88' lang='lat' dir='ltr'><strong>tamen</strong></span> <span class='ocrx_word' id='word_1_450' title='bbox 1901 3059 2044 3110; x_wconf 66' lang='lat' dir='ltr'><strong>aqua,</strong></span> 
     </span>
    </p>
   </div>
   <div class='ocr_carea' id='block_1_56' title="bbox 2151 3026 3666 3128">
    <p class='ocr_par' dir='ltr' id='par_1_56' title="bbox 2167 3026 3666 3128">
     <span class='ocr_line' id='line_1_56' title="bbox 2167 3026 3666 3128; baseline 0.006 -23"><span class='ocrx_word' id='word_1_451' title='bbox 2167 3026 2314 3122; x_wconf 80' lang='lat' dir='ltr'><strong>pulos</strong></span> <span class='ocrx_word' id='word_1_452' title='bbox 2363 3058 2554 3111; x_wconf 80' lang='lat' dir='ltr'><strong>faceret</strong></span> <span class='ocrx_word' id='word_1_453' title='bbox 2581 3100 2595 3123; x_wconf 94' lang='lat'><strong>,</strong></span> <span class='ocrx_word' id='word_1_454' title='bbox 2638 3030 2692 3113; x_wconf 90' lang='lat' dir='ltr'><strong>et</strong></span> <span class='ocrx_word' id='word_1_455' title='bbox 2736 3061 3025 3128; x_wconf 84' lang='lat' dir='ltr'><strong>baptizaret</strong></span> <span class='ocrx_word' id='word_1_456' title='bbox 3067 3061 3247 3128; x_wconf 87' lang='lat' dir='ltr'><strong>plures</strong></span> <span class='ocrx_word' id='word_1_457' title='bbox 3289 3077 3436 3128; x_wconf 83' lang='lat' dir='ltr'><strong>quam</strong></span> <span class='ocrx_word' id='word_1_458' title='bbox 3471 3061 3666 3115; x_wconf 75' lang='lat' dir='ltr'><strong>Joannes</strong></span> 
     </span>
    </p>
   </div>
   <div class='ocr_carea' id='block_1_57' title="bbox 497 3114 3664 3216">
    <p class='ocr_par' dir='ltr' id='par_1_57' title="bbox 497 3114 3664 3216">
     <span class='ocr_line' id='line_1_57' title="bbox 497 3114 3664 3216; baseline 0.005 -33"><span class='ocrx_word' id='word_1_459' title='bbox 497 3114 591 3168; x_wconf 69' lang='lat' dir='ltr'><strong>50d</strong></span> <span class='ocrx_word' id='word_1_460' title='bbox 615 3116 815 3184; x_wconf 69' lang='grc' dir='ltr'>διιίτῑιιι</span> <span class='ocrx_word' id='word_1_461' title='bbox 836 3131 1041 3178; x_wconf 70' lang='grc' dir='ltr'>εθιιοιοο</span> <span class='ocrx_word' id='word_1_462' title='bbox 1073 3125 1181 3179; x_wconf 73' lang='lat'><strong>&quot;00</strong></span> <span class='ocrx_word' id='word_1_463' title='bbox 1225 3127 1304 3179; x_wconf 75' lang='grc' dir='ltr'><strong>είε</strong></span> <span class='ocrx_word' id='word_1_464' title='bbox 1348 3128 1479 3182; x_wconf 63' lang='lat' dir='ltr'><strong>dim</strong></span> <span class='ocrx_word' id='word_1_465' title='bbox 1507 3138 1846 3200; x_wconf 69' lang='lat' dir='ltr'><strong>DOSlCaQIIIl&#39;Il</strong></span> <span class='ocrx_word' id='word_1_466' title='bbox 1879 3149 2055 3188; x_wconf 69' lang='lat' dir='ltr'><strong>res!!!&quot;</strong></span> <span class='ocrx_word' id='word_1_467' title='bbox 2163 3114 2482 3215; x_wconf 42' lang='lat' dir='ltr'><strong>(quanquam</strong></span> <span class='ocrx_word' id='word_1_468' title='bbox 2523 3114 2678 3203; x_wconf 79' lang='lat' dir='ltr'><strong>Jesus</strong></span> <span class='ocrx_word' id='word_1_469' title='bbox 2705 3114 2820 3215; x_wconf 65' lang='lat' dir='ltr'><strong>ipse</strong></span> <span class='ocrx_word' id='word_1_470' title='bbox 2849 3164 2951 3203; x_wconf 90' lang='lat' dir='ltr'><strong>non</strong></span> <span class='ocrx_word' id='word_1_471' title='bbox 2997 3114 3306 3216; x_wconf 80' lang='lat' dir='ltr'><strong>baptizaret,</strong></span> <span class='ocrx_word' id='word_1_472' title='bbox 3335 3150 3425 3203; x_wconf 87' lang='lat' dir='ltr'><strong>sed</strong></span> <span class='ocrx_word' id='word_1_473' title='bbox 3459 3147 3664 3215; x_wconf 75' lang='lat' dir='ltr'><strong>discipuli</strong></span> 
     </span>
    </p>
   </div>
   <div class='ocr_carea' id='block_1_58' title="bbox 499 3207 3662 3307">
    <p class='ocr_par' dir='ltr' id='par_1_58' title="bbox 499 3207 3662 3307">
     <span class='ocr_line' id='line_1_58' title="bbox 499 3207 3662 3307; baseline 0.006 -50"><span class='ocrx_word' id='word_1_474' title='bbox 499 3207 652 3267; x_wconf 82' lang='lat' dir='ltr'><strong>rexit.</strong></span> <span class='ocrx_word' id='word_1_475' title='bbox 686 3222 734 3263; x_wconf 89' lang='lat' dir='ltr'><strong>et</strong></span> <span class='ocrx_word' id='word_1_476' title='bbox 771 3222 1114 3268; x_wconf 89' lang='lat' dir='ltr'><strong>conversatus</strong></span> <span class='ocrx_word' id='word_1_477' title='bbox 1159 3225 1242 3271; x_wconf 90' lang='lat' dir='ltr'><strong>est</strong></span> <span class='ocrx_word' id='word_1_478' title='bbox 1285 3232 1404 3270; x_wconf 88' lang='lat' dir='ltr'><strong>eum</strong></span> <span class='ocrx_word' id='word_1_479' title='bbox 1453 3220 1552 3273; x_wconf 89' lang='lat' dir='ltr'><strong>eis.</strong></span> <span class='ocrx_word' id='word_1_480' title='bbox 1581 3220 1812 3276; x_wconf 83' lang='lat' dir='ltr'><strong>Joannes</strong></span> <span class='ocrx_word' id='word_1_481' title='bbox 1841 3223 2053 3290; x_wconf 89' lang='lat' dir='ltr'><strong>quidem</strong></span> <span class='ocrx_word' id='word_1_482' title='bbox 2157 3207 2315 3305; x_wconf 40' lang='lat' dir='ltr'><strong>gius),</strong></span> <span class='ocrx_word' id='word_1_483' title='bbox 2343 3207 2811 3307; x_wconf 53' lang='lat' dir='ltr'><strong>}et;qui11u(tm&#39;am</strong></span> <span class='ocrx_word' id='word_1_484' title='bbox 2845 3249 3056 3304; x_wconf 55' lang='lat' dir='ltr'><strong>terram,</strong></span> <span class='ocrx_word' id='word_1_485' title='bbox 3090 3250 3142 3294; x_wconf 68' lang='grc' dir='ltr'>ει</span> <span class='ocrx_word' id='word_1_486' title='bbox 3167 3241 3296 3294; x_wconf 48' lang='lat' dir='ltr'><strong>ab“;</strong></span> <span class='ocrx_word' id='word_1_487' title='bbox 3328 3244 3499 3293; x_wconf 62' lang='grc' dir='ltr'><strong>ημηιη,</strong></span> <span class='ocrx_word' id='word_1_488' title='bbox 3523 3242 3565 3292; x_wconf 70' lang='lat' dir='ltr'><strong>in</strong></span> <span class='ocrx_word' id='word_1_489' title='bbox 3583 3237 3662 3290; x_wconf 67' lang='grc' dir='ltr'><strong>σι.</strong></span> 
     </span>
    </p>
   </div>
   <div class='ocr_carea' id='block_1_59' title="bbox 498 3295 3660 3402">
    <p class='ocr_par' dir='ltr' id='par_1_59' title="bbox 498 3295 3660 3399">
     <span class='ocr_line' id='line_1_59' title="bbox 498 3295 3660 3399; baseline 0.01 -53"><span class='ocrx_word' id='word_1_490' title='bbox 498 3295 782 3362; x_wconf 81' lang='lat' dir='ltr'><strong>baptizavit</strong></span> <span class='ocrx_word' id='word_1_491' title='bbox 829 3315 959 3370; x_wconf 89' lang='lat' dir='ltr'><strong>aqua</strong></span> <span class='ocrx_word' id='word_1_492' title='bbox 988 3342 1002 3367; x_wconf 91' lang='lat'><strong>,</strong></span> <span class='ocrx_word' id='word_1_493' title='bbox 1053 3319 1144 3358; x_wconf 80' lang='lat' dir='ltr'><strong>vos</strong></span> <span class='ocrx_word' id='word_1_494' title='bbox 1197 3316 1372 3359; x_wconf 89' lang='lat' dir='ltr'><strong>autem</strong></span> <span class='ocrx_word' id='word_1_495' title='bbox 1422 3307 1814 3389; x_wconf 86' lang='lat' dir='ltr'><strong>baptizahimini</strong></span> <span class='ocrx_word' id='word_1_496' title='bbox 1857 3311 2054 3378; x_wconf 87' lang='lat' dir='ltr'><strong>Spiritu</strong></span> <span class='ocrx_word' id='word_1_497' title='bbox 2157 3295 2366 3379; x_wconf 54' lang='grc' dir='ltr'><strong>ιίιωςςέη,</strong></span> <span class='ocrx_word' id='word_1_498' title='bbox 2391 3295 2538 3380; x_wconf 57' lang='grc' dir='ltr'><strong>Τείηο</strong></span> <span class='ocrx_word' id='word_1_499' title='bbox 2566 3343 2692 3396; x_wconf 63' lang='lat' dir='ltr'><strong>erga</strong></span> <span class='ocrx_word' id='word_1_500' title='bbox 2712 3330 2920 3396; x_wconf 73' lang='lat' dir='ltr'><strong>quando</strong></span> <span class='ocrx_word' id='word_1_501' title='bbox 2942 3327 3009 3382; x_wconf 73' lang='lat' dir='ltr'><strong>ab</strong></span> <span class='ocrx_word' id='word_1_502' title='bbox 3039 3328 3413 3399; x_wconf 59' lang='lat' dir='ltr'><strong>Hierosolymis</strong></span> <span class='ocrx_word' id='word_1_503' title='bbox 3431 3329 3660 3384; x_wconf 73' lang='lat' dir='ltr'><strong>exiitcntn</strong></span> 
     </span>
    </p>
   </div>
   <div class='ocr_carea' id='block_1_60' title="bbox 495 3396 2044 3485">
    <p class='ocr_par' dir='ltr' id='par_1_60' title="bbox 495 3396 2044 3468">
     <span class='ocr_line' id='line_1_60' title="bbox 495 3396 2044 3468; baseline 0.014 -32"><span class='ocrx_word' id='word_1_504' title='bbox 495 3397 719 3450; x_wconf 86' lang='lat' dir='ltr'><strong>sancto,</strong></span> <span class='ocrx_word' id='word_1_505' title='bbox 769 3404 925 3456; x_wconf 64' lang='lat' dir='ltr'><strong>qut-nt</strong></span> <span class='ocrx_word' id='word_1_506' title='bbox 976 3403 1028 3445; x_wconf 91' lang='lat' dir='ltr'><strong>et</strong></span> <span class='ocrx_word' id='word_1_507' title='bbox 1079 3396 1346 3463; x_wconf 89' lang='lat' dir='ltr'><strong>accepturi</strong></span> <span class='ocrx_word' id='word_1_508' title='bbox 1397 3399 1526 3452; x_wconf 89' lang='lat' dir='ltr'><strong>estis</strong></span> <span class='ocrx_word' id='word_1_509' title='bbox 1580 3414 1682 3454; x_wconf 90' lang='lat' dir='ltr'><strong>non</strong></span> <span class='ocrx_word' id='word_1_510' title='bbox 1740 3411 1858 3468; x_wconf 88' lang='lat' dir='ltr'><strong>post</strong></span> <span class='ocrx_word' id='word_1_511' title='bbox 1916 3403 2044 3457; x_wconf 86' lang='lat' dir='ltr'><strong>mul-</strong></span> 
     </span>
    </p>
   </div>
   <div class='ocr_carea' id='block_1_61' title="bbox 2151 3396 3658 3485">
    <p class='ocr_par' dir='ltr' id='par_1_61' title="bbox 2155 3396 3658 3485">
     <span class='ocr_line' id='line_1_61' title="bbox 2155 3396 3658 3485; baseline 0 -16"><span class='ocrx_word' id='word_1_512' title='bbox 2155 3396 2430 3485; x_wconf 83' lang='lat' dir='ltr'><strong>discipnlis</strong></span> <span class='ocrx_word' id='word_1_513' title='bbox 2454 3419 2572 3472; x_wconf 80' lang='lat' dir='ltr'><strong>suis</strong></span> <span class='ocrx_word' id='word_1_514' title='bbox 2601 3418 2651 3472; x_wconf 89' lang='lat' dir='ltr'><strong>in</strong></span> <span class='ocrx_word' id='word_1_515' title='bbox 2693 3419 2927 3473; x_wconf 69' lang='lat' dir='ltr'><strong>Judtcam</strong></span> <span class='ocrx_word' id='word_1_516' title='bbox 2956 3457 2970 3484; x_wconf 90' lang='lat'><strong>,</strong></span> <span class='ocrx_word' id='word_1_517' title='bbox 3015 3427 3069 3472; x_wconf 85' lang='lat' dir='ltr'><strong>et</strong></span> <span class='ocrx_word' id='word_1_518' title='bbox 3094 3419 3201 3474; x_wconf 91' lang='lat' dir='ltr'><strong>illic</strong></span> <span class='ocrx_word' id='word_1_519' title='bbox 3246 3421 3530 3474; x_wconf 83' lang='lat' dir='ltr'><strong>morabatur</strong></span> <span class='ocrx_word' id='word_1_520' title='bbox 3563 3431 3658 3470; x_wconf 73' lang='lat' dir='ltr'><strong>cura</strong></span> 
     </span>
    </p>
   </div>
   <div class='ocr_carea' id='block_1_62' title="bbox 496 3477 3656 3578">
    <p class='ocr_par' dir='ltr' id='par_1_62' title="bbox 496 3477 3656 3578">
     <span class='ocr_line' id='line_1_62' title="bbox 496 3477 3656 3578; baseline 0.009 -49"><span class='ocrx_word' id='word_1_521' title='bbox 496 3485 579 3530; x_wconf 87' lang='lat' dir='ltr'><strong>tos</strong></span> <span class='ocrx_word' id='word_1_522' title='bbox 624 3477 720 3531; x_wconf 82' lang='lat' dir='ltr'><strong>hos</strong></span> <span class='ocrx_word' id='word_1_523' title='bbox 766 3479 900 3534; x_wconf 89' lang='lat' dir='ltr'><strong>dies.</strong></span> <span class='ocrx_word' id='word_1_524' title='bbox 952 3483 1126 3552; x_wconf 81' lang='lat' dir='ltr'><strong>Aliqui</strong></span> <span class='ocrx_word' id='word_1_525' title='bbox 1173 3499 1344 3539; x_wconf 87' lang='lat' dir='ltr'><strong>autem</strong></span> <span class='ocrx_word' id='word_1_526' title='bbox 1397 3489 1620 3552; x_wconf 65' lang='lat' dir='ltr'><strong>codices,</strong></span> <span class='ocrx_word' id='word_1_527' title='bbox 1662 3490 1895 3543; x_wconf 86' lang='lat' dir='ltr'><strong>habent:</strong></span> <span class='ocrx_word' id='word_1_528' title='bbox 1948 3491 2051 3545; x_wconf 84' lang='lat' dir='ltr'><strong>Vos</strong></span> <span class='ocrx_word' id='word_1_529' title='bbox 2153 3505 2252 3569; x_wconf 56' lang='lat' dir='ltr'><strong>eis,</strong></span> <span class='ocrx_word' id='word_1_530' title='bbox 2287 3477 2586 3574; x_wconf 54' lang='lat' dir='ltr'><strong>paptizabat</strong></span> <span class='ocrx_word' id='word_1_531' title='bbox 2616 3522 2717 3561; x_wconf 83' lang='lat' dir='ltr'><strong>non</strong></span> <span class='ocrx_word' id='word_1_532' title='bbox 2751 3523 2843 3577; x_wconf 79' lang='lat' dir='ltr'><strong>per</strong></span> <span class='ocrx_word' id='word_1_533' title='bbox 2873 3477 3141 3578; x_wconf 74' lang='lat' dir='ltr'><strong>scipsnm,</strong></span> <span class='ocrx_word' id='word_1_534' title='bbox 3173 3510 3266 3562; x_wconf 87' lang='lat' dir='ltr'><strong>sed</strong></span> <span class='ocrx_word' id='word_1_535' title='bbox 3303 3526 3391 3575; x_wconf 88' lang='lat' dir='ltr'><strong>per</strong></span> <span class='ocrx_word' id='word_1_536' title='bbox 3410 3510 3656 3576; x_wconf 80' lang='lat' dir='ltr'><strong>discipulos</strong></span> 
     </span>
    </p>
   </div>
   <div class='ocr_carea' id='block_1_63' title="bbox 495 3567 2044 3666">
    <p class='ocr_par' dir='ltr' id='par_1_63' title="bbox 495 3567 2044 3644">
     <span class='ocr_line' id='line_1_63' title="bbox 495 3567 2044 3644; baseline 0.012 -30"><span class='ocrx_word' id='word_1_537' title='bbox 495 3575 670 3618; x_wconf 84' lang='lat' dir='ltr'><strong>autem</strong></span> <span class='ocrx_word' id='word_1_538' title='bbox 755 3567 954 3632; x_wconf 89' lang='lat' dir='ltr'><strong>Spiritu</strong></span> <span class='ocrx_word' id='word_1_539' title='bbox 1027 3584 1210 3626; x_wconf 84' lang='lat' dir='ltr'><strong>sancto</strong></span> <span class='ocrx_word' id='word_1_540' title='bbox 1288 3575 1546 3642; x_wconf 74' lang='lat' dir='ltr'><strong>incipit-tis</strong></span> <span class='ocrx_word' id='word_1_541' title='bbox 1611 3575 1898 3644; x_wconf 88' lang='lat' dir='ltr'><strong>baptizari;</strong></span> <span class='ocrx_word' id='word_1_542' title='bbox 1958 3582 2044 3634; x_wconf 28' lang='lat' dir='ltr'><strong>scil</strong></span> 
     </span>
    </p>
   </div>
   <div class='ocr_carea' id='block_1_64' title="bbox 2151 3567 3656 3666">
    <p class='ocr_par' dir='ltr' id='par_1_64' title="bbox 2153 3597 3656 3666">
     <span class='ocr_line' id='line_1_64' title="bbox 2153 3597 3656 3666; baseline 0.002 -19"><span class='ocrx_word' id='word_1_543' title='bbox 2153 3609 2276 3647; x_wconf 82' lang='lat' dir='ltr'><strong>suos</strong></span> <span class='ocrx_word' id='word_1_544' title='bbox 2307 3611 2486 3664; x_wconf 58' lang='lat' dir='ltr'><strong>:quos,</strong></span> <span class='ocrx_word' id='word_1_545' title='bbox 2506 3597 2847 3666; x_wconf 84' lang='lat' dir='ltr'><strong>intelligimus</strong></span> <span class='ocrx_word' id='word_1_546' title='bbox 2884 3599 2992 3664; x_wconf 90' lang='lat' dir='ltr'><strong>jam</strong></span> <span class='ocrx_word' id='word_1_547' title='bbox 3025 3598 3186 3654; x_wconf 75' lang='lat' dir='ltr'><strong>fuisse</strong></span> <span class='ocrx_word' id='word_1_548' title='bbox 3227 3601 3503 3666; x_wconf 69' lang='lat' dir='ltr'><strong>baptizatos</strong></span> <span class='ocrx_word' id='word_1_549' title='bbox 3525 3639 3537 3662; x_wconf 91' lang='lat'><strong>,</strong></span> <span class='ocrx_word' id='word_1_550' title='bbox 3561 3599 3656 3652; x_wconf 82' lang='lat' dir='ltr'><strong>sive</strong></span> 
     </span>
    </p>
   </div>
   <div class='ocr_carea' id='block_1_65' title="bbox 493 3659 2044 3763">
    <p class='ocr_par' dir='ltr' id='par_1_65' title="bbox 493 3659 2044 3738">
     <span class='ocr_line' id='line_1_65' title="bbox 493 3659 2044 3738; baseline 0.012 -31"><span class='ocrx_word' id='word_1_551' title='bbox 493 3659 606 3710; x_wconf 84' lang='lat' dir='ltr'><strong>sive</strong></span> <span class='ocrx_word' id='word_1_552' title='bbox 662 3659 865 3712; x_wconf 84' lang='lat' dir='ltr'><strong>dicatur</strong></span> <span class='ocrx_word' id='word_1_553' title='bbox 912 3661 1332 3730; x_wconf 86' lang='lat' dir='ltr'><strong>Baptizahimini,</strong></span> <span class='ocrx_word' id='word_1_554' title='bbox 1382 3666 1494 3720; x_wconf 87' lang='lat' dir='ltr'><strong>sive</strong></span> <span class='ocrx_word' id='word_1_555' title='bbox 1533 3666 1735 3721; x_wconf 90' lang='lat' dir='ltr'><strong>dicatur</strong></span> <span class='ocrx_word' id='word_1_556' title='bbox 1791 3668 2044 3738; x_wconf 81' lang='lat' dir='ltr'><strong>Incipietis</strong></span> 
     </span>
    </p>
   </div>
   <div class='ocr_carea' id='block_1_66' title="bbox 2151 3659 3658 3763">
    <p class='ocr_par' dir='ltr' id='par_1_66' title="bbox 2153 3659 3658 3763">
     <span class='ocr_line' id='line_1_66' title="bbox 2153 3659 3658 3763; baseline -0.001 -28"><span class='ocrx_word' id='word_1_557' title='bbox 2153 3659 2416 3752; x_wconf 81' lang='lat' dir='ltr'><strong>baptismo</strong></span> <span class='ocrx_word' id='word_1_558' title='bbox 2445 3685 2690 3750; x_wconf 87' lang='lat' dir='ltr'><strong>Joannis,</strong></span> <span class='ocrx_word' id='word_1_559' title='bbox 2718 3687 2853 3740; x_wconf 85' lang='lat' dir='ltr'><strong>sicut</strong></span> <span class='ocrx_word' id='word_1_560' title='bbox 2875 3687 3111 3740; x_wconf 88' lang='lat' dir='ltr'><strong>nonnulli</strong></span> <span class='ocrx_word' id='word_1_561' title='bbox 3144 3689 3490 3747; x_wconf 86' lang='lat' dir='ltr'><strong>arbitrantur,</strong></span> <span class='ocrx_word' id='word_1_562' title='bbox 3531 3686 3658 3763; x_wconf 53' lang='lat' dir='ltr'><strong>sive,</strong></span> 
     </span>
    </p>
   </div>
   <div class='ocr_carea' id='block_1_67' title="bbox 493 3748 3654 3844">
    <p class='ocr_par' dir='ltr' id='par_1_67' title="bbox 493 3748 3654 3844">
     <span class='ocr_line' id='line_1_67' title="bbox 493 3748 3654 3844; baseline 0.009 -47"><span class='ocrx_word' id='word_1_563' title='bbox 493 3748 765 3814; x_wconf 73' lang='lat' dir='ltr'><strong>baptizaii,</strong></span> <span class='ocrx_word' id='word_1_564' title='bbox 797 3750 859 3802; x_wconf 83' lang='lat' dir='ltr'><strong>ad</strong></span> <span class='ocrx_word' id='word_1_565' title='bbox 889 3767 998 3832; x_wconf 81' lang='lat' dir='ltr'><strong>rem</strong></span> <span class='ocrx_word' id='word_1_566' title='bbox 1040 3753 1169 3806; x_wconf 83' lang='lat' dir='ltr'><strong>nihil</strong></span> <span class='ocrx_word' id='word_1_567' title='bbox 1203 3749 1442 3838; x_wconf 65' lang='lat' dir='ltr'><strong>interest.</strong></span> <span class='ocrx_word' id='word_1_568' title='bbox 1473 3757 1599 3809; x_wconf 84' lang='lat' dir='ltr'><strong>Nam</strong></span> <span class='ocrx_word' id='word_1_569' title='bbox 1651 3759 1700 3810; x_wconf 92' lang='lat' dir='ltr'><strong>in</strong></span> <span class='ocrx_word' id='word_1_570' title='bbox 1732 3753 2050 3827; x_wconf 64' lang='lat' dir='ltr'><strong>quibuscuno</strong></span> <span class='ocrx_word' id='word_1_571' title='bbox 2150 3748 2288 3841; x_wconf 58' lang='lat' dir='ltr'><strong>quod</strong></span> <span class='ocrx_word' id='word_1_572' title='bbox 2335 3777 2500 3844; x_wconf 69' lang='lat' dir='ltr'><strong>magis</strong></span> <span class='ocrx_word' id='word_1_573' title='bbox 2548 3748 2798 3828; x_wconf 88' lang='lat' dir='ltr'><strong>credibile</strong></span> <span class='ocrx_word' id='word_1_574' title='bbox 2829 3784 2928 3838; x_wconf 92' lang='lat' dir='ltr'><strong>est,</strong></span> <span class='ocrx_word' id='word_1_575' title='bbox 2963 3777 3226 3844; x_wconf 86' lang='lat' dir='ltr'><strong>baptismo</strong></span> <span class='ocrx_word' id='word_1_576' title='bbox 3270 3775 3483 3838; x_wconf 85' lang='lat' dir='ltr'><strong>Christi;</strong></span> <span class='ocrx_word' id='word_1_577' title='bbox 3513 3748 3654 3841; x_wconf 65' lang='lat' dir='ltr'><strong>neque</strong></span> 
     </span>
    </p>
   </div>
   <div class='ocr_carea' id='block_1_68' title="bbox 492 3839 3652 3934">
    <p class='ocr_par' dir='ltr' id='par_1_68' title="bbox 492 3839 3652 3934">
     <span class='ocr_line' id='line_1_68' title="bbox 492 3839 3652 3934; baseline 0.011 -48"><span class='ocrx_word' id='word_1_578' title='bbox 492 3854 593 3903; x_wconf 89' lang='lat' dir='ltr'><strong>que</strong></span> <span class='ocrx_word' id='word_1_579' title='bbox 636 3839 905 3893; x_wconf 75' lang='lat' dir='ltr'><strong>codicibus</strong></span> <span class='ocrx_word' id='word_1_580' title='bbox 940 3841 1202 3897; x_wconf 87' lang='lat' dir='ltr'><strong>invenitur</strong></span> <span class='ocrx_word' id='word_1_581' title='bbox 1248 3847 1602 3913; x_wconf 64' lang='lat' dir='ltr'><strong>ltapt&#39;zaberis</strong></span> <span class='ocrx_word' id='word_1_582' title='bbox 1655 3861 1741 3902; x_wconf 87' lang='lat' dir='ltr'><strong>aut</strong></span> <span class='ocrx_word' id='word_1_583' title='bbox 1787 3852 2046 3919; x_wconf 83' lang='lat' dir='ltr'><strong>Incipietis</strong></span> <span class='ocrx_word' id='word_1_584' title='bbox 2148 3839 2286 3916; x_wconf 64' lang='lat' dir='ltr'><strong>enim</strong></span> <span class='ocrx_word' id='word_1_585' title='bbox 2329 3839 2680 3919; x_wconf 69' lang='lat' dir='ltr'><strong>ministerium</strong></span> <span class='ocrx_word' id='word_1_586' title='bbox 2734 3839 3349 3934; x_wconf 44' lang='lat' dir='ltr'><strong>baptizandi-defugeret,</strong></span> <span class='ocrx_word' id='word_1_587' title='bbox 3379 3875 3432 3919; x_wconf 92' lang='lat' dir='ltr'><strong>ut</strong></span> <span class='ocrx_word' id='word_1_588' title='bbox 3469 3867 3652 3918; x_wconf 74' lang='lat' dir='ltr'><strong>habere!</strong></span> 
     </span>
    </p>
   </div>
   <div class='ocr_carea' id='block_1_69' title="bbox 491 3928 3650 4024">
    <p class='ocr_par' dir='ltr' id='par_1_69' title="bbox 491 3928 3650 4024">
     <span class='ocr_line' id='line_1_69' title="bbox 491 3928 3650 4024; baseline 0.009 -50"><span class='ocrx_word' id='word_1_589' title='bbox 491 3928 780 3992; x_wconf 78' lang='lat' dir='ltr'><strong>baptizari,</strong></span> <span class='ocrx_word' id='word_1_590' title='bbox 816 3933 1052 3985; x_wconf 83' lang='lat' dir='ltr'><strong>mendosi</strong></span> <span class='ocrx_word' id='word_1_591' title='bbox 1085 3942 1205 3985; x_wconf 88' lang='lat' dir='ltr'><strong>sunt</strong></span> <span class='ocrx_word' id='word_1_592' title='bbox 1251 3950 1262 3986; x_wconf 93' lang='lat'>:</span> <span class='ocrx_word' id='word_1_593' title='bbox 1311 3939 1395 4001; x_wconf 90' lang='lat' dir='ltr'><strong>qui</strong></span> <span class='ocrx_word' id='word_1_594' title='bbox 1428 3951 1490 3990; x_wconf 78' lang='lat' dir='ltr'><strong>ex</strong></span> <span class='ocrx_word' id='word_1_595' title='bbox 1539 3938 1740 3992; x_wconf 71' lang='lat' dir='ltr'><strong>Graecis</strong></span> <span class='ocrx_word' id='word_1_596' title='bbox 1795 3940 2045 3997; x_wconf 79' lang='lat' dir='ltr'><strong>facillime</strong></span> <span class='ocrx_word' id='word_1_597' title='bbox 2145 3953 2436 4021; x_wconf 72' lang='lat' dir='ltr'><strong>baptizatos</strong></span> <span class='ocrx_word' id='word_1_598' title='bbox 2463 3968 2645 4008; x_wconf 80' lang='lat' dir='ltr'><strong>servos</strong></span> <span class='ocrx_word' id='word_1_599' title='bbox 2676 3969 2767 4022; x_wconf 79' lang='lat' dir='ltr'><strong>per</strong></span> <span class='ocrx_word' id='word_1_600' title='bbox 2807 3928 2945 4024; x_wconf 74' lang='lat' dir='ltr'><strong>quos</strong></span> <span class='ocrx_word' id='word_1_601' title='bbox 2993 3965 3212 4010; x_wconf 48' lang='lat' dir='ltr'><strong>exteros</strong></span> <span class='ocrx_word' id='word_1_602' title='bbox 3257 3958 3551 4023; x_wconf 76' lang='lat' dir='ltr'><strong>baptizarel,</strong></span> <span class='ocrx_word' id='word_1_603' title='bbox 3577 3955 3650 4020; x_wconf 84' lang='lat' dir='ltr'><strong>qui</strong></span> 
     </span>
    </p>
   </div>
   <div class='ocr_carea' id='block_1_70' title="bbox 484 4017 3650 4112">
    <p class='ocr_par' dir='ltr' id='par_1_70' title="bbox 484 4017 3650 4112">
     <span class='ocr_line' id='line_1_70' title="bbox 484 4017 3650 4112; baseline 0.009 -47"><span class='ocrx_word' id='word_1_604' title='bbox 484 4017 883 4073; x_wconf 77' lang='lat' dir='ltr'><strong>convincuntur.</strong></span> <span class='ocrx_word' id='word_1_605' title='bbox 907 4022 960 4075; x_wconf 87' lang='lat' dir='ltr'><strong>Si</strong></span> <span class='ocrx_word' id='word_1_606' title='bbox 986 4033 1158 4076; x_wconf 82' lang='lat' dir='ltr'><strong>autem</strong></span> <span class='ocrx_word' id='word_1_607' title='bbox 1189 4024 1412 4078; x_wconf 82' lang='lat' dir='ltr'><strong>dicimus</strong></span> <span class='ocrx_word' id='word_1_608' title='bbox 1435 4043 1565 4093; x_wconf 76' lang='lat' dir='ltr'><strong>aqua</strong></span> <span class='ocrx_word' id='word_1_609' title='bbox 1602 4043 1704 4082; x_wconf 87' lang='lat' dir='ltr'><strong>n0n</strong></span> <span class='ocrx_word' id='word_1_610' title='bbox 1736 4028 1902 4086; x_wconf 79' lang='lat' dir='ltr'><strong>fuisse</strong></span> <span class='ocrx_word' id='word_1_611' title='bbox 1925 4033 2043 4101; x_wconf 86' lang='lat' dir='ltr'><strong>bap-</strong></span> <span class='ocrx_word' id='word_1_612' title='bbox 2145 4017 2248 4096; x_wconf 67' lang='lat' dir='ltr'><strong>no}.</strong></span> <span class='ocrx_word' id='word_1_613' title='bbox 2277 4043 2473 4112; x_wconf 68' lang='lat' dir='ltr'><strong>defugit</strong></span> <span class='ocrx_word' id='word_1_614' title='bbox 2513 4045 2869 4099; x_wconf 69' lang='grc' dir='ltr'><strong>ηιειῃοι-εὼῑιίε</strong></span> <span class='ocrx_word' id='word_1_615' title='bbox 2921 4045 3059 4100; x_wconf 76' lang='lat' dir='ltr'><strong>illius</strong></span> <span class='ocrx_word' id='word_1_616' title='bbox 3098 4047 3405 4100; x_wconf 71' lang='lat' dir='ltr'><strong>humilitatis</strong></span> <span class='ocrx_word' id='word_1_617' title='bbox 3447 4047 3650 4098; x_wconf 76' lang='lat' dir='ltr'><strong>ministe-</strong></span> 
     </span>
    </p>
   </div>
   <div class='ocr_carea' id='block_1_71' title="bbox 485 4110 2039 4192">
    <p class='ocr_par' dir='ltr' id='par_1_71' title="bbox 485 4110 2039 4192">
     <span class='ocr_line' id='line_1_71' title="bbox 485 4110 2039 4192; baseline 0.014 -35"><span class='ocrx_word' id='word_1_618' title='bbox 485 4110 694 4171; x_wconf 83' lang='lat' dir='ltr'><strong>tizatos,</strong></span> <span class='ocrx_word' id='word_1_619' title='bbox 728 4113 1063 4165; x_wconf 89' lang='lat' dir='ltr'><strong>metuendum</strong></span> <span class='ocrx_word' id='word_1_620' title='bbox 1095 4127 1174 4168; x_wconf 90' lang='lat' dir='ltr'><strong>est</strong></span> <span class='ocrx_word' id='word_1_621' title='bbox 1207 4132 1270 4170; x_wconf 89' lang='lat' dir='ltr'><strong>ne</strong></span> <span class='ocrx_word' id='word_1_622' title='bbox 1319 4119 1547 4186; x_wconf 77' lang='lat' dir='ltr'><strong>graviter</strong></span> <span class='ocrx_word' id='word_1_623' title='bbox 1591 4120 1641 4172; x_wconf 85' lang='lat' dir='ltr'><strong>in</strong></span> <span class='ocrx_word' id='word_1_624' title='bbox 1675 4124 1749 4174; x_wconf 88' lang='lat' dir='ltr'><strong>eis</strong></span> <span class='ocrx_word' id='word_1_625' title='bbox 1780 4138 2039 4192; x_wconf 83' lang='lat' dir='ltr'><strong>erremus,</strong></span> 
     </span>
    </p>
   </div>
   <div class='ocr_carea' id='block_1_72' title="bbox 484 4197 2036 4265">
    <p class='ocr_par' dir='ltr' id='par_1_72' title="bbox 484 4197 2036 4265">
     <span class='ocr_line' id='line_1_72' title="bbox 484 4197 2036 4265; baseline 0.012 -19"><span class='ocrx_word' id='word_1_626' title='bbox 484 4211 548 4250; x_wconf 89' lang='lat' dir='ltr'><strong>ne</strong></span> <span class='ocrx_word' id='word_1_627' title='bbox 613 4197 798 4253; x_wconf 86' lang='lat' dir='ltr'><strong>demus</strong></span> <span class='ocrx_word' id='word_1_628' title='bbox 867 4203 1171 4257; x_wconf 78' lang='lat' dir='ltr'><strong>hominibus</strong></span> <span class='ocrx_word' id='word_1_629' title='bbox 1244 4208 1607 4261; x_wconf 86' lang='lat' dir='ltr'><strong>auctoritatem</strong></span> <span class='ocrx_word' id='word_1_630' title='bbox 1670 4216 2036 4265; x_wconf 76' lang='lat' dir='ltr'><strong>contemnendi</strong></span> 
     </span>
    </p>
   </div>
   <div class='ocr_carea' id='block_1_73' title="bbox 483 4286 2035 4362">
    <p class='ocr_par' dir='ltr' id='par_1_73' title="bbox 483 4286 2035 4362">
     <span class='ocr_line' id='line_1_73' title="bbox 483 4286 2035 4362; baseline 0.015 -29"><span class='ocrx_word' id='word_1_631' title='bbox 483 4286 796 4352; x_wconf 86' lang='lat' dir='ltr'><strong>baptismum</strong></span> <span class='ocrx_word' id='word_1_632' title='bbox 826 4328 840 4352; x_wconf 93' lang='lat'><strong>,</strong></span> <span class='ocrx_word' id='word_1_633' title='bbox 873 4305 1026 4358; x_wconf 89' lang='lat' dir='ltr'><strong>quem</strong></span> <span class='ocrx_word' id='word_1_634' title='bbox 1079 4309 1241 4362; x_wconf 70' lang='lat' dir='ltr'><strong>usque</strong></span> <span class='ocrx_word' id='word_1_635' title='bbox 1273 4297 1405 4349; x_wconf 77' lang='lat' dir='ltr'><strong>adeo</strong></span> <span class='ocrx_word' id='word_1_636' title='bbox 1457 4315 1557 4350; x_wconf 82' lang='lat' dir='ltr'><strong>non</strong></span> <span class='ocrx_word' id='word_1_637' title='bbox 1590 4304 2035 4356; x_wconf 85' lang='lat' dir='ltr'><strong>contemnendum</strong></span> 
     </span>
    </p>
   </div>
   <div class='ocr_carea' id='block_1_74' title="bbox 481 4363 2034 4443">
    <p class='ocr_par' dir='ltr' id='par_1_74' title="bbox 481 4363 2034 4443">
     <span class='ocr_line' id='line_1_74' title="bbox 481 4363 2034 4443; baseline 0.014 -28"><span class='ocrx_word' id='word_1_638' title='bbox 481 4363 590 4428; x_wconf 90' lang='lat' dir='ltr'><strong>ipsa</strong></span> <span class='ocrx_word' id='word_1_639' title='bbox 624 4369 914 4433; x_wconf 80' lang='lat' dir='ltr'><strong>apostolica</strong></span> <span class='ocrx_word' id='word_1_640' title='bbox 943 4371 1220 4439; x_wconf 80' lang='lat' dir='ltr'><strong>disciplina</strong></span> <span class='ocrx_word' id='word_1_641' title='bbox 1259 4378 1631 4443; x_wconf 90' lang='lat' dir='ltr'><strong>commendat,</strong></span> <span class='ocrx_word' id='word_1_642' title='bbox 1674 4390 1726 4432; x_wconf 92' lang='lat' dir='ltr'><strong>ut</strong></span> <span class='ocrx_word' id='word_1_643' title='bbox 1756 4379 2034 4437; x_wconf 71' lang='lat' dir='ltr'><strong>Cornelius</strong></span> 
     </span>
    </p>
   </div>
   <div class='ocr_carea' id='block_1_75' title="bbox 479 4456 2032 4540">
    <p class='ocr_par' dir='ltr' id='par_1_75' title="bbox 479 4456 2032 4540">
     <span class='ocr_line' id='line_1_75' title="bbox 479 4456 2032 4540; baseline 0.012 -36"><span class='ocrx_word' id='word_1_644' title='bbox 479 4456 719 4509; x_wconf 88' lang='lat' dir='ltr'><strong>centurio</strong></span> <span class='ocrx_word' id='word_1_645' title='bbox 743 4466 793 4510; x_wconf 89' lang='lat' dir='ltr'><strong>ct</strong></span> <span class='ocrx_word' id='word_1_646' title='bbox 818 4457 868 4512; x_wconf 87' lang='lat' dir='ltr'><strong>hi</strong></span> <span class='ocrx_word' id='word_1_647' title='bbox 894 4460 979 4527; x_wconf 90' lang='lat' dir='ltr'><strong>qui</strong></span> <span class='ocrx_word' id='word_1_648' title='bbox 1011 4476 1128 4514; x_wconf 88' lang='lat' dir='ltr'><strong>cum</strong></span> <span class='ocrx_word' id='word_1_649' title='bbox 1169 4462 1258 4514; x_wconf 75' lang='lat' dir='ltr'><strong>illo</strong></span> <span class='ocrx_word' id='word_1_650' title='bbox 1289 4473 1458 4528; x_wconf 85' lang='lat' dir='ltr'><strong>erant,</strong></span> <span class='ocrx_word' id='word_1_651' title='bbox 1499 4467 1653 4518; x_wconf 87' lang='lat' dir='ltr'><strong>etiam</strong></span> <span class='ocrx_word' id='word_1_652' title='bbox 1679 4468 1785 4535; x_wconf 86' lang='lat' dir='ltr'><strong>jam</strong></span> <span class='ocrx_word' id='word_1_653' title='bbox 1817 4483 2032 4540; x_wconf 80' lang='lat' dir='ltr'><strong>accepto</strong></span> 
     </span>
    </p>
   </div>
   <div class='ocr_carea' id='block_1_76' title="bbox 475 4544 2030 4628">
    <p class='ocr_par' dir='ltr' id='par_1_76' title="bbox 475 4544 2030 4628">
     <span class='ocr_line' id='line_1_76' title="bbox 475 4544 2030 4628; baseline 0.012 -33"><span class='ocrx_word' id='word_1_654' title='bbox 475 4544 674 4612; x_wconf 84' lang='lat' dir='ltr'><strong>Spiritu</strong></span> <span class='ocrx_word' id='word_1_655' title='bbox 720 4559 923 4615; x_wconf 90' lang='lat' dir='ltr'><strong>saneto,</strong></span> <span class='ocrx_word' id='word_1_656' title='bbox 956 4551 1146 4606; x_wconf 81' lang='lat' dir='ltr'><strong>fuerint</strong></span> <span class='ocrx_word' id='word_1_657' title='bbox 1176 4554 1418 4622; x_wconf 87' lang='lat' dir='ltr'><strong>baptizati</strong></span> <span class='ocrx_word' id='word_1_658' title='bbox 1455 4573 1465 4606; x_wconf 92' lang='lat'>:</span> <span class='ocrx_word' id='word_1_659' title='bbox 1499 4557 1632 4609; x_wconf 91' lang='lat' dir='ltr'><strong>sicut</strong></span> <span class='ocrx_word' id='word_1_660' title='bbox 1662 4560 1860 4627; x_wconf 89' lang='lat' dir='ltr'><strong>antiqui</strong></span> <span class='ocrx_word' id='word_1_661' title='bbox 1883 4561 2030 4628; x_wconf 83' lang='lat' dir='ltr'><strong>justi,</strong></span> 
     </span>
    </p>
   </div>
   <div class='ocr_carea' id='block_1_77' title="bbox 472 4633 2032 4714">
    <p class='ocr_par' dir='ltr' id='par_1_77' title="bbox 472 4633 2032 4714">
     <span class='ocr_line' id='line_1_77' title="bbox 472 4633 2032 4714; baseline 0.012 -30"><span class='ocrx_word' id='word_1_662' title='bbox 472 4633 515 4684; x_wconf 90' lang='lat' dir='ltr'><strong>si</strong></span> <span class='ocrx_word' id='word_1_663' title='bbox 547 4649 651 4685; x_wconf 81' lang='lat' dir='ltr'><strong>non</strong></span> <span class='ocrx_word' id='word_1_664' title='bbox 679 4635 1176 4693; x_wconf 58' lang='lat' dir='ltr'><strong>circumcidnrentnr</strong></span> <span class='ocrx_word' id='word_1_665' title='bbox 1200 4681 1213 4704; x_wconf 94' lang='lat'><strong>,</strong></span> <span class='ocrx_word' id='word_1_666' title='bbox 1241 4657 1343 4693; x_wconf 93' lang='lat' dir='ltr'><strong>non</strong></span> <span class='ocrx_word' id='word_1_667' title='bbox 1368 4651 1483 4696; x_wconf 82' lang='lat' dir='ltr'><strong>erat</strong></span> <span class='ocrx_word' id='word_1_668' title='bbox 1510 4643 1586 4696; x_wconf 89' lang='lat' dir='ltr'><strong>eis</strong></span> <span class='ocrx_word' id='word_1_669' title='bbox 1605 4655 1895 4710; x_wconf 86' lang='lat' dir='ltr'><strong>peccatum,</strong></span> <span class='ocrx_word' id='word_1_670' title='bbox 1913 4665 2032 4714; x_wconf 89' lang='lat' dir='ltr'><strong>pos--</strong></span> 
     </span>
    </p>
   </div>
   <div class='ocr_carea' id='block_1_78' title="bbox 472 4726 2031 4804">
    <p class='ocr_par' dir='ltr' id='par_1_78' title="bbox 472 4726 2031 4804">
     <span class='ocr_line' id='line_1_78' title="bbox 472 4726 2031 4804; baseline 0.014 -33"><span class='ocrx_word' id='word_1_671' title='bbox 472 4731 555 4773; x_wconf 88' lang='lat' dir='ltr'><strong>tea</strong></span> <span class='ocrx_word' id='word_1_672' title='bbox 583 4737 707 4776; x_wconf 88' lang='lat' dir='ltr'><strong>vero</strong></span> <span class='ocrx_word' id='word_1_673' title='bbox 735 4738 888 4790; x_wconf 90' lang='lat' dir='ltr'><strong>quam</strong></span> <span class='ocrx_word' id='word_1_674' title='bbox 934 4726 1091 4791; x_wconf 88' lang='lat' dir='ltr'><strong>jussit</strong></span> <span class='ocrx_word' id='word_1_675' title='bbox 1118 4729 1257 4804; x_wconf 78' lang='lat' dir='ltr'><strong>Deus</strong></span> <span class='ocrx_word' id='word_1_676' title='bbox 1288 4739 1342 4783; x_wconf 90' lang='lat' dir='ltr'><strong>nt</strong></span> <span class='ocrx_word' id='word_1_677' title='bbox 1372 4733 1839 4789; x_wconf 89' lang='lat' dir='ltr'><strong>circumcideretur</strong></span> <span class='ocrx_word' id='word_1_678' title='bbox 1864 4738 2031 4792; x_wconf 82' lang='lat' dir='ltr'><strong>Abra-</strong></span> 
     </span>
    </p>
   </div>
   <div class='ocr_carea' id='block_1_79' title="bbox 2145 4134 3646 4203">
    <p class='ocr_par' dir='ltr' id='par_1_79' title="bbox 2145 4134 3646 4203">
     <span class='ocr_line' id='line_1_79' title="bbox 2145 4134 3646 4203; baseline -0.002 -17"><span class='ocrx_word' id='word_1_679' title='bbox 2145 4135 2296 4198; x_wconf 83' lang='lat' dir='ltr'><strong>rium,</strong></span> <span class='ocrx_word' id='word_1_680' title='bbox 2329 4134 2537 4202; x_wconf 87' lang='lat' dir='ltr'><strong>quando</strong></span> <span class='ocrx_word' id='word_1_681' title='bbox 2563 4135 2639 4188; x_wconf 89' lang='lat' dir='ltr'><strong>eis</strong></span> <span class='ocrx_word' id='word_1_682' title='bbox 2665 4135 2790 4188; x_wconf 89' lang='lat' dir='ltr'><strong>lavit</strong></span> <span class='ocrx_word' id='word_1_683' title='bbox 2814 4135 2998 4202; x_wconf 88' lang='lat' dir='ltr'><strong>pedes,</strong></span> <span class='ocrx_word' id='word_1_684' title='bbox 3026 4146 3077 4188; x_wconf 92' lang='lat' dir='ltr'><strong>et</strong></span> <span class='ocrx_word' id='word_1_685' title='bbox 3107 4143 3302 4203; x_wconf 84' lang='lat' dir='ltr'><strong>petenti</strong></span> <span class='ocrx_word' id='word_1_686' title='bbox 3326 4136 3467 4190; x_wconf 82' lang='lat' dir='ltr'><strong>Petro</strong></span> <span class='ocrx_word' id='word_1_687' title='bbox 3495 4145 3536 4185; x_wconf 85' lang='lat' dir='ltr'><strong>ut</strong></span> <span class='ocrx_word' id='word_1_688' title='bbox 3561 4149 3646 4185; x_wconf 80' lang='lat' dir='ltr'><strong>nun</strong></span> 
     </span>
    </p>
   </div>
   <div class='ocr_carea' id='block_1_80' title="bbox 2143 4224 3645 4294">
    <p class='ocr_par' dir='ltr' id='par_1_80' title="bbox 2143 4224 3645 4294">
     <span class='ocr_line' id='line_1_80' title="bbox 2143 4224 3645 4294; baseline -0.001 -17"><span class='ocrx_word' id='word_1_689' title='bbox 2143 4234 2340 4277; x_wconf 89' lang='lat' dir='ltr'><strong>tantum</strong></span> <span class='ocrx_word' id='word_1_690' title='bbox 2372 4224 2554 4292; x_wconf 88' lang='lat' dir='ltr'><strong>pedes.</strong></span> <span class='ocrx_word' id='word_1_691' title='bbox 2586 4240 2765 4278; x_wconf 78' lang='lat' dir='ltr'><strong>verum</strong></span> <span class='ocrx_word' id='word_1_692' title='bbox 2791 4227 2948 4280; x_wconf 90' lang='lat' dir='ltr'><strong>etiam</strong></span> <span class='ocrx_word' id='word_1_693' title='bbox 2978 4242 3161 4280; x_wconf 87' lang='lat' dir='ltr'><strong>manus</strong></span> <span class='ocrx_word' id='word_1_694' title='bbox 3203 4239 3254 4281; x_wconf 91' lang='lat' dir='ltr'><strong>et</strong></span> <span class='ocrx_word' id='word_1_695' title='bbox 3282 4239 3429 4294; x_wconf 79' lang='lat' dir='ltr'><strong>caput</strong></span> <span class='ocrx_word' id='word_1_696' title='bbox 3452 4227 3494 4279; x_wconf 90' lang='lat' dir='ltr'><strong>ei</strong></span> <span class='ocrx_word' id='word_1_697' title='bbox 3524 4227 3645 4276; x_wconf 80' lang='lat' dir='ltr'><strong>lava-</strong></span> 
     </span>
    </p>
   </div>
   <div class='ocr_carea' id='block_1_81' title="bbox 2140 4316 3668 4387">
    <p class='ocr_par' dir='ltr' id='par_1_81' title="bbox 2140 4316 3668 4387">
     <span class='ocr_line' id='line_1_81' title="bbox 2140 4316 3668 4387; baseline -0.001 -19"><span class='ocrx_word' id='word_1_698' title='bbox 2140 4325 2251 4381; x_wconf 90' lang='lat' dir='ltr'><strong>ret,</strong></span> <span class='ocrx_word' id='word_1_699' title='bbox 2280 4316 2592 4382; x_wconf 80' lang='lat' dir='ltr'><strong>respondit:</strong></span> <span class='ocrx_word' id='word_1_700' title='bbox 2621 4316 2721 4381; x_wconf 90' lang='lat' dir='ltr'><strong>Qui</strong></span> <span class='ocrx_word' id='word_1_701' title='bbox 2747 4317 2884 4370; x_wconf 82' lang='lat' dir='ltr'><strong>loms</strong></span> <span class='ocrx_word' id='word_1_702' title='bbox 2914 4326 3013 4385; x_wconf 88' lang='lat' dir='ltr'><strong>est,</strong></span> <span class='ocrx_word' id='word_1_703' title='bbox 3040 4334 3142 4371; x_wconf 92' lang='lat' dir='ltr'><strong>non</strong></span> <span class='ocrx_word' id='word_1_704' title='bbox 3174 4318 3365 4387; x_wconf 89' lang='lat' dir='ltr'><strong>indiget</strong></span> <span class='ocrx_word' id='word_1_705' title='bbox 3391 4317 3480 4370; x_wconf 86' lang='lat' dir='ltr'><strong>nisi</strong></span> <span class='ocrx_word' id='word_1_706' title='bbox 3510 4327 3668 4380; x_wconf 82' lang='lat' dir='ltr'><strong>utpe-,</strong></span> 
     </span>
    </p>
   </div>
   <div class='ocr_carea' id='block_1_82' title="bbox 2063 4403 3640 4479">
    <p class='ocr_par' dir='ltr' id='par_1_82' title="bbox 2063 4403 3640 4479">
     <span class='ocr_line' id='line_1_82' title="bbox 2063 4403 3640 4479; baseline -0.001 -20"><span class='ocrx_word' id='word_1_707' title='bbox 2063 4421 2115 4479; x_wconf 75' lang='grc' dir='ltr'><strong>Ι)</strong></span> <span class='ocrx_word' id='word_1_708' title='bbox 2142 4406 2232 4460; x_wconf 88' lang='lat' dir='ltr'><strong>des</strong></span> <span class='ocrx_word' id='word_1_709' title='bbox 2263 4406 2418 4473; x_wconf 89' lang='lat' dir='ltr'><strong>lavet,</strong></span> <span class='ocrx_word' id='word_1_710' title='bbox 2451 4407 2543 4460; x_wconf 91' lang='lat' dir='ltr'><strong>sed</strong></span> <span class='ocrx_word' id='word_1_711' title='bbox 2573 4415 2655 4462; x_wconf 86' lang='lat' dir='ltr'><strong>est</strong></span> <span class='ocrx_word' id='word_1_712' title='bbox 2674 4407 3084 4475; x_wconf 88' lang='lat' dir='ltr'><strong>mundustotus;</strong></span> <span class='ocrx_word' id='word_1_713' title='bbox 3114 4410 3198 4462; x_wconf 92' lang='lat' dir='ltr'><strong>ubi</strong></span> <span class='ocrx_word' id='word_1_714' title='bbox 3225 4408 3511 4478; x_wconf 84' lang='lat' dir='ltr'><strong>intelligitur</strong></span> <span class='ocrx_word' id='word_1_715' title='bbox 3529 4403 3640 4475; x_wconf 91' lang='lat' dir='ltr'><strong>quod</strong></span> 
     </span>
    </p>
   </div>
   <div class='ocr_carea' id='block_1_83' title="bbox 2133 4497 2986 4566">
    <p class='ocr_par' dir='ltr' id='par_1_83' title="bbox 2133 4497 2986 4566">
     <span class='ocr_line' id='line_1_83' title="bbox 2133 4497 2986 4566; baseline 0.001 -17"><span class='ocrx_word' id='word_1_716' title='bbox 2133 4497 2237 4566; x_wconf 89' lang='lat' dir='ltr'><strong>jam</strong></span> <span class='ocrx_word' id='word_1_717' title='bbox 2270 4498 2455 4552; x_wconf 86' lang='lat' dir='ltr'><strong>Petrus</strong></span> <span class='ocrx_word' id='word_1_718' title='bbox 2482 4497 2651 4552; x_wconf 77' lang='lat' dir='ltr'><strong>fuerat</strong></span> <span class='ocrx_word' id='word_1_719' title='bbox 2676 4499 2986 4565; x_wconf 63' lang='lat' dir='ltr'><strong>baptizatus.</strong></span> 
     </span>
    </p>
   </div>
   <div class='ocr_carea' id='block_1_84' title="bbox 2617 4589 3183 4644">
    <p class='ocr_par' dir='ltr' id='par_1_84' title="bbox 2617 4589 3183 4644">
     <span class='ocr_line' id='line_1_84' title="bbox 2617 4589 3183 4644; baseline 0.002 -3"><span class='ocrx_word' id='word_1_720' title='bbox 2617 4589 2839 4643; x_wconf 79' lang='lat' dir='ltr'><strong>CAPUT</strong></span> <span class='ocrx_word' id='word_1_721' title='bbox 2885 4589 3183 4644; x_wconf 71' lang='lat' dir='ltr'><strong>CCXXXII.</strong></span> 
     </span>
    </p>
   </div>
   <div class='ocr_carea' id='block_1_85' title="bbox 2131 4679 3638 4751">
    <p class='ocr_par' dir='ltr' id='par_1_85' title="bbox 2131 4679 3638 4751">
     <span class='ocr_line' id='line_1_85' title="bbox 2131 4679 3638 4751; baseline -0.001 -22"><span class='ocrx_word' id='word_1_722' title='bbox 2131 4679 2235 4748; x_wconf 76' lang='lat'><strong>25</strong></span> <span class='ocrx_word' id='word_1_723' title='bbox 2270 4679 2416 4751; x_wconf 80' lang='lat' dir='ltr'><strong>Quod</strong></span> <span class='ocrx_word' id='word_1_724' title='bbox 2469 4681 2692 4751; x_wconf 74' lang='lat' dir='ltr'><strong>superbis</strong></span> <span class='ocrx_word' id='word_1_725' title='bbox 2741 4682 2816 4732; x_wconf 68' lang='lat' dir='ltr'><strong>vel</strong></span> <span class='ocrx_word' id='word_1_726' title='bbox 2867 4681 3054 4736; x_wconf 68' lang='lat' dir='ltr'><strong>occulte</strong></span> <span class='ocrx_word' id='word_1_727' title='bbox 3092 4685 3404 4751; x_wconf 64' lang='lat' dir='ltr'><strong>peccantibus</strong></span> <span class='ocrx_word' id='word_1_728' title='bbox 3448 4683 3554 4733; x_wconf 77' lang='lat' dir='ltr'><strong>utile</strong></span> <span class='ocrx_word' id='word_1_729' title='bbox 3585 4681 3638 4730; x_wconf 76' lang='lat' dir='ltr'><strong>sit</strong></span> 
     </span>
    </p>
   </div>
   <div class='ocr_carea' id='block_1_86' title="bbox 2199 4750 3635 4822">
    <p class='ocr_par' dir='ltr' id='par_1_86' title="bbox 2199 4750 3635 4822">
     <span class='ocr_line' id='line_1_86' title="bbox 2199 4750 3635 4822; baseline 0.001 -23"><span class='ocrx_word' id='word_1_730' title='bbox 2199 4750 2375 4800; x_wconf 85' lang='lat' dir='ltr'><strong>cadere</strong></span> <span class='ocrx_word' id='word_1_731' title='bbox 2397 4751 2445 4800; x_wconf 80' lang='lat' dir='ltr'><strong>in</strong></span> <span class='ocrx_word' id='word_1_732' title='bbox 2474 4750 2925 4822; x_wconf 64' lang='lat' dir='ltr'><strong>aliquodapertunt</strong></span> <span class='ocrx_word' id='word_1_733' title='bbox 2948 4753 3363 4822; x_wconf 74' lang='lat' dir='ltr'><strong>manifestumque</strong></span> <span class='ocrx_word' id='word_1_734' title='bbox 3384 4763 3635 4817; x_wconf 72' lang='lat' dir='ltr'><strong>peccatum;</strong></span> 
     </span>
    </p>
   </div>
   <div class='ocr_carea' id='block_1_87' title="bbox 473 4805 2044 4897">
    <p class='ocr_par' dir='ltr' id='par_1_87' title="bbox 473 4805 2026 4897">
     <span class='ocr_line' id='line_1_87' title="bbox 473 4805 2026 4897; baseline 0.017 -38"><span class='ocrx_word' id='word_1_735' title='bbox 473 4808 590 4862; x_wconf 89' lang='lat' dir='ltr'><strong>ham</strong></span> <span class='ocrx_word' id='word_1_736' title='bbox 622 4805 844 4880; x_wconf 83' lang='lat' dir='ltr'><strong>ejusque</strong></span> <span class='ocrx_word' id='word_1_737' title='bbox 889 4820 1186 4884; x_wconf 86' lang='lat' dir='ltr'><strong>posteritas,</strong></span> <span class='ocrx_word' id='word_1_738' title='bbox 1229 4819 1336 4887; x_wconf 86' lang='lat' dir='ltr'><strong>jam</strong></span> <span class='ocrx_word' id='word_1_739' title='bbox 1383 4823 1425 4875; x_wconf 89' lang='lat' dir='ltr'><strong>si</strong></span> <span class='ocrx_word' id='word_1_740' title='bbox 1477 4839 1580 4877; x_wconf 88' lang='lat' dir='ltr'><strong>non</strong></span> <span class='ocrx_word' id='word_1_741' title='bbox 1633 4824 1833 4892; x_wconf 74' lang='lat' dir='ltr'><strong>ﬁeret,~</strong></span> <span class='ocrx_word' id='word_1_742' title='bbox 1869 4843 2026 4897; x_wconf 82' lang='lat' dir='ltr'><strong>grave</strong></span> 
     </span>
    </p>
   </div>
   <div class='ocr_carea' id='block_1_88' title="bbox 2151 4805 2985 4897">
    <p class='ocr_par' dir='ltr' id='par_1_88' title="bbox 2198 4805 2985 4874">
     <span class='ocr_line' id='line_1_88' title="bbox 2198 4805 2985 4874; baseline 0.006 -5"><span class='ocrx_word' id='word_1_743' title='bbox 2198 4833 2260 4870; x_wconf 75' lang='lat' dir='ltr'><strong>ex</strong></span> <span class='ocrx_word' id='word_1_744' title='bbox 2286 4819 2412 4870; x_wconf 81' lang='lat' dir='ltr'><strong>libro</strong></span> <span class='ocrx_word' id='word_1_745' title='bbox 2441 4834 2527 4872; x_wconf 68' lang='grc' dir='ltr'>χιιι</span> <span class='ocrx_word' id='word_1_746' title='bbox 2549 4805 2611 4871; x_wconf 72' lang='lat' dir='ltr'><strong>de</strong></span> <span class='ocrx_word' id='word_1_747' title='bbox 2638 4805 2847 4873; x_wconf 62' lang='lat' dir='ltr'><strong>Civr&#39;tate</strong></span> <span class='ocrx_word' id='word_1_748' title='bbox 2872 4819 2985 4874; x_wconf 83' lang='lat' dir='ltr'><strong>Dei.</strong></span> 
     </span>
    </p>
   </div>
   <div class='ocr_carea' id='block_1_89' title="bbox 469 4902 2022 4980">
    <p class='ocr_par' dir='ltr' id='par_1_89' title="bbox 469 4902 2022 4980">
     <span class='ocr_line' id='line_1_89' title="bbox 469 4902 2022 4980; baseline 0.019 -32"><span class='ocrx_word' id='word_1_749' title='bbox 469 4910 740 4963; x_wconf 79' lang='lat' dir='ltr'><strong>peccatum</strong></span> <span class='ocrx_word' id='word_1_750' title='bbox 768 4902 891 4955; x_wconf 79' lang='lat' dir='ltr'><strong>fuit:</strong></span> <span class='ocrx_word' id='word_1_751' title='bbox 916 4905 991 4957; x_wconf 90' lang='lat' dir='ltr'><strong>sic</strong></span> <span class='ocrx_word' id='word_1_752' title='bbox 1022 4909 1176 4958; x_wconf 85' lang='lat' dir='ltr'><strong>etiam</strong></span> <span class='ocrx_word' id='word_1_753' title='bbox 1207 4921 1482 4980; x_wconf 76' lang='lat' dir='ltr'><strong>postquam</strong></span> <span class='ocrx_word' id='word_1_754' title='bbox 1510 4913 1760 4970; x_wconf 82' lang='lat' dir='ltr'><strong>Dominus</strong></span> <span class='ocrx_word' id='word_1_755' title='bbox 1783 4917 2022 4977; x_wconf 82' lang='lat' dir='ltr'><strong>Christus</strong></span> 
     </span>
    </p>
   </div>
   <div class='ocr_carea' id='block_1_90' title="bbox 465 4986 2021 5079">
    <p class='ocr_par' dir='ltr' id='par_1_90' title="bbox 465 4986 2021 5079">
     <span class='ocr_line' id='line_1_90' title="bbox 465 4986 2021 5079; baseline 0.019 -42"><span class='ocrx_word' id='word_1_756' title='bbox 465 4986 517 5039; x_wconf 89' lang='lat' dir='ltr'><strong>in</strong></span> <span class='ocrx_word' id='word_1_757' title='bbox 552 4988 788 5044; x_wconf 74' lang='lat' dir='ltr'><strong>Ecclesia</strong></span> <span class='ocrx_word' id='word_1_758' title='bbox 821 5009 913 5046; x_wconf 86' lang='lat' dir='ltr'><strong>sua</strong></span> <span class='ocrx_word' id='word_1_759' title='bbox 954 5009 1341 5052; x_wconf 88' lang='lat' dir='ltr'><strong>sacramentum</strong></span> <span class='ocrx_word' id='word_1_760' title='bbox 1374 5002 1503 5057; x_wconf 82' lang='lat' dir='ltr'><strong>Novi</strong></span> <span class='ocrx_word' id='word_1_761' title='bbox 1536 5005 1883 5076; x_wconf 84' lang='lat' dir='ltr'><strong>Testamenti,</strong></span> <span class='ocrx_word' id='word_1_762' title='bbox 1928 5018 2021 5079; x_wconf 81' lang='lat' dir='ltr'><strong>pro</strong></span> 
     </span>
    </p>
   </div>
   <div class='ocr_carea' id='block_1_91' title="bbox 465 5079 2028 5162">
    <p class='ocr_par' dir='ltr' id='par_1_91' title="bbox 465 5079 2028 5162">
     <span class='ocr_line' id='line_1_91' title="bbox 465 5079 2028 5162; baseline 0.019 -35"><span class='ocrx_word' id='word_1_763' title='bbox 465 5079 868 5138; x_wconf 83' lang='lat' dir='ltr'><strong>circumcisione</strong></span> <span class='ocrx_word' id='word_1_764' title='bbox 897 5088 1074 5140; x_wconf 88' lang='lat' dir='ltr'><strong>carnis</strong></span> <span class='ocrx_word' id='word_1_765' title='bbox 1124 5095 1728 5161; x_wconf 53' lang='lat' dir='ltr'><strong>sanctum,baptismum</strong></span> <span class='ocrx_word' id='word_1_766' title='bbox 1776 5101 1921 5154; x_wconf 88' lang='lat' dir='ltr'><strong>dedit</strong></span> <span class='ocrx_word' id='word_1_767' title='bbox 1967 5113 2028 5162; x_wconf 52' lang='lat' dir='ltr'><strong>et,</strong></span> 
     </span>
    </p>
   </div>
   <div class='ocr_carea' id='block_1_92' title="bbox 463 5173 2009 5246">
    <p class='ocr_par' dir='ltr' id='par_1_92' title="bbox 463 5173 2009 5246">
     <span class='ocr_line' id='line_1_92' title="bbox 463 5173 2009 5246; baseline 0.015 -28"><span class='ocrx_word' id='word_1_768' title='bbox 463 5173 796 5235; x_wconf 72' lang='lat' dir='ltr'><strong>apertissime</strong></span> <span class='ocrx_word' id='word_1_769' title='bbox 839 5175 1012 5229; x_wconf 80' lang='lat' dir='ltr'><strong>dixit:</strong></span> <span class='ocrx_word' id='word_1_770' title='bbox 1057 5178 1110 5230; x_wconf 91' lang='lat' dir='ltr'><strong>Si</strong></span> <span class='ocrx_word' id='word_1_771' title='bbox 1163 5180 1280 5246; x_wconf 89' lang='lat' dir='ltr'><strong>quis</strong></span> <span class='ocrx_word' id='word_1_772' title='bbox 1328 5196 1426 5234; x_wconf 93' lang='lat' dir='ltr'><strong>non</strong></span> <span class='ocrx_word' id='word_1_773' title='bbox 1478 5196 1692 5239; x_wconf 87' lang='lat' dir='ltr'><strong>renatus</strong></span> <span class='ocrx_word' id='word_1_774' title='bbox 1742 5189 1898 5241; x_wconf 74' lang='lat' dir='ltr'><strong>fuerit</strong></span> <span class='ocrx_word' id='word_1_775' title='bbox 1948 5205 2009 5243; x_wconf 80' lang='lat' dir='ltr'><strong>ex</strong></span> 
     </span>
    </p>
   </div>
   <div class='ocr_carea' id='block_1_93' title="bbox 461 5265 2012 5348">
    <p class='ocr_par' dir='ltr' id='par_1_93' title="bbox 461 5265 2012 5348">
     <span class='ocr_line' id='line_1_93' title="bbox 461 5265 2012 5348; baseline 0.015 -37"><span class='ocrx_word' id='word_1_776' title='bbox 461 5276 595 5330; x_wconf 86' lang='lat' dir='ltr'><strong>aqua</strong></span> <span class='ocrx_word' id='word_1_777' title='bbox 627 5273 679 5317; x_wconf 91' lang='lat' dir='ltr'><strong>et</strong></span> <span class='ocrx_word' id='word_1_778' title='bbox 711 5265 910 5332; x_wconf 78' lang='lat' dir='ltr'><strong>Spiritu</strong></span> <span class='ocrx_word' id='word_1_779' title='bbox 938 5280 1120 5323; x_wconf 83' lang='lat' dir='ltr'><strong>sancto</strong></span> <span class='ocrx_word' id='word_1_780' title='bbox 1145 5313 1159 5337; x_wconf 96' lang='lat'><strong>,</strong></span> <span class='ocrx_word' id='word_1_781' title='bbox 1192 5286 1295 5324; x_wconf 93' lang='lat' dir='ltr'><strong>non</strong></span> <span class='ocrx_word' id='word_1_782' title='bbox 1326 5273 1542 5328; x_wconf 88' lang='lat' dir='ltr'><strong>intrabit</strong></span> <span class='ocrx_word' id='word_1_783' title='bbox 1564 5279 1613 5329; x_wconf 92' lang='lat' dir='ltr'><strong>in</strong></span> <span class='ocrx_word' id='word_1_784' title='bbox 1641 5278 1873 5348; x_wconf 79' lang='lat' dir='ltr'><strong>Regnum</strong></span> <span class='ocrx_word' id='word_1_785' title='bbox 1905 5296 2012 5334; x_wconf 72' lang='lat' dir='ltr'><strong>cae-</strong></span> 
     </span>
    </p>
   </div>
   <div class='ocr_carea' id='block_1_94' title="bbox 461 5354 2011 5440">
    <p class='ocr_par' dir='ltr' id='par_1_94' title="bbox 461 5354 2011 5440">
     <span class='ocr_line' id='line_1_94' title="bbox 461 5354 2011 5440; baseline 0.014 -36"><span class='ocrx_word' id='word_1_786' title='bbox 461 5354 629 5409; x_wconf 89' lang='lat' dir='ltr'><strong>lurnm</strong></span> <span class='ocrx_word' id='word_1_787' title='bbox 660 5376 672 5421; x_wconf 86' lang='lat'>;</span> <span class='ocrx_word' id='word_1_788' title='bbox 712 5358 819 5426; x_wconf 89' lang='lat' dir='ltr'><strong>jam</strong></span> <span class='ocrx_word' id='word_1_789' title='bbox 851 5377 950 5414; x_wconf 91' lang='lat' dir='ltr'><strong>non</strong></span> <span class='ocrx_word' id='word_1_790' title='bbox 982 5364 1233 5417; x_wconf 79' lang='lat' dir='ltr'><strong>delicmns</strong></span> <span class='ocrx_word' id='word_1_791' title='bbox 1275 5380 1512 5432; x_wconf 73' lang='lat' dir='ltr'><strong>quzerere</strong></span> <span class='ocrx_word' id='word_1_792' title='bbox 1547 5371 1753 5433; x_wconf 85' lang='lat' dir='ltr'><strong>quando</strong></span> <span class='ocrx_word' id='word_1_793' title='bbox 1789 5372 2011 5440; x_wconf 89' lang='lat' dir='ltr'><strong>quisque</strong></span> 
     </span>
    </p>
   </div>
   <div class='ocr_carea' id='block_1_95' title="bbox 464 5445 2010 5529">
    <p class='ocr_par' dir='ltr' id='par_1_95' title="bbox 464 5445 2010 5529">
     <span class='ocr_line' id='line_1_95' title="bbox 464 5445 2010 5529; baseline 0.013 -34"><span class='ocrx_word' id='word_1_794' title='bbox 464 5448 614 5500; x_wconf 86' lang='lat' dir='ltr'><strong>luerit</strong></span> <span class='ocrx_word' id='word_1_795' title='bbox 637 5451 900 5516; x_wconf 66' lang='lat' dir='ltr'><strong>baptiutn</strong></span> <span class='ocrx_word' id='word_1_796' title='bbox 935 5493 948 5514; x_wconf 90' lang='lat'><strong>,</strong></span> <span class='ocrx_word' id='word_1_797' title='bbox 982 5455 1071 5505; x_wconf 73' lang='lat' dir='ltr'><strong>svd</strong></span> <span class='ocrx_word' id='word_1_798' title='bbox 1100 5445 1436 5524; x_wconf 85' lang='lat' dir='ltr'><strong>quoscunque</strong></span> <span class='ocrx_word' id='word_1_799' title='bbox 1463 5458 1684 5526; x_wconf 77' lang='lat' dir='ltr'><strong>legimus</strong></span> <span class='ocrx_word' id='word_1_800' title='bbox 1713 5461 1761 5512; x_wconf 90' lang='lat' dir='ltr'><strong>in</strong></span> <span class='ocrx_word' id='word_1_801' title='bbox 1791 5477 2010 5529; x_wconf 78' lang='lat' dir='ltr'><strong>corpore</strong></span> 
     </span>
    </p>
   </div>
   <div class='ocr_carea' id='block_1_96' title="bbox 462 5537 2008 5617">
    <p class='ocr_par' dir='ltr' id='par_1_96' title="bbox 462 5537 2008 5617">
     <span class='ocr_line' id='line_1_96' title="bbox 462 5537 2008 5617; baseline 0.014 -34"><span class='ocrx_word' id='word_1_802' title='bbox 462 5537 670 5592; x_wconf 78' lang='lat' dir='ltr'><strong>Christi.</strong></span> <span class='ocrx_word' id='word_1_803' title='bbox 709 5543 845 5608; x_wconf 89' lang='lat' dir='ltr'><strong>quod</strong></span> <span class='ocrx_word' id='word_1_804' title='bbox 878 5553 958 5596; x_wconf 82' lang='lat' dir='ltr'><strong>est</strong></span> <span class='ocrx_word' id='word_1_805' title='bbox 985 5544 1235 5608; x_wconf 78' lang='lat' dir='ltr'><strong>Ecclesia,</strong></span> <span class='ocrx_word' id='word_1_806' title='bbox 1270 5548 1529 5613; x_wconf 85' lang='lat' dir='ltr'><strong>pertinere</strong></span> <span class='ocrx_word' id='word_1_807' title='bbox 1560 5551 1621 5602; x_wconf 89' lang='lat' dir='ltr'><strong>ad</strong></span> <span class='ocrx_word' id='word_1_808' title='bbox 1657 5566 1872 5617; x_wconf 74' lang='lat' dir='ltr'><strong>regnum</strong></span> <span class='ocrx_word' id='word_1_809' title='bbox 1903 5568 2008 5607; x_wconf 70' lang='lat' dir='ltr'><strong>eu:-</strong></span> 
     </span>
    </p>
   </div>
   <div class='ocr_carea' id='block_1_97' title="bbox 461 5624 2001 5708">
    <p class='ocr_par' dir='ltr' id='par_1_97' title="bbox 461 5624 2001 5708">
     <span class='ocr_line' id='line_1_97' title="bbox 461 5624 2001 5708; baseline 0.012 -32"><span class='ocrx_word' id='word_1_810' title='bbox 461 5624 650 5692; x_wconf 73' lang='lat' dir='ltr'><strong>lprnm,</strong></span> <span class='ocrx_word' id='word_1_811' title='bbox 687 5646 787 5684; x_wconf 90' lang='lat' dir='ltr'><strong>non</strong></span> <span class='ocrx_word' id='word_1_812' title='bbox 818 5634 913 5687; x_wconf 84' lang='lat' dir='ltr'><strong>nisi</strong></span> <span class='ocrx_word' id='word_1_813' title='bbox 941 5633 1231 5701; x_wconf 85' lang='lat' dir='ltr'><strong>baptizatos</strong></span> <span class='ocrx_word' id='word_1_814' title='bbox 1265 5638 1555 5708; x_wconf 74' lang='lat' dir='ltr'><strong>intelligere</strong></span> <span class='ocrx_word' id='word_1_815' title='bbox 1598 5639 1868 5707; x_wconf 82' lang='lat' dir='ltr'><strong>debemus,</strong></span> <span class='ocrx_word' id='word_1_816' title='bbox 1905 5645 2001 5696; x_wconf 86' lang='lat' dir='ltr'><strong>nisi</strong></span> 
     </span>
    </p>
   </div>
   <div class='ocr_carea' id='block_1_98' title="bbox 2198 4927 3632 4999">
    <p class='ocr_par' dir='ltr' id='par_1_98' title="bbox 2198 4927 3632 4999">
     <span class='ocr_line' id='line_1_98' title="bbox 2198 4927 3632 4999; baseline 0.001 -18"><span class='ocrx_word' id='word_1_817' title='bbox 2198 4927 2472 4982; x_wconf 68' lang='lat' dir='ltr'><strong>Manifesto</strong></span> <span class='ocrx_word' id='word_1_818' title='bbox 2496 4943 2625 4997; x_wconf 81' lang='lat' dir='ltr'><strong>ergo</strong></span> <span class='ocrx_word' id='word_1_819' title='bbox 2655 4937 2946 4999; x_wconf 83' lang='lat' dir='ltr'><strong>apertoque</strong></span> <span class='ocrx_word' id='word_1_820' title='bbox 2978 4940 3197 4999; x_wconf 89' lang='lat' dir='ltr'><strong>peccato</strong></span> <span class='ocrx_word' id='word_1_821' title='bbox 3220 4973 3234 4995; x_wconf 84' lang='lat'><strong>,</strong></span> <span class='ocrx_word' id='word_1_822' title='bbox 3261 4934 3343 4986; x_wconf 91' lang='lat' dir='ltr'><strong>ubi</strong></span> <span class='ocrx_word' id='word_1_823' title='bbox 3371 4932 3545 4986; x_wconf 76' lang='lat' dir='ltr'><strong>factum</strong></span> <span class='ocrx_word' id='word_1_824' title='bbox 3569 4940 3632 4986; x_wconf 80' lang='lat' dir='ltr'><strong>est</strong></span> 
     </span>
    </p>
   </div>
   <div class='ocr_carea' id='block_1_99' title="bbox 2125 5017 3628 5087">
    <p class='ocr_par' dir='ltr' id='par_1_99' title="bbox 2125 5017 3628 5087">
     <span class='ocr_line' id='line_1_99' title="bbox 2125 5017 3628 5087; baseline 0.002 -18"><span class='ocrx_word' id='word_1_825' title='bbox 2125 5017 2262 5083; x_wconf 91' lang='lat' dir='ltr'><strong>quod</strong></span> <span class='ocrx_word' id='word_1_826' title='bbox 2298 5018 2434 5070; x_wconf 85' lang='lat' dir='ltr'><strong>Dens</strong></span> <span class='ocrx_word' id='word_1_827' title='bbox 2469 5017 2578 5071; x_wconf 81' lang='lat' dir='ltr'><strong>ﬁeri</strong></span> <span class='ocrx_word' id='word_1_828' title='bbox 2611 5018 2971 5087; x_wconf 87' lang='lat' dir='ltr'><strong>prohibuerat,</strong></span> <span class='ocrx_word' id='word_1_829' title='bbox 3005 5021 3254 5076; x_wconf 83' lang='lat' dir='ltr'><strong>Diabolus</strong></span> <span class='ocrx_word' id='word_1_830' title='bbox 3283 5025 3524 5076; x_wconf 80' lang='lat' dir='ltr'><strong>hominem</strong></span> <span class='ocrx_word' id='word_1_831' title='bbox 3545 5037 3628 5074; x_wconf 82' lang='lat' dir='ltr'><strong>non</strong></span> 
     </span>
    </p>
   </div>
   <div class='ocr_carea' id='block_1_100' title="bbox 2122 5105 3628 5180">
    <p class='ocr_par' dir='ltr' id='par_1_100' title="bbox 2122 5105 3628 5180">
     <span class='ocr_line' id='line_1_100' title="bbox 2122 5105 3628 5180; baseline 0.002 -22"><span class='ocrx_word' id='word_1_832' title='bbox 2122 5106 2347 5172; x_wconf 89' lang='lat' dir='ltr'><strong>cepisset</strong></span> <span class='ocrx_word' id='word_1_833' title='bbox 2393 5105 2753 5177; x_wconf 77' lang='lat' dir='ltr'><strong>ldeccpisset],</strong></span> <span class='ocrx_word' id='word_1_834' title='bbox 2809 5110 2908 5163; x_wconf 89' lang='lat' dir='ltr'><strong>nisi</strong></span> <span class='ocrx_word' id='word_1_835' title='bbox 2947 5111 3052 5178; x_wconf 88' lang='lat' dir='ltr'><strong>jam</strong></span> <span class='ocrx_word' id='word_1_836' title='bbox 3085 5113 3172 5166; x_wconf 89' lang='lat' dir='ltr'><strong>ille</strong></span> <span class='ocrx_word' id='word_1_837' title='bbox 3201 5115 3298 5168; x_wconf 86' lang='lat' dir='ltr'><strong>sibi</strong></span> <span class='ocrx_word' id='word_1_838' title='bbox 3329 5115 3415 5180; x_wconf 86' lang='lat' dir='ltr'><strong>ipsi</strong></span> <span class='ocrx_word' id='word_1_839' title='bbox 3452 5115 3628 5178; x_wconf 79' lang='lat' dir='ltr'><strong>placere</strong></span> 
     </span>
    </p>
   </div>
   <div class='ocr_carea' id='block_1_101' title="bbox 2120 5197 3622 5270">
    <p class='ocr_par' dir='ltr' id='par_1_101' title="bbox 2120 5197 3622 5270">
     <span class='ocr_line' id='line_1_101' title="bbox 2120 5197 3622 5270; baseline 0.002 -23"><span class='ocrx_word' id='word_1_840' title='bbox 2120 5197 2390 5258; x_wconf 64' lang='lat' dir='ltr'><strong>erupisset.</strong></span> <span class='ocrx_word' id='word_1_841' title='bbox 2427 5197 2555 5250; x_wconf 87' lang='lat' dir='ltr'><strong>ilinc</strong></span> <span class='ocrx_word' id='word_1_842' title='bbox 2577 5199 2716 5251; x_wconf 86' lang='lat' dir='ltr'><strong>enim</strong></span> <span class='ocrx_word' id='word_1_843' title='bbox 2744 5207 2797 5251; x_wconf 90' lang='lat' dir='ltr'><strong>et</strong></span> <span class='ocrx_word' id='word_1_844' title='bbox 2825 5200 3111 5254; x_wconf 84' lang='lat' dir='ltr'><strong>delectavit</strong></span> <span class='ocrx_word' id='word_1_845' title='bbox 3150 5203 3290 5270; x_wconf 86' lang='lat' dir='ltr'><strong>quod</strong></span> <span class='ocrx_word' id='word_1_846' title='bbox 3322 5203 3498 5256; x_wconf 89' lang='lat' dir='ltr'><strong>dictum</strong></span> <span class='ocrx_word' id='word_1_847' title='bbox 3526 5211 3622 5254; x_wconf 86' lang='lat' dir='ltr'><strong>est:</strong></span> 
     </span>
    </p>
   </div>
   <div class='ocr_carea' id='block_1_102' title="bbox 2125 5282 3623 5357">
    <p class='ocr_par' dir='ltr' id='par_1_102' title="bbox 2125 5282 3623 5357">
     <span class='ocr_line' id='line_1_102' title="bbox 2125 5282 3623 5357; baseline 0.002 -22"><span class='ocrx_word' id='word_1_848' title='bbox 2125 5282 2284 5335; x_wconf 82' lang='lat' dir='ltr'><strong>Etitis</strong></span> <span class='ocrx_word' id='word_1_849' title='bbox 2324 5286 2456 5337; x_wconf 89' lang='lat' dir='ltr'><strong>sicut</strong></span> <span class='ocrx_word' id='word_1_850' title='bbox 2484 5284 2597 5347; x_wconf 82' lang='lat' dir='ltr'><strong>dii;</strong></span> <span class='ocrx_word' id='word_1_851' title='bbox 2629 5285 2767 5352; x_wconf 88' lang='lat' dir='ltr'><strong>quod</strong></span> <span class='ocrx_word' id='word_1_852' title='bbox 2815 5287 3006 5341; x_wconf 88' lang='lat' dir='ltr'><strong>melius</strong></span> <span class='ocrx_word' id='word_1_853' title='bbox 3045 5304 3167 5343; x_wconf 86' lang='lat' dir='ltr'><strong>esse</strong></span> <span class='ocrx_word' id='word_1_854' title='bbox 3213 5300 3417 5357; x_wconf 89' lang='lat' dir='ltr'><strong>possent</strong></span> <span class='ocrx_word' id='word_1_855' title='bbox 3449 5302 3623 5342; x_wconf 83' lang='lat' dir='ltr'><strong>summo</strong></span> 
     </span>
    </p>
   </div>
   <div class='ocr_carea' id='block_1_103' title="bbox 2119 5374 3620 5445">
    <p class='ocr_par' dir='ltr' id='par_1_103' title="bbox 2119 5374 3620 5445">
     <span class='ocr_line' id='line_1_103' title="bbox 2119 5374 3620 5445; baseline 0.002 -21"><span class='ocrx_word' id='word_1_856' title='bbox 2119 5388 2352 5441; x_wconf 88' lang='lat' dir='ltr'><strong>veroque</strong></span> <span class='ocrx_word' id='word_1_857' title='bbox 2385 5374 2641 5443; x_wconf 91' lang='lat' dir='ltr'><strong>principio</strong></span> <span class='ocrx_word' id='word_1_858' title='bbox 2668 5375 2983 5430; x_wconf 77' lang='lat' dir='ltr'><strong>eolucrendo</strong></span> <span class='ocrx_word' id='word_1_859' title='bbox 3014 5391 3105 5445; x_wconf 89' lang='lat' dir='ltr'><strong>per</strong></span> <span class='ocrx_word' id='word_1_860' title='bbox 3147 5380 3496 5441; x_wconf 77' lang='lat' dir='ltr'><strong>obedientiam,</strong></span> <span class='ocrx_word' id='word_1_861' title='bbox 3537 5392 3620 5428; x_wconf 77' lang='lat' dir='ltr'><strong>uno</strong></span> 
     </span>
    </p>
   </div>
   <div class='ocr_carea' id='block_1_104' title="bbox 2120 5464 3616 5538">
    <p class='ocr_par' dir='ltr' id='par_1_104' title="bbox 2120 5464 3616 5538">
     <span class='ocr_line' id='line_1_104' title="bbox 2120 5464 3616 5538; baseline 0 -21"><span class='ocrx_word' id='word_1_862' title='bbox 2120 5480 2270 5518; x_wconf 88' lang='lat' dir='ltr'><strong>sunnt</strong></span> <span class='ocrx_word' id='word_1_863' title='bbox 2302 5464 2402 5518; x_wconf 92' lang='lat' dir='ltr'><strong>sibi</strong></span> <span class='ocrx_word' id='word_1_864' title='bbox 2433 5465 2718 5519; x_wconf 79' lang='lat' dir='ltr'><strong>cxistendo</strong></span> <span class='ocrx_word' id='word_1_865' title='bbox 2747 5467 3064 5534; x_wconf 90' lang='lat' dir='ltr'><strong>principium</strong></span> <span class='ocrx_word' id='word_1_866' title='bbox 3098 5483 3190 5535; x_wconf 89' lang='lat' dir='ltr'><strong>per</strong></span> <span class='ocrx_word' id='word_1_867' title='bbox 3221 5471 3518 5538; x_wconf 72' lang='lat' dir='ltr'><strong>superbiam.</strong></span> <span class='ocrx_word' id='word_1_868' title='bbox 3555 5467 3616 5518; x_wconf 89' lang='lat' dir='ltr'><strong>Dii</strong></span> 
     </span>
    </p>
   </div>
   <div class='ocr_carea' id='block_1_105' title="bbox 2116 5552 3615 5628">
    <p class='ocr_par' dir='ltr' id='par_1_105' title="bbox 2116 5552 3615 5628">
     <span class='ocr_line' id='line_1_105' title="bbox 2116 5552 3615 5628; baseline 0.005 -24"><span class='ocrx_word' id='word_1_869' title='bbox 2116 5555 2254 5605; x_wconf 87' lang='lat' dir='ltr'><strong>enim</strong></span> <span class='ocrx_word' id='word_1_870' title='bbox 2295 5554 2460 5607; x_wconf 89' lang='lat' dir='ltr'><strong>creati</strong></span> <span class='ocrx_word' id='word_1_871' title='bbox 2492 5570 2594 5607; x_wconf 93' lang='lat' dir='ltr'><strong>non</strong></span> <span class='ocrx_word' id='word_1_872' title='bbox 2619 5570 2710 5607; x_wconf 74' lang='lat' dir='ltr'><strong>sua</strong></span> <span class='ocrx_word' id='word_1_873' title='bbox 2736 5552 2974 5620; x_wconf 76' lang='lat' dir='ltr'><strong>veritate,</strong></span> <span class='ocrx_word' id='word_1_874' title='bbox 3005 5557 3097 5612; x_wconf 90' lang='lat' dir='ltr'><strong>sed</strong></span> <span class='ocrx_word' id='word_1_875' title='bbox 3124 5559 3215 5613; x_wconf 85' lang='lat' dir='ltr'><strong>Dei</strong></span> <span class='ocrx_word' id='word_1_876' title='bbox 3245 5562 3350 5615; x_wconf 84' lang='lat' dir='ltr'><strong>veri</strong></span> <span class='ocrx_word' id='word_1_877' title='bbox 3379 5561 3615 5628; x_wconf 80' lang='lat' dir='ltr'><strong>participa-</strong></span> 
     </span>
    </p>
   </div>
   <div class='ocr_carea' id='block_1_106' title="bbox 2115 5644 3611 5719">
    <p class='ocr_par' dir='ltr' id='par_1_106' title="bbox 2115 5644 3611 5719">
     <span class='ocr_line' id='line_1_106' title="bbox 2115 5644 3611 5719; baseline 0.007 -24"><span class='ocrx_word' id='word_1_878' title='bbox 2115 5644 2256 5698; x_wconf 86' lang='lat' dir='ltr'><strong>tiune</strong></span> <span class='ocrx_word' id='word_1_879' title='bbox 2301 5654 2423 5697; x_wconf 89' lang='lat' dir='ltr'><strong>sunt</strong></span> <span class='ocrx_word' id='word_1_880' title='bbox 2453 5644 2545 5698; x_wconf 92' lang='lat' dir='ltr'><strong>dii.</strong></span> <span class='ocrx_word' id='word_1_881' title='bbox 2576 5645 2697 5700; x_wconf 81' lang='lat' dir='ltr'><strong>Plus</strong></span> <span class='ocrx_word' id='word_1_882' title='bbox 2737 5655 2911 5702; x_wconf 87' lang='lat' dir='ltr'><strong>autem</strong></span> <span class='ocrx_word' id='word_1_883' title='bbox 2937 5646 3139 5719; x_wconf 81' lang='lat' dir='ltr'><strong>[homo]</strong></span> <span class='ocrx_word' id='word_1_884' title='bbox 3164 5652 3447 5719; x_wconf 82' lang='lat' dir='ltr'><strong>appetendo</strong></span> <span class='ocrx_word' id='word_1_885' title='bbox 3473 5650 3611 5705; x_wconf 66' lang='lat' dir='ltr'><strong>minus</strong></span> 
     </span>
    </p>
   </div>
  </div>
