3904 6224
180 248 278 304 ⁸97

1326 259 1750 316 Tlll'ZSAURUS.
1793 258 1944 315 CAP.
1985 260 2309 319 CCXXXIII.

3316 269 3425 330 893

174 384 278 437 esr,
306 377 395 442 qui
419 377 551 434 dum
592 380 694 435 sibi
733 380 979 434 sufﬁcere
1005 378 1171 449 eligit,
1202 379 1268 434 ab
1293 378 1383 434 illo
1414 381 1499 445 qui
1539 381 1589 435 ei
1610 395 1744 451 vere
1778 381 1826 439 Α
1850 379 1946 433 dit.
1974 380 2029 434 Si
2062 388 2239 433 autem
2274 394 2371 435 nec
2398 379 2567 449 cupit;
2601 386 2654 435 et
2680 393 2741 435 ea
2772 394 2890 451 qua:
2917 374 3256 454 intelligenda
3293 400 3419 444 sunt

175 462 395 533 sufﬁcit,
432 454 636 529 deﬁcit.
684 470 818 525 Illud
847 471 1025 541 itaque
1069 471 1291 536 malum,
1322 487 1451 541 quo,
1482 487 1600 526 cum
1648 471 1750 526 sibi

175 548 340 607 homo
375 567 549 631 placet
572 571 819 632 tanquam
851 561 921 614 sit
943 568 999 615 et
1022 561 1136 631 ipse
1164 562 1365 625 lumen,
1395 564 1651 617 avertitur
1682 562 1749 616 ab

175 657 241 697 00
281 653 505 715 lumine,
549 650 689 743 qqod
719 650 768 704 ei
798 650 842 705 si
874 650 1096 720 plaeeat,
1122 658 1177 705 et
1200 652 1315 720 ipse
1346 651 1408 706 fit
1433 653 1609 707 lumen
1642 669 1655 703 :
1689 650 1754 706 il-

177 740 297 819 lud,
330 740 797 810 inquam,rmalum
831 742 1103 811 praecessit
1135 743 1188 795 in
1218 741 1420 807 abdito,
1456 752 1514 797 ut
1560 754 1754 812 seque-

178 839 335 886 retur
379 832 480 886 hoc
535 833 731 886 malum
786 834 923 902 quod
981 846 1121 887 nunc
1163 841 1520 902 perpetratum
1568 840 1651 887 est
1698 832 1753 886 in

180 930 399 992 aperto.
445 923 639 980 Verum
687 936 770 1002 est
808 927 949 981 enim
993 925 1132 995 quod
1185 926 1443 995 scriptum
1469 924 1756 981 esttAnte

178 1013 399 1070 ruinam
440 1016 704 1072 exaltatur
746 1030 861 1084 cor,
890 1028 944 1073 et
989 1026 1117 1073 ante
1158 1018 1379 1087 gloriam
1423 1016 1753 1071 humiliatur.

181 1103 283 1158 IIIa
317 1122 535 1175 prorsus
567 1108 740 1175 ruina,
772 1123 890 1177 qua:
916 1108 974 1162 ﬁt
1012 1108 1064 1161 in
1106 1110 1335 1175 occulto,
1371 1109 1623 1176 praccedit
1647 1108 1756 1162 rui-

182 1211 313 1249 nam
346 1213 466 1266 qua:
502 1209 582 1253 est
611 1201 660 1252 in
691 1200 993 1265 manifesto,
1023 1199 1147 1254 dum
1171 1199 1258 1254 illa
1300 1199 1451 1254 ruina
1494 1214 1617 1255 esse
1648 1212 1754 1253 non

182 1295 427 1353 putatur.
453 1287 584 1354 Quis
604 1290 747 1344 enim
786 1290 1166 1361 exultationem
1192 1289 1398 1344 ruinam
1428 1295 1601 1359 putat,
1632 1302 1752 1343 cum

181 1377 295 1445 iam
331 1379 402 1435 ibi
430 1379 498 1434 sit
522 1380 784 1445 defectus,
813 1397 918 1450 quo
958 1382 1288 1437 relictus‘cst
1332 1379 1606 1450 excelsus?
1637 1379 1757 1448 quis

180 1475 380 1521 autem
403 1468 608 1523 ruinam
655 1485 775 1525 esse
804 1487 904 1523 non
937 1471 1131 1536 videat,
1179 1446 1391 1540 qnando
1433 1470 1489 1523 ﬁt
1522 1467 1753 1523 mandati

180 1559 413 1611 evidens
443 1568 601 1627 atque
640 1559 935 1615 indubitata
964 1560 1349 1630 transgressio?
1390 1560 1617 1628 Propter
1657 1559 1757 1614 hoc

187 1652 337 1707 Deus
380 1652 521 1707 illud
566 1653 855 1722 prohibuit,
898 1653 1039 1723 quod
1076 1669 1195 1707 cum
1246 1664 1389 1707 esset
1434 1653 1750 1717 admissum,

1855 469 2121 525 credenda
2151 470 2517 524 tantummodo
2552 472 2840 537 existimat,
2870 474 2956 529 cui
2990 488 3063 529 ret
3092 475 3225 533 ﬁdes
3253 483 3420 547 prosit

1856 559 2079 631 ignorat.
2130 559 2259 614 Nam
2310 562 2393 630 pia
2439 560 2572 615 ﬁdes
2607 563 2723 617 sine
2759 578 2855 633 spe
2909 573 2963 619 et
3011 566 3128 620 sine
3163 568 3426 627 cbaritate

1855 667 1974 707 esse
2004 667 2107 708 non
2146 654 2276 707 vult.
2309 653 2399 709 Sic
2429 654 2585 721 igitur
2614 638 2773 708 homo
2802 655 2973 712 ﬁdelis
3003 657 3164 714 debet
3203 662 3425 718 credere

1855 743 1997 812 quod
2030 743 2262 798 nondum
2292 742 2456 810 videt,
2485 752 2543 798 ut
2567 743 2827 800 visionem
2857 755 2910 801 et
2939 758 3139 816 speret,
3172 760 3225 806 et
3256 763 3422 808 amet.

1859 833 1927 888 Et
1955 833 2242 887 visibilium
2274 834 2486 902 quidem
2518 848 2697 889 rerum
2721 837 3268 909 praeteritarum,qu:e
3291 852 3425 898 temo

1857 924 2115 994 porali‘er
2165 927 2511 995 transierunt,
2559 928 2673 984 sola
2704 928 2837 985 ﬁdes
2884 940 3004 996 est;
3039 935 3286 1001 quoniam
3315 951 3421 991 non

1857 1016 2030 1074 adhuc
2056 1017 2283 1072 videnda
2310 1028 2615 1087 sperantur,
2637 1022 2730 1077 sed
2760 1012 2898 1078 facta
2926 1032 2980 1079 et
3010 1032 3271 1080 transacta
3302 1042 3423 1085 cre-

1857 1108 2072 1162 duntur.
2124 1109 2274 1167 Sicut
2322 1120 2401 1163 est
2452 1110 2589 1165 istud
2641 1112 2781 1181 quod
2831 1112 3075 1169 Christus
3112 1117 3278 1172 semel
3326 1132 3423 1187 pro

1859 1199 2090 1268 peccatis
2115 1201 2310 1254 nostris
2340 1209 2581 1256 mortuus
2609 1209 2712 1268 est,
2741 1212 2795 1257 et
2838 1206 3153 1272 resurrexit,
3180 1221 3282 1263 nec
3311 1192 3439 1278 jam»

1859 1290 2103 1354 moritur,
2136 1300 2189 1345 et
2217 1305 2361 1345 mors
2380 1292 2429 1346 ei
2459 1292 2598 1347 ultra
2628 1307 2734 1348 non
2762 1293 3144 1351 dominabitur.
3189 1299 3264 1353 Ea
3298 1314 3427 1355 vero

1859 1395 1975 1449 qua:
2006 1379 2239 1435 nondum
2263 1392 2410 1448 sunt,
2438 1383 2530 1438 sed
2562 1383 2734 1437 futura
2762 1394 2909 1450 sunt,
2941 1386 3091 1443 sicuti
3118 1396 3422 1445 nastrorum

1860 1469 2175 1538 Spiritalium
2223 1486 2509 1541 corporum
2553 1476 2898 1541 resurrectio,
2928 1476 3001 1530 ita
3030 1477 3340 1547 creduntur,
3368 1492 3428 1534 ut

1860 1560 2019 1613 etiam
2063 1560 2285 1614 videnda
2333 1554 2634 1630 sperentur,
2682 1562 2777 1616 sed
2826 1564 3037 1619 ostendi
3085 1567 3243 1621 modo
3274 1547 3427 1625 nullo

1862 1660 2084 1719 possunt
2113 1652 2294 1707 modo.
2317 1652 2446 1719 Qua:
2487 1667 2616 1709 vero
2654 1653 2726 1708 ita
2763 1665 2885 1709 sunt
2918 1664 2972 1710 ut
3001 1671 3171 1727 neque
3206 1648 3427 1726 praeter;

184 1740 339 1796 nulla
374 1741 585 1797 defendi
614 1752 795 1812 posset
818 1744 1190 1813 imaginatione
1217 1744 1435 1812 iustitiae
1465 1761 1478 1797 :
1503 1753 1559 1799 et
1589 1742 1754 1815 [ideo]
1784 1759 1831 1820 Β
1862 1752 2002 1807 cant,
2030 1754 2083 1796 ut
2123 1759 2294 1811 neque
2326 1744 2500 1797 futura
2544 1746 2672 1810 sint,
2706 1745 2798 1800 sed
2826 1756 3023 1801 acterna
3056 1762 3424 1816 permaneant.

185 1835 367 1890 audeo
403 1834 606 1899 dicere,
646 1835 891 1907 superbis
921 1851 1051 1921 esse
1068 1836 1195 1891 utile
1224 1836 1416 1891 cadere
1457 1838 1509 1890 in
1540 1834 1755 1904 aliquod

185 1936 436 1994 apertum
468 1927 912 1997 manifestumque
938 1938 1236 1999 peccatum,
1279 1927 1425 1981 unde
1445 1928 1545 1981 sibi
1574 1926 1758 1993 displi-

192 2026 379 2083 ceant,
410 2016 501 2085 qui
528 2017 638 2087 jam
678 2017 780 2073 sibi
806 2019 1061 2086 placendo
1108 2020 1431 2073 ceciderant.
1480 2016 1759 2072 Salubrius

191 2107 343 2162 enim
377 2105 570 2163 Petrus
598 2108 699 2163 sibi
729 2109 996 2179 displicuit
1032 2111 1240 2176 quando
1269 2111 1433 2175 flevit,
1464 2126 1620 2180 quam
1658 2109 1759 2163 sibi

192 2196 396 2265 placuit
422 2199 634 2267 quando
663 2198 1022 2270 praSurnpsit.
1059 2201 1169 2256 lloc
1196 2201 1325 2256 dicit
1346 2211 1400 2256 et
1427 2216 1580 2256 sacer
1614 2201 1752 2270 psal-

190 2301 312 2341 mus
331 2304 351 2361 _:
378 2285 547 2357 Imple
573 2289 732 2344 facies
754 2303 940 2344 eorum
972 2290 1278 2359 ignominia,
1306 2301 1361 2345 ct
1388 2302 1629 2361 quaarent
1658 2307 1756 2346 no-

192 2358 522 2441 men’tuum,
552 2378 801 2444 Domine;
832 2379 885 2433 id
915 2358 1017 2445 est,
1051 2390 1106 2432 ut
1156 2390 1207 2433 tu
1251 2381 1327 2434 eis
1368 2358 1575 2450 placeas
1617 2396 1761 2450 quato

194 2466 443 2522 rentibus
473 2482 667 2524 nomen
697 2477 841 2523 tuum
873 2469 959 2539 qui
992 2471 1089 2524 sibi
1135 2471 1761 2541 placuerautquterendo

198 2570 383 2612 suum.
424 2556 529 2613 Sed
576 2568 660 2614 est
683 2558 830 2629 pejor
859 2561 1316 2638 damnabilinrque
1361 2563 1627 2632 superbia,
1659 2578 1759 2633 qua

194 2640 361 2705 etiam
403 2649 457 2704 in
494 2652 724 2727 peccatis
767 2651 1061 2707 manifestis
1090 2652 1371 2721 suﬁ‘ugium
1403 2654 1760 2709 excusationis

198 2743 527 2812 inquiritur:
556 2744 695 2799 sicut
736 2742 813 2798 illi
845 2744 1000 2813 primi
1048 2746 1289 2799 homines
1317 2760 1543 2813 quorum
1585 2755 1638 2800 et
1674 2745 1761 2799 illa

190 2834 634 2903 dxit:Serpens
674 2836 884 2891 seduxit
928 2851 1035 2906 me,
1084 2848 1137 2895 et
1181 2837 1527 2905 manducavi;
1573 2848 1627 2894 et
1675 2836 1764 2893 ille

199 2926 354 2989 dixit,
408 2926 595 2981 Mulier
620 2941 776 2997 quam
819 2928 1011 2983 dedisti
1043 2944 1273 2997 mecum,
1296 2928 1412 2984 hinc
1456 2930 1587 2985 mihi
1616 2931 1765 2987 dedit

200 3017 267 3071 de
305 3018 453 3087 ligno
484 3025 538 3072 et
582 3017 686 3072 edi.
712 3016 990 3087 Nusquam
1031 3017 1115 3075 hic
1164 3025 1319 3075 sonat
1340 3020 1525 3089 petitio
1569 3020 1758 3088 venite,

200 3122 463 3179 nusquam
486 3106 788 3178 imploratio
810 3110 1105 3167 medicinae.

686 3240 910 3311 CAPUT
948 3240 1272 3300 CCXXXIII.

400 3350 479 3406 De
508 3351 776 3419 Trinitate,
802 3369 866 3409 et:
891 3355 1103 3424 epistola
1124 3357 1190 3410 ad
1220 3356 1561 3435 Consentium.

272 3464 627 3536 Cogitationis
682 3468 915 3525 carnalis
970 3472 1407 3539 compositionem
1468 3485 1768 3540 vanumque

205 3553 517 3624 lgmentum
549 3556 639 3612 ubi
673 3571 795 3613 vera
826 3559 963 3614 ratio
1002 3558 1323 3615 labefactare
1350 3560 1766 3629 ineipit,.conti-

205 3663 313 3703 nuo
342 3647 485 3702 intus
516 3647 632 3717 (illo
660 3647 945 3719 adjuvante
976 3659 1133 3719 atque
1156 3651 1490 3707 illuminante
1518 3653 1606 3721 qui
1646 3667 1766 3707 cum

205 3740 407 3794 talibus
435 3739 590 3795 idolis
628 3741 683 3795 in
709 3741 871 3797 corde
908 3752 1090 3798 nostro
1136 3740 1375 3797 habitare
1401 3758 1504 3797 non
1530 3743 1660 3813 vult)
1697 3744 1767 3798 ita

204 3836 307 3892 ista
328 3832 667 3907 confringere
687 3846 846 3905 atque
866 3850 893 3890 a
922 3835 1029 3892 ﬁde
1058 3846 1237 3891 nostra
1268 3835 1656 3905 quodammado
1677 3852 1769 3891 ex-

204 3940 390 3982 cutere
413 3927 743 3994 festinamus,
776 3935 832 3981 ut
862 3942 928 3983 ne
958 3928 1229 3997 pulverem
1253 3927 1464 3997 quidem
1495 3927 1656 3981 ullum
1690 3937 1768 3981 ta-

152 4008 335 4073 “Lum
361 4018 783 4089 pbantasmatum
815 4018 922 4074 illic
952 4033 1228 4074 remanere
1257 4018 1539 4088 patiamur.
1573 4017 1767 4083 Quam-

206 4110 391 4166 obrem
440 4108 541 4165 nisi
594 4110 799 4163 ratione
849 4109 1257 4179 disputationis,
1319 4125 1417 4179 qua
1473 4109 1768 4163 forinsecus

205 4202 466 4258 admoniti
514 4201 641 4273 ipsa
706 4200 1025 4257 intrinsecus
1084 4202 1308 4256 veritate
1387 4201 1597 4261 lucente
1657 4201 1770 4253 haec

203 4294 337 4359 falsa
391 4307 510 4347 esse
562 4292 929 4362 perspicimus,
964 4290 1093 4345 ﬁdes
1145 4291 1199 4345 in
1237 4300 1421 4346 nostro
1468 4290 1630 4345 corde
1674 4304 1768 4345 an-

208 4382 523 4440 tecessisset.
554 4398 672 4453 qua‘.
700 4397 797 4439 nos
840 4383 1083 4439 indueret
1113 4384 1333 4452 pietate;
1384 4398 1562 4438 nonne
1592 4384 1767 4439 incas-

1860 1836 2047 1901 partini
2090 1842 2209 1886 sunt
2241 1832 2545 1900 invisibilia,
2598 1835 2736 1889 sicut
2759 1835 2989 1905 justitia,
3025 1840 3165 1893 sicut
3210 1842 3425 1911 sapien-

1860 1924 1969 1975 tia:
2005 1924 2196 1992 partim
2246 1924 2496 1991 visibilia,
2544 1926 2681 1979 sicut
2718 1924 2915 1981 Christi
2961 1930 3262 1987 immortale
3302 1933 3413 2003 jam

1867 2029 2080 2083 corpus.
2113 2014 2217 2070 Sed
2250 2016 2532 2071 invisibilia
2579 2016 2847 2071 intellecta
2902 2020 3323 2090 conspiciuntur,
3362 2037 3424 2079 ac

1861 2119 1955 2174 per
1982 2107 2083 2160 hoc
2104 2115 2158 2159 et
2188 2108 2299 2174 ipsa
2331 2106 2489 2161 modo
2510 2108 2739 2175 quodam
2762 2109 2863 2163 sibi
2894 2123 3129 2180 congruo
3152 2113 3422 2177 videntur,

1860 2206 1911 2250 et
1938 2210 2056 2249 cum
2089 2196 2356 2262 videntur,
2405 2197 2570 2251 multo
2596 2197 2825 2252 certiora
2857 2208 2980 2253 sunt
3019 2215 3175 2269 quam
3216 2214 3276 2255 ea
3307 2216 3426 2270 qua:

1861 2288 2098 2354 corporis
2122 2302 2313 2342 sensus
2329 2287 2576 2358 attingit;
2608 2288 2700 2343 sed
2750 2289 2868 2343 ideo
2889 2274 3146 2345 dicuntur
3189 2292 3427 2346 invisibi-

1864 2378 1952 2440 iia,
1984 2381 2105 2444 quia
2133 2379 2302 2431 Oculis
2350 2380 2464 2433 istis
2506 2380 2817 2435 mortalibus
2848 2382 3014 2434 videri
3061 2384 3281 2437 omnino
3318 2398 3426 2439 non

1862 2478 2105 2538 possunt.
2134 2472 2202 2525 At
2225 2470 2315 2523 illa
2343 2486 2462 2538 qua:
2482 2470 2711 2525 visibilia
2738 2483 2860 2525 sunt
2884 2475 3273 2540 permanentia,
3305 2490 3427 2544 pos-

1861 2568 1983 2612 sunt
2031 2561 2074 2614 si
2127 2560 2476 2615 oStendantur
2524 2563 2684 2616 etiam
2744 2561 2825 2615 his
2872 2565 3190 2619 mortalibus
3255 2566 3427 2621 oculis

1861 2649 2115 2716 conspici,
2145 2650 2282 2704 sicut
2308 2664 2365 2704 si:
2390 2651 2667 2719 discipulis
2698 2662 2815 2721 post
2846 2656 3289 2709 resurreCtionetn
3320 2655 3427 2710 Do-

1864 2745 2039 2799 minus
2068 2747 2321 2810 ostendit,
2351 2748 2490 2801 sicut
2522 2747 2681 2800 etiam
2716 2757 2831 2813 post
2878 2748 3261 2803 Ascensionem
3293 2764 3427 2819 apo-

1864 2837 2001 2891 stolo
2032 2837 2195 2890 Paulo
2224 2846 2276 2891 et
2315 2838 2538 2891 diacono
2566 2837 2861 2906 Stephano.
2902 2838 3129 2894 Proinde
3166 2838 3263 2893 ista
3292 2841 3427 2895 visi-

1863 2926 1989 2982 bilia
2028 2931 2393 2998 permanentia
2426 2930 2499 2983 ita
2525 2931 2816 2996 credimus,
2862 2940 2940 2995 ut,
2964 2932 3173 2985 etiamsi
3197 2946 3301 2987 non
3329 2932 3425 2988 de.

1864 3031 2243 3084 monstrentur,
2280 3036 2554 3087 Speremus
2599 3034 2658 3075 ea
2701 3037 2796 3075 nos
2819 3020 3135 3089 quandoque
3171 3001 3423 3087 visuros;

1793 3116 1837 3179 C
1868 3123 1965 3163 nec
1978 3125 2039 3164 ea
2056 3102 2311 3164 conemur
2330 3112 2531 3165 ratione
2554 3110 2931 3181 intellectuque
2949 3098 3430 3179 comprehendere,

1867 3201 1967 3254 nisi
2003 3211 2058 3257 ut
2085 3214 2170 3265 ea,
2196 3202 2319 3269 quia
2342 3202 2563 3255 visibilia
2599 3210 2742 3273 sunt,
2775 3203 2841 3255 ab
2869 3202 3219 3257 invisibilibus
3239 3202 3439 3276 distin-

1866 3292 2002 3345 ctius
2023 3292 2317 3359 cogitemus
2346 3308 2357 3343 :
2383 3303 2434 3344 et
2463 3305 2583 3346 cum
2618 3293 2940 3359 cogitatione
2962 3292 3138 3359 qualia
3167 3292 3275 3345 sint
3304 3293 3434 3345 ima~

1868 3385 2130 3453 g'namur,
2176 3385 2304 3436 satis
2343 3383 2522 3452 utique
2563 3384 2807 3437 novimus
2854 3397 2917 3437 ea
2962 3383 3117 3437 nobis
3157 3392 3279 3441 nota
3326 3395 3437 3439 nan

1867 3488 2007 3528 esse.
2026 3473 2165 3527 Nam
2192 3484 2247 3528 et
2276 3475 2610 3528 Antiochiam
2638 3473 2814 3542 cogito
2844 3474 3184 3543 incognitam,
3209 3472 3304 3528 sed
3327 3488 3435 3527 noo

1868 3564 2001 3619 sicut
2025 3564 2401 3633 Carthaginem
2436 3565 2702 3634 cognitam
2734 3556 2915 3618 :'illam
2952 3566 3146 3633 quippe
3175 3564 3443 3619 visionem

1868 3656 2118 3724 cogitatio
2142 3671 2255 3710 mea
2284 3656 2453 3726 fit-git,
2481 3657 2618 3711 lianc
2650 3656 2866 3722 recolit;
2896 3670 3227 3726 nequaquam
3252 3664 3441 3711 tamen

1868 3745 2072 3811 dubito,
2104 3746 2216 3800 sive
2253 3748 2391 3814 quod
2420 3746 2488 3800 de
2531 3746 2619 3799 illa
2664 3746 2889 3801 testibus
2922 3746 3122 3812 multis,
3152 3747 3265 3802 sive
3290 3750 3441 3816 quod

1867 3834 1935 3888 de
1958 3833 2057 3888 ista
2082 3834 2213 3888 meis
2235 3834 2535 3901 aspectibus
2561 3833 2783 3889 credidi.
2810 3832 3077 3889 Justitiam
3099 3850 3250 3903 vero,
3271 3842 3328 3890 et
3347 3850 3440 3890 sa-

1868 3925 2145 3995 pientiam,
2171 3934 2222 3980 et
2245 3925 2496 3994 quidquid
2520 3925 2782 3994 ejusmodi
2819 3934 2921 3990 est,
2943 3941 3050 3979 non
3073 3925 3229 3980 aliter
3250 3928 3437 3996 imagi—

1870 4033 2079 4083 namur,
2104 4018 2261 4071 aliter
2280 4024 2614 4079 continemur,
2640 4016 2731 4069 sed
2755 4014 2869 4069 bmc
2900 4016 2950 4068 in
2963 4015 3186 4069 visrbilia
3205 4015 3439 4084 simplici

1867 4110 2064 4164 mentis
2093 4118 2250 4177 atque
2279 4108 2499 4162 rationis
2541 4112 2839 4161 Ililcnlt0:.e
2872 4106 3139 4161 intellecta
3168 4107 3437 4177 conspici-

1869 4216 2006 4265 mus,
2034 4199 2152 4253 sine
2182 4200 2302 4253 uilis
2334 4199 2519 4252 formis
2543 4208 2595 4251 et
2626 4198 2856 4252 molibus
2889 4198 3281 4266 corporalibus,
3317 4200 3441 4254 sine

1870 4289 1993 4344 ullis
2023 4290 2362 4344 lineamentis
2409 4287 2696 4357 figurisque
2741 4288 3124 4354 membrorum,
3156 4289 3272 4343 sine
3317 4289 3442 4343 ullis

1872 4384 2132 4438 localibus
2160 4382 2274 4435 sive
2305 4380 2498 4434 finibus
2530 4380 2639 4434 sive
2668 4380 2855 4449 spatiis
2884 4380 3131 4444 inﬁnitis;
3160 4379 3437 4449 ipsumque

204 4491 326 4531 sum
357 4490 476 4546 qua:
504 4490 627 4531 vera
653 4487 774 4530 sunt
800 4476 1136 4531 audiremus?
1159 4491 1220 4530 ac
1248 4492 1339 4543 per
1363 4477 1481 4541 hoc,
1512 4476 1761 4545 quoniam
1798 4469 1843 4528 D
1870 4479 2046 4530 lumen
2077 4489 2181 4545 quo
2207 4482 2394 4527 cuncta
2425 4475 2524 4525 ista
2546 4471 2920 4534 discernimus,
2949 4472 3000 4523 in
3029 4485 3133 4538 quo
3160 4470 3312 4525 nobis
3353 4485 3442 4525 sa-

208 4567 261 4622 id
290 4566 433 4637 quod
467 4566 534 4621 ad
583 4581 701 4623 eam
750 4567 1047 4635 pertinebat
1086 4567 1217 4622 ﬁdes
1253 4568 1376 4636 egit,
1408 4566 1532 4621 ideo
1580 4565 1768 4621 subse-

208 4672 379 4730 quens
407 4660 541 4715 ratio
568 4658 763 4728 aliquid
803 4673 991 4714 eorum
1041 4674 1160 4729 quae
1206 4657 1507 4727 inquirebat
1539 4658 1766 4713 invenit.

210 4747 389 4806 Falsa:
414 4750 592 4818 itaque
630 4749 821 4805 rationi
862 4764 968 4804 non
1005 4749 1174 4803 solum
1216 4750 1351 4802 ratio
1399 4763 1543 4815 vera,
1584 4764 1684 4818 qua
1717 4748 1770 4804 id

209 4839 350 4909 quod
379 4839 643 4895 credimus
680 4839 1041 4910 intelligimus,
1071 4854 1249 4893 verum
1296 4840 1454 4893 etiam
1496 4838 1626 4894 ﬁdes
1657 4841 1767 4909 ipsa

208 4943 388 4986 rerum
412 4929 645 4985 nondum
678 4931 1066 4987 intellectarum
1093 4932 1208 4995 sine
1240 4932 1399 4985 dubio
1437 4932 1767 5001 praeferenda

211 5029 315 5075 est.
349 5019 534 5075 Melius
564 5030 646 5074 est
691 5020 853 5085 enim,
884 5020 1125 5091 quamvis
1161 5021 1395 5080 nondum
1422 5024 1614 5087 visum,
1653 5039 1768 5076 cre-

212 5108 340 5168 defe
370 5111 510 5182 quod
542 5127 723 5167 verum
749 5121 853 5179 est,
891 5114 1047 5181 quam
1080 5122 1262 5181 putare
1296 5122 1347 5167 te
1375 5128 1555 5168 verum
1589 5114 1768 5169 videre

210 5203 351 5273 quod
384 5202 570 5257 falsum
601 5192 702 5258 eSt.
737 5202 905 5257 liabet
943 5218 1173 5269 namque
1219 5202 1350 5257 ﬁdes
1390 5204 1583 5275 oculos
1606 5220 1764 5275 suos,

210 5294 403 5362 quibus
425 5293 814 5364 quodammodo
844 5294 985 5349 videt
1013 5309 1196 5349 verum
1220 5310 1337 5349 esse
1358 5294 1497 5363 quod
1530 5294 1763 5349 nondum

212 5388 376 5449 videt,
410 5396 465 5441 et
498 5387 687 5456 quibus
715 5386 1011 5441 certissime
1046 5386 1188 5440 videt
1233 5387 1465 5441 nondum
1498 5402 1556 5440 se
1589 5388 1766 5442 ridere

213 5474 352 5543 quod
392 5475 583 5531 credit.
610 5474 775 5530 Porro
800 5483 976 5531 autem
1010 5476 1097 5545 qui
1122 5490 1247 5530 vera
1274 5476 1476 5532 ratione
1496 5479 1604 5546 jam
1627 5479 1766 5548 quod

217 5567 583 5647 tantummodo
626 5567 899 5637 credebat,
948 5567 1231 5639 intelligit,
1282 5570 1520 5638 profecto
1570 5584 1770 5640 [ιι-ωρο-

217 5658 422 5714 nendus
448 5666 532 5713 est
558 5656 736 5729 ei‘qui
779 5659 923 5728 cupit
945 5658 1116 5715 adhuc
1159 5659 1453 5731 intelligere
1478 5658 1621 5731 quod
1650 5674 1771 5727 pcre-

1874 4568 1941 4621 tis
1968 4575 2185 4635 apparet
2212 4564 2346 4633 quid
2385 4564 2669 4617 credamus
2705 4562 3053 4630 incognitum,
3096 4562 3220 4631 quid
3252 4561 3437 4631 mgni-

1875 4667 1982 4710 tum
2024 4664 2299 4709 teneamus
2326 4670 2338 4708 :
2363 4668 2519 4722 quam
2549 4653 2771 4705 formam
2800 4651 3039 4719 corporis
3070 4653 3435 4720 recordemur,

1873 4761 2029 4816 quam
2056 4745 2379 4815 cogitatione
2412 4747 2690 4810 fingamus,
2714 4740 2840 4810 quid
2871 4742 3113 4809 corporis
3138 4755 3329 4795 sensus
3353 4750 3437 4794 at-

1875 4840 2061 4908 tingat,
2089 4835 2213 4905 quid
2250 4834 2567 4902 imaginetur
2596 4833 2806 4885 animus
2838 4831 3012 4885 simile
3037 4831 3266 4899 corpori,
3308 4831 3436 4899 quid

1873 4941 2100 4993 certum,
2129 4925 2432 4981 etomnium
2458 4939 2739 4993 corporum
2769 4921 3207 4986 dissimillimum,
3238 4921 3436 4975 intelli-

1868 5025 2047 5093 gentia
2076 5020 2485 5088 contempletur.
2522 5017 2632 5071 Hoc
2661 5030 2788 5084 ergo
2816 5016 3014 5078 lumen,
3045 5013 3131 5068 ubi
3158 5012 3271 5067 haec
3300 5027 3438 5065 cnn-

1871 5124 1954 5168 cta
1981 5112 2358 5181 dijudicantur,
2388 5124 2491 5162 non
2522 5108 2705 5175 utique
2733 5107 2874 5160 sicut
2904 5103 3060 5173 hujus
3082 5104 3232 5167 solis,
3264 5114 3317 5157 et
3339 5118 3436 5157 cu-

1865 5206 2059 5276 jusque
2097 5204 2337 5273 corporis
2390 5202 2605 5255 luminis
2638 5200 2865 5268 fulgore,
2892 5213 3005 5267 ‘per
3034 5196 3220 5250 localia
3266 5195 3437 5262 spatia

1868 5296 2281 5362 circumquaque
2352 5289 2709 5352 diffunditur,
2778 5296 3116 5353 mentemque
3194 5297 3433 5339 nostram

1870 5387 2024 5457 quasi
2056 5384 2251 5439 visibili
2282 5383 2510 5437 candore
2538 5376 2819 5447 collustrat
2844 5394 2857 5431 :
2880 5377 2971 5431 sed
3003 5374 3342 5430 invisibiliter
3384 5386 3439 5429 et

1872 5477 2229 5543 iueffabiliter,
2273 5485 2329 5530 e-t
2367 5486 2543 5529 tamen
2592 5470 3004 5539 intelligibiliter
3033 5470 3192 5531 lucet,
3227 5477 3437 5535 tamque

1874 5570 2028 5624 nobis
2056 5578 2257 5623 certum
2289 5575 2393 5631 est,
2432 5580 2589 5636 quam
2627 5564 2779 5617 nobis
2827 5561 2991 5615 efﬁcit
3016 5570 3160 5615 certa
3189 5573 3305 5628 quae
3351 5573 3440 5613 se-

1870 5657 2103 5719 cundum
2131 5660 2304 5729 ipsum
2336 5666 2523 5714 cuncta
2549 5652 2927 5726 conspicimus.
2972 5650 3103 5706 Cum
3146 5652 3303 5719 igitur
3335 5651 3436 5705 tria
