3904 6224
454 202 551 254 820

1508 193 1565 246 D.
1614 190 1934 248 EUCYl‘PiI
1978 192 2260 248 ABBATIS
2302 191 2613 248 AFItICANI

3584 198 3672 250 990

453 314 764 368 sintrerum
785 327 980 381 genera
1003 323 1117 379 qua:
1151 307 1422 372 videntur,
1445 320 1608 359 unum
1626 305 2010 374 corporalium,
2047 311 2093 368 Α
2123 305 2375 361 Trinitas.
2415 307 2490 358 Ad
2535 320 2690 376 quam
2738 305 3015 360 videndam
3062 304 3448 374 quantumlibet
3497 309 3546 362 in
3586 309 3672 364 hac

455 406 595 457 sicut
632 404 732 457 hoc
773 405 964 458 coelum
1007 411 1060 454 et
1106 399 1220 453 hare
1261 409 1427 463 terra,
1468 406 1523 451 et
1561 397 1816 467 quidquid
1867 397 1916 449 in
1947 397 2025 448 eis

458 509 749 564 corporeus
791 505 980 547 sensus
1019 491 1194 544 cernit
1227 499 1283 544 et
1336 487 1534 558 tangit;
1587 488 1812 541 alterum
1853 486 2028 538 simile

460 585 846 652 corporalibus,
872 585 1006 637 sicut
1037 591 1162 636 sunt
1189 595 1250 636 ea
1276 580 1396 654 qtae
1418 579 1610 649 spiritu
1639 578 1867 647 cogitata
1899 577 2029 630 ima-

457 684 718 743 ginamur,
763 673 874 726 sive
919 671 1224 738 recordata,
1255 671 1339 726 vel
1381 669 1568 728 oblita.
1614 668 1764 738 quasi
1803 681 2028 735 corpora

457 753 978 818 contuemur:unde
1025 772 1147 818 sunt
1195 763 1353 829 etiam
1403 762 1634 816 visiones
1675 775 1794 829 quae
1844 759 1929 813 vel
1978 759 2030 813 in

459 857 688 921 somnis,
727 856 810 909 vel
854 858 903 909 in
936 857 1116 923 aliquo
1158 854 1353 909 mentis
1381 866 1628 917 excessu,
1661 852 1744 905 his
1772 851 1913 920 quali
1951 851 2030 905 lo-

453 945 661 1000 calibus
705 947 1094 1013 quantitatibus
1130 942 1483 1012 ingeruntur;
1513 943 1726 997 tertium
1772 941 1840 996 ab
1883 950 2030 996 utro-

452 1053 556 1108 que
583 1038 896 1102 discretum,
927 1037 1066 1107 quod
1091 1050 1264 1104 neque
1288 1034 1358 1087 sit
1385 1046 1604 1102 corpus,
1636 1047 1809 1102 neque
1839 1033 2030 1086 habeat

457 1129 621 1185 ullam
668 1113 1066 1183 similitudinem
1116 1124 1702 1194 corporispsicutiest
1747 1123 2027 1192 sapientia,

455 1234 576 1288 qua:
610 1227 790 1273 mente
832 1218 1100 1271 intellecta
1149 1215 1497 1284 conspicitur,
1529 1223 1585 1269 et
1636 1213 1687 1268 in
1720 1214 1875 1282 cujus
1913 1212 2032 1267 luce

455 1310 524 1364 de
555 1309 639 1364 his
668 1309 911 1362 omnibus
939 1308 1199 1361 veraciter
1221 1306 1512 1375 judicatur.
1547 1305 1602 1360 In
1629 1294 1737 1376 26
1763 1319 1867 1374 quo
1896 1305 2030 1358 isto-

458 1414 576 1452 rum
606 1412 800 1468 genere
849 1396 1175 1452 credendum
1219 1407 1301 1451 est
1349 1410 1471 1452 esse
1500 1395 1654 1450 istam
1681 1411 1840 1465 quam
1873 1410 2031 1450 nosse

458 1491 722 1554 volumus,
748 1488 1102 1542 Trinitatem?
1143 1487 1388 1543 Profecto
1417 1495 1510 1540 aut
1537 1488 1588 1541 in
1624 1487 1948 1555 aliquo,’aut
1976 1488 2030 1541 in

459 1580 628 1654 nullo.
655 1579 711 1634 Si
749 1581 800 1633 in
830 1580 1032 1650 aliquo,
1060 1595 1127 1634 eo
1171 1582 1353 1649 utique
1393 1580 1532 1648 quod
1564 1589 1646 1634 est
1679 1581 1796 1634 aliis
1823 1581 2031 1636 duobus

2131 395 2235 448 vita
2268 396 2625 464 proficiamus,
2677 410 2770 464 per
2797 398 3066 464 Speculum
3111 398 3212 452 erit
3241 407 3297 452 et
3336 399 3387 452 ῆι
3415 398 3672 468 anigmate

2129 485 2269 553 quod
2309 484 2624 538 videbimus.
2680 486 2813 540 Cum
2841 501 2970 540 vero
3014 489 3152 556 quod
3200 489 3251 542 in
3299 491 3670 545 resurrectione

2133 576 2463 642 promittitur
2487 577 2726 646 spiritale
2762 592 2956 647 corpus
2996 579 3192 633 habere
3221 581 3553 649 coeperimus,
3575 583 3672 636 sive

2131 665 2276 718 illam
2308 675 2508 732 mente,
2539 665 2652 721 sive
2677 667 2906 761 mirabili
2933 667 3114 734 modo,
3137 667 3389 737 quodiam
3417 669 3670 725 inelhbilis

2130 765 2214 809 est
2253 757 2507 825 spiritalis
2539 757 2780 826 corporis
2818 759 3003 828 gratia,
3035 759 3197 815 etiam
3245 775 3472 830 corpore
3511 761 3670 816 videa-

2129 861 2268 912 mus,
2293 863 2396 903 non
2425 857 2602 902 tamen
2629 863 2725 918 per
2749 849 2984 942 locopum
3016 850 3315 916 intervalla,
3341 865 3438 906 nec
3467 853 3519 907 in
3544 862 3671 920 parte

2130 937 2418 1006 minorem,
2467 939 2521 992 in
2556 950 2704 1008 parte
2743 937 3019 1010 majorem,
3049 942 3298 1010 quoniam
3329 957 3434 996 non
3471 952 3549 998 est
3571 959 3669 1000 cor-

2133 1043 2228 1096 pus
2258 1037 2313 1082 et
2342 1030 2537 1097 ubique
2579 1039 2686 1082 tota
2730 1040 2834 1098 est,
2865 1046 2962 1100 pro
3002 1043 3175 1086 nostra
3221 1033 3511 1102 capacitate
3546 1036 3668 1090 vide-

2132 1120 2329 1175 bimus.
2355 1119 2507 1186 Quod
2533 1136 2659 1177 vero
2685 1123 2912 1202 posuisti
2932 1125 2983 1177 in
3009 1125 3233 1193 epistola
3263 1134 3372 1189 tua,
3390 1127 3546 1180 videri
3568 1127 3668 1196 tibi,

2133 1212 2218 1266 vel
2251 1214 2426 1281 potius
2453 1213 2594 1281 quod
2636 1207 2913 1270 videbatur
2945 1215 3055 1281 tibi,
3105 1215 3235 1270 nihil
3278 1217 3454 1270 vivum
3496 1232 3666 1272 secun-

2131 1302 2256 1357 dum
2304 1303 2657 1359 substantiam
2698 1307 2876 1361 inesse
2914 1306 3166 1373 justitia;
3208 1306 3437 1373 ideoque
3484 1317 3532 1360 te
3574 1321 3667 1361 non

2135 1409 2291 1462 posse
2335 1397 2507 1450 adhuc
2545 1397 2737 1466 Deum,
2766 1399 2814 1451 id
2843 1405 2925 1452 est
2964 1400 3226 1473 viventem
3271 1410 3509 1469 naturam
3533 1401 3664 1467 justi-

2137 1474 2479 1540 tlm‘similent
2512 1488 2744 1557 cogitare
2777 1506 2790 1540 :
2820 1489 2942 1557 quia
2983 1466 3208 1557 justitia,
3239 1466 3376 1543 sicut
3403 1466 3545 1555 dicis,
3579 1505 3666 1541 non

2135 1576 2185 1628 in
2219 1591 2298 1642 se,
2336 1577 2429 1632 sed
2476 1577 2532 1654 in
2561 1577 2714 1633 nobis
2740 1577 2894 1642 vivit,
2927 1579 3032 1633 imo
3078 1579 3250 1654 pqtius
3278 1595 3374 1634 nos
3403 1580 3662 1633 secundum

459 1651 820 1738 praestantius,
850 1670 987 1724 sicut
1007 1678 1088 1724 est
1109 1667 1398 1738 Sapientia.
1431 1667 1584 1733 Quod
1611 1668 1881 1748 si_donum
1914 1671 2030 1739 ejus
2054 1686 2108 1748 Β
2136 1667 2278 1720 illam
2307 1651 2561 1732 vivimus,
2591 1667 2701 1736 ipsa
2744 1663 2871 1723 ve‘ro
2916 1683 3010 1739 per
3045 1684 3104 1724 se
3125 1651 3330 1748 justitia
3367 1683 3663 1738 nequaquam

456 1760 510 1813 in
550 1760 704 1813 nebis
733 1769 836 1824 est,
867 1767 919 1813 et
964 1759 1137 1813 minus
1186 1769 1267 1813 est
1292 1773 1449 1828 quam
1480 1759 1568 1812 illa
1612 1734 1818 1813 suamma
1858 1768 1912 1814 et
1949 1761 2029 1814 in»

459 1850 856 1905 commutabilis
896 1865 1012 1919 qua:
1040 1850 1133 1906 Dei
1178 1851 1439 1918 sapientia
1469 1850 1688 1915 dicitur,
1722 1859 1849 1919 puto
1888 1851 2031 1920 quod

458 1958 567 1997 non
601 1943 859 1998 debemus
887 1942 1029 1996 dono
1057 1957 1154 1998 suo
1197 1944 1417 1998 inferius
1446 1941 1680 2018 cogitare
1718 1933 2027 2018 donantem.

459 2034 516 2088 Si
545 2043 723 2088 autem
746 2034 936 2102 aliquis
966 2033 1218 2100 splendor
1255 2033 1368 2099 ejus
1397 2033 1450 2087 iu
1479 2032 1634 2096 nobis
1653 2039 1758 2098 est,
1789 2047 1907 2100 quae
1932 2017 2027 2086 no.-

459 2132 570 2176 stra
601 2123 860 2190 sapientia
901 2121 1113 2187 dicitur,
1147 2128 1618 2192 quantumcunque
1643 2123 1758 2189 ejus
1790 2135 1881 2188 per
1909 2134 2031 2189 spe-

460 2215 638 2268 culum
659 2222 715 2268 et
740 2213 791 2267 in
820 2214 1099 2281 aenigmate
1125 2227 1317 2282 capere
1341 2225 1646 2282 possumus,
1677 2219 1888 2279 oportet
1913 2224 2030 2265 eam

458 2316 513 2359 et
540 2305 609 2358 ab
634 2303 882 2360 Omnibus
901 2303 1218 2371 corporibus
1257 2303 1406 2374 etab
1451 2301 1701 2356 omnibus
1745 2314 2028 2369 corporum

457 2393 895 2448 similitudinibus
925 2407 1295 2450 secernamus.
1315 2393 1376 2446 Si
1408 2403 1585 2446 autem
1624 2391 1678 2446 in
1721 2391 1868 2446 nullo
1897 2391 2017 2445 isto-

458 2499 574 2537 rum
598 2489 944 2553 generetcsse
973 2480 1207 2550 putanda
1237 2491 1318 2535 est
1347 2480 1444 2536 ista
1470 2480 1725 2546 Trinitas,
1757 2487 1811 2534 et
1845 2479 1922 2534 sic
1950 2487 2032 2534 est

458 2573 738 2628 invisibilis
765 2577 820 2626 ut
841 2586 940 2626 nec
969 2579 1146 2627 mente
1173 2571 1429 2636 videatur,
1460 2571 1628 2625 multo
1653 2572 1825 2625 minus
1848 2571 2030 2640 hujus-

459 2665 601 2718 modi
624 2663 931 2732 opinionem
959 2662 1154 2718 habere
1180 2663 1459 2730 debemus,
1491 2671 1547 2716 ut
1568 2677 1685 2718 eam
1728 2663 1887 2718 rebus
1908 2677 2030 2718 cor-

461 2755 751 2823 poralibus,
783 2755 868 2808 vel
902 2753 1260 2825 corporalium
1294 2767 1472 2808 rerum
1506 2753 1843 2824 imaginibus,
1876 2755 2026 2809 simi-

462 2847 564 2902 lem
596 2860 714 2902 esse
737 2846 1039 2899 credamus.
1077 2845 1362 2915 Non.enim
1389 2859 1611 2914 corpora
1635 2846 2029 2932 pulchritudine

459 2938 614 2992 molis
638 2945 729 2990 aut
771 2935 1139 3006 magnitudine
1179 2943 1419 3005 superat,
1468 2934 1562 2990 sed
1593 2934 2026 2991 dissimilitudine

2140 1758 2268 1811 vivit
2295 1775 2308 1810 :
2332 1759 2398 1811 ad
2431 1758 2528 1838 hoc
2555 1767 2611 1812 ut
2641 1757 2733 1812 tibi
2763 1758 2877 1822 ipse
2916 1759 3257 1838 respondeas,
3301 1741 3426 1813 illud
3462 1760 3661 1820 intuere,

2136 1855 2313 1900 utrum
2355 1827 2497 1901 recte
2537 1847 2642 1901 dici
2689 1849 2876 1915 possit,
2920 1827 3083 1902 vitam
3123 1850 3289 1918 ipsam
3341 1865 3444 1902 non
3488 1849 3665 1914 vivere,

2136 1951 2236 2005 qua
2270 1937 2328 1990 ﬁt
2371 1947 2428 1990 ut
2454 1939 2596 2017 vivat
2639 1936 2890 2006 quidquid
2921 1953 3024 1992 nou
3070 1937 3204 2003 falso
3243 1938 3461 2016 dicimus
3492 1940 3662 1993 vivere.

2135 2027 2270 2081 Puto
2300 2027 2440 2081 enint
2482 2027 2767 2082 absurdum
2801 2027 2890 2082 tibi
2921 2028 3109 2095 videri,
3149 2039 3202 2082 ut
3234 2044 3327 2098 per
3367 2030 3514 2083 vitam
3539 2030 3662 2082 viva-

2136 2123 2241 2180 tug,
2273 2125 2326 2170 et
2367 2110 2605 2170 vita'non
2646 2119 2809 2172 vivat.
2843 2119 3028 2184 Porro,
3071 2119 3114 2172 si
3145 2118 3251 2192 vita
3282 2120 3393 2189 ipsa
3429 2121 3663 2188 praecipue

2133 2208 2284 2272 vivit,
2326 2223 2429 2276 qua
2456 2208 2583 2261 vivit
2630 2223 2786 2263 omne
2828 2208 2968 2278 quod
3006 2208 3150 2274 vivit,
3199 2211 3399 2271 recole,
3441 2211 3659 2275 obsecro,

2133 2311 2264 2366 quas
2293 2297 2435 2351 dicat
2473 2299 2739 2367 Scriptura
2769 2291 2942 2352 divina
2981 2301 3182 2352 animas
3212 2310 3475 2366 mortuas,
3501 2298 3660 2367 prole~

2132 2397 2221 2441 cto
2269 2387 2507 2441 invenies
2553 2388 2796 2473 injustas,
2837 2386 3063 2457 ‘impias,
3099 2386 3365 2453 infideles;
3406 2402 3514 2440 nam
3558 2387 3661 2442 licet

2133 2491 2227 2545 per
2275 2479 2392 2531 illas
2436 2479 2614 2531 vivant
2659 2493 2880 2548 corpora
2923 2479 3225 2547 impiorum,
3277 2479 3345 2534 de
3380 2479 3552 2548 quibus
3595 2479 3659 2532 d2-

2131 2578 2276 2623 Ctnm
2318 2578 2418 2632 est,
2471 2569 2611 2638 quod
2631 2547 2848 2624 ‘mortdi
2893 2571 3153 2640 Sepeliant
3191 2547 3428 2625 mortuos
3459 2584 3590 2634 suos,
3615 2578 3661 2623 et

2136 2655 2604 2732 ibi‘intelligautur
2633 2664 2790 2727 etiam
2828 2665 3020 2733 iniqua:
3056 2665 3248 2718 anima:
3289 2679 3391 2718 non
3429 2677 3539 2740 esse
3562 2661 3660 2717 sine

2130 2756 2301 2825 aliqua
2335 2757 2471 2820 vita;
2507 2771 2676 2825 neque
2692 2754 2863 2810 senim
2907 2756 3062 2809 aliter
3103 2770 3171 2809 ex
3201 2756 3285 2809 eis
3329 2741 3531 2824 possent
3560 2768 3658 2808 eor-

2130 2862 2257 2918 pora
2285 2848 2487 2914 vivere,
2525 2849 2626 2902 nisi
2656 2843 3005 2923 qualicundue
3034 2850 3163 2912 vita,
3193 2863 3296 2916 qua
3337 2849 3537 2902 omnino
3558 2845 3667 2926 ani:

2129 2938 2231 2992 τιιώ
2281 2953 2466 3018 carere
2517 2954 2620 2992 non
2667 2948 2908 3006 possunt,
2951 2940 3092 2993 unde
3143 2939 3463 2993 immortales
3499 2940 3659 2990 merito

458 3043 522 3082 ac
549 3026 900 3096 disparilitate
949 3035 1184 3091 naturae;
1213 3027 1350 3098 etsi
1380 3025 1613 3105 discreta
1653 3035 1735 3080 est
1756 3041 1786 3079 a
1811 3040 2026 3096 compa-
2053 3057 2100 3122 ο
2131 3027 2420 3109 vocantur;
2458 3045 2562 3084 non
2589 3041 2763 3085 tamen
2790 3031 2856 3085 ob
2899 3030 3038 3084 aliud
3070 3029 3260 3084 amissa
3279 3029 3657 3099 justitia'dicun-

459 3123 666 3175 ratione
689 3120 946 3174 bonorum
985 3117 1146 3172 animi
1181 3118 1368 3181 nostri,
1389 3118 1562 3188 qualia
1590 3127 1716 3172 sunt
1741 3119 2020 3187 sapientia,

374 3239 376 3241 -
458 3213 512 3279 ju
533 3211 679 3276 titia,
711 3208 964 3274 charitas,
992 3208 1229 3271 castitas,
1251 3215 1308 3262 et
1345 3217 1540 3261 caetera
1570 3209 1717 3270 talia,
1749 3222 1868 3275 qua:
1896 3222 2021 3276 pro-

460 3302 599 3354 fecto
628 3314 733 3354 non
762 3299 901 3353 mole
931 3297 1172 3366 corporis
1202 3296 1503 3365 pendimus,
1541 3311 1636 3350 nec
1667 3310 1850 3349 eorum
1873 3297 2024 3365 quasi

455 3404 742 3456 corporeas
801 3388 998 3442 formas
1055 3386 1376 3455 cogitatione
1429 3387 1759 3453 figuramus,
1815 3386 1909 3441 sed
1959 3401 2023 3441 ea

456 3481 671 3549 quando
700 3490 846 3534 recte
883 3479 1246 3547 intelligimus,
1297 3479 1413 3532 sine
1455 3479 1632 3548 aliqua
1675 3478 2022 3562 coepulentia,

463 3573 543 3625 vel
590 3569 944 3638 similitudine
969 3570 1314 3637 corpulentia:
1360 3569 1414 3621 in
1455 3568 1573 3623 luce
1612 3568 1804 3623 mentis
1836 3569 2024 3638 aspici-

458 3677 613 3731 mus;
642 3675 840 3732 quanto
869 3670 951 3716 est
977 3661 1043 3714 ab
1078 3663 1312 3714 omnium
1344 3661 1653 3729 qualitatum
1685 3674 1738 3716 et
1762 3662 2028 3731 quantita-

459 3766 572 3810 tum
603 3754 962 3824 corporalium
1000 3753 1398 3822 comparatione
1429 3753 1745 3808 discretior?
1773 3753 1886 3807 Non
1909 3767 2026 3807 eam

460 3857 639 3899 tamen
668 3859 697 3898 a
729 3855 913 3898 nostro
939 3843 1210 3898 intellectu
1242 3845 1459 3897 omnino
1486 3842 1776 3897 abhorrere
1808 3845 2029 3911 Aposto-

461 3944 544 3994 lus
571 3941 720 3995 testis
745 3948 848 4004 est,
887 3941 976 3993 ubi
1012 3939 1084 3992 ait
1111 3938 1431 3991 :lnvisibilia
1461 3939 1601 3992 enim
1629 3937 1745 4006 ejus
1772 3951 1803 3990 a
1831 3938 2030 3992 consti-

461 4034 669 4087 tutione
693 4031 872 4086 mundi
907 4047 1000 4100 per
1031 4046 1092 4085 ea
1135 4046 1252 4099 quae
1285 4031 1420 4084 facta
1447 4037 1570 4083 sunt
1599 4028 1867 4083 intellecta
1902 4043 2030 4082 con-

458 4123 776 4191 spiciuntur,
807 4122 1129 4190 sempiterna
1165 4134 1376 4189 quoque
1405 4121 1522 4188 ejus
1555 4119 1723 4172 virtus
1753 4132 1817 4173 ac
1840 4117 2031 4172 divini-

459 4222 560 4265 tas.
593 4211 668 4263 Ac
700 4224 792 4278 per
817 4210 938 4274 hoc,
981 4223 1099 4263 cum
1131 4209 1317 4263 eadem
1348 4208 1583 4262 Trinitas
1614 4206 1801 4261 fecerit
1831 4215 1886 4261 et
1910 4222 2029 4261 cor-

459 4318 555 4373 pus
581 4312 635 4357 et
661 4304 921 4369 animam,
973 4300 1086 4355 sine
1114 4301 1445 4355 dubitatione
1489 4308 1573 4353 est
1617 4309 1847 4368 utroque
1889 4313 2029 4374 prfe-

456 4397 701 4450 stantior.
769 4393 958 4447 Anima
1011 4392 1186 4458 itaque
1239 4390 1574 4444 considerata
1637 4389 1870 4443 maxime
1931 4389 2030 4442 hu-

461 4497 636 4544 mana,
666 4490 718 4535 et
745 4479 1018 4534 rationalis
1061 4487 1219 4546 atque
1246 4476 1642 4543 intellectualis,
1674 4491 1792 4545 quae
1820 4476 1884 4529 ad
1912 4476 2028 4543 ejus

459 4572 746 4639 imaginem
778 4570 910 4625 facta
942 4578 1043 4634 est,
1072 4569 1116 4622 si
1146 4567 1494 4633 cogitationes
1521 4577 1729 4621 nostras
1758 4576 1813 4621 et
1835 4553 2033 4622 intelliJ

461 4661 688 4731 gentias,
719 4676 822 4714 non
870 4659 1086 4714 evicerit
1110 4657 1262 4726 ,sed
1301 4656 1418 4725 ejus
1465 4656 1606 4727 quod
1647 4656 1808 4711 habet
1845 4657 2030 4725 prteci-

461 4765 645 4817 puum,
689 4747 740 4800 id
785 4756 866 4801 est
914 4748 1082 4814 ipsam
1133 4756 1365 4800 mentem
1397 4754 1559 4815 atque
1601 4744 2024 4815 intelligentiam,

462 4847 642 4892 mente
675 4846 832 4903 atque
863 4835 1206 4905 intelligentia
1234 4835 1564 4904 potuerimus
1602 4834 2026 4905 apprchendere,

464 4944 566 4981 non
598 4927 697 4980 erit
747 4925 983 4978 fortassis
1013 4926 1320 4991 absurdum,
1356 4935 1410 4980 ut
1445 4941 1563 4982 eam
1611 4926 1674 4978 ad
1717 4940 1869 4980 suum
1897 4941 2029 4996 quo.-

459 5034 564 5088 que
589 5027 884 5072 creatorem
915 5014 1336 5083 intelligendum,
1372 5015 1820 5086 ipso.adjuvante,
1863 5015 2030 5071 medi-

465 5119 638 5164 temur
666 5108 934 5162 attollere.
970 5106 1026 5160 Si
1066 5117 1242 5161 autem
1283 5107 1336 5162 in
1381 5108 1560 5178 seipsa
1589 5108 1789 5175 deﬁcit,
1823 5108 2031 5176 sibique

465 5199 785 5260 succumbit,
825 5201 907 5266 pia
941 5197 1044 5251 ﬁde
1069 5206 1314 5254 contenta
1343 5200 1434 5265 sit,
1463 5200 1696 5270 quandiu
1730 5200 2032 5268 pcregrina-

467 5300 551 5343 tur
580 5305 607 5341 ιι
649 5288 896 5352 Domino,
937 5288 1110 5342 donec
1143 5288 1233 5340 ﬁat
1266 5288 1317 5341 in
1362 5288 1578 5345 homine
1622 5291 1762 5359 quod
1799 5291 2030 5360 promis-

465 5395 581 5439 sum
610 5387 722 5441 est;
756 5377 982 5433 faciente
1023 5380 1114 5434 illo
1144 5380 1232 5448 qui
1261 5388 1450 5447 potens
1491 5391 1593 5448 est,
1621 5387 1760 5436 sicut
1781 5383 1855 5436 ait
1885 5385 2039 5451 Apo-

467 5470 656 5530 stolus,
687 5467 860 5523 facere
895 5484 1054 5537 supra
1103 5484 1262 5538 quam
1314 5469 1542 5539 petimus
1588 5483 1641 5526 et
1670 5471 2035 5542 intelligimus.

469 5558 652 5613 Restat
681 5559 859 5625 itaque
889 5568 946 5613 ut
973 5560 1040 5614 ita
1084 5560 1366 5615 credamus
1394 5560 1552 5614 unius
1582 5575 1700 5616 esse
1728 5563 2037 5618 substantire

472 5649 803 5718 Trinitatem,
830 5660 887 5705 ut
920 5655 1030 5722 ipsa
1057 5653 1287 5710 essentia
1311 5667 1421 5712 non
1456 5653 1600 5712 aliud
1633 5655 1702 5710 sit
1730 5670 1888 5724 quam
1923 5670 2034 5726 ipsa

2133 3128 2219 3174 tur
2249 3129 2494 3186 mortuas,
2518 3121 2620 3174 nisi
2655 3122 2773 3190 quia
2803 3129 2856 3175 et
2890 3125 3206 3186 animarum,
3236 3120 3364 3175 licet
3382 3119 3657 3174 immortali-

2129 3218 2208 3265 ter
2234 3212 2338 3265 vita
2360 3210 2715 3280 qualicunque
2754 3212 3065 3277 viventium,
3105 3211 3284 3266 verior
3315 3220 3369 3266 et
3388 3210 3541 3279 major
3566 3209 3656 3261 vita

2123 3301 2326 3368 justitia
2355 3311 2458 3367 est,
2492 3293 2739 3369 tauquam
2774 3303 2872 3355 vita
2903 3304 3148 3366 vitarum,
3193 3317 3312 3370 qua:
3345 3316 3457 3356 cum
3491 3301 3584 3354 Sint
3611 3302 3653 3352 in

2128 3391 2464 3458 corporibus,
2491 3393 2649 3446 etiam
2699 3394 2809 3461 ipsa
2855 3407 3080 3461 corpora
3130 3395 3246 3448 viva
3274 3403 3416 3458 sunt,
3443 3406 3547 3460 qua:
3578 3403 3655 3459 per

2127 3483 2301 3551 seipsa
2348 3485 2529 3537 vivere
2572 3494 2859 3552 nequeunt.
2909 3469 3244 3554 Quapropter
3271 3485 3317 3540 si
3351 3486 3527 3539 animae
3567 3497 3652 3536 non

2130 3580 2350 3638 possunt
2379 3572 2478 3626 nisi
2520 3573 2675 3626 etiam
2722 3573 2774 3626 in
2819 3573 3010 3642 seipsis
3036 3583 3302 3644 utcunque
3343 3575 3528 3638 vivere,
3551 3575 3656 3642 quia

2127 3677 2193 3718 ex
2221 3663 2297 3716 eis
2325 3663 2506 3716 vivunt
2533 3673 2588 3717 et
2614 3677 2857 3731 corpora,
2911 3679 2940 3716 a
2971 3664 3163 3732 quibus
3207 3665 3418 3719 deserta
3454 3663 3654 3716 moriun-

2130 3761 2234 3815 tur,
2267 3763 2465 3821 quanto
2505 3752 2671 3820 magis
2702 3767 2822 3806 vera
2846 3751 3054 3821 justitia
3101 3762 3155 3807 et
3175 3741 3285 3822 jam
3312 3756 3361 3807 in
3403 3755 3558 3822 seipsa
3587 3753 3655 3806 ri-

2129 3856 2254 3896 vere
2288 3843 2625 3913 intelligenda
2659 3853 2761 3908 est,
2819 3859 2883 3897 ex
2912 3859 3012 3912 qua
3060 3845 3136 3899 sic
3166 3847 3353 3899 vivunt
3395 3847 3582 3908 animae,
3609 3852 3657 3896 ut

2130 3935 2229 3987 hac
2257 3935 2450 3988 amissa
2483 3946 2707 3989 mortua:
2730 3945 3134 4004 nuncupentur,
3163 3936 3402 4006 quamvis
3422 3936 3654 4005 quantula-

2129 4042 2336 4097 cunque
2362 4030 2470 4081 ~vita
2517 4043 2622 4082 non
2664 4029 2916 4083 desinant
2943 4030 3140 4086 vivere‘.
3182 4031 3252 4083 Ea
3304 4044 3455 4096 porro
3484 4028 3662 4098 justitia.

2128 4134 2247 4189 qua:
2271 4120 2402 4173 vivit
2433 4121 2483 4174 in
2510 4121 2705 4194 seipsa,
2735 4121 3084 4188 proculdubio
3113 4122 3251 4177 Deus
3279 4129 3384 4186 est,
3411 4132 3556 4190 atque
3588 4121 3654 4172 in-

2129 4211 2572 4265 commutabiliter
2585 4211 2730 4265 vivit.
2747 4211 2896 4286 Sicut
2912 4220 3086 4266 autem
3105 4212 3218 4266 bare
3233 4227 3352 4267 cum
3371 4214 3435 4268 sit
3450 4214 3497 4265 in
3512 4213 3655 4280 seipsa

2130 4287 2260 4355 vita,
2301 4289 2460 4343 etiam
2490 4290 2642 4344 nobis
2670 4291 2727 4343 ﬁt
2755 4292 2885 4358 vita,
2918 4305 3038 4345 eum
3069 4290 3186 4359 ejus
3219 4291 3476 4347 efﬁcimur
3501 4303 3658 4345 utcun-

2131 4395 2234 4449 que
2264 4381 2577 4450 participes;
2605 4382 2675 4436 ita
2721 4396 2844 4437 cum
2886 4383 2938 4436 in
2966 4384 3137 4452 seipsa
3176 4384 3245 4438 sit
3265 4384 3484 4457 jpstitia,
3521 4384 3654 4437 etiam

2133 4471 2285 4526 nobis
2317 4472 2374 4525 ﬁt
2395 4470 2621 4540 justitia,
2660 4487 2780 4528 cum
2821 4475 2870 4528 ei
2907 4474 3223 4530 cohmrendo
3249 4478 3391 4543 juste
3416 4475 3654 4528 vivimus:

2132 4573 2185 4615 et
2208 4572 2353 4617 tanto
2380 4565 2549 4632 magis
2595 4565 2833 4619 minusve
2852 4565 2980 4634 justi
3022 4581 3224 4630 sumus,
3251 4576 3444 4636 quanto
3471 4566 3536 4620 illi
3562 4579 3658 4618 ma-

2129 4655 2212 4724 gis
2236 4655 2478 4709 minusve
2507 4655 2852 4710 cohaeremus.
2889 4653 3040 4711 Unde
3080 4657 3336 4724 scriptum
3376 4655 3538 4710 estde
3563 4655 3658 4709 uni-

2133 4746 2307 4814 genito
2329 4745 2465 4800 Filio
2508 4745 2622 4810 Dei,
2654 4761 2774 4800 eum
2803 4747 2871 4799 sit
2903 4747 3086 4816 utique
3112 4747 3284 4801 Patris
3314 4746 3558 4813 sapientia
3593 4752 3659 4795 at-

2133 4851 2236 4904 que
2258 4835 2483 4904 justitia,
2516 4849 2568 4890 et
2599 4851 2809 4904 semper
2840 4837 2891 4890 in
2937 4840 3111 4905 seipsa
3144 4837 3232 4902 sit,
3263 4839 3400 4906 quod
3428 4837 3582 4890 faetus
3603 4837 3662 4888 sit

2137 4927 2290 4979 nobis
2315 4941 2344 4978 a
2376 4925 2486 4980 Deo
2513 4927 2787 4995 sapientia,
2821 4936 2874 4980 et
2897 4927 3118 4995 justitia,
3155 4939 3209 4982 et
3246 4926 3593 4991 sanctiﬁcatio,
3618 4935 3661 4979 et

2137 5011 2452 5087 redemptio,
2481 5028 2536 5072 ut
2566 5019 3008 5086 quemadmodum
3039 5020 3294 5089 scriptum
3321 5030 3436 5074 est:
3463 5019 3548 5084 Qui
3566 5017 3661 5085 glo-

2139 5111 2323 5175 riatur,
2358 5112 2409 5165 in
2435 5113 2654 5166 Domino
2682 5113 2959 5182 glorietur.
2983 5114 3134 5179 Quod
3162 5114 3373 5183 quidem
3402 5122 3453 5167 et
3476 5114 3575 5181 ipse
3594 5109 3660 5161 vi-

2140 5203 2263 5258 disti
2300 5202 2542 5257 addendo
2579 5212 2736 5271 atque
2762 5194 3010 5270 dicendo,
3041 5204 3139 5258 nisi
3165 5205 3301 5258 forte
3330 5218 3432 5258 non
3457 5203 3560 5256 haec
3581 5201 3660 5252 lm-

2142 5306 2311 5344 manae
2347 5291 2632 5360 mquitatis,
2661 5292 2754 5345 sed
2784 5292 2871 5345 illa
2903 5309 3020 5362 quae
3053 5293 3189 5346 Deus
3213 5302 3316 5356 est,
3345 5294 3451 5346 sola
3479 5301 3656 5344 assera-

2143 5392 2226 5435 tur
2255 5397 2374 5436 esse
2399 5381 2624 5450 jusﬁtia.
2659 5383 2753 5436 Est
2794 5384 2950 5452 plane
2997 5384 3086 5437 ille
3128 5397 3366 5436 summus
3405 5383 3529 5436 Deus
3558 5391 3658 5431 vera

2137 5472 2363 5540 justitia,
2396 5470 2616 5526 velille
2661 5488 2818 5527 verus
2871 5473 3010 5528 Deus
3054 5488 3259 5528 summa
3285 5474 3502 5543 justitia,
3529 5481 3657 5540 quam

2145 5562 2379 5632 profecto
2406 5562 2610 5618 esurire
2639 5578 2700 5618 ac
2723 5564 2892 5626 sitire,
2925 5578 2985 5617 ea
3014 5574 3191 5618 nostra
3225 5574 3305 5618 est
3335 5566 3384 5617 in
3413 5563 3500 5615 hac
3529 5574 3655 5626 perc-

2143 5652 2438 5723 grinatione
2465 5651 2690 5726 justitia,
2729 5665 2782 5710 et
2809 5671 2906 5725 qua
2931 5668 3111 5724 postea
3143 5656 3476 5724 saturari._ea
3510 5658 3657 5708 nostra
