3904 6224
186 226 296 279 901

1332 207 1762 270 TIlESAURUS.
1802 205 1952 263 CAP.
1994 205 2326 265 CCXXXIV.‘

3325 195 3438 253 90‘}

184 349 278 398 est
323 340 376 394 in
403 342 701 394 mtertiitate
729 337 880 405 plena
913 336 1133 404 justitia.
1166 333 1281 388 Non
1310 345 1436 400 ergo
1466 328 1633 382 Deum
1663 340 1757 378 no-
1787 323 1835 383 Α
1862 333 1956 374 sua
1978 319 2107 376 dicit
2141 337 2155 374 :
2183 317 2394 374 Scimus
2418 292 2559 385 quod
2598 279 2763 367 Filius
2791 309 2883 366 Dei
2923 308 3127 364 venerit
3152 316 3206 362 et
3234 306 3438 362 dederit

184 441 321 486 stre
345 429 568 501 iustitia:
595 428 819 483 similem
860 425 1173 494 cogitemus,
1207 422 1300 499 sed
1331 420 1627 490 cegitemus
1661 428 1758 468 nos

186 524 377 592 potius
403 529 550 576 tanto
581 518 865 573 similiores
897 516 1026 585 Deo,
1057 525 1253 584 quanto
1283 527 1404 568 esse
1433 507 1758 580 potuerimus

187 613 315 683 ejus
346 602 751 683 participatione
775 607 1049 678 iustiores.
1093 606 1147 660 Si
1188 620 1318 674 ergo
1346 601 1638 657 cavendum
1680 605 1762 651 est

187 704 268 760 ne
285 703 510 772 iustitiae
537 711 734 756 nostra:
763 700 990 754 similem
1023 706 1269 766 putemus
1296 695 1462 750 Deum
1490 691 1767 763 (quoniam.

185 797 376 849 lumen
405 793 544 864 quod
592 791 856 847 illuminat
897 786 1384 858 incomparabiliter
1412 781 1761 839 excellentius

189 896 285 941 est
311 887 405 941 illo
425 885 564 956 quod
596 883 965 951 illuminatur),
988 889 1186 952 quanto
1208 880 1373 946 magis
1397 875 1575 931 caveri
1597 881 1760 942 op‘br-

188 991 295 1045 tet,
329 993 399 1034 ne
425 977 617 1048 aliquid
659 977 879 1030 inferius
903 983 957 1029 et
983 971 1378 1043 quodammodo
1404 966 1761 1023 deeoloratius

185 1085 319 1124 eum
359 1082 419 1124 es
446 1084 480 1124 e
506 1067 804 1128 credamus,
835 1079 995 1134 quam
1032 1071 1117 1118 est
1158 1071 1335 1116 nostra
1357 1058 1599 1129 iustitia?
1626 1054 1762 1123 Quid

187 1168 286 1214 est
303 1167 482 1214 autem
505 1157 644 1210 aliud
662 1155 870 1224 iustitia
883 1168 1004 1208 cum
1030 1153 1083 1206 iu
1105 1150 1256 1206 nobis
1273 1160 1378 1214 est,
1404 1148 1485 1204 vel
1515 1147 1763 1216 quaelibet

181 1247 375 1304 'virtus
399 1262 503 1318 qua
523 1257 666 1302 recte
687 1246 1062 1314 sapienterque
1075 1243 1286 1308 vivitur,
1305 1255 1460 1310 quam
1492 1236 1763 1292 interioris

190 1339 433 1395 hominis
451 1336 819 1407 pulchritudo?
835 1346 887 1390 et
903 1343 1047 1392 certe
1064 1332 1354 1389 secundum
1381 1334 1516 1385 hanc
1533 1328 1764 1399 pulchri-

190 1430 465 1496 tudinem,
484 1430 646 1498 magis
661 1441 818 1496 quam
836 1424 1121 1481 secundum
1134 1437 1348 1492 corpus,
1370 1422 1490 1476 facti
1503 1435 1682 1475 sumus
1698 1419 1762 1472 ad

190 1520 485 1588 imaginem
517 1515 632 1572 Dei.
659 1514 810 1570 Unde
833 1512 984 1568 nobis
1004 1509 1413 1566 dicituerolite
1440 1505 1766 1566 conformari

112 1676 116 1682 Ι
191 1608 326 1663 huic
335 1605 645 1671 saeculo,sed
661 1601 1024 1660 reformamiui
1036 1602 1087 1657 in
1102 1594 1334 1657 novitate
1348 1599 1540 1654 mentis
1552 1606 1762 1661 vestrae,

1863 410 2019 464 nobis
2068 409 2390 477 intellectum
2437 415 2496 460 ut
2541 415 2924 474 cognoscamus
2950 400 3114 454 Deum
3152 412 3336 453 verum
3381 405 3436 454 et

1865 502 2032 555 simus
2084 499 2136 554 iu
2187 512 2314 553 vero
2343 495 2478 552 Filio
2507 494 2622 563 ejus
2643 494 2767 548 Jesu
2794 490 3027 546 Christo.
3054 488 3150 543 Iiic
3178 496 3261 543 est
3282 492 3463 542 verus’

1863 590 2004 646 Deus
2035 600 2088 644 et
2110 589 2216 642 vita
2239 599 2461 641 aeterna.
2495 584 2629 638 llinc
2655 582 2814 636 etiam
2837 587 3224 649 consequenter
3248 575 3438 631 intel|i~

1861 683 1999 757 gitur
2025 696 2132 736 non
2163 677 2528 736 tantummodo
2553 676 2620 731 de
2643 672 2799 728 Patre
2828 655 3022 727 dixisse
3050 671 3271 726 Paulum
3301 681 3445 735 apo-.

1862 756 2080 844 stolum,
2114 773 2213 839 Qui
2242 771 2388 826 solus
2416 768 2574 822 habet
2603 764 3088 828 immortalitatem;
3117 761 3208 815 sed
3230 760 3298 816 de
3327 756 3436 813 uno

1863 874 1915 920 et
1936 863 2053 919 solo
2076 864 2202 929 Deo,
2228 860 2367 930 quod
2398 869 2474 913 est
2521 857 2630 926 ipsa
2660 856 2911 911 Trinitas.
2942 852 3126 921 Neque
3147 851 3287 906 enim
3321 851 3433 919 ipsa

1863 956 1969 1008 vita
2006 962 2200 1008 aeterna
2231 949 2470 1006 mortalis
2511 956 2616 1010 est,
2657 944 2945 1001 secundum
2997 942 3227 1012 aliquam
3271 947 3436 992 muta-

1862 1044 2138 1106 bilitatem,
2190 1055 2252 1095 ac
2301 1054 2394 1109 per
2446 1037 2547 1092 hoc
2599 1035 2762 1091 Filius
2793 1034 2908 1099 Dei,
2959 1033 3078 1099 quia
3106 1032 3211 1084 vita
3239 1037 3434 1082 aeterna

1863 1145 1966 1199 est,
2004 1148 2124 1187 cum
2157 1132 2312 1184 Patre
2363 1129 2522 1184 etiam
2577 1127 2691 1194 ipse
2739 1123 3066 1193 intelligitur,
3100 1121 3186 1173 ubi
3235 1119 3437 1172 dictqu

1863 1237 1945 1279 est
1977 1241 1990 1277 :
2023 1223 2177 1278 Solus
2207 1220 2366 1281 habet
2409 1216 2855 1271 immortalitatem
2885 1212 3005 1284 [Qui
3033 1211 3180 1264 solus
3214 1205 3397 1277 habet]
3422 1223 3442 1259 :-

1863 1314 1980 1386 ejus
2031 1304 2186 1368 enim'
2221 1312 2608 1376 vitmaeternte,
2639 1313 2694 1360 et
2736 1319 2833 1358 nos
2857 1302 3142 1372 participes
3171 1298 3316 1363 facti,
3343 1311 3440 1366 pro
3507 1314 3514 1320 ’

1866 1403 2080 1459 modulo
2123 1410 2306 1470 nostro
2337 1396 2665 1453 immortales
2706 1393 2992 1450 efficimur.
3043 1389 3147 1447 Sed
3185 1388 3326 1442 aliud
3356 1395 3440 1441 est

1866 1495 1977 1563 ipsa
2001 1492 2152 1563 cujus
2176 1489 2465 1560 participes
2490 1483 2754 1542 efficimur
2778 1483 2882 1538 vita
2911 1493 3132 1545 aeterna,
3165 1477 3306 1532 aliud
3339 1490 3438 1529 nos

1867 1567 1955 1653 qui
1985 1583 2100 1654 ejus
2127 1567 2530 1652 participatione
2561 1577 2798 1631 vivemus
2829 1574 2879 1627 in
2903 1569 3180 1648 aeternum.
3215 1570 3270 1625 Si
3297 1569 3439 1622 enim

188 1660 616 1770 probandum
628 1711 719 1752 vos
734 1711 849 1766 qua:
862 1695 932 1749 sit
944 1693 1191 1750 voluntas
1210 1692 1328 1757 Dei,
1342 1690 1481 1760 quod
1499 1692 1694 1744 bonum
1713 1695 1764 1743 et

1879 1675 2108 1738 ﬁxisset,
2136 1671 2303 1738 Quem
2344 1667 2673 1736 temporibus
2705 1663 2932 1734 propriis
2970 1660 3217 1716 ostendet
3261 1660 3437 1722 Pater,

193 1789 478 1858 placitum,
500 1797 552 1840 et
575 1778 890 1856 perfectum.
914 1785 969 1840 Si
991 1798 1124 1853 ergo
1139 1797 1244 1838 non
1266 1783 1317 1837 in
1339 1783 1504 1846 mole,
1523 1793 1693 1850 neque
1709 1779 1764 1832 in

194 1879 523 1934 distantibus
547 1891 640 1946 per
666 1876 782 1931 loca
812 1890 905 1953 sua
936 1875 1191 1944 partibus,
1222 1874 1358 1928 sicut
1397 1885 1620 1945 corpora
1654 1871 1766 1925 sive

195 1975 514 2034 cernuntur,
545 1967 657 2022 siv’e
707 1966 1023 2035 cogitantur,
1072 1964 1167 2019 sed
1199 1965 1250 2017 in
1283 1965 1476 2030 v'y-tute
1515 1960 1766 2029 intelligi-

195 2059 319 2126 hili,
351 2058 526 2128 qualis
552 2065 634 2113 est
663 2056 888 2125 iustitia,
921 2063 1153 2109 mentem
1191 2051 1443 2118 dicimus,
1489 2064 1584 2104 seu
1621 2048 1766 2102 novi-

196 2163 344 2217 mus,
372 2163 469 2203 seu
495 2147 738 2202 volumus
766 2145 1060 2215 pulchram,
1089 2153 1143 2199 et
1171 2136 1462 2198 secundum
1490 2140 1628 2194 hanc
1651 2138 1767 2208 pul-

196 2238 558 2294 chritudinem
584 2237 936 2292 reformamur
954 2234 1020 2288 ad
1054 2233 1338 2304 imaginem
1367 2232 1497 2298 Dei;
1531 2227 1769 2300 profecto

198 2329 374 2397 ipsius
404 2327 499 2382 Dei
524 2326 616 2397 qui
645 2339 740 2382 nos
771 2325 1078 2382 reformavit
1100 2335 1170 2380 et
1196 2323 1454 2380 reformat
1490 2321 1556 2375 ad
1579 2322 1769 2390 imagi-

199 2415 531 2485 nem'sti'am,
567 2435 670 2474 nun
700 2419 754 2474 in
782 2417 957 2487 aliqua
992 2417 1132 2471 mole
1163 2429 1423 2485 corporea
1452 2413 1767 2482 suspicanda

201 2520 289 2567 est
317 2509 687 2582 pulchritudo;
731 2524 903 2579 eoque
946 2508 1205 2576 iustorum
1252 2505 1517 2560 mentibus
1546 2502 1771 2580 creden-

202 2609 306 2663 dus
345 2615 430 2662 est
466 2603 949 2674 incomparabiliter
975 2600 1268 2672 pulchrior,
1301 2613 1410 2669 quo
1459 2608 1541 2654 est
1572 2599 1775 2651 incom-

203 2699 516 2769 parabiliter
539 2696 752 2768 iustior.
785 2771 792 2777 ‘

666 2824 890 2881 CAPUT
918 2801 1245 2886 ccxxxw.

205 2942 310 3015 27
350 2940 428 2995 De
471 2935 675 2995 Unltate
715 2938 888 3015 Patris
925 2948 970 2991 et
1005 2936 1134 2992 Filii
1169 2947 1215 2992 et
1241 2938 1471 3015 Spiritus
1499 2939 1660 3015 sancti
1689 2940 1776 3015 qni
1810 2929 1817 2934 ’

1866 1765 2054 1821 beatus
2079 1773 2134 1818 et
2175 1762 2318 1822 solus
2349 1768 2559 1829 potens,
2590 1770 2683 1828 rex
2706 1762 2887 1822 regum
2910 1761 2964 1807 et
2987 1751 3243 1812 Dominus
3268 1750 3440 1803 domi~

1867 1859 2125 1922 nautium,
2173 1856 2264 1925 qui
2310 1853 2455 1908 solus
2509 1851 2669 1905 habet
2705 1847 3190 1912 immortalitatem;
3232 1859 3326 1898 nec
3364 1844 3439 1897 sic

1866 1951 1988 2006 inde
2006 1954 2308 2018 separatum
2333 1944 2524 2001 Filium
2542 1947 2813 2014 oporteret
2833 1936 3073 2006 intelligi.
3098 1934 3278 2001 Neque
3295 1934 3436 1987 enim

1865 2043 1988 2113 quia
2005 2042 2124 2112 ipse
2153 2039 2316 2113 Filius
2339 2025 2466 2090 alibi
2490 2034 2712 2102 loquens
2741 2043 2871 2085 voce
2890 2025 3200 2109 Sapientiae,
3223 2025 3335 2092 ipse
3356 2020 3444 2078 est

1867 2135 2008 2190 enim
2055 2107 2316 2199 sapientia
2355 2125 2471 2188 Dei,
2515 2125 2610 2188 ait,
2642 2120 2838 2191 Gyrum
2877 2105 2998 2173 eotli
3037 2116 3254 2168 circttivi
3303 2114 3438 2177 sola,

1868 2222 2130 2293 separavit
2159 2235 2190 2275 a
2219 2233 2281 2274 se
2326 2216 2534 2270 Patrem
2563 2229 2577 2268 :
2602 2220 2799 2282 quanto
2841 2208 3006 2278 magis
3045 2220 3171 2274 ergo
3199 2218 3302 2256 nou
3359 2211 3442 2256 est

1871 2287 2110 2377 necesse,
2145 2319 2206 2370 nt
2231 2305 2598 2363 tantummodo
2627 2303 2693 2356 de
2724 2302 2876 2355 Patre
2916 2303 3107 2369 praeter
3130 2287 3330 2350 Filium
3363 2295 3441 2346 in-

1871 2404 2168 2472 telligatur,
2215 2398 2356 2470 quod
2400 2397 2600 2451 dictum
2651 2401 2733 2447 est
2759 2408 2787 2446 :.
2815 2390 2974 2445 Solus
3024 2385 3183 2441 habet
3223 2381 3451 2438 immor-'

1873 2493 2172 2553 talitatem;
2231 2485 2377 2560 [qui].
2407 2501 2526 2541 cum
2583 2485 2653 2538 ita
2708 2482 2906 2534 dictum
2962 2477 3032 2533 sit
3071 2494 3082 2528 :
3118 2475 3186 2531 Ut
3233 2487 3434 2540 serves,

1873 2584 2089 2652 inquit,
2143 2579 2447 2635 mandatum
2513 2579 2630 2630 sine
2689 2567 2914 2636 macula,
2971 2565 3437 2637 irreprehensibilc

1812 2730 1815 2733 _
1875 2690 2043 2743 usque
2083 2671 2152 2726 'in
2215 2664 2763 2724 adventumDomini
2836 2662 3001 2715 nostri
3058 2657 3183 2712 Jesu
3231 2653 3442 2714 _Christi

1877 2783 2035 2838 quem
2097 2759 2443 2833 'temporibus
2516 2759 2741 2834 propriis
2810 2751 3053 2808 ostendet
3141 2749 3327 2803 beatus
3391 2753 3445 2797 et

1876 2858 2018 2939 solus
2076 2865 2265 2924 potens
2313 2867 2403 2906 rex
2455 2863 2636 2919 regum
2663 2843 3008 2901 et’dominus
3037 2835 3443 2898 dominantium,

1877 2931 1964 3019 qui
2004 2949 2150 3003 solus
2207 2944 2365 2998 habet
2420 2937 2894 3002 immortalitatem,
2935 2941 2990 2987 et
3033 2930 3203 2985 lucem
3245 2924 3446 2979 habitat

274 3008 896 3101 gﬂ:.u_'3l."..’_ﬁ-‘0‘m’
939 3019 984 3062 ⁸⁸
1035 3016 1178 3071 mm
1226 3010 1390 3076 Deus’
1431 3026 1491 3063 ⁸³
1544 3008 1672 3061 λίθω
1713 3014 1775 3061 de
1804 3028 1848 3090 C
1882 3008 2325 3100 i-uaceessibilem.
2356 3045 2511 3101 Quem
2541 3041 2697 3083 nemo
2721 3025 2991 3078 hominum
3018 3018 3274 3080 vidit,nec
3303 3013 3447 3087 vide-

207 3126 209 3128 .
280 3081 531 3140 Trinitate
555 3083 736 3148 primo.
1771 3116 1778 3122 .

187 3209 192 3214 '
279 3196 386 3263 Qui
412 3195 658 3251 dixerunt
686 3175 960 3249 Dominum
987 3192 1272 3265 [nostrum]
1303 3193 1480 3265 lesum
1503 3193 1770 3247 Christum

208 3304 317 3344 non
361 3303 480 3343 esse
511 3287 695 3354 Deum,
727 3297 818 3341 aut
847 3303 950 3341 non
980 3300 1099 3342 esse
1129 3302 1310 3342 verum
1339 3287 1525 3353 Deum,
1550 3296 1639 3339 aut
1670 3301 1772 3340 non

209 3399 335 3439 cum
381 3383 533 3435 Patre
581 3397 738 3435 unum
767 3389 821 3435 et
846 3383 1019 3434 solum
1051 3380 1239 3445 Deum,
1269 3387 1359 3433 aut
1387 3394 1488 3433 non
1518 3394 1640 3438 vere
1665 3377 1776 3431 im-

210 3474 495 3532 mortalem
514 3470 627 3544 [aut
642 3488 744 3525 non
763 3486 883 3526 esse
900 3468 1276 3541 immortalem]
1297 3513 1311 3536 ,
1330 3472 1452 3539 quia
1469 3472 1776 3524 mutabilem

211 3565 646 3620 manifestissima
675 3562 970 3617 divinorum
1015 3562 1439 3616 testimoniorum
1466 3568 1519 3614 et
1543 3575 1778 3614 consona

211 3671 350 3727 (oce
393 3654 618 3710 convicti
647 3664 790 3718 sunt,
822 3642 1109 3707 undesunt
1137 3652 1220 3705 illa
1251 3669 1265 3706 :
1293 3650 1348 3704 ln
1388 3650 1646 3720 principio
1668 3660 1781 3704 erat

217 3745 474 3808 Verbum,
494 3754 547 3822 et
571 3743 797 3798 Verbum
817 3741 1079 3812 eratapud
1101 3742 1287 3808 Deum,
1307 3742 1511 3796 etDeus
1524 3752 1638 3804 erat
1653 3741 1780 3794 Vero

214 3839 366 3893 bum.
389 3836 715 3892 Manifestum
742 3846 823 3890 est
845 3838 985 3889 enim
1016 3835 1154 3904 quod
1181 3835 1412 3889 Verbum
1444 3834 1554 3900 Dei,
1592 3834 1780 3888 Filium

216 3932 326 3990 Dei
345 3931 555 3985 unicum
585 3927 981 3996 accipimuszde
1001 3941 1106 3995 quo
1123 3936 1238 3995 post
1257 3926 1387 3981 dicit
1418 3943 1429 3980 :
1466 3927 1530 3980 Et
1555 3923 1781 3981 Verbum

215 4041 347 4083 caro
393 4025 588 4098 factum
645 4031 726 4077 est
758 4038 770 4075 :
798 4029 1008 4090 propter
1055 4021 1379 4074 nativitatem
1408 4018 1784 4074 incarnationis

213 4117 358 4191 ejus,
405 4131 520 4185 qua:
558 4114 691 4167 facta
734 4120 817 4167 est
863 4112 916 4166 in
969 4121 1207 4180 tempore
1258 4126 1322 4166 ex
1367 4111 1595 4181 Virgine.
1628 4111 1682 4164 In
1721 4125 1786 4165 eo

218 4219 398 4263 autem
454 4204 686 4260 declarat
719 4219 822 4259 non
857 4211 1059 4256 tantum
1087 4202 1252 4256 Deum
1302 4215 1439 4267 esse,
1494 4202 1586 4255 sed
1625 4203 1785 4255 etiam

221 4299 460 4371 ejusdem
493 4313 610 4352 cum
637 4298 788 4352 Patre
812 4296 1143 4359 substantiae,
1167 4296 1286 4364 quia
1306 4309 1424 4348 cum
1439 4294 1680 4359 dixisset,
1717 4294 1783 4347 Et

1877 3145 1937 3185 re
1989 3135 2178 3198 potest,
2223 3124 2304 3178 cui
2332 3131 2411 3176 est
2438 3122 2605 3174 honor
2631 3126 2685 3173 et
2711 3116 2876 3186 gloria
2912 3113 2966 3166 iri
2986 3109 3178 3165 sa-cula
3221 3102 3446 3161 saeculo-

1875 3195 2013 3276 rum.
2080 3219 2137 3272 ln
2204 3215 2398 3283 quibus
2450 3209 2648 3273 verbis,
2709 3219 2808 3259 nec
2864 3203 3032 3255 Pater
3083 3195 3293 3266 proprie
3355 3206 3446 3245 no-

1877 3311 2111 3364 minatus
2151 3317 2253 3373 est,
2299 3317 2397 3358 nec
2445 3302 2629 3365 Filius,
2680 3311 2776 3351 nec
2821 3292 3049 3362 Spiritus
3093 3297 3329 3367 Sanetus,
3359 3283 3452 3338 sed

1879 3402 2063 3454 beatus
2125 3410 2179 3451 et
2228 3394 2374 3456 solus
2434 3400 2623 3461 potens
2688 3402 2779 3442 rex
2829 3397 3012 3452 regum
3072 3386 3126 3434 et
3195 3375 3455 3455 Dominus

1878 3487 2281 3547 dominantium,
2338 3483 2479 3552 quod
2539 3488 2816 3547 estmons
2881 3485 2934 3529 et
2989 3472 3136 3526 solus
3189 3477 3241 3522 et
3301 3481 3457 3520 verus

1883 3579 2057 3642 Dens,
2111 3577 2224 3644 ipsa
2279 3573 2532 3633 Trinitas.
2595 3567 2704 3622 Nisi
2764 3567 2900 3620 forte
2956 3578 3071 3632 quae
3127 3565 3455 3627 sequuntur,

1883 3665 2262 3736 perturbabunt
2317 3661 2456 3736 hunc
2500 3657 2857 3716 intellectum,
2906 3653 3023 3720 quia
3061 3648 3195 3703 dixit
3237 3663 3250 3700 :
3290 3644 3459 3710 Quem

1887 3774 2044 3814 nemo
2098 3735 2393 3826 hoininnm‘
2424 3751 2577 3815 vidit,
2610 3763 2707 3802 nec
2742 3747 2922 3800 videre
2970 3750 3178 3812 potest:
3204 3751 3325 3793 cum
3361 3735 3460 3790 h'oe

1885 3852 2044 3906 etiam
2111 3849 2176 3900 ad
2198 3845 2499 3901 ..,Christutu
2557 3840 2826 3908 pertinere
2879 3828 3461 3898 sectmdum'ejusdem

1885 3941 2044 4015 [ejus‘J
2099 3938 2427 3993 divinitatem
2491 3931 2805 3999 accipiatur,
2860 3940 3018 3995 quam
3064 3938 3170 3976 non
3210 3921 3462 3974 viderunt

1887 4014 2072 4099 iudxi,
2104 4031 2191 4100 qui
2223 4037 2398 4081 tamen
2428 4036 2641 4079 carnem
2665 4023 2932 4087 viderunt,
2961 4025 3016 4072 et
3042 4014 3459 4070 cruciﬁxerunt:

1891 4123 2066 4176 Videri
2090 4130 2265 4174 autem
2285 4116 2533 4172 divinitas
2557 4114 2786 4166 humano
2802 4111 2914 4164 visu
2933 4110 3077 4172 nullo
3094 4105 3251 4174 modo
3268 4109 3461 4173 potest,

1888 4211 1981 4268 Sed
2004 4227 2067 4265 eo
2089 4211 2203 4264 visu
2225 4208 2450 4270 videtur,
2479 4219 2582 4273 quo
2607 4202 2714 4270 jam
2742 4202 2828 4269 qui
2850 4198 3049 4262 vident,
3074 4211 3178 4250 non
3201 4189 3465 4257 homines;

1891 4303 1984 4356 sed
2026 4302 2157 4354 ul'.ra
2197 4297 2436 4351 homines
2458 4302 2599 4354 sunt.
2625 4291 2786 4346 Recte
2811 4303 2934 4357 ergo
2964 4288 3076 4355 ipse
3112 4285 3253 4339 Deus
3287 4282 3464 4336 Trini-

224 4395 366 4447 Dens
389 4398 504 4446 erat
520 4389 779 4445 Verbum:
806 4388 1052 4453 hoeerat,
1080 4384 1268 4454 inquit,
1298 4387 1348 4439 in
1373 4385 1781 4455 principioapud
1817 4380 1862 4437 ι)
1894 4402 1972 4446 ωε
2028 4389 2356 4457 intelligitur,
2423 4388 2605 4439 beatus
2640 4391 2694 4436 et
2731 4379 2878 4434 solus
2919 4386 3127 4447 potens,
3179 4373 3465 4444 ostendens

224 4485 414 4538 Deum.
440 4480 626 4534 Omnia
655 4490 746 4547 per
773 4479 941 4546 ipsum
964 4470 1100 4529 facta
1122 4486 1267 4540 sunt,
1297 4485 1350 4530 et
1376 4479 1489 4530 sine
1521 4478 1632 4542 ipso
1672 4475 1784 4528 fac-

224 4583 336 4627 tum
376 4577 457 4628 est
479 4571 626 4625 nihil.
652 4569 830 4637 Neque
868 4566 1005 4621 enim
1027 4565 1370 4631 dicitomuia,
1397 4568 1495 4620 nisi
1516 4582 1632 4634 qua:
1656 4566 1788 4620 facta

230 4660 373 4730 sunt,
401 4664 452 4717 id
473 4673 552 4717 est
575 4675 786 4719 omnem
813 4669 1129 4714 creaturam.
1174 4657 1324 4712 Unde
1353 4657 1552 4726 liquido
1573 4666 1790 4726 apparet

229 4761 402 4824 ipsum
434 4753 625 4807 factum
673 4767 774 4804 non
797 4763 914 4804 esse
944 4763 1037 4816 per
1063 4753 1217 4816 qttem
1251 4746 1382 4802 facta
1413 4759 1533 4802 sunt
1562 4749 1736 4802 omnia
1773 4764 1785 4799 :

228 4855 284 4902 et
323 4846 366 4899 si
420 4844 587 4898 factus
626 4857 728 4895 non
767 4851 866 4904 est,
908 4850 1145 4894 creatura
1190 4841 1294 4894 non
1347 4848 1458 4904 est,
1516 4840 1560 4894 si
1613 4852 1791 4894 autem

231 4946 476 4993 ereatura
515 4950 617 4988 nou
658 4941 759 4996 est,
813 4930 1048 4998 ejusdem
1108 4944 1227 4984 cum
1279 4921 1437 4984 Patre
1482 4931 1793 4986 substantia

233 5037 336 5082 est.
370 5007 552 5096 omnis
576 5023 714 5078 enim
739 5021 1029 5075 substantia
1060 5035 1176 5090 qua:
1215 5021 1351 5075 Deus
1383 5037 1488 5076 non
1509 5031 1612 5087 est,
1642 5037 1794 5078 erea-

235 5130 354 5172 tura
392 5125 492 5179 est,
531 5122 587 5168 et
636 5128 754 5181 qua:
781 5119 1020 5165 creatura
1050 5125 1154 5164 non
1201 5122 1302 5178 est,
1339 5112 1477 5169 Deus
1516 5124 1620 5171 est.
1667 5117 1797 5173 Etsi

239 5218 456 5270 nonest
483 5207 647 5261 Filius
675 5206 911 5275 ejusdem
937 5203 1246 5262 'suhstantize
1287 5206 1437 5276 cujus
1473 5209 1648 5284 Pater,
1674 5229 1799 5284 ergo

239 5302 375 5355 facta
432 5297 723 5354 su‘bstantia
768 5305 849 5350 est
898 5312 913 5352 :
952 5298 997 5351 si
1053 5297 1186 5352 facta
1222 5299 1507 5356 substantia
1554 5314 1654 5365 est,
1696 5321 1800 5360 non

241 5392 442 5446 omnia'
465 5406 558 5459 per
588 5392 755 5459 ipsum
781 5388 915 5442 facta
960 5396 1116 5453 sunt;
1149 5399 1203 5443 at
1239 5391 1283 5443 si
1315 5393 1488 5446 omnia
1519 5408 1608 5461 per
1630 5395 1800 5463 ipsum

243 5488 378 5540 facta
425 5494 566 5549 sunt,
599 5484 752 5536 unius
792 5482 950 5551 igitur
977 5481 1322 5551 ejusdemque
1351 5498 1465 5536 cum
1498 5484 1650 5538 Patre
1681 5487 1806 5539 sub-

243 5579 452 5633 stantia:
479 5585 581 5631 est.
614 5576 676 5628 Et
705 5575 822 5628 ideo
846 5587 950 5627 non
992 5582 1189 5627 tantum
1225 5574 1382 5639 Deus,
1430 5573 1522 5628 sed
1562 5584 1616 5628 et
1647 5589 1807 5630 vetus

245 5674 422 5741 Deus;
458 5669 598 5742 quod
644 5667 781 5724 idem
820 5667 1048 5723 Joannes
1085 5664 1418 5736 apertissime
1465 5666 1517 5722 in
1567 5665 1803 5750 Epistula

1891 4485 2174 4539 adventum
2235 4478 2443 4531 Domini
2497 4473 2664 4528 nostri
2720 4472 2845 4526 Jesu
2888 4467 3084 4523 Christi
3139 4466 3465 4533 temporibus

1892 4573 2159 4644 propriis;
2204 4571 2280 4624 sic
2320 4568 2460 4622 enim
2491 4565 2690 4619 dictum
2720 4571 2820 4627 est,
2852 4561 3009 4615 Solus
3051 4559 3212 4612 habet
3251 4557 3465 4610 immor-

1893 4665 2171 4725 talitatem,
2224 4657 2489 4728 quomodo
2520 4657 2717 4710 dictum
2765 4659 2877 4716 est,
2925 4650 3023 4717 Qui
3054 4648 3180 4702 facit
3208 4645 3468 4701 mirabilia
3526 4699 3528 4701 ,

1894 4757 2062 4809 solus.
2094 4751 2244 4818 Quod
2289 4749 2445 4802 velim
2485 4748 2646 4819 seire,
2683 4744 2751 4798 de
2789 4756 2893 4812 quo
2927 4741 3125 4794 dictum
3154 4737 3418 4807 accipiant
3450 4751 3466 4788 :

1897 4848 1942 4900 si
1987 4846 2055 4900 de
2094 4843 2249 4897 Patre
2290 4846 2514 4901 tantum,
2546 4835 2812 4906 quomodo
2842 4847 2968 4901 ergo
3007 4845 3189 4885 verum
3217 4823 3303 4887 est
3330 4826 3468 4896 quod

1899 4936 2012 5005 ipse
2057 4933 2221 4987 Filius
2270 4929 2394 4983 dicit
2421 4945 2435 4982 :
2478 4927 2816 4992 Quazeunque
2836 4925 2976 4977 enim
3003 4921 3160 4975 Pater
3189 4919 3331 4985 facit,
3357 4918 3468 4996 hate

1897 4994 2082 5081 eadem
2127 5033 2181 5077 et
2233 5020 2394 5074 Filius
2442 5017 2688 5072 similiter
2741 5013 2895 5067 facit?
2938 5011 3019 5065 An
3050 4994 3469 5079 .quiequam'est

1899 5117 2035 5171 inter
2065 5111 2316 5166 mirabilia
2350 5107 2661 5173 mirabilius,
2690 5119 2848 5175 quam
2880 5102 3193 5157 resuscitare
3214 5109 3269 5154 et
3305 5100 3470 5152 vivifi~

1901 5221 2025 5260 care
2059 5201 2331 5259 mortuos?
2362 5200 2494 5252 Dicit
2520 5208 2696 5248 autem
2727 5195 2866 5248 idem
2900 5192 3066 5245 Filius
3095 5208 3107 5242 :
3139 5189 3289 5244 Sicut
3314 5188 3471 5243 Patet

1910 5297 2130 5351 suscitat
2173 5302 2408 5348 mortuos
2437 5298 2490 5342 et
2528 5286 2780 5349 vivificat,
2810 5283 2888 5337 sic
2925 5294 2978 5337 et
3009 5282 3172 5336 Filius
3200 5297 3333 5348 quos
3360 5280 3472 5335 vult

1911 5389 2156 5443 vivificat.
2206 5383 2481 5453 Quomodo
2509 5396 2637 5451 ergo
2675 5379 2822 5434 solus
2852 5376 3004 5430 Pater
3034 5374 3155 5428 facit
3185 5372 3472 5430 mirabilia.

1911 5497 2030 5536 eum
2065 5482 2178 5534 haec
2201 5479 2358 5533 verba
2404 5490 2504 5530 nec
2542 5475 2745 5526 Patrem
2773 5479 2994 5531 tantum,
3023 5481 3118 5520 nec
3150 5466 3338 5521 Filium
3363 5473 3470 5517 tan-

1914 5582 2021 5626 tum
2054 5569 2358 5639 permittant
2408 5563 2653 5632 intelligi,
2705 5562 2799 5615 sed
2845 5561 3024 5627 utique
3078 5557 3240 5610 Deum
3289 5569 3472 5620 unum,

1913 5678 2114 5730 verum,
2145 5661 2337 5725 solum,
2387 5657 2439 5713 id
2485 5663 2566 5711 est
2608 5656 2815 5715 Patrem
2844 5662 2896 5707 et
2925 5651 3112 5706 Filium
3140 5658 3192 5703 et
3219 5647 3474 5719 Spiritum
