3904 6224
546 244 651 299 9(ιὸ

546 452 725 518 Pater,
745 454 930 527 [Deus]
953 474 1013 512 ex
1034 472 1138 526 quo
1156 458 1353 525 omnia,
1375 466 1427 511 ct
1445 472 1543 512 nos
1561 460 1612 513 in
1631 460 1769 529 ipso,
1789 475 1841 517 et
1860 480 1995 519 unus
2026 467 2127 520 Do-

544 547 719 601 minus
764 548 918 601 Jcsus
966 548 1206 601 Christus
1249 563 1340 617 per
1384 565 1541 619 quem
1569 555 1769 619 omnia,
1804 567 1856 609 et
1887 573 1984 610 nos
2031 573 2126 626 per

544 634 745 703 ipsum;
794 636 912 703 quis
960 635 1164 690 dubitet
1208 652 1330 691 eum
1383 640 1560 694 omnia
1615 657 1732 711 quae
1786 656 1963 699 creata
2002 656 2124 699 sunt

542 726 737 789 dicere,
757 725 1138 797 sicutlbeatus]
1158 727 1388 784 Joannes
1415 747 1427 782 :
1453 732 1640 785 Omnia
1666 747 1759 801 per
1786 735 1953 800 ipsum
1989 736 2121 791 facta

538 817 694 869 sunt?
724 816 916 882 Qtucro
944 818 1118 887 itaque
1145 817 1212 873 de
1241 833 1344 889 quo
1374 820 1511 876 dicat
1541 822 1645 875 alio
1674 823 1791 877 loco
1817 840 1829 875 :
1860 824 2118 890 Quoniam

534 922 599 959 ex
621 906 735 975 ipso
750 917 803 963 et
826 924 917 976 per
940 909 1134 977 ipsum,
1158 919 1211 964 et
1235 911 1286 965 in
1308 914 1443 981 ipso,
1462 922 1585 967 sunt
1614 914 1809 980 omnia,
1826 915 1927 983 ipsi
1950 916 2119 985 gloria

533 996 584 1048 in
632 1001 825 1055 saecula
871 1000 1185 1055 sacculorum
1211 1000 1433 1073 [amen].
1481 1002 1534 1057 Si
1583 1004 1722 1057 enim
1752 1003 1818 1057 de
1860 1004 2015 1059 Patre
2064 1012 2119 1062 et

534 1088 667 1143 Filio
720 1100 773 1144 et
820 1090 1019 1159 Spiritu
1068 1103 1271 1157 sancto,
1317 1092 1612 1162 utsingulis
1648 1096 2116 1166 personissiugula

530 1180 856 1247 tribuantur,
882 1198 946 1236 ex
973 1182 1106 1251 ipso,
1131 1198 1196 1237 ex
1228 1183 1409 1259 Patre;
1438 1197 1527 1250 per
1551 1185 1744 1252 ipsum,
1774 1201 1866 1255 per
1892 1186 2110 1245 Filium;

528 1271 583 1325 in
634 1272 769 1340 ipso,
800 1274 851 1327 in
881 1274 1079 1343 Spiritu
1124 1282 1307 1328 sancto
1333 1272 1418 1343 [ea
1448 1275 1582 1343 ipso,
1616 1277 1665 1331 id
1692 1288 1777 1332 est
1816 1293 1879 1333 ex
1908 1278 2065 1336 Patre
2096 1299 2111 1335 :

525 1376 622 1429 per
651 1365 844 1429 ipsum,
872 1364 923 1419 id
946 1374 1025 1418 est
1061 1378 1153 1432 per
1189 1365 1418 1429 Filium;
1447 1367 1497 1419 in
1522 1368 1656 1434 ipso,
1682 1369 1733 1424 id
1757 1378 1839 1425 est
1866 1386 1958 1439 per
1988 1372 2106 1441 Spi-

524 1456 683 1508 ritum
712 1453 974 1525 sanctum]
1016 1453 1356 1510 manifestum
1408 1459 1546 1527 quod
1582 1459 1735 1515 Pater
1767 1471 1819 1516 et
1853 1462 2023 1518 Filius
2053 1474 2107 1518 et

521 1545 749 1615 Spiritus
810 1554 1026 1601 sanctus
1067 1558 1204 1601 unus
1238 1547 1375 1603 Deus
1396 1557 1497 1613 est,
1530 1551 1743 1618 quando
1768 1553 2108 1623 singulariter

519 1635 693 1701 intulit
719 1652 730 1686 :
760 1633 860 1702 ipsi
901 1634 1067 1704 gloria
1106 1637 1159 1689 in
1188 1637 1379 1691 saecula
1411 1640 1749 1695 saeculorum.
1785 1641 1934 1698 Unde
1961 1645 2099 1699 enim

516 1725 680 1792 coepit
727 1723 868 1778 hunc
895 1738 1135 1791 sensum,
1170 1741 1275 1779 non
1316 1724 1429 1781 ait:
1457 1731 1499 1782 υ
1530 1729 1756 1785 altitudo
1793 1731 2094 1788 divitiarum
2130 1722 2173 1780 Β
2203 1742 2343 1809 plum
2368 1744 2417 1798 in
2452 1722 2598 1803 vobis
2626 1760 2708 1805 est
2732 1751 2965 1821 Spiritus

513 1814 791 1882 sapientiae
839 1824 893 1869 et
937 1815 1174 1870 scientia:
1216 1816 1410 1883 Patris,
1440 1827 1531 1872 aut
1576 1818 1721 1888 Filii,
1750 1834 1837 1876 aut
1870 1823 2095 1892 Spiritus

513 1905 702 1971 sancti,
729 1905 821 1959 sed
846 1924 864 1955 t
889 1906 1163 1974 sapientia:
1186 1922 1237 1961 et
1263 1910 1500 1962 scientia:
1520 1909 1639 1964 Dei!
1673 1931 1691 1963 ι
1714 1916 1868 1982 quam
1891 1915 2096 1970 inseru-

512 1995 690 2049 tabilia
719 2005 843 2049 sunt
870 1997 1065 2064 judic'a
1091 1995 1286 2065 ejus,et
1310 1998 1702 2069 invesdgabiles
1750 2004 1846 2058 vize
1883 2004 2089 2074 ipsius!

512 2087 637 2153 Quis
687 2087 826 2141 enim
876 2089 1124 2156 cognovit
1178 2102 1395 2142 sensum
1442 2090 1671 2157 Domini,
1702 2096 1931 2162 autquis
1954 2112 2088 2151 eon-

508 2176 737 2229 siliarins
764 2176 879 2244 ejus
910 2176 1023 2243 fuit,
1052 2178 1273 2246 autqetis
1296 2178 1342 2231 ei
1376 2180 1521 2247 prior
1550 2180 1715 2245 dedit,
1748 2196 1797 2237 et
1829 2186 2091 2241 retribue-

508 2273 591 2319 tur
617 2265 701 2319 ei?
729 2266 977 2333 quoniam
999 2283 1064 2321 ex
1090 2268 1223 2336 ipso,
1252 2278 1307 2323 et
1336 2271 1645 2340 peripsum,
1668 2276 1793 2329 etin
1823 2276 1939 2346 ipso
1967 2289 2088 2335 sunt

507 2357 707 2420 omnia;
742 2358 836 2425 ipsi
868 2357 1033 2424 gloria
1084 2358 1134 2412 iu
1180 2364 1371 2414 saecufa
1422 2362 1761 2419 surculorum.
1797 2369 1987 2423 Amen.
2027 2370 2081 2425 Si

505 2459 675 2501 autem
723 2450 822 2502 hoc
863 2450 930 2504 de
983 2448 1139 2504 Patre
1187 2455 1555 2509 tantummodo
1600 2456 1825 2528 intelligi
1874 2461 2080 2529 volunt,

503 2538 769 2604 quomodo
822 2553 951 2607 ergo
988 2540 1166 2616 omnia
1192 2556 1284 2611 per
1310 2542 1521 2599 Patrem
1550 2556 1693 2613 sunt,
1726 2552 1864 2603 sicut
1892 2552 1979 2607 hic
1999 2554 2081 2608 di-

502 2630 659 2693 citur,
707 2638 761 2684 et
787 2631 963 2684 omnia
998 2646 1092 2699 per
1133 2631 1345 2698 Filium,
1379 2635 1513 2688 sicut
1541 2636 1606 2707 ad
1626 2637 1956 2706 Corinthios,
1985 2644 2075 2698 ubi

501 2721 567 2773 ait
593 2736 607 2771 :
652 2719 713 2773 Et
743 2735 876 2773 unus
920 2721 1171 2775 Dominus
1199 2722 1354 2777 Jesus
1376 2723 1619 2781 Christus
1648 2741 1741 2795 per
1770 2738 2071 2798 quem‘om-

492 2810 617 2881 ‘nia;
646 2824 699 2869 et
725 2814 861 2870 sicut
885 2816 936 2869 in
974 2816 1255 2885 Evangelio
1282 2817 1502 2875 Joannis
1528 2838 1541 2874 :
1567 2822 1754 2877 Omnia
1786 2839 1877 2894 per
1898 2825 2071 2895 ipsum

499 2906 627 2962 facta
655 2907 811 2962 sunt?
842 2907 894 2963 Si
925 2907 1065 2962 enim
1093 2908 1192 2961 alia
1226 2924 1319 2977 per
1344 2910 1574 2977 Patrem,
1599 2913 1702 2967 alia
1739 2930 1834 2983 per
1850 2916 2067 2985 Filium,

495 2994 596 3065 iam
631 3010 735 3049 non
781 2997 959 3049 omnia
993 3011 1086 3064 per
1109 2996 1347 3063 Patrem,
1382 3013 1479 3054 nec
1508 3002 1688 3056 omnia
1720 3018 1814 3073 per
1843 3005 2063 3075 Filium;

494 3086 534 3140 si
557 3096 731 3140 autem
762 3086 940 3140 omnia
969 3101 1061 3155 per
1091 3086 1298 3142 Patrem
1328 3097 1383 3144 et
1411 3091 1588 3145 omnia
1619 3106 1714 3161 per
1736 3094 1949 3170 Filium,
1980 3113 2070 3152 ea-

494 3178 610 3232 dem
666 3193 761 3247 per
808 3177 1018 3231 Patrem
1052 3192 1169 3247 qua:
1201 3193 1296 3247 per
1327 3180 1514 3235 Filium
1541 3199 1555 3247 ;
1588 3186 1810 3254 mqualis
1837 3196 1921 3243 est
1948 3203 2076 3260 ergo

494 3264 635 3322 Patri
687 3267 854 3322 Filius
893 3276 948 3322 et
995 3269 1365 3336 inseparabilis
1422 3276 1663 3340 operatio
1690 3286 1775 3330 est
1819 3278 1996 3334 Patris
2022 3289 2075 3335 et

491 3361 635 3425 Filii,
668 3362 788 3428 quia
836 3360 880 3414 si
918 3362 998 3415 vel
1038 3360 1227 3415 Filium
1264 3362 1389 3417 fecit
1412 3364 1590 3430 Pater,
1619 3382 1777 3435 quem
1807 3385 1911 3423 non
1942 3360 2075 3426 iecit

489 3452 601 3522 ipse
641 3453 827 3517 Filius,
878 3468 983 3505 non
1037 3453 1214 3506 omnia
1260 3469 1354 3522 per
1397 3454 1587 3509 Filium
1644 3457 1781 3512 facta
1830 3469 1971 3526 sunt,
2015 3470 2073 3516 at

490 3547 659 3601 omnia
709 3561 802 3614 per
834 3546 1020 3599 Filium
1054 3544 1187 3599 facta
1215 3556 1357 3599 sunt.
1403 3546 1521 3612 Ipse
1544 3547 1701 3618 igitur
1743 3552 1913 3605 factus
1960 3567 2069 3606 non

488 3646 584 3701 est,
612 3645 669 3689 ut
691 3650 810 3690 cum
836 3636 988 3688 Patre
1012 3634 1209 3689 laceret
1231 3635 1411 3689 omnia
1433 3652 1547 3705 quae
1567 3641 1700 3692 facta
1720 3651 1863 3693 sunt.
1890 3640 2070 3708 Quan-

487 3742 638 3796 quam
669 3741 766 3781 nec
803 3726 869 3779 ab
898 3726 1013 3793 ipso
1055 3725 1231 3781 Verbo
1259 3728 1484 3781 tacuerit
1508 3731 1813 3797 Apostolus,
1843 3743 1889 3785 et
1917 3748 2072 3803 aper-

485 3822 684 3873 tissime
706 3819 921 3873 omnino
953 3817 1147 3873 dixerit
1180 3836 1192 3871 :
1226 3818 1466 3885 Quicum
1498 3820 1548 3873 in
1582 3820 1753 3876 l‘..rma
1783 3822 2068 3904 DJCSICI’

485 3926 584 3965 non
618 3910 852 3977 rapinam
896 3908 1180 3963 arbitratus
1229 3922 1303 3965 est
1363 3922 1485 3964 esse
1528 3911 1748 3979 aequalis
1788 3911 1943 3966 Deo:
1979 3914 2068 3968 hic

484 4004 646 4057 Deum
694 3999 911 4071 proprie
940 4000 1147 4053 Patrem
1194 3998 1491 4068 appellans,
1525 4001 1663 4055 sicut
1690 4002 1862 4057 alibi:
1897 4003 2063 4074 Caput

482 4103 657 4148 autem
686 4091 884 4145 Christi
937 4091 1073 4156 Deus
1108 4107 1121 4145 :
1152 4090 1398 4145 similiter
1424 4100 1479 4145 et
1518 4091 1585 4146 de
1633 4092 1834 4161 Spiritu
1879 4108 2065 4150 sancto

482 4185 698 4238 collecta
746 4189 870 4234 sunt
915 4181 1244 4244 testimonia,
1295 4182 1486 4249 quibus
1515 4194 1639 4236 ante
1688 4197 1787 4236 nos
1816 4186 1907 4250 qui
1949 4186 2063 4241 tunc

481 4271 881 4344 disputaverunt
934 4271 1287 4325 abundantius
1336 4271 1414 4325 usi
1471 4283 1617 4336 sunt,
1670 4273 1788 4342 quia
1840 4284 1893 4328 et
1945 4275 2061 4343 ipse

483 4368 639 4431 Deus,
696 4373 751 4420 et
795 4380 899 4418 non
952 4370 1193 4417 creatura
1221 4381 1232 4415 :
1260 4362 1399 4430 quod
1448 4364 1493 4416 si
1526 4379 1630 4416 non
1654 4375 1919 4429 creatura,
1950 4381 2054 4421 non

1608 253 1666 308 D.
1711 255 2030 313 EUGYPPII
2074 262 2363 321 ABBATIS
2405 270 2727 331 AFRICANI

544 358 821 424 sanctum!
842 359 1015 433 [Cum]
1038 363 1160 417 item
1180 362 1304 415 dicit
1324 360 1461 415 idem
1480 366 1772 432 apostolus,
1794 366 1957 423 Nobis
1980 386 2116 427 unus
2142 378 2194 436 Α
2222 378 2311 432 tali

3692 298 3769 349 ςοι

2334 386 2589 441 servitute
2622 397 2882 445 creaturas
2924 395 3134 453 servire
3171 400 3535 470 prohibemur,
3560 411 3767 476 quando-

2232 470 2448 535 quidem
2495 475 2692 531 dictum
2726 490 2828 549 est,
2865 483 3143 541 Dominum
3186 490 3351 545 Deum
3385 502 3529 546 tuum
3556 470 3767 554 adorabis

2226 568 2284 629 ct
2312 564 2390 616 illi
2414 566 2512 619 soli
2556 572 2779 635 servies,
2815 575 2955 630 unde
2984 587 3038 631 et
3064 581 3354 649 Apostolus
3385 584 3670 643 detestatur
3691 606 3765 645 eos

2227 654 2315 720 qui
2368 655 2645 712 coluerunt
2694 671 2747 716 et
2793 667 3094 723 servierunt
3139 684 3402 731 creatura:
3433 679 3605 744 potius
3631 696 3759 750 quam

2224 744 2483 811 creatori;
2528 763 2633 801 non
2665 761 2747 805 est
2794 756 2975 824 utique
3021 770 3261 816 creatura
3291 763 3519 833 Spiritus
3558 744 3759 835 sanctus,

2223 833 2303 883 cui
2336 834 2403 889 ab
2432 839 2676 893 omnibus
2719 846 2920 899 sanctis
2974 848 3091 901 talis
3120 852 3351 906 servitus
3379 858 3669 926 exhibetur,
3693 833 3759 914 di?

2221 933 2375 979 cente
2405 928 2659 996 Apostolo
2687 950 2699 984 :
2726 932 2833 990 Nos
2874 938 3021 993 enim
3063 955 3249 994 sumus
3286 945 3631 1013 circumcisio,
3662 950 3761 1022 δοες

2219 1014 2341 1069 ritui
2375 1018 2465 1073 Dei
2494 1023 2810 1091 servientes,
2834 1029 2974 1097 quod
3003 1040 3085 1084 est
3119 1030 3168 1085 in
3203 1034 3392 1090 Graece
3445 1014 3753 1112 λατρεύπτξςξ

2218 1101 2404 1161 Plures
2450 1111 2593 1165 enim
2635 1115 2847 1171 codices
2887 1119 3046 1173 etiam
3098 1121 3269 1177 Latini
3313 1128 3392 1181 sic
3434 1101 3751 1198 habehtzoai

2217 1192 2415 1261 Spiritu
2453 1197 2543 1253 Dei
2579 1203 2875 1274 servimus;
2903 1206 3071 1264 Graeci
3102 1224 3276 1267 autem
3320 1230 3505 1273 omnes
3533 1232 3611 1273 aut
3640 1192 3751 1291 prae

2214 1296 2418 1340 omnes.
2470 1290 2524 1342 In
2552 1296 2821 1351 nonnullis
2848 1310 3024 1354 autem
3056 1306 3450 1375 exemplaribus
3470 1309 3658 1366 Latinis
3684 1315 3747 1368 in-

2213 1378 2477 1450 venimus,
2503 1400 2627 1452 non,
2650 1388 2864 1457 Spiritui
2890 1392 2978 1448 Dei
3001 1398 3279 1461 servimus,
3306 1398 3421 1468 sed,
3444 1401 3629 1479 Spiritu
3656 1406 3744 1463 Deo

2209 1473 2490 1531 servimus.
2523 1479 2628 1534 Sed
2672 1483 2761 1551 qui
2807 1484 2860 1539 in
2885 1487 2984 1542 hoc
3012 1501 3217 1558 errant,
3247 1504 3302 1549 et
3328 1473 3615 1552 auctoritati
3641 1516 3741 1571 gra-

2209 1560 2343 1617 viori
2398 1567 2588 1625 cedere
2616 1570 2936 1642 detrectant,
2967 1580 3202 1650 nunquid
3233 1592 3287 1637 et
3320 1584 3447 1639 illud
3480 1560 3665 1643 varium
3691 1592 3733 1643 in

2207 1652 2479 1711 codicibus
2505 1662 2776 1728 reperiunt
2801 1682 2813 1717 :
2841 1664 3063 1723 Nescitis
3079 1671 3199 1739 quia
3217 1686 3441 1741 corpora
3455 1692 3611 1733 veStra
3624 1690 3735 1735 tem-

3198 1776 3357 1830 quem
3372 1764 3599 1821 habetisa
3614 1769 3733 1824 Deo!

2197 1833 2332 1899 Quid
2369 1846 2549 1928 autem
2579 1841 2819 1898 insanius
2846 1847 3117 1919 magisque
3138 1853 3451 1924 sacrilegum
3478 1866 3569 1922 est,
3596 1875 3727 1928 quasi

2198 1932 2253 1976 ut
2293 1926 2567 1997 quisquam
2588 1930 2767 2009 dicere
2792 1936 2985 1991 audeat
3014 1940 3250 2008 membra
3282 1945 3475 2003 Christi
3502 1926 3723 2019 templum

2194 2027 2313 2068 esse
2339 2028 2600 2076 creatura:
2628 2025 2871 2095 minoris,
2898 2030 3189 2087 secundum
3220 2035 3363 2102 ipsos
3384 2052 3534 2107 quam
3569 2040 3724 2096 Chris-

2192 2112 2277 2158 tus
2306 2115 2387 2161 est
2407 2108 2436 2182 ἵ,
2453 2108 2576 2166 Alio
2602 2115 2746 2168 enim
2775 2115 2896 2171 loco
2920 2118 3049 2174 dicit
3082 2139 3095 2172 :
3126 2119 3363 2192 Corpora
3384 2138 3549 2183 vestra
3576 2146 3722 2184 tuem-

2189 2194 2285 2251 bra
2318 2210 2441 2253 sunt
2461 2199 2657 2258 Christi
2688 2222 2702 2258 :
2731 2208 2776 2260 si
2802 2216 2980 2265 autem
3002 2225 3120 2281 qua
3146 2216 3384 2270 membra
3412 2228 3525 2271 sunt
3551 2217 3719 2275 Christi

2190 2288 2445 2357 templum
2468 2302 2549 2347 est
2570 2292 2801 2364 Spiritus
2830 2301 3021 2366 sancti,
3053 2318 3157 2357 non
3183 2316 3270 2361 est
3295 2305 3516 2377 Spiritus
3536 2322 3719 2365 sanctas

2186 2386 2450 2448 creatura,
2479 2382 2601 2451 quia
2646 2386 2735 2441 cui
2758 2400 2953 2457 corpus
2982 2401 3219 2447 nostrum
3250 2396 3496 2469 templum
3522 2400 3714 2454 exhibe.

2184 2480 2323 2532 mus,
2374 2485 2594 2528 necesse
2621 2483 2705 2530 est
2736 2485 2794 2530 ut
2811 2477 2933 2551 huic
2962 2494 3079 2535 eam
3106 2484 3419 2541 servitutem
3441 2486 3711 2556 debeamus,

2181 2571 2285 2627 qua
2323 2573 2429 2615 non
2467 2564 2571 2618 nisi
2604 2563 2710 2620 Deo
2726 2569 3068 2645 serviendum
3096 2582 3201 2638 est,
3228 2590 3351 2643 qua:
3366 2575 3540 2632 Graece
3558 2580 3713 2647 appel-

2178 2648 2316 2703 latur
2361 2648 2586 2729 λατρεία.
2631 2656 2781 2712 Unde
2823 2673 3212 2732 consequenter
3248 2666 3379 2721 dicit
3407 2684 3421 2719 :
3450 2666 3713 2731 Gloriﬁate

2175 2755 2302 2811 ergo
2322 2753 2373 2795 et
2400 2754 2603 2817 portate
2660 2752 2824 2805 Deum
2853 2751 2904 2805 in
2934 2768 3159 2821 corpore
3184 2764 3386 2815 vestro.

2675 2880 2898 2940 CAPUT
2937 2883 3239 2942 CCXXXV.

2176 2944 2322 3065 Quod
2335 2999 2411 3065 un
2433 2988 2635 3065 genitus
2652 2986 2748 3065 Dei
2768 2989 2818 3065 Γ
2820 2992 2937 3065 ilius
2959 3006 3162 3065 propter
3185 2997 3404 3065 farm
3428 2998 3547 3054 uerri
3562 3001 3701 3056 ab.

2244 3051 2401 3139 Putre
2422 3051 2745 3139 digammon}
2766 3063 2821 3114 in
2843 3051 3011 3132 [arma
3042 3051 3139 3119 Dei
3161 3051 3373 3137 liquati:

2246 3124 2420 3176 eodem
2443 3126 2592 3215 (libro,
2614 3124 2691 3181 tit.
2712 3131 2762 3182 7.

2246 3256 2341 3312 His
2367 3270 2424 3313 et
2451 3260 2641 3317 talibus
2663 3262 2955 3320 divinarum
2982 3268 3376 3339 Scripturarum
3401 3275 3695 3341 tesdmouiis,

2175 3347 2382 3415 quibus,
2418 3357 2475 3402 ut
2500 3350 2630 3417 dixi,
2658 3355 2861 3423 priores
2885 3357 3155 3427 copiosius
3180 3362 3283 3426 usi,
3312 3374 3700 3435 expugnaverunt

2176 3436 2553 3495 haereticorum
2587 3443 2717 3497 tales
2748 3445 3037 3501 calumnias
3072 3448 3158 3504 vel
3187 3464 3418 3520 errores,
3446 3454 3697 3509 insinuatur

2177 3530 2298 3587 ﬁdei
2332 3546 2530 3588 nostrae
2560 3538 2753 3601 unitas,
2781 3548 2833 3593 et
2862 3540 3140 3609 aequalitas
3165 3540 3459 3600 Trinitatis.
3482 3545 3575 3600 Sed
3596 3545 3695 3615 quia

2175 3626 2337 3679 multa
2373 3627 2430 3681 in
2462 3632 2660 3684 sanctis
2706 3631 2860 3686 libris
2890 3616 3107 3702 propter
3132 3636 3540 3693 incarnationem
3568 3638 3693 3694 Verbi

2160 3716 2288 3781 Dei,
2321 3732 2439 3787 qua:
2477 3735 2574 3790 pro
2615 3723 2789 3778 salute
2829 3734 3011 3779 nostra
3050 3727 3341 3795 reparanda
3376 3731 3503 3785 facta
3538 3738 3625 3794 est.
3651 3738 3698 3783 ut

2172 3809 2433 3865 mediator
2478 3810 2573 3866 Dei
2618 3820 2675 3867 et
2719 3814 2990 3869 hominum
3020 3826 3163 3871 esset
3194 3820 3355 3873 homo
3382 3820 3603 3875 Christus
3625 3822 3697 3877 Je-

2170 3915 2283 3962 sus,
2302 3902 2369 3961 ita
2391 3901 2659 3969 dicuntur,
2675 3916 2732 3958 ut
2752 3907 3006 3981 mpjorem
3029 3908 3163 3963 Filio
3186 3909 3397 3967 Patrem
3418 3913 3694 3982 signiﬁcent,

2168 3992 2254 4048 vel
2278 3994 2437 4047 etiam
2468 3996 2798 4062 apertissime
2822 3998 3140 4066 ostendant;
3160 4014 3468 4056 erraverunt
3488 4002 3695 4056 homines

2116 4094 2119 4097 ‘
2169 4086 2347 4139 minus
2376 4087 2656 4153 diligenter
2682 4097 2982 4143 scrutantes
3009 4092 3089 4144 vel
3122 4091 3391 4147 intuentes
3427 4094 3689 4147 universam

2165 4177 2357 4230 seriem
2387 4175 2808 4244 Scripturarum,
2835 4187 2889 4233 et
2917 4194 2978 4232 ea
3009 4194 3127 4247 qua:
3150 4180 3218 4234 de
3246 4180 3457 4235 Cbristo
3482 4184 3593 4236 Jesu
3623 4196 3692 4235 sc-

2164 4265 2394 4319 cundum
2415 4266 2683 4321 hominem
2706 4266 2847 4322 dicta
2866 4275 3008 4335 sunt,
3023 4268 3087 4321 ad
3105 4268 3219 4337 ejus
3242 4270 3575 4325 substantiam
3593 4284 3688 4339 qua

2163 4367 2287 4413 ante
2305 4360 2715 4413 incarnationem
2734 4360 3057 4426 sempitvrua
3076 4370 3208 4425 erat,
3222 4366 3589 4431 etsempiterna
3603 4370 3688 4427 est,

482 4466 683 4511 tantum
729 4458 891 4519 υευς,
943 4470 1065 4508 nam
1118 4463 1171 4509 ρι
1220 4455 1461 4509 homines
1506 4455 1634 4509 dicti
1675 4467 1798 4511 sum
1839 4458 1933 4523 dii,
1962 4459 2054 4512 sed
2087 4444 2137 4503 Ι)
2163 4449 2449 4503 transferre
2479 4450 2653 4503 conati
2698 4458 2839 4504 sunt.
2866 4450 2934 4505 Et
2965 4452 3036 4504 illi
3067 4452 3285 4519 quidem
3326 4454 3687 4517 tlicunt,mino-

482 4549 640 4603 etiam
658 4560 812 4602 verus
834 4546 993 4601 Dcus.
1022 4547 1156 4614 Ergo
1180 4544 1321 4599 Patri
1346 4556 1399 4601 et
1418 4545 1552 4601 Filio
1577 4562 1794 4616 prorsus
1817 4550 2057 4617 aequalis,

482 4639 611 4691 etin
642 4638 912 4690 Trinitatis
938 4638 1138 4690 unitate
1162 4637 1628 4692 consubstantialis
1649 4647 1705 4693 et
1724 4650 2052 4709 coaeternus;

484 4728 714 4783 maxime
771 4742 895 4780 vero
950 4726 1040 4781 illo
1097 4727 1213 4780 loco
1260 4727 1391 4781 satis
1438 4728 1626 4793 claret,
1660 4729 1797 4798 quod
1828 4730 2054 4800 Spiritus

482 4828 700 4874 sanctus
746 4832 851 4869 non
897 4818 967 4871 sit
1015 4826 1279 4881 creatura,
1314 4818 1399 4870 ubi
1440 4817 1691 4887 jubemur
1720 4834 1823 4873 non
1855 4822 2054 4876 servire

482 4918 761 4975 creatum,
812 4906 903 4960 sed
960 4908 1207 4974 creatori,
1244 4923 1350 4961 non
1390 4923 1456 4961 eo
1487 4907 1645 4961 modo
1671 4923 1775 4977 quo
1803 4911 2053 4978 juliemur

483 5018 578 5072 per
606 5000 917 5055 charitatem
949 5002 1147 5053 servire
1177 5000 1423 5065 inrtcetn,
1448 5001 1609 5070 {quod
1640 5013 1719 5055 est
1740 5018 1909 5071 grtcce
1937 5004 2053 5061 δον·

480 5091 660 5157 λιύιιν,
689 5088 782 5142 scd
840 5102 905 5141 eo
939 5084 1094 5137 modo
1116 5084 1166 5155 [θ
1205 5102 1463 5143 converso
1509 5088 1689 5160 modo]
1718 5106 1821 5157 quo
1852 5100 2051 5149 tantum

481 5181 591 5236 Deo
620 5180 866 5240 servitur,
904 5174 1044 5245 quod
1090 5184 1171 5228 est
1214 5190 1382 5241 grtecc
1410 5178 1689 5252 λατρεύειν,
1721 5181 1859 5234 unde
1888 5182 2053 5237 idolo-

481 5272 631 5327 latine
679 5269 943 5330 dicuntur,
976 5268 1063 5336 qui
1096 5266 1391 5321 simulacris
1417 5283 1531 5322 eam
1569 5272 1877 5325 servitutem
1902 5277 2051 5329 exhi-

485 5366 626 5425 bent,
674 5376 789 5429 qua:
821 5360 1039 5413 debetur
1092 5358 1231 5421 Deo';
1265 5358 1551 5413 secundum
1582 5362 1689 5431 28
1721 5363 1857 5417 hanc
1906 5367 2046 5419 enim

484 5454 787 5506 servitutem
812 5450 1003 5504 dictum
1024 5460 1104 5504 est
1123 5468 1135 5503 ;
1156 5449 1438 5502 Dominum
1460 5450 1618 5504 Deum
1640 5463 1783 5506 tuntn
1800 5455 1931 5509 adur
1950 5459 2047 5511 -bis

480 5552 534 5596 et
563 5543 637 5597 illi
672 5542 769 5595 soli
802 5540 1021 5594 servies.
1056 5539 1186 5593 Nam
1216 5537 1310 5610 [et]
1342 5538 1441 5592 hoc
1464 5538 1760 5597 distinmius
1789 5546 1837 5597 iu
1865 5544 2047 5600 Grtnca

481 5634 739 5702 scriptura
765 5611 1034 5685 invenitur
1056 5647 1069 5696 ;
1091 5632 1385 5707 λατρεύσεις
1410 5630 1549 5687 cnim
1581 5633 1757 5688 habet.
1792 5634 1958 5691 Porro
2001 5641 2045 5692 si

2162 4559 2277 4598 rem
2306 4560 2425 4598 esse
2456 4545 2646 4599 Filium
2679 4562 2835 4610 quam
2869 4546 3029 4621 Pater.
3052 4556 3152 4612 est,
3180 4552 3301 4618 quia
3330 4552 3568 4617 srriptum
3602 4556 3685 4609 est,

2162 4637 2278 4704 ipso
2323 4637 2544 4692 Domino
2590 4638 2799 4693 dicente
2841 4655 2854 4691 :
2898 4639 3055 4693 Pater
3082 4639 3249 4709 major
3280 4656 3365 4695 me
3388 4650 3485 4695 est.
3515 4638 3687 4693 Veritas

2160 4739 2336 4785 autem
2367 4732 2631 4797 ostendit,
2660 4735 2948 4787 secundum
2978 4735 3134 4787 istum
3166 4735 3411 4799 modum,
3439 4736 3581 4790 etiam
3618 4746 3686 4787 se-

2161 4824 2279 4894 ipso
2306 4825 2562 4879 minorem
2598 4824 2823 4891 Filium;
2852 4827 3117 4892 quomodo
3146 4829 3289 4880 enim
3322 4844 3423 4881 non
3451 4827 3593 4881 etiam
3618 4838 3686 4877 se-

2155 4916 2274 4985 ipso
2306 4919 2478 4971 minor
2507 4916 2675 4971 factus
2701 4926 2800 4982 est,
2825 4918 2912 4985 qui
2939 4921 3279 4985 semetipsum
3305 4918 3577 4973 exinanirit
3597 4916 3685 4969 ior-

2157 5024 2296 5063 mam
2320 5008 2457 5063 servi
2485 5008 2785 5076 accipiens?
2806 5008 2982 5078 Neque
3003 5012 3143 5063 enim
3171 5011 3249 5062 sic.
3272 5012 3471 5078 accepit
3494 5007 3681 5061 [oratam

2155 5100 2328 5162 servi,
2358 5112 2412 5152 ut
2442 5100 2709 5153 amitteret
2743 5099 2963 5153 formam
2998 5100 3122 5165 Dei,
3151 5101 3203 5153 in
3234 5115 3335 5169 qua
3365 5108 3471 5155 erat
3497 5095 3681 5165 alisalis

2156 5187 2320 5243 Patri.
2350 5189 2402 5243 Si
2451 5204 2577 5258 ergo
2626 5190 2702 5243 ita
2739 5201 2953 5259 accepta
3002 5200 3085 5243 est
3134 5191 3302 5244 forma
3346 5191 3677 5253 serri,utnoa

2154 5279 2488 5333 amitteretur
2518 5279 2682 5333 forma
2714 5280 2829 5345 Dei,
2860 5295 2979 5333 cum
3025 5290 3080 5335 et
3124 5282 3176 5335 in
3222 5281 3384 5335 forma
3416 5281 3542 5334 servi
3567 5277 3673 5332 etin

2152 5368 2317 5422 lorma
2352 5369 2442 5423 Dei
2480 5370 2616 5424 idem
2663 5370 2775 5437 ipse
2796 5370 2863 5424 sit
2892 5371 3052 5425 Filius
3080 5366 3377 5441 unigenitns
3406 5372 3489 5425 Dei
3517 5368 3671 5427 Patris,

2153 5460 2205 5513 in
2235 5460 2397 5513 fortun
2431 5461 2519 5514 Dei
2552 5462 2765 5530 aequalis
2797 5460 2961 5526 Patri,
2992 5464 3042 5515 in
3074 5462 3244 5515 forma
3276 5464 3411 5518 servi
3456 5458 3669 5515 mediator

2156 5550 2247 5605 Dei
2273 5562 2327 5604 et
2354 5552 2622 5606 hominum
2640 5593 2654 5618 ,
2682 5552 2839 5606 homo
2862 5554 3102 5607 Christus
3138 5552 3328 5621 Jesus;
3352 5552 3463 5623 quis
3489 5565 3580 5606 nun
3604 5547 3662 5601 in-

2154 5641 2351 5711 telligat
2382 5640 2518 5713 quod
2567 5646 2618 5698 in
2666 5644 2832 5699 forma
2881 5643 2972 5698 Dei
3018 5644 3177 5700 etiam
3206 5644 3322 5714 ipse
3348 5646 3512 5715 scitus
3534 5638 3670 5707 maio!
