3904 6224
530 251 628 304 937

1590 251 1648 304 D.
1695 247 2010 305 EUGYPPII
2052 248 2339 304 ABDATIS
2380 245 2700 303 AFRICANI

3675 248 3766 301 908

528 363 873 434 quoadusque
897 364 1142 418 Cluistus
1171 366 1220 417 in
1252 370 1457 417 secreto
1485 375 1580 415 suo
1606 369 1716 425 est;
1738 363 1855 428 quia
1883 361 1985 414 vita
2015 375 2107 413 no-
2137 363 2184 420 Α
2215 362 2372 430 nique
2416 368 2630 430 propter
2677 360 2840 428 ipsam
2890 357 3428 425 inseparabilitatem,
3460 359 3768 416 sufﬁcienter

529 468 634 509 stra
659 454 879 526 [vestra]
906 455 1210 508 abscondita
1236 461 1318 508 est
1340 467 1461 506 cum
1489 452 1702 506 Chrism
1732 451 1783 504 in
1805 452 1944 505 Deo:
1967 447 2098 505 Cum

533 546 796 611 Christus,
823 546 1011 612 inquit,
1037 544 1343 612 apparuerit
1361 545 1466 597 vita
1498 552 1674 597 nostra
1710 542 1952 615 [vestra],
1979 551 2102 595 tunc

533 645 587 687 et
610 650 705 688 vos
735 633 1055 702 apparebitis
1077 649 1193 688 Clltll
1219 635 1333 701 ipso
1355 634 1405 688 in
1430 633 1614 704 gloria.
1636 633 1785 699 Quod
1815 643 2098 702 antequam

533 724 620 776 ﬁat
642 723 877 776 videmus
909 737 1047 776 nunc
1078 737 1170 790 per
1193 724 1469 792 speculum
1497 723 1547 776 in
1573 724 1876 791 aenigmate,
1902 721 2002 776 hoc
2021 729 2103 775 est

530 815 579 866 in
611 809 1068 874 similitudinibus,
1097 821 1221 865 tunc
1251 821 1428 868 autem
1461 812 1594 865 facie
1624 813 1688 865 ad
1721 811 1906 865 faciem
1943 828 1955 861 :
1990 811 2103 864 haec

528 904 668 956 enim
710 903 862 956 nobis
903 902 1286 971 contemplatio
1327 903 1648 972 promittitur
1690 903 1956 954 actionum
1988 913 2101 953 om-

527 992 666 1046 nium
714 993 852 1058 ﬁnis,
884 1002 1042 1064 atque
1084 1004 1284 1048 aeterna
1327 994 1579 1062 perfectio
1617 991 1946 1060 gaudiorum.
1982 990 2106 1051 Filii

526 1083 664 1135 cnim
699 1082 790 1136 Dei
814 1092 1086 1150 sumus,et
1110 1084 1342 1140 nondum
1368 1082 1610 1150 apparuit
1635 1079 1773 1150 quod
1803 1079 1975 1152 [quid]
1999 1080 2103 1135 eri-

527 1185 642 1223 mus
671 1187 685 1222 :
717 1171 916 1226 scimus
947 1169 1134 1243 [enim]
1163 1174 1282 1242 quia
1325 1186 1443 1225 cum
1480 1171 1785 1239 apparuerit
1814 1171 2014 1225 simi'es
2054 1171 2101 1225 ei

526 1261 757 1324 erimus,
801 1263 1049 1332 quoniam
1100 1263 1391 1316 videbimus
1439 1277 1558 1316 eum
1606 1261 1763 1315 sicuti
1811 1269 1908 1316 est.
1953 1261 2102 1328 Quod

529 1352 672 1406 enim
709 1351 843 1406 dixit
873 1353 1070 1407 famulo
1091 1368 1187 1408 suo
1211 1353 1398 1423 Moysi,
1424 1353 1532 1421 Ego
1566 1368 1684 1405 sum
1708 1354 1794 1421 qui
1817 1368 1963 1417 sum;
1992 1351 2105 1406 haec

530 1441 677 1497 dices
720 1444 838 1496 filiis
880 1443 1075 1508 Israel,
1118 1443 1218 1509 Qui
1269 1454 1370 1507 est,
1410 1443 1550 1497 misit
1601 1458 1684 1496 me
1730 1443 1794 1497 ad
1845 1457 1976 1497 vos:
2004 1441 2105 1496 hoc

531 1535 1038 1601 contemplabimur,
1071 1550 1191 1589 cum
1221 1535 1518 1591 videbimus
1549 1532 1830 1607 [vivemus]
1863 1534 1914 1588 in
1944 1543 2101 1588 arter-

529 1639 675 1679 num.
709 1623 783 1677 ita
814 1624 1010 1693 quippe
1049 1626 1142 1679 ait.
1178 1625 1301 1679 Haec
1329 1633 1413 1680 est
1438 1635 1614 1681 autem
1648 1627 1751 1680 vita
1782 1638 2014 1690 aeterna,
2046 1633 2104 1679 ut

2204 451 2487 519 aliquando
2523 450 2849 515 nominatur,
2877 449 2960 504 vel
2991 450 3149 504 Pater
3178 450 3344 517 solus,
3372 451 3454 505 vel
3496 451 3661 507 E'itius
3685 467 3765 507 ao-

2207 541 2307 607 lus,
2327 540 2710 607 adimpleturus
2737 555 2834 594 nos
2862 541 3042 595 laetitia
3067 557 3187 596 cum
3211 544 3357 596 vultu
3383 557 3496 596 suo.
3521 542 3631 597 Nec
3660 545 3765 598 inde

2203 639 2479 697 separatur
2521 632 2795 701 utriusque
2843 633 3105 701 Spiritus,
3138 634 3188 688 id
3232 646 3312 689 est
3357 635 3524 689 Patris
3563 647 3619 690 et
3662 636 3763 690 Filii

2203 720 2451 787 Spiritus.
2482 721 2582 788 Qui
2615 723 2846 792 Spiritus
2877 735 3092 780 sanctus
3123 727 3337 794 proprie
3366 727 3577 793 dicitur,
3612 728 3766 796 Spiri-

2205 819 2288 864 tus
2316 811 2575 879 veritatis,
2602 824 2760 883 quem
2795 814 2878 869 hic
2909 816 3137 869 mundus
3166 819 3412 886 accipere
3436 834 3538 874 non
3571 828 3764 888 petest;

2207 900 2307 955 hoc
2334 912 2416 956 est
2440 904 2581 958 enim
2613 904 2821 972 plenum
2853 905 3101 974 gaudium
3132 916 3396 971 nostrum,
3422 924 3527 977 quo
3548 911 3762 979 amplius

2207 1007 2311 1045 non
2344 1003 2454 1056 εει,
2490 994 2591 1049 frui
2625 996 2869 1067 [scilicet]
2902 996 3158 1051 Trinitate
3188 997 3296 1052 Deo
3323 999 3388 1051 ad
3418 1000 3569 1068 cujus
3594 1001 3761 1070 imagi-

2207 1096 2326 1136 nem
2358 1082 2479 1137 facti
2525 1099 2726 1138 sumus.
2761 1086 2983 1155 Propter
3014 1086 3112 1141 hoc
3137 1087 3420 1156 aliquando
3448 1090 3517 1142 ita
3548 1090 3764 1159 loquitur

2205 1171 2271 1227 de
2297 1171 2496 1241 Spiritu
2523 1185 2728 1239 saneto,
2751 1187 2996 1247 tanquam
3023 1178 3136 1247 ipse
3157 1181 3304 1232 solu:
3327 1180 3550 1235 sufﬁciat
3572 1182 3634 1235 ad
3657 1183 3764 1237 bea-

2208 1263 2486 1321 titudinem
2512 1278 2765 1332 nostram,
2784 1279 2838 1324 et
2863 1269 2982 1324 ideo
3005 1270 3150 1324 solus
3175 1271 3523 1340 sufﬁcit,quia
3543 1276 3764 1339 separari

2205 1369 2236 1407 a
2277 1353 2435 1410 Patre
2464 1365 2516 1411 et
2548 1357 2677 1413 Filio
2710 1374 2813 1412 non
2846 1367 3019 1428 pote~t
3058 1375 3072 1412 :
3114 1362 3251 1414 sicut
3280 1361 3432 1415 Pater
3460 1362 3604 1415 solus
3633 1364 3764 1416 sufﬁ-

2207 1443 2315 1508 cit,
2347 1445 2469 1512 quia
2501 1448 2738 1515 separari
2771 1462 2798 1500 a
2831 1448 2962 1502 Filio
2992 1457 3047 1503 et
3076 1449 3275 1517 Spiritu
3320 1459 3501 1504 sancto
3543 1466 3645 1504 non
3685 1466 3764 1518 po~

2209 1541 2333 1589 test.
2372 1535 2436 1588 Et
2482 1533 2645 1588 Filius
2695 1535 2815 1590 ideo
2857 1536 3055 1590 sufﬁcit
3096 1537 3266 1602 solus,
3303 1538 3424 1606 quia
3473 1539 3702 1606 separari
3740 1554 3762 1589 a

2210 1621 2364 1677 Patre
2391 1633 2446 1679 et
2474 1625 2675 1693 Spiritu
2721 1636 2908 1680 sancto
2957 1641 3062 1680 non
3107 1636 3304 1695 porest.
3330 1627 3464 1693 Quid
3505 1629 3646 1682 cnim
3679 1631 3766 1681 sibi

527 1722 850 1780 cognoscant
890 1723 943 1770 te
981 1717 1152 1769 solum
1184 1731 1365 1771 verum
1398 1716 1583 1783 Deum,
1614 1725 1669 1773 et
1708 1731 1864 1787 quem
1908 1715 2098 1770 misisti
2132 1716 2177 1775 Β
2204 1716 2314 1770 vult
2339 1717 2480 1785 quod
2513 1718 2586 1770 ait
2616 1736 2628 1769 :
2659 1719 2712 1771 Si
2743 1717 2963 1787 diligitis
2995 1734 3098 1781 me,
3132 1719 3378 1772 mandata
3406 1734 3518 1773 mea
3547 1730 3762 1783 servate,

527 1804 707 1860 Jcsum
738 1805 1027 1859 Christum.
1059 1805 1168 1861 lloc
1211 1806 1301 1861 fiet
1335 1822 1454 1860 cum
1498 1808 1705 1862 venerit
1747 1807 2025 1870 Dominus,
2053 1816 2109 1858 et
2209 1810 2266 1856 et
2293 1818 2390 1873 ego
2422 1806 2620 1875 rogabo
2652 1804 2882 1874 Patrem,
2913 1815 2966 1860 et
2997 1806 3156 1859 alium
3186 1806 3496 1861 advocatum
3524 1807 3668 1861 dabit
3690 1824 3765 1861 vo-

532 1895 917 1949 illuminaverit
941 1897 1149 1950 occulta
1180 1898 1537 1964 tenebrarum,
1561 1909 1681 1951 cum
1715 1897 1944 1952 tenebrae
1966 1910 2108 1950 mor-
2208 1892 2319 1958 bis,
2346 1908 2397 1947 ut
2435 1894 2708 1950 vobiscum
2736 1896 2806 1950 sit
2834 1897 2886 1950 in
2919 1904 3210 1962 :eternum,
3239 1897 3490 1966 Spiritum
3522 1902 3763 1960 veritatis,

531 1991 746 2046 talitatis
775 1991 928 2061 hujus
959 1992 1420 2060 corruptionisque
1445 1992 1746 2046 transierint
1771 2008 1785 2045 :
1817 1999 1937 2044 tunc
1965 1990 2105 2045 enim
2210 1998 2365 2052 quem
2393 1984 2478 2038 hic
2509 1986 2737 2040 mundus
2766 1988 3009 2057 aecipere
3034 2003 3138 2042 non
3170 1997 3362 2057 potest,
3391 1988 3440 2042 id
3469 1990 3765 2046 estdileeto-

535 2100 690 2139 mane
717 2091 974 2147 nostrum,
996 2083 1062 2138 de
1089 2099 1193 2151 quo
1222 2083 1272 2136 iu
1301 2083 1512 2138 Psalmo
1541 2083 1769 2138 dicitur:
1799 2083 1946 2136 Mane
1969 2092 2110 2135 asta-
2209 2089 2296 2130 res
2334 2075 2558 2130 mundi?
2600 2078 2846 2132 animalis
2885 2079 3026 2133 enim
3070 2078 3232 2133 homo
3273 2087 3381 2133 non
3422 2081 3638 2149 percipit
3664 2096 3766 2150 qua:

536 2176 604 2227 bo
645 2175 735 2228 tibi
765 2185 818 2228 et
848 2173 1268 2242 contemplabor.
1300 2173 1370 2226 De
1418 2173 1518 2227 hac
1556 2173 2002 2241 contemplatione
2031 2171 2107 2224 in-
2210 2174 2335 2218 sunt
2366 2165 2595 2233 Spiritus
2638 2166 2752 2221 Dei.
2787 2167 2890 2222 Sed
2934 2168 3106 2223 adhuc
3147 2167 3315 2223 videri
3361 2179 3533 2238 potest
3562 2171 3674 2224 ideo
3700 2173 3765 2224 di-

2210 2265 2353 2310 etum
2396 2273 2408 2308 :
2445 2257 2506 2310 Et
2538 2272 2636 2326 ego
2680 2259 2879 2327 rogabo
2907 2260 3117 2314 Patrem
3137 2300 3152 2325 ,
3182 2269 3237 2314 et
3265 2261 3431 2314 alium
3473 2263 3764 2316 advocatum

2211 2346 2359 2401 dabit
2388 2347 2539 2401 vobis
2567 2348 2646 2420 [ut
2678 2351 2950 2404 vobiscum
2981 2351 3048 2406 sit
3078 2352 3129 2406 in
3159 2350 3472 2422 aeternum],
3506 2356 3648 2422 quasi
3675 2371 3764 2408 non

2213 2436 2440 2492 sufﬁciat
2466 2437 2614 2492 solus
2646 2439 2829 2493 Filius.
2863 2441 2958 2494 lllo
2987 2449 3161 2495 autem
3207 2441 3327 2496 loco
3368 2442 3436 2495 ita
3478 2443 3544 2499 de
3585 2445 3671 2497 illo
3694 2444 3764 2496 di-

2213 2536 2355 2582 ctum
2387 2537 2505 2595 est,
2535 2537 2783 2598 tanquam
2817 2531 2962 2587 solus
2992 2533 3212 2586 omnino
3243 2532 3473 2588 sufﬁciat
3501 2551 3517 2588 :
3547 2534 3670 2589 Cum
3691 2550 3764 2588 ve-

2215 2619 2353 2672 nerit
2385 2618 2473 2673 ille
2500 2619 2732 2686 Spiritus
2757 2621 2996 2676 veritatis
3013 2663 3028 2688 ,
3054 2623 3266 2678 docebit
3293 2639 3390 2678 vos
3413 2639 3617 2681 omnem
3649 2626 3764 2680 veri-

2216 2717 2394 2762 tatem.
2425 2707 2671 2779 Nunquid
2692 2726 2822 2781 crgo
2851 2721 3132 2780 separatur
3159 2714 3282 2766 hinc
3310 2713 3352 2768 Ρ
3358 2715 3514 2780 ilius,
3541 2726 3764 2785 tanquam

2216 2798 2328 2866 ipse
2371 2814 2476 2853 non
2522 2800 2712 2855 doceat
2751 2817 2962 2857 omnem
3007 2804 3327 2858 veritatem?
3362 2809 3464 2860 Aut
3501 2807 3646 2876 quasi
3682 2808 3765 2862 hoc

2213 2888 2423 2957 impleat
2465 2889 2694 2957 Spiritus
2721 2901 2965 2955 sanctus,
2997 2894 3136 2962 quod
3180 2896 3356 2948 minus
3401 2898 3566 2966 potuit
3595 2897 3765 2952 docere

2216 2978 2418 3034 Filius?
2453 2981 2638 3036 Dicant
2686 2998 2812 3054 ergo
2858 2983 2902 3038 si
2947 2984 3138 3053 placet,
3188 2986 3448 3055 majorem
3492 3002 3611 3042 esse
3654 2988 3765 3042 Filio

534 3077 625 3132 det
664 3076 811 3146 quis,
839 3076 963 3144 quid
1006 3075 1227 3143 sperat?
1265 3067 1527 3128 siautem
1564 3075 1706 3145 quod
1738 3091 1842 3131 non
1870 3078 2108 3134 videmus
2135 3066 2180 3128 C
2212 3070 2466 3138 Spiritum
2497 3081 2762 3137 sanctum,
2790 3088 2944 3142 quem
2973 3076 3233 3128 minorem
3273 3077 3364 3130 illo
3390 3077 3563 3131 solent
3587 3077 3762 3132 dicere.

534 3181 847 3236 speramus,
875 3180 969 3234 per
997 3164 1302 3234 patientiam
1331 3174 1734 3232 exspectamus,
1763 3169 2114 3238 quoadusque
2215 3163 2294 3214 Αη
2323 3161 2444 3230 ψιίιι
2478 3177 2581 3216 ιιοιι
2613 3163 2826 3217 dictum
2855 3175 2967 3228 est,
2998 3165 3113 3233 ipse
3155 3165 3302 3219 solus
3321 3209 3335 3226 .
3363 3174 3452 3220 aut
3490 3182 3642 3221 nemo
3678 3168 3764 3221 nisi

537 3271 631 3312 rex
653 3257 704 3310 in
728 3256 968 3310 recubitu
993 3269 1090 3310 suo
1119 3255 1390 3310 est.'l‘unc
1417 3256 1522 3310 erit
1546 3257 1686 3326 quod
1714 3259 1968 3327 scriptum
1994 3269 2113 3320 est:
2157 3257 2164 3263 '
2216 3253 2329 3320 ipse
2355 3266 2448 3305 vos
2478 3252 2690 3308 docebit
2714 3269 2925 3309 omnem
2954 3257 3263 3320 veritatem.
3295 3256 3417 3311 ideo
3445 3259 3760 3326 permittunt.

538 3347 864 3416 Adimplebis
897 3362 982 3401 me
1009 3347 1193 3400 lzetitia
1221 3361 1341 3402 cum
1374 3347 1518 3401 vultu
1549 3357 1659 3404 tuo.
1689 3347 1781 3404 illa
1812 3350 1994 3406 latitia
2035 3351 2111 3404 ni-

2216 3351 2274 3395 ut
2302 3357 2420 3395 cum
2452 3340 2546 3395 illo
2571 3343 2761 3397 docere
2784 3343 3034 3400 credatur
3059 3352 3115 3399 et
3143 3345 3636 3416 l-‘iliusiApostolus
3658 3363 3766 3417 ergo

538 3438 612 3493 hil
637 3438 866 3509 amplius
892 3436 1194 3506 requiritur,
1219 3439 1341 3507 quia
1375 3453 1473 3493 nec
1499 3439 1757 3509 eritquod
1783 3441 2009 3512 amplius
2032 3459 2111 3499 re-

2217 3432 2544 3501 separavitF
2550 3433 2696 3486 ilium
2727 3447 2756 3486 a
2785 3433 3017 3489 sciendis
3049 3434 3133 3489 his
3161 3452 3279 3505 quae
3307 3448 3430 3492 sunt
3451 3439 3561 3505 Dei,
3580 3438 3660 3493 ubi
3675 3440 3764 3492 ait:

538 3531 802 3600 quiralur.
832 3528 1154 3582 Ostendetur
1195 3532 1336 3598 enim
1387 3529 1540 3586 nobis
1588 3532 1764 3601 Pater,
1797 3541 1850 3587 et
1890 3534 2111 3590 sufﬁciet

2220 3521 2308 3576 Sic
2336 3531 2391 3578 et
2420 3539 2536 3591 quae
2566 3523 2659 3578 Dei
2688 3533 2810 3578 sunt
2841 3539 2999 3579 nemo
3024 3526 3127 3580 scit
3159 3527 3257 3581 nisi
3297 3528 3525 3599 Spiritus
3553 3530 3638 3584 Dei
3673 3546 3685 3583 :
3715 3541 3763 3584 It

541 3620 695 3674 nobis
717 3661 730 3685 ,
759 3618 898 3689 quod
937 3618 1073 3674 bene
1115 3618 1451 3674 intellexerat
1481 3619 1755 3690 Philippus
1785 3632 1838 3676 ut
1868 3622 2070 3678 diceret
2102 3642 2111 3678 :

2216 3610 2324 3680 jam
2353 3612 2441 3665 isti
2481 3613 2715 3680 perversi
2745 3607 2950 3682 possint
2979 3629 3044 3669 ex
3079 3615 3178 3669 hoc
3206 3615 3422 3685 dicere,
3447 3620 3584 3689 quod
3613 3629 3662 3674 et
3687 3619 3762 3674 Fi-

540 3711 784 3777 Domine,
815 3709 1038 3764 ostende
1065 3709 1216 3764 nobis
1248 3710 1460 3765 Patrem
1490 3722 1543 3765 et
1572 3712 1766 3766 sufficit
1793 3714 1946 3769 nobis
1975 3730 1990 3768 :
2021 3715 2111 3771 sed

2219 3704 2344 3758 lium
2375 3719 2481 3758 non
2510 3704 2697 3758 doceat
2728 3719 2845 3773 qua:
2876 3705 2968 3761 Dei
2997 3716 3150 3771 sunt,
3178 3711 3286 3763 nisi
3319 3710 3551 3780 Spiritus
3575 3723 3766 3766 sanctus

541 3802 773 3857 nondum
805 3800 1143 3856 intellexerat
1171 3814 1238 3856 eo
1260 3815 1471 3883 quoque
1502 3802 1660 3857 modo
1691 3804 1915 3872 idipsum
1942 3821 2001 3862 se
2023 3819 2111 3874 po-

2219 3804 2468 3863 tanquam
2498 3797 2668 3864 major
2695 3796 2977 3863 minorem,
3016 3801 3099 3852 cui
3129 3797 3297 3853 Filius
3325 3801 3441 3868 ipse
3472 3811 3664 3855 tantum
3689 3804 3765 3854 tri-

541 3897 706 3952 tuisse
733 3896 915 3951 dicere
957 3913 970 3948 :
1015 3894 1255 3959 Domine,
1281 3877 1701 3952 ostendenobis
1734 3907 1812 3961 te,
1846 3907 1897 3953 et
1925 3898 2111 3955 sufﬁcit

2218 3885 2350 3952 buit,
2377 3894 2436 3940 ut
2465 3886 2668 3941 diceret
2696 3902 2710 3942 :
2743 3886 2876 3951 Quia
2907 3885 3024 3942 hac
3053 3888 3260 3942 locutus
3289 3904 3408 3944 sum
3436 3891 3603 3956 vobis,
3627 3892 3764 3945 tristi-

542 3988 713 4044 nobis.
743 3988 807 4042 Ut
842 3987 985 4040 enim
1031 3985 1132 4040 hoc
1177 3985 1494 4052 intelligeret
1514 4028 1529 4054 ,
1558 4000 1870 4054 responsum
1901 3998 1985 4042 est
2009 3989 2056 4044 ei
2085 4005 2111 4044 a

2221 3975 2288 4029 tia
2329 3989 2425 4030 cor
2465 3984 2701 4030 vestrum
2741 3975 2981 4044 implevit
3022 3992 3036 4029 :
3077 3975 3172 4031 sed
3200 3991 3302 4046 ego
3332 3981 3604 4036 veritatem
3632 3980 3762 4048 dico,

545 4078 771 4135 Domino
801 4096 814 4132 :
843 4077 1019 4132 Tanto
1046 4087 1286 4146 tempore
1315 4077 1589 4132 vobiscum
1619 4092 1762 4144 sum,
1789 4087 1842 4133 et
1885 4095 1990 4135 non
2026 4096 2111 4137 co-

2217 4066 2436 4134 expedit
2462 4067 2613 4122 vobis
2641 4077 2697 4121 ut
2725 4082 2825 4136 ego
2852 4083 3000 4131 eam;
3029 4083 3150 4122 nam
3183 4070 3229 4123 si
3258 4084 3364 4125 non
3395 4072 3597 4138 abiero,
3619 4073 3760 4130 advo-

547 4169 804 4238 gnovistis
832 4167 952 4222 me?
979 4167 1235 4235 Philippe,
1257 4168 1345 4236 qui
1374 4151 1462 4230 me
1479 4167 1776 4234 vidit,vidit
1795 4177 1850 4225 et
1885 4169 2114 4225 Patrem.
2188 4217 2195 4221 .
2220 4166 2369 4212 οθῑυε
2396 4173 2500 4212 ηοη
2529 4158 2704 4213 νεηῖθι
2728 4157 2794 4212 ad
2823 4173 2936 4213 νοε-
2983 4159 3092 4213 Hoc
3131 4168 3310 4215 autem
3341 4161 3498 4229 δίκην
3529 4180 3626 4219 υοῠ
3663 4181 3761 4232 μηδ’

546 4260 652 4317 Sed
680 4259 804 4329 quia
832 4258 1042 4312 volebit
1071 4271 1192 4310 eum
1223 4270 1287 4310 ex
1320 4256 1422 4310 ﬁde
1448 4257 1659 4322 vivere,
1683 4238 1963 4327 antequam
1991 4260 2114 4316 illud
2219 4257 2337 4317 Ριοι·
2365 4248 2775 4316 Ῑηιυφιειίιθίθω
2801 4248 2960 4321 νβτδί
2995 4251 3084 4304 Dei
3121 4259 3176 4305 οι
3214 4251 3444 4321 δΡίτίιυε
3471 4255 3660 4319 Sil-cli.
3684 4255 3760 4308 εδ]

548 4359 729 4420 posset
757 4349 961 4413 videre,
979 4355 1192 4401 secutus
1215 4357 1295 4399 est
1314 4353 1369 4398 et
1394 4347 1467 4400 ait
1494 4362 1510 4400 :
1542 4346 1654 4408 Non
1679 4346 1853 4403 credis
1873 4349 1994 4418 quia
2018 4365 2117 4420 ego
2222 4349 2469 4410 tanquam
2501 4340 2874 4410 impedimento
2914 4353 3056 4396 esset
3086 4345 3370 4412 praesentia
3413 4345 3526 4400 Filii
3566 4346 3761 4401 hominis

551 4443 604 4495 in
622 4442 836 4496 Patreet
854 4437 1009 4490 Pater
1021 4445 1099 4489 est
1121 4438 1170 4488 in
1190 4434 1558 4500 meYQuandiu
1576 4436 1716 4490 enim
1733 4437 1979 4491 sumusin
1994 4453 2115 4494 cor-
2145 4423 2198 4482 Ῑ)
2221 4433 2357 4501 apud
2386 4447 2498 4496 eos.
2525 4433 2805 4502 quominus
2836 4434 3041 4487 veniret
3067 4433 3158 4489 ille
3179 4436 3268 4504 qui
3299 4434 3474 4490 minor
3501 4454 3600 4493 non
3625 4446 3758 4497 esset.

553 4546 713 4602 pore,
742 4528 1140 4600 peregrinamur
1179 4541 1209 4579 a
1249 4525 1502 4579 Domino:
1532 4539 1629 4594 per
1657 4525 1811 4579 fidem
1840 4529 1980 4580 enim
2007 4544 2117 4581 am-
2219 4525 2338 4593 quia
2367 4537 2471 4578 non
2503 4522 2848 4592 semetipsum
2881 4523 3175 4579 exinanivit
3197 4526 3334 4582 sicut
3365 4527 3407 4582 F
3411 4528 3547 4592 ilius,
3571 4527 3760 4583 formam

554 4621 840 4683 bulamus,
894 4630 999 4670 non
1055 4630 1151 4685 per
1197 4615 1451 4683 speciem.
1498 4612 1882 4682 Contemplatio
1925 4616 2117 4686 quippe
2219 4619 2359 4674 servi
2389 4619 2677 4689 accipiens.

537 2263 713 2332 telligo
739 2262 962 2327 dictum,
1008 2260 1139 2316 Cum
1171 2262 1446 2316 tradiderit
1475 2278 1692 2332 regnum
1727 2263 1835 2318 Deo
1862 2272 1916 2318 et
1943 2262 2109 2326 Patri,

531 2350 581 2407 id
608 2363 688 2407 est
711 2367 829 2406 cum
865 2352 1170 2422 perduxerit
1196 2352 1400 2420 justos,
1433 2353 1488 2408 in
1519 2354 1709 2422 quibus
1740 2367 1881 2408 nunc
1911 2368 1975 2408 ex
2007 2352 2111 2406 fide

531 2445 829 2501 viventibus
870 2454 1058 2516 regnat
1104 2445 1367 2500 mediator
1412 2444 1506 2499 Dei
1550 2455 1603 2500 et
1641 2445 1917 2500 hominum
1950 2445 2111 2500 homo

533 2535 784 2591 Christus
813 2534 970 2590 Jesus
998 2534 1065 2589 ad
1095 2534 1599 2604 contemplationem
1629 2533 1726 2589 Dei
1753 2543 1807 2589 et
1833 2534 2025 2589 Patris.
2055 2533 2110 2588 Si

531 2624 736 2694 desipio
765 2625 878 2690 hic,
903 2626 1135 2695 corrigat
1163 2641 1248 2680 me
1277 2625 1367 2694 qui
1400 2622 1589 2697 melius
1615 2624 1781 2694 sapit,
1809 2623 1938 2684 milii
1969 2623 2114 2679 aliud

534 2734 640 2776 non
679 2719 909 2773 videtur.
939 2719 1122 2786 Neque
1164 2719 1306 2774 enim
1333 2732 1635 2788 quaeremus
1679 2718 1854 2784 aliud,
1884 2733 2006 2774 cum
2045 2718 2112 2774 ad

534 2808 674 2865 illius
701 2807 1201 2876 contemplationem
1235 2808 1656 2877 pervenerimus,
1680 2813 1800 2877 quae
1827 2824 1970 2863 nunc
1995 2823 2104 2864 non

533 2906 643 2963 est,
672 2896 905 2970 quandiu
934 2897 1181 2967 gaudium
1224 2905 1464 2952 nostrum
1498 2898 1550 2952 in
1580 2912 1676 2966 spe
1700 2907 1782 2953 est
1815 2916 1829 2951 :
1863 2914 1987 2966 epes
2017 2915 2114 2955 au-

535 2996 638 3043 tem
670 2985 855 3059 {enim}
880 3002 998 3057 quae
1023 2987 1233 3041 videtur
1257 3001 1362 3041 non
1391 2995 1475 3041 est
1501 3002 1623 3056 spes
1648 3004 1664 3042 ι
1692 2988 2004 3059 quo‘d’enim
2033 2990 2113 3044 vi-

2693 4709 2918 4766 CAPUT
2950 4707 3298 4765 CCXXXVII.

2223 4820 2330 4890 30
2361 4820 2510 4885 Quod
2568 4819 3050 4890 utileicrederttibtta
3095 4818 3272 4885 fuerit,
3330 4829 3383 4870 tu
3451 4821 3521 4871 ad
3583 4817 3760 4871 Parma

556 4727 761 4769 merces
791 4719 872 4764 est
901 4708 1043 4773 fidei,
1064 4707 1151 4761 cui
1180 4705 1412 4761 mercedi
1458 4720 1551 4773 per
1594 4706 1748 4759 ﬁdem
1779 4704 1938 4760 cerda
1970 4722 2118 4762 mun-

552 4807 766 4871 dantur,
801 4801 936 4855 sicut
962 4798 1215 4866 scriptum
1246 4808 1331 4852 est
1369 4813 1384 4852 :
1431 4797 1686 4852 Mundans
1716 4797 1816 4852 fide
1839 4797 1998 4852 corda
2029 4814 2120 4854 eo-

558 4913 694 4952 rum.
722 4890 983 4948 Probatur
1010 4896 1182 4942 autem
1210 4888 1349 4958 quod
1387 4888 1459 4942 illi
1498 4888 1926 4956 contemplationi
1965 4889 2123 4944 corda

561 4986 900 5047 mundentur,
919 4981 1005 5036 illa
1035 4980 1261 5033 maxime
1285 4979 1544 5034 sententia
1569 4995 1584 5036 :
1615 4978 1759 5033 Beati
1785 4980 1981 5034 mundo
2007 4996 2126 5034 cor-

561 5079 645 5140 de,
678 5075 927 5145 quoniam
973 5070 1070 5140 ipsi
1114 5069 1277 5122 Deum
1309 5069 1580 5124 videbunt.
1633 5069 1698 5123 Et
1727 5071 1845 5139 quia
1887 5069 2001 5124 lucc
2042 5085 2125 5127 est

562 5169 666 5221 vita
699 5176 924 5228 acterna,
952 5163 1083 5218 dicit
1124 5162 1375 5215 Dominus
1402 5162 1452 5215 in
1483 5162 1701 5230 psalmis
1731 5180 1743 5215 :
1777 5163 2123 5232 Longitudiue

562 5259 770 5313 dierum
793 5255 1003 5323 replebo
1027 5268 1169 5317 eum,
1189 5261 1242 5305 et
1263 5252 1536 5306 ostendam
1562 5254 1635 5308 illi
1662 5255 1894 5310 salutare
1921 5272 2118 5312 meum.

565 5351 689 5404 Sive
718 5363 844 5416 ergo
874 5343 1177 5407 audiamus,
1203 5343 1438 5397 Ostende
1465 5343 1615 5396 nobis
1645 5340 1864 5411 Filium,
1895 5349 2006 5401 sive
2034 5363 2126 5401 au-

567 5440 796 5501 diamus,
815 5433 1047 5488 Ostende
1067 5432 1216 5486 nobis
1239 5433 1474 5496 Patrem,
1496 5433 1815 5487 tantumdem
1832 5437 1989 5499 valet,
2004 5440 2124 5506 quia

574 5542 759 5582 neuter
783 5528 895 5579 sine
926 5523 1091 5577 altero
1119 5533 1289 5591 potest
1316 5521 1546 5576 Ostendi.
1576 5521 1743 5575 Unum
1770 5525 1962 5592 quippe
1985 5537 2129 5592 sunt,

574 5618 715 5671 sicut
742 5614 818 5687 [et
848 5613 979 5686 ipse]
1010 5613 1082 5668 ait
1113 5628 1126 5666 :
1161 5612 1267 5680 Ego
1307 5623 1359 5668 et
1391 5613 1545 5668 l’ater
1576 5627 1735 5668 unum
1780 5615 1980 5670 sumus.
2018 5617 2119 5672 De-

2301 4887 2354 4942 in
2391 4890 2556 4956 {arma
2596 4889 2723 4942 servi
2799 4887 3028 4942 Christus
3085 4891 3392 4956 ascenderet
3431 4903 3451 4942 :
3513 4890 3760 4943 €3,104!!!

2298 4957 2448 5023 libro,
2504 4960 2580 5012 tit.
2603 4961 2656 5011 9.

2293 5066 2583 5136 Oportebat
2642 5081 2770 5136 ergo
2838 5075 2896 5120 ut
2963 5063 3261 5120 auferretur
3293 5066 3362 5120 ab
3393 5067 3560 5121 oculis
3598 5073 3758 5120 eorum

2229 5159 2396 5215 forma
2438 5159 2598 5222 servi,
2648 5173 2806 5227 quam
2835 5157 3097 5233 videntes,
3147 5158 3247 5212 hoc
3276 5159 3449 5212 solum
3490 5174 3605 5212 esse
3630 5156 3758 5210 Chri-

2227 5261 2364 5306 stum
2397 5251 2649 5319 putabant
2677 5249 2815 5318 quod
2845 5248 3112 5303 videbant.
3143 5248 3273 5302 inde
3306 5259 3387 5303 est
3417 5260 3469 5303 et
3500 5247 3622 5310 illud
3641 5246 3756 5315 quod

2231 5344 2341 5406 ait:
2375 5341 2429 5396 Si
2462 5341 2749 5409 diligeretis
2781 5355 2887 5408 me,
2938 5323 3240 5408 gauderetis
3294 5341 3494 5408 utique,
3545 5337 3755 5408 quoniam

2231 5450 2294 5489 eo
2323 5435 2389 5488 ad
2415 5438 2642 5498 Patrem,
2672 5437 2794 5504 quia
2833 5434 2986 5489 Pater
3010 5435 3179 5502 major
3207 5449 3293 5489 me
3313 5446 3394 5489 est
3421 5452 3434 5490 :
3467 5437 3516 5489 id
3539 5444 3633 5500 est,
3657 5447 3755 5503 pro-

2236 5536 2410 5593 pterea
2452 5539 2537 5578 me
2566 5534 2775 5593 oportet
2818 5524 2895 5578 ire
2921 5524 2984 5578 ad
3025 5524 3254 5590 Patrem,
3288 5525 3408 5591 quia
3443 5524 3564 5580 dum
3601 5537 3674 5579 me
3696 5520 3752 5572 ita

2236 5617 2445 5675 videtis.
2486 5632 2549 5672 ex
2598 5615 2695 5682 hoc
2735 5617 2872 5687 quod
2908 5615 3092 5672 videtis
3117 5612 3752 5688 :estimatis,[quialmiaar
