3904 6224
142 294 254 348 9<9

1372 298 1803 361 .TllESAURUS.
1836 298 1986 356 CAP.
2030 301 2225 358 CCXL.

3290 301 3397 370 εις)

136 421 264 461 sum
302 409 480 475 huc,
512 420 667 482 atque
696 413 761 465 ita
807 413 949 467 circa
978 421 1273 471 creaturam
1303 427 1713 486 susceptumque
1742 413 1793 473 Α
1820 413 1921 468 Per
1948 414 2083 471 hanc
2126 418 2268 472 enim
2314 417 2685 493 perveniemus
2728 419 2793 473 ad
2842 418 3074 489 speciem
3111 436 3122 471 :
3156 423 3211 472 nt
3238 414 3394 474 tales

138 496 398 556 habitum
427 504 688 570 occupati,
716 503 1066 572 aiqnalitatem
1094 522 1252 576 quam
1284 522 1403 561 cum
1445 507 1601 563 Patre
1624 504 1744 563 ha-"

136 586 270 652 beo,
307 606 417 645 non
471 592 781 661 intelligitis.
842 593 967 648 inde
1013 606 1095 650 est
1137 606 1192 651 et
1234 597 1409 651 illud:
1462 598 1580 653 Noli
1636 615 1747 655 me-

136 688 395 749 tangere,
426 682 658 737 nondum
700 685 841 738 cnim
874 686 1090 740 ascendi
1120 687 1185 740 ad
1239 689 1467 743 Patrem.
1524 690 1720 745 Tactus

132 772 315 836 enim,
344 782 593 842 tanquam
628 774 781 829 ﬁnem
815 774 937 828 facit
964 776 1216 830 notionis.
1259 778 1485 849 Ideoque
1508 781 1723 836 nolebat

133 858 190 911 in
222 876 294 914 eo
318 876 440 916 esse
471 862 624 916 ﬁnem
671 865 859 919 intenti
912 867 1089 920 cordis
1139 868 1189 921 in
1238 883 1317 935 se,
1362 879 1418 923 ut
1450 871 1550 930 hoc
1580 865 1756 941 quod”

132 950 434 1006 videbatur
465 955 824 1010 tantummodo
854 965 1147 1024 putaretur.
1173 958 1429 1013 Ascensio
1448 971 1627 1016 autem
1654 962 1721 1016 ad

132 1040 365 1095 Patrem
390 1054 521 1107 crat,
546 1046 616 1099 ita
646 1048 808 1102 videri
832 1050 967 1103 sicut
1008 1053 1228 1121 :cqnalis
1258 1061 1341 1107 est
1372 1052 1536 1120 Patri,
1568 1067 1620 1109 ut
1648 1057 1717 1111 ibi

131 1138 291 1183 esset
320 1129 442 1184 ﬁnis
476 1133 694 1188 visioais
726 1152 840 1205 qua:
870 1138 1271 1195 sufﬁcit‘nobis.

614 1245 837 1302 CAPUT
885 1249 1255 1305 CCXXXVlll.

138 1330 426 1397 Quomodo
455 1334 734 1411 traditurus
773 1338 859 1411 sit
883 1339 1110 1411 Regnum
1141 1340 1308 1396 Filius
1337 1343 1514 1410 Patri;
1540 1360 1600 1397 ea:
1630 1360 1718 1398 eo-

692 1406 804 1460 dem
842 1406 973 1463 libro
991 1411 1069 1465 tit.
1103 1411 1187 1465 10.

206 1511 325 1566 Sed
383 1523 601 1582 propter
655 1517 1063 1576 insinuationem
1118 1522 1417 1587 Trinitatis,
1477 1527 1720 1595 personis

131 1605 309 1658 etiam
364 1607 583 1676 singulis
629 1611 936 1678 nominatis,
995 1614 1241 1669 dicuntur
1286 1618 1550 1685 quaadam,
1611 1634 1715 1673 non

133 1694 263 1749 aiiis
292 1698 555 1766 separatis
602 1700 969 1772 intelliguntur
1004 1704 1312 1776 [separatim
1346 1726 1358 1760 :
1396 1724 1498 1763 non
1538 1720 1713 1765 tamen

1823 504 1964 577 [nos]
1995 515 2158 572 amet,
2188 509 2373 578 quales
2399 517 2543 564 amat
2570 519 2626 564 ut
2669 511 2858 575 simus,
2890 526 2993 565 non
3046 510 3234 580 quales
3282 510 3394 564 odit

1820 597 1940 667 quia
1969 614 2171 666 sumus,
2201 610 2250 655 et
2302 601 2543 657 hortatur
2592 611 2655 657 ac
2705 612 2920 672 prestat
2970 618 3034 657 ne
3086 602 3221 657 tales
3269 615 3390 655 esse

1821 702 2033 760 semper
2055 693 2301 747 velimus.
2387 752 2394 758 ,

2308 802 2534 859 CAPUT
2572 802 2907 858 CCXXXIX.

1827 896 1940 978 Orig
1993 897 2298 978 discretione
2364 900 2723 969 intelligendus
2756 970 2767 978 _
2804 900 2904 963 sit,
2966 884 3122 978 Nunc
3187 896 3397 978 aqualis

1897 966 2067 1091 Poniti
2090 966 2283 1038 Filius,
2313 984 2448 1024 nunc
2483 966 2650 1024 autem
2700 970 2901 1023 minor:
2926 986 2991 1024 ea:
3027 969 3204 1023 eodeni
3243 967 3395 1033 libro,

1897 1046 1983 1090 Mr.
2079 1073 2093 1089 .
2154 1062 2161 1067 ·
2348 1079 2351 1081 ›

1893 1046 2093 1090 tio-.11.
2154 1062 2161 1067 ·

1892 1138 2223 1221 Quapropter
2269 1155 2475 1223 cognita
2530 1154 2627 1209 ista
2686 1153 2868 1223 regula
2923 1154 3393 1224 intelligendarum

1824 1244 2222 1315 Scripturarum
2251 1246 2317 1302 de
2351 1248 2483 1302 Filio
2513 1247 2629 1314 Dei,
2679 1257 2737 1301 ut
2764 1246 3151 1316 distinguamus
3180 1247 3306 1316 quid
3338 1246 3391 1303 in

1821 1340 1900 1393 eis
1927 1348 2081 1393 sonet
2102 1339 2392 1394 secundum
2435 1340 2655 1395 formam
2703 1340 2795 1395 Dci
2838 1341 2890 1394 in
2930 1355 3033 1411 qua
3064 1339 3280 1409 :equalis
3310 1348 3396 1394 est

1822 1429 1984 1498 Patri,
2018 1438 2071 1483 et
2096 1430 2218 1499 quid
2248 1430 2537 1485 secundum
2568 1430 2789 1485 formam
2814 1431 2953 1485 servi
2976 1441 3131 1499 quam
3164 1427 3392 1499 accepit,

1821 1520 1872 1574 in
1896 1528 1996 1589 qna
2022 1519 2195 1574 minor
2221 1529 2302 1576 est
2330 1520 2504 1586 Patre,
2537 1535 2638 1575 non
2677 1520 3111 1575 conturbabimur
3145 1530 3391 1591 tanquam

1821 1611 2101 1683 contrariis
2120 1627 2182 1667 ac
2219 1612 2637 1681 repugnantibus
2662 1613 2797 1666 inter
2811 1626 2869 1665 se
2897 1620 3204 1668 sanctorum
3231 1611 3397 1667 librm

1820 1714 1935 1755 rum
1967 1694 2246 1755 sententiis
2276 1717 2290 1754 :
2323 1712 2446 1755 nam
2491 1700 2781 1757 secundum
2807 1700 3030 1756 formam
3058 1701 3171 1767 Dei,
3212 1715 3397 1771 aequa-

135 1789 266 1842 aliis
294 1791 557 1858 separatis
585 1793 991 1867 intelligentur],
1025 1807 1241 1867 propter
1267 1798 1511 1867 ejusdem
1540 1801 1717 1856 Trini-
1759 1782 1800 1839 B
1828 1791 1891 1845 “3
1921 1798 2005 1845 εει
2028 1790 2189 1857 Pam,
2223 1798 2277 1845 ει
2306 1788 2497 1858 Filius:
2523 1801 2575 1847 ει
2596 1791 2828 1861 Spiritus
2859 1800 3096 1858 εθηθῑυεν
3121 1792 3241 1861 quia
3269 1807 3398 1858 ne“:

135 1878 272 1933 tatis
305 1880 590 1947 unitatem,
622 1898 886 1953 unamque
937 1887 1288 1943 substantiam
1340 1900 1498 1960 atque
1554 1891 1720 1948 deita-

136 1977 254 2023 tem
282 1967 668 2044 [divinitatem]
720 1974 889 2030 Patris
920 1985 975 2030 et.
1016 1978 1136 2032 Filii
1184 1988 1237 2034 et
1278 1981 1505 2049 Spiritus
1530 1985 1719 2037 sancti.

137 2058 349 2114 Tradet
377 2061 554 2131 itaque
583 2078 803 2132 regnum
836 2067 944 2121 Deo
972 2075 1027 2122 et
1070 2067 1211 2123 Patri
1242 2070 1497 2127 Dominus
1542 2081 1725 2128 noster

138 2149 307 2205 Jesus
335 2151 597 2219 Christus,
630 2168 734 2208 non
785 2170 843 2210 se
900 2157 1037 2227 inde
1066 2172 1333 2229 separato,
1383 2177 1479 2218 nec
1522 2164 1725 2233 Spiritu

138 2251 362 2306 sancto,
392 2243 642 2310 quoniatn
675 2245 928 2314 perducet
956 2249 1236 2305 credentes
1282 2251 1347 2307 ad
1395 2255 1727 2326 contempla-

143 2331 358 2386 tionem
383 2332 497 2399 Dei,
530 2333 722 2389 nbi'est
751 2336 870 2390 linis
891 2339 1127 2393 omnium
1155 2341 1415 2397 bonarum
1436 2342 1725 2408 actionum,

139 2428 199 2474 et
225 2421 444 2491 requies
474 2423 819 2491 sempiterna,
849 2436 904 2481 et
931 2428 1180 2494 gaudium
1206 2431 1344 2497 quod
1377 2449 1483 2486 non
1512 2432 1726 2489 aufere-

142 2516 240 2563 tur
270 2526 298 2563 a
334 2511 507 2565 nobis.
542 2512 649 2567 lloc
676 2513 819 2568 enim
846 2516 1111 2585 signiﬁcat
1132 2519 1182 2572 in
1212 2534 1277 2574 eo
1308 2523 1445 2589 quod
1468 2524 1543 2581 ait
1577 2541 1590 2575 :
1627 2526 1728 2577 Ite-

144 2614 270 2653 rum
301 2601 493 2656 videbo
518 2619 628 2669 vos,
659 2616 708 2659 et
740 2606 1100 2675 gaudebitcor
1122 2621 1377 2673 vestrum,
1404 2618 1459 2666 et
1479 2613 1726 2681 gaudium

143 2700 391 2745 vestrum
420 2708 572 2747 nemo
592 2693 796 2750 auferet
824 2711 851 2749 a
884 2699 1054 2753 vobis.
1083 2700 1217 2767 Quid
1241 2711 1323 2756 est
1346 2705 1383 2756 Α
1409 2703 1568 2759 Patre
1592 2705 1726 2772 exii,

144 2781 281 2847 nisi,
309 2781 421 2835 Non
447 2784 497 2837 in
529 2799 591 2838 ea
617 2785 783 2839 forma
809 2802 909 2854 qua
938 2791 1157 2856 aequalis
1177 2805 1292 2845 sum
1318 2792 1478 2859 Patri,
1511 2793 1604 2847 sed
1635 2794 1730 2848 ali-

146 2878 254 2935 ter,
288 2871 339 2924 id
370 2881 458 2926 est
489 2874 539 2927 in
571 2889 841 2943 assumpta
881 2888 1123 2933 creatura
1161 2882 1335 2936 minor
1384 2885 1600 2952 apparui
1621 2884 1645 2937 't
1666 2884 1731 2939 Et

145 2963 281 3031 quid
305 2974 407 3029 est,
452 2966 579 3019 Veni
612 2967 664 3020 in
695 2968 832 3023 hunc
862 2971 1117 3025 mundum
1153 2972 1279 3040 nisi,
1316 2972 1561 3029 Formam
1588 2976 1729 3031 servi

145 3070 312 3123 quam
351 3073 433 3111 me
478 3060 785 3114 exinauiens
834 3065 1039 3131 accepi,
1069 3065 1229 3120 etiam
1265 3076 1605 3145 peccatorum
1638 3070 1729 3138 qui

148 3147 411 3201 mundum
444 3144 603 3203 istum
634 3142 860 3221 diligunt
880 3155 1045 3209 oculis
1072 3135 1474 3215 demonstravi?
1506 3161 1572 3217 Et
1602 3135 1728 3233 quid
1758 3135 1802 3198 δ

146 3249 257 3303 εει,
290 3240 483 3295 lterum
514 3243 749 3313 relinquo
773 3246 1045 3313 mundum,
1078 3249 1201 3316 nisi,
1229 3251 1310 3306 Ab
1336 3258 1553 3321 aspectu
1594 3253 1729 3309 dile-

167 3340 384 3385 ctorum
418 3334 597 3389 mundi
638 3336 817 3390 auicro
854 3340 992 3405 quod
1021 3341 1306 3398 viderunt?
1331 3344 1398 3398 Et
1440 3346 1562 3415 quid
1605 3357 1723 3411 est,

151 3421 304 3477 Vaio
335 3423 401 3477 ad
428 3425 656 3493 Patrem,
681 3428 809 3491 nisi,
840 3428 1014 3483 Doceo
1049 3443 1134 3487 me
1164 3433 1242 3486 sic
1273 3434 1668 3502 intelligendum
1695 3452 1724 3490 a

152 3512 405 3567 fidelibus
436 3516 588 3580 meis,
618 3519 883 3586 quomodo
902 3520 1122 3588 mqttalis
1150 3537 1267 3577 sum
1292 3524 1431 3577 Patri
1454 3525 1477 3577 i
1500 3525 1610 3580 [ioc
1632 3526 1723 3595 qui

148 3597 400 3672 credunt,
423 3606 569 3676 digni
600 3608 933 3665 habebuntur
952 3611 1163 3679 perduci
1188 3630 1216 3667 a
1245 3614 1347 3668 ﬁde
1368 3615 1432 3669 ad
1457 3617 1718 3683 speciem,

149 3692 205 3746 id
237 3704 322 3747 est
347 3694 413 3747 ad
443 3695 605 3762 ipsam
633 3698 887 3755 visionem
908 3743 922 3766 ,
968 3716 1073 3770 quo
1101 3705 1395 3771 perducens
1423 3704 1596 3760 dictus
1643 3716 1727 3763 est

148 3784 371 3838 tradere
401 3800 613 3853 regnum
648 3789 753 3842 Deo
781 3799 834 3843 ει
888 3791 1030 3845 Patri
1061 3810 1076 3855 ;
1118 3793 1305 3849 ﬁdeles
1350 3795 1545 3865 quippe
1587 3795 1719 3865 ejus,

148 3888 291 3944 quos
321 3876 541 3931 redemit
565 3880 819 3947 sanguine
848 3897 964 3945 suo,
989 3882 1117 3937 dicti
1145 3895 1269 3939 sunt
1299 3888 1527 3956 regnum
1556 3887 1674 3956 eius
1706 3928 1721 3954 ,

149 3980 253 4033 pro
276 3968 472 4035 quibus
494 3985 632 4024 nunc
662 3972 984 4039 interpellat.
1018 3976 1166 4029 Tunc
1193 3989 1369 4032 autem
1401 3978 1504 4034 illic
1535 3993 1629 4035 eos
1650 3980 1724 4034 si-

148 4046 438 4115 bNaeiens
477 4045 759 4128 inbuit-ere,
782 4066 873 4119 ubi
904 4068 1121 4135 :eqnalis
1149 4078 1232 4122 est
1259 4069 1408 4125 Patri
1436 4111 1450 4135 ,
1482 4087 1585 4125 non
1608 4071 1721 4141 jam

149 4150 370 4218 rogabit"
417 4151 624 4207 Patrem
668 4170 765 4222 pro
802 4157 880 4211 eis
918 4176 929 4208 :
960 4157 1077 4225 lpse
1108 4160 1271 4227 enim,
1315 4162 1523 4232 inquit,
1558 4164 1719 4220 Pater

148 4249 302 4294 amat
325 4252 451 4306 vos;
472 4256 537 4298 ex
564 4244 663 4299 hoc
685 4244 824 4298 enim
847 4254 1017 4316 rogat,
1043 4263 1149 4316 quo
1171 4250 1343 4304 minor
1365 4250 1493 4325 [est]
1521 4252 1717 4317 Pater:

148 4346 259 4401 quo
278 4343 406 4385 vero
436 4334 653 4399 aequalis
680 4331 827 4406 [est],
857 4336 1079 4391 exaudit
1107 4353 1226 4392 cum
1257 4340 1430 4396 Patre.
1461 4342 1612 4397 Unde
1660 4356 1720 4399 se

148 4423 220 4473 ah
243 4436 311 4476 eo
348 4422 488 4489 quod
517 4423 680 4489 dixit,
713 4425 826 4492 Ipse
854 4425 995 4480 enim
1024 4428 1179 4485 Pater
1203 4440 1345 4486 amat
1365 4446 1456 4486 vos
1485 4474 1499 4498 ,
1541 4434 1721 4503 utique

148 4512 269 4579 ipse
297 4527 402 4568 non
428 4512 635 4583 separat
660 4557 674 4581 ,
698 4516 791 4571 sed
815 4520 1107 4574 secundum
1130 4535 1189 4575 ea
1214 4522 1337 4577 facit
1362 4524 1581 4595 intelligi
1604 4542 1722 4594 qua:

147 4616 315 4672 supra
353 4608 787 4671 commemoravi,
816 4608 1048 4677 satisque
1092 4610 1377 4680 insinuavi,
1414 4616 1723 4689 plerumque

148 4691 224 4744 ita
249 4692 511 4746 nominari
533 4708 961 4763 unamquamque
987 4698 1037 4752 in
1061 4699 1321 4758 Trinitate
1344 4719 1644 4773 personam,
1666 4718 1723 4763 ut

147 4789 205 4833 et
248 4780 368 4834 alia:
418 4782 524 4835 illic
570 4783 948 4852 intelligantur.
991 4786 1080 4843 Sic
1122 4790 1299 4858 itaque
1349 4794 1549 4851 dictum
1594 4808 1719 4857 est.

148 4868 271 4936 ipse
301 4870 439 4920 enim
467 4868 622 4923 Pater
650 4881 794 4925 amat
816 4889 933 4939 vos,
965 4886 1019 4928 ut
1047 4868 1436 4947 consequenter
1466 4883 1722 4952 intelliga-

153 4968 242 5011 tur
270 4966 327 5011 et
350 4958 510 5010 Filius
543 4970 596 5013 et
633 4960 856 5029 Spiritus
879 4975 1110 5031 sanctus,
1139 4983 1241 5022 non
1272 4972 1391 5038 quia
1432 4974 1586 5026 modo
1618 4991 1713 5030 nos

151 5060 260 5100 non
290 5058 432 5100 amat
460 5049 548 5116 qui
569 5052 780 5117 proprio
805 5052 938 5106 Filio
961 5071 1067 5109 non
1098 5061 1350 5126 pepercit,
1381 5062 1477 5116 sed
1498 5080 1591 5129 pro
1622 5080 1715 5118 no-

152 5135 235 5189 bis
274 5137 519 5192 omnibus
552 5139 765 5193 tradidit
791 5158 943 5206 eum;
973 5150 1064 5200 sed
1099 5147 1229 5202 tales
1256 5165 1353 5204 nos
1382 5162 1524 5205 amat
1552 5153 1713 5220 Deus,

151 5227 336 5293 quales
390 5225 553 5281 futuri
600 5244 806 5299 sumus,
865 5247 967 5287 non
1027 5239 1211 5304 quales
1261 5252 1462 5295 sumus.
1520 5244 1713 5309 Quales

153 5313 295 5367 enim
323 5325 487 5381 amat,
515 5316 647 5370 tales
679 5317 730 5369 in
778 5330 1033 5374 :eternnm
1066 5338 1364 5381 conservat.
1409 5332 1559 5396 Quod
1592 5345 1713 5387 tunc

154 5404 274 5470 erit,
306 5422 426 5460 cum
458 5408 735 5464 tradiderit
764 5426 980 5479 regnum
1030 5415 1134 5469 Deo
1156 5426 1205 5471 et
1255 5418 1414 5483 Patri,
1456 5424 1544 5490 qui
1577 5440 1715 5477 nunc

152 5496 451 5561 interpellat
481 5511 575 5564 pro
611 5488 783 5561 nobis,
809 5501 987 5565 utjam
1019 5518 1122 5556 non
1156 5518 1303 5573 roget
1336 5488 1567 5575 Patrem,
1592 5513 1712 5580 quia

154 5584 263 5651 ipse
288 5584 444 5638 Pater
464 5596 607 5638 amat
635 5602 749 5641 nos.
772 5590 885 5654 Quo
919 5602 1087 5643 autem
1115 5597 1301 5649 merito
1335 5598 1432 5651 nisi
1470 5602 1586 5653 iitlci
1610 5619 1709 5671 qua

153 5676 414 5732 credimus
436 5687 720 5745 antequam
743 5680 865 5734 illud
891 5683 1027 5751 quod
1060 5690 1380 5753 promittitur
1405 5692 1715 5749 videamus?

1753 4501 1806 4561 D

1822 1896 1904 1940 ter
1933 1901 2117 1940 eorum
2145 1897 2390 1941 creatura
2433 1895 2534 1953 est,
2588 1888 2725 1943 sicut
2761 1888 2869 1957 jam
2908 1888 3236 1945 ostendimus
3267 1906 3279 1942 :
3311 1904 3397 1945 se-

1821 1975 2049 2030 cundum
2074 1976 2297 2031 formam
2329 1986 2508 2032 autem
2530 1978 2693 2044 servi,
2726 1983 2899 2034 minor
2928 1989 3010 2034 εει
3050 1979 3225 2044 Patre,
3265 1981 3390 2047 quia

1827 2069 1941 2135 ipse
1971 2066 2103 2121 dixit
2140 2084 2157 2124 :
2188 2066 2347 2122 Pater
2390 2066 2563 2137 major
2593 2083 2679 2123 me
2708 2078 2791 2124 est
2819 2086 2832 2121 :
2883 2069 3058 2123 minor
3084 2078 3168 2124 est
3195 2070 3392 2139 seipse,

1824 2158 1944 2227 quia
1974 2158 2041 2212 de
2090 2158 2185 2213 illo
2227 2155 2451 2214 dictum
2508 2167 2612 2231 cst,
2652 2158 3009 2229 Semetipsum
3057 2161 3395 2216 exinanivit:

1826 2249 1999 2303 minor
2024 2257 2105 2303 est
2140 2249 2342 2318 Spiritu
2371 2258 2578 2314 sancto,
2608 2251 2727 2319 Quia
2760 2251 2875 2320 ipse
2900 2249 2976 2303 ait
3006 2265 3020 2303 :
3066 2250 3166 2317 Qui
3188 2250 3403 2310 dixerit

1827 2337 2210 2407 blasphemiam
2246 2338 2299 2392 in
2350 2338 2539 2392 Filium
2588 2338 2837 2405 hominis,
2869 2341 3169 2395 remittetur
3196 2342 3274 2406 ei;
3308 2343 3395 2411 qui

1827 2437 2001 2483 autem
2028 2429 2221 2484 dixerit
2249 2429 2303 2483 in
2333 2429 2589 2498 Spiritum
2643 2442 2910 2498 sanctum,
2952 2443 3057 2486 non
3102 2431 3398 2488 dimittetur

1828 2525 1897 2578 ei.
1933 2523 1998 2577 Et
2046 2521 2101 2577 in
2147 2524 2264 2591 ipso
2308 2523 2532 2579 virtutes
2559 2528 2810 2592 Operatus
2847 2532 2930 2581 est
2957 2526 3142 2581 dicens
3174 2544 3185 2578 :
3219 2526 3273 2583 Si
3302 2543 3399 2598 ego

1831 2613 1883 2666 in
1908 2610 2107 2682 Spiritu
2141 2613 2232 2667 Dei
2264 2611 2423 2682 ejicio
2467 2612 2749 2678 dtemonia,
2776 2622 2922 2669 certe
2964 2617 3270 2684 supervenit
3306 2632 3397 2672 su-

1831 2712 1925 2771 per
1951 2716 2047 2757 vos
2074 2718 2293 2773 regnum
2346 2702 2460 2758 Dei.
2496 2704 2564 2758 Et
2610 2704 2749 2773 apud
2793 2703 3008 2760 Esaiam
3059 2706 3209 2772 dicit,
3239 2721 3397 2775 quam

1832 2793 2114 2846 lectionem
2146 2796 2260 2861 ipse
2289 2794 2342 2846 in
2378 2805 2644 2864 synagoga
2676 2795 2941 2861 recitavit,
2980 2797 3037 2851 et
3066 2796 3131 2852 de
3159 2806 3219 2852 se
3245 2812 3395 2854 com-

1832 2882 2024 2951 pletam
2051 2882 2167 2938 sine
2203 2884 2452 2953 scrupulo
2482 2881 2833 2939 dubitatidnis
2860 2886 3115 2942 ostendit.

2390 2992 2614 3050 CAPUT
2651 2992 2849 3050 CCXL.

1800 3082 1953 3152 ,Qua
2004 3084 2201 3139 ratione
2252 3086 2444 3155 nescire
2486 3085 2691 3139 dicatur
2740 3085 2912 3141 Filius
2962 3081 3095 3155 dicit}
3144 3097 3191 3144 et
3220 3091 3399 3148 horam

2007 3170 2159 3223 quam
2195 3155 2289 3209 scit
2316 3154 2502 3221 Pater;
2532 3172 2595 3210 ex
2633 3155 2811 3222 eodem
2845 3157 2998 3224 libro,
3025 3158 3109 3213 tit.
3138 3159 3226 3215 Η.

1873 3264 2173 3325 Secundum
2195 3266 2737 3349 formam’Dei,'omnia
2760 3285 2875 3339 qua:
2894 3269 3054 3325 habet
3068 3271 3219 3344 Pater
3233 3272 3397 3343 ipsius

1828 3368 1984 3414 sunt:
2006 3353 2261 3415 Etomnia‘
2281 3368 2369 3415 tua
2392 3376 2505 3416 mea
2523 3360 2665 3430 Sunt,
2682 3350 2872 3434 inquit,
2888 3374 2941 3418 et
2955 3370 3068 3419 mea
3084 3374 3170 3419 tua
3186 3379 3396 3422 :secun-

1829 3450 1951 3504 dum
1983 3452 2205 3507 formam
2236 3457 2398 3521 servi,
2444 3472 2551 3510 non
2582 3468 2663 3511 est
2702 3457 2950 3534 doctrina
2978 3459 3167 3527 ipsius,
3201 3460 3295 3515 sed
3326 3461 3396 3516 ilo

1831 3541 1931 3595 lius
1957 3544 2043 3613 qui
2070 3558 2191 3598 eum
2220 3545 2384 3599 misit.
2410 3545 2477 3601 Et
2502 3546 2569 3601 de
2598 3538 2684 3601 die
2712 3556 2766 3602 ct
2806 3549 2935 3603 hora
2966 3564 3124 3605 nemo
3154 3552 3276 3618 scit,
3309 3569 3398 3608 ne-

1826 3646 1930 3700 que
1960 3632 2131 3701 angeli
2159 3633 2211 3686 in
2238 3635 2396 3701 caelo,
2436 3650 2610 3706 neque
2666 3637 2853 3703 Filius,
2909 3639 3007 3694 nisi
3069 3633 3241 3697 Pater.
3292 3643 3400 3701 Hoc

1825 3723 1966 3777 enim
2007 3726 2179 3777 nescit
2207 3726 2348 3793 quod
2398 3728 2700 3782 nescientes
2730 3728 2875 3794 facit,
2916 3728 2966 3783 id
3012 3738 3095 3785 est
3124 3733 3262 3799 quod
3295 3751 3399 3791 non

1827 3811 1896 3865 ita
1920 3812 2125 3867 sciebat
2152 3820 2209 3868 ut
2235 3824 2359 3870 tunc
2397 3813 2669 3885 discipulis
2710 3818 2993 3885 indicaret,
3039 3821 3175 3877 sicut
3198 3824 3397 3881 dictum

1824 3907 1908 3955 est
1938 3901 2005 3956 ad
2038 3901 2302 3959 Abraham
2329 3924 2342 3958 :
2373 3902 2521 3961 Nunc
2551 3909 2772 3978 cognovi
2802 3910 2922 3980 quia
2951 3910 3105 3968 times
3130 3914 3314 3980 Deum,
3343 3917 3396 3971 id

1824 3998 1925 4056 est,
1955 4001 2096 4047 nunc
2118 3993 2216 4048 ieci
2238 4002 2295 4048 ut
2319 4010 2687 4066 cognosceres,
2715 3998 2834 4067 quia
2875 4007 2929 4053 et
2959 4001 3074 4068 ipse
3104 4003 3204 4056 sibi
3234 4004 3286 4057 iri
3311 4005 3397 4061 illa

1826 4083 2115 4136 tentatione
2138 4084 2389 4151 probatus
2414 4086 2663 4142 innotuit.
2690 4087 2822 4142 Nam
2851 4089 2980 4143 illud
3013 4093 3195 4163 utique
3226 4095 3397 4150 dictu-

1825 4183 1913 4223 rus
1941 4179 2055 4224 erat
2074 4170 2350 4242 discipulis
2371 4184 2610 4245 tempore
2638 4187 2964 4247 Opportune,
2997 4180 3064 4236 de
3086 4198 3191 4252 quo
3215 4184 3394 4240 futuro

1826 4270 2075 4329 tanquam
2098 4264 2369 4330 praterito
2397 4264 2623 4336 loquens
2666 4267 2779 4322 ait:
2812 4268 2927 4323 .lam
2957 4285 3061 4325 non
3099 4288 3195 4328 vos
3225 4275 3395 4332 dicam

1822 4363 2028 4415 servos,
2066 4352 2159 4405 sed
2191 4353 2426 4419 amicos;
2461 4370 2650 4410 servus
2677 4358 2818 4411 enim
2852 4360 3020 4415 nescit
3062 4364 3393 4423 voluntatem

1828 4438 2025 4492 domini
2048 4440 2151 4505 sui,
2183 4455 2276 4496 vos
2302 4452 2479 4498 autem
2503 4444 2610 4498 dixi
2652 4448 2872 4513 amicos,
2919 4448 3039 4517 quia
3069 4453 3246 4507 omnia
3275 4471 3394 4523 qum.

1829 4529 2006 4583 audivi
2033 4543 2064 4582 a
2096 4530 2253 4585 Patre
2275 4547 2416 4597 meo,
2462 4542 2585 4587 nota
2618 4536 2769 4589 vobis
2815 4538 2912 4591 ieci
2939 4556 2951 4590 :
2982 4542 3122 4610 quod
3154 4545 3391 4601 nondum

1824 4618 2045 4680 fecerat.
2073 4618 2165 4672 sed
2195 4619 2316 4689 quia
2344 4630 2490 4676 certe
2520 4623 2755 4680 facturus
2786 4636 2925 4689 erat.
2972 4633 3125 4698 quasi
3162 4632 3274 4701 jam
3315 4639 3391 4691 ie-

1823 4707 1983 4765 cisset
2009 4708 2215 4763 locutus
2240 4722 2321 4765 est
2344 4728 2359 4765 :
2386 4703 2514 4781 ipsis
2542 4715 2685 4769 enim
2715 4717 2784 4769 ait
2811 4734 2823 4767 :
2860 4717 3018 4772 Multa
3044 4718 3213 4779 habeo
3238 4727 3391 4783 vobis

1822 4798 2025 4864 dicere,
2054 4802 2145 4854 sed
2178 4814 2282 4855 non
2317 4806 2536 4870 potestis
2587 4805 2670 4859 illa
2727 4816 2939 4875 portare
2993 4815 3189 4868 modo:
3244 4818 3385 4876 inter

1823 4901 1941 4955 quae
1972 4889 2280 4957 intelligitur
2309 4902 2363 4946 et
2387 4893 2450 4947 de
2476 4895 2560 4947 die
2575 4902 2629 4948 et
2651 4895 2801 4949 hora.
2828 4897 2957 4953 Nam
2985 4909 3039 4955 et
3059 4904 3382 4970 Apostolus:

1821 4977 2001 5047 Neque
2022 4979 2160 5033 enim
2183 4970 2415 5050 judicavi
2450 4998 2535 5039 me
2562 4985 2729 5051 scire,
2761 4988 2952 5058 inquit,
2994 4992 3191 5063 aliquid
3216 4998 3268 5052 in
3294 5017 3387 5057 vo-

1822 5070 1929 5147 bis,
1955 5071 2055 5124 nisi
2078 5071 2257 5126 Jesum
2294 5074 2585 5140 Christum,
2633 5086 2687 5132 et
2734 5078 2875 5133 hunc
2903 5083 3235 5143 cruciﬁxum.
3292 5092 3380 5147 Eis

1819 5144 1957 5215 enim
1990 5162 2304 5231 loquebatur
2333 5168 2422 5235 qui
2471 5183 2664 5237 capere
2702 5171 2886 5225 altiora
2925 5172 2992 5227 de
3036 5176 3233 5235 Christi

1823 5257 1927 5303 tate
1972 5266 2078 5305 non
2124 5262 2396 5321 poterant;
2451 5258 2645 5326 quibus
2688 5260 2846 5315 etiam
2883 5264 3037 5329 paulo
3082 5276 3200 5335 post
3231 5271 3387 5328 dicit:

1824 5337 1933 5390 Non
1963 5342 2104 5405 potui
2130 5342 2271 5410 loqui
2314 5345 2464 5400 vobis
2492 5348 2637 5415 quasi
2688 5348 3034 5420 spiritalibus,
3084 5358 3177 5411 sed
3231 5366 3381 5428 quasi

1824 5431 2139 5484 carnalibus.
2168 5432 2277 5487 lioc
2307 5450 2435 5506 ergo
2470 5437 2608 5491 inter
2650 5439 2766 5493 illos
2798 5443 3088 5510 nesciebat,
3117 5450 3257 5516 quod
3287 5467 3378 5521 per

1825 5518 1968 5571 illum
1998 5521 2130 5576 scire
2162 5538 2262 5577 non
2295 5536 2556 5593 poterant,
2586 5538 2637 5583 et
2666 5530 2763 5583 hoc
2786 5531 2955 5585 solum
2995 5548 3054 5588 se
3080 5537 3220 5591 scire
3241 5518 3379 5596 dice-

1828 5608 1931 5673 bat,
1964 5612 2101 5678 quod
2124 5628 2216 5667 eos
2260 5631 2353 5683 per
2401 5618 2546 5673 illum
2588 5620 2726 5675 scire
2775 5624 3090 5691 oportebat:
3151 5630 3379 5700 denique

1826 5702 2023 5756 sciebat
2056 5704 2190 5759 inter
2230 5706 2508 5778 perfeCtos,
2550 5713 2688 5783 quod
2722 5713 2859 5767 inter
2891 5716 3139 5783 parvulos
3170 5723 3372 5779 nescie-
