3904 6224
517 232 612 328 sit

1607 283 1664 338 D.
1703 274 2015 337 EUGYPPII
2056 275 2342 332 ABBATIS
2371 277 2682 333 AFRICAM

3657 283 3747 334 9i!

522 386 631 447 bat.
658 385 732 444 lbi
760 390 957 458 quippe
975 391 1049 445 ait
1084 410 1094 442 :
1138 390 1465 460 Sapientiam
1506 391 1774 460 loquimur
1804 393 1940 446 inter
1965 404 2088 456 per-
2117 395 2166 446 Α
2197 397 2252 441 ut
2269 388 2340 442 ita
2365 390 2801 456 intelligeretur“,
2827 387 2937 442 Non
2961 399 3042 442 est
3067 404 3242 443 meum
3267 391 3394 444 dare
3422 391 3596 450 vobis.
3627 407 3682 443 ac
3701 399 3739 444 si

520 480 708 533 tectos.
753 481 830 533 Eo
878 494 1104 549 namque
1132 495 1329 549 genere
1370 480 1676 546 locutionis,
1705 479 1912 536 nescire
1939 480 2085 549 quis-

518 569 640 638 quis
685 568 876 627 dicitur
909 570 1049 638 quod
1078 572 1309 627 occultat
1366 570 1505 642 quod
1538 569 1688 644 [quo]
1720 571 1910 625 dicitur
1940 569 2081 624 fossa

521 673 658 712 ecca
685 674 802 728 quia
832 661 1035 716 occulta
1060 671 1166 717 est;
1200 661 1383 731 Neque
1421 652 1561 717 enim
1589 661 1764 732 aliquo
1789 674 1984 730 genere
2006 660 2084 714 lo-

519 758 750 827 quuntur
797 749 1109 819 Scriptum,
1153 753 1292 823 quod
1340 754 1391 807 in
1438 753 1823 809 consuetudine
1851 752 2080 807 humana

517 852 624 892 non
655 839 974 909 inveniatur,
1027 843 1148 912 quia
1187 846 1368 914 utique
1425 843 1724 896 hominibus
1775 841 2079 910 loquuntur.

517 930 820 987 Secundum
877 934 1104 990 formam
1155 936 1246 991 Dei
1291 937 1485 990 dictum
1535 943 1666 989 est:
1709 935 1848 987 Ante
1897 948 2082 988 omnes

517 1022 682 1076 colles
707 1024 890 1092 genuit
910 1039 1014 1088 me,
1041 1024 1091 1078 id
1112 1032 1214 1088 est,
1242 1035 1362 1078 :zn'e
1386 1038 1573 1078 omnes
1601 1022 1906 1078 altitudines
1933 1036 2084 1076 orea-

519 1120 788 1180 turarum;
831 1123 882 1170 et
911 1131 923 1167 :
951 1117 1086 1169 Ante
1111 1112 1387 1168 luciferum
1431 1114 1589 1184 genui
1628 1123 1700 1178 te,
1746 1113 1797 1168 id
1827 1121 1938 1177 est;
1961 1122 2084 1167 ante

517 1205 695 1260 omnia
723 1189 1055 1274 tctuporaiia.
1087 1203 1388 1260 Secundum
1434 1212 1613 1258 autem
1644 1203 1870 1259 formam
1917 1202 2080 1270 servi,

518 1295 717 1352 dictum
743 1305 840 1364 est,
870 1295 1125 1350 Dominus
1150 1295 1348 1349 creavit
1379 1308 1465 1350 me
1501 1295 1554 1348 in
1598 1293 1860 1363 principio
1876 1295 2082 1346 .viarum

517 1401 751 1452 auarum,
781 1387 884 1458 31
909 1386 1031 1456 quia
1054 1385 1344 1441 secundum
1376 1384 1597 1440 formam
1632 1384 1724 1438 Dei
1763 1383 1897 1438 dixit
1924 1401 1937 1436 :
1975 1384 2086 1450 Ego

518 1488 636 1528 sum
663 1474 882 1540 verita,
914 1481 968 1528 et
992 1471 1285 1529 secundum
1312 1473 1534 1528 formam
1571 1472 1753 1526 servi:
1811 1470 1922 1540 Ego
1967 1485 2084 1524 sum

520 1563 624 1618 via.
655 1563 787 1629 Quia
808 1563 948 1619 etaim
988 1563 1102 1630 ipse
1131 1570 1214 1618 est
1251 1562 1632 1632 primogenitus
1659 1575 1689 1616 a
1712 1562 1958 1625 mortuis,
1986 1560 2088 1615 iter

518 1651 643 1707 fecit
669 1653 921 1708 Ecclesia:
951 1667 1060 1712 suie
1092 1653 1159 1708 ad
1205 1667 1424 1724 regnum
1477 1649 1594 1716 Dei,
1639 1649 1706 1705 ad
1737 1650 1900 1705 vi;am
1933 1658 2087 1704 aiter-

2197 477 2463 532 diceretur
2487 496 2500 531 :
2523 478 2638 533 Non
2669 490 2753 533 est
2776 480 3019 532 humana:
3056 481 3334 546 potestatis
3376 480 3475 533 hoc
3506 481 3670 533 dare:
3693 495 3738 532 ut

2191 581 2285 630 per
2311 566 2442 621 illud
2479 567 2802 635 intellig-tur
2826 569 2924 621 iioc
2947 570 3094 634 dare,
3128 585 3221 639 per
3246 571 3384 640 quod
3413 571 3550 625 Deus
3579 587 3742 640 aqua-

2190 654 2252 706 lis
2300 665 2386 710 cst
2434 656 2599 710 Patri.
2645 655 2759 709 Non
2790 669 2875 711 est
2916 674 3111 722 meum,
3145 659 3333 730 inquit,
3379 661 3528 725 dare,
3568 662 3621 715 id
3648 672 3738 722 est,

2189 743 2306 798 Non
2333 745 2558 799 humana
2604 755 2868 825 potestate
2899 747 2998 799 ista
3047 747 3136 815 do,
3171 750 3262 801 sed
3294 751 3482 818 quibus
3513 760 3738 818 paratum

2186 846 2267 890 est
2293 853 2322 890 a
2349 838 2506 891 Patre
2535 853 2654 892 meo
2679 855 2691 890 :
2719 839 2809 892 sed
2837 839 2945 907 iam
2979 848 3032 891 tu
3060 839 3314 910 intelligo,
3344 846 3464 912 quia
3497 845 3540 898 si
3571 846 3738 898 omnia

2185 946 2303 1000 qua:
2329 932 2489 988 habet
2513 933 2670 986 Pater
2702 947 2818 985 mea
2853 941 2996 993 sunt.
3037 941 3090 986 ct
3117 932 3219 986 boc
3244 937 3424 1004 utique
3447 952 3620 990 meum
3646 947 3736 1000 est,

2186 1030 2386 1074 etcum
2420 1021 2576 1075 Patre
2605 1023 2702 1075 ista
2739 1019 2939 1088 paravi.
2984 1019 3115 1073 Nam
3148 1034 3202 1073 et
3230 1021 3355 1075 illud
3393 1039 3592 1092 quaero,
3621 1039 3740 1092 quo-

2188 1110 2345 1165 modo
2366 1110 2562 1165 dictum
2594 1110 2663 1164 sit
2693 1127 2708 1164 :
2744 1110 2800 1165 Si
2821 1110 2940 1179 quis
2978 1126 3083 1164 non
3109 1109 3256 1164 audit
3284 1114 3444 1166 verba
3474 1128 3610 1178 mea,
3650 1128 3738 1180 ego

2187 1217 2292 1256 non
2332 1202 2583 1271 iudicabo
2635 1202 2824 1256 illum:
2858 1201 3101 1255 fortassis
3143 1202 3285 1257 enim
3331 1204 3398 1255 ita
3448 1203 3535 1256 hic
3575 1205 3734 1256 dixit:

2187 1292 2299 1362 Ego
2331 1310 2433 1347 non
2459 1292 2707 1362 iudicabo
2736 1292 2909 1354 illum,
2933 1293 3382 1361 quemaimodum
3413 1292 3504 1354 ibi,
3531 1293 3640 1346 Non
3662 1303 3735 1346 est

2188 1399 2362 1438 meum
2383 1383 2533 1438 dare.
2563 1381 2668 1437 Sed
2695 1381 2822 1451 quid
2859 1381 2945 1435 hic
2983 1383 3260 1452 sequitur?
3290 1382 3403 1436 Non
3430 1383 3570 1437 enim
3601 1387 3730 1447 veni,

2188 1475 2380 1543 inquit,
2405 1474 2715 1541 utiudicem
2745 1471 3022 1537 mundum,
3071 1471 3165 1526 sed
3210 1481 3268 1525 ut
3315 1473 3518 1526 salvu
3563 1472 3736 1526 faciam

2189 1563 2465 1620 mundum.
2500 1563 2699 1617 Deinde
2748 1562 2988 1631 adiungit
3034 1573 3086 1616 et
3114 1562 3146 1616 d
3172 1564 3280 1617 cit:
3315 1563 3413 1630 Qui
3442 1579 3526 1616 me
3552 1565 3736 1632 apt-ruit

2190 1667 2245 1710 et
2272 1671 2376 1708 non
2397 1653 2587 1722 accipit
2620 1653 2776 1706 verba
2805 1668 2945 1715 mea,
2981 1651 3141 1707 babet
3163 1653 3252 1721 qui
3298 1668 3356 1707 t-e
3392 1652 3608 1720 iudicet.
3653 1654 3738 1707 llic

519 1759 664 1810 nam,
693 1745 776 1800 cui
817 1754 973 1815 caput
1000 1755 1102 1810 est,
1135 1745 1200 1801 ad
1227 1743 1676 1802 immortalitatem
1702 1741 1861 1797 etiam
1887 1755 2080 1810 corpo-
2114 1744 2161 1803 B
2184 1746 2296 1817 iam
2325 1743 2743 1812 intelligeremus
2775 1745 2982 1796 latrem
3029 1742 3130 1796 nisi
3174 1743 3492 1812 adiungeret
3520 1753 3572 1797 et
3595 1744 3730 1798 dice-

521 1836 617 1903 ris,
645 1836 763 1890 ideo
790 1844 998 1890 creatus
1019 1846 1101 1890 est
1127 1836 1176 1892 in
1195 1835 1457 1904 principio
1479 1835 1679 1889 viarum
1701 1834 1789 1887 Dei
1805 1829 2089 1904 [suarum].

523 1928 574 1978 in
597 1940 756 1994 opera
814 1926 963 1995 eius;
1012 1927 1302 1982 secundum
1331 1926 1553 1980 formam
1599 1925 1742 1979 enim
1769 1912 1865 1980 Dei
1897 1923 2093 1994 princi-

523 2016 668 2085 pium
693 2023 794 2081 est,
835 2015 976 2086 quod
1005 2025 1057 2073 et
1106 2016 1337 2085 loquitur
1368 2014 1521 2071 nobis
1547 2031 1561 2079 ;
1615 2015 1668 2067 in
1699 2027 1805 2083 quo
1831 2013 2094 2086 principio

520 2105 647 2161 fecit
673 2105 811 2162 Detis
839 2107 1031 2166 coelum
1072 2116 1127 2167 et
1154 2115 1382 2173 terram;
1411 2105 1704 2161 secundum
1750 2108 1972 2160 turmam
2000 2119 2093 2158 au-

523 2206 630 2254 tem
655 2198 792 2254 servi
817 2241 832 2266 ,
865 2197 1427 2269 Sponsus'procedens
1458 2200 1525 2254 de
1565 2197 1800 2252 thalamo
1825 2207 1944 2251 suo.
1996 2195 2090 2251 Se-

484 2303 488 2312 ‘
523 2304 626 2344 cun
648 2292 754 2343 tum
793 2289 1012 2344 formam
1054 2288 1148 2354 Dei
1178 2274 1562 2359 primogenitae
1605 2287 1780 2342 omnis
1810 2296 2092 2353 creatura,

522 2387 577 2436 et
598 2382 711 2449 ipse
739 2389 821 2434 est
841 2392 964 2436 auze
993 2395 1203 2447 omnes,
1224 2389 1279 2436 et
1299 2381 1478 2438 omnia
1505 2381 1558 2434 in
1583 2380 1674 2435 illo
1699 2388 1978 2445 onustam;
2010 2394 2094 2433 ae-

525 2469 757 2526 cundum
799 2469 1022 2525 formam
1069 2472 1232 2539 servi,
1284 2469 1508 2543 ipseqest
1531 2480 1689 2537 caput
1718 2470 1959 2538 corporis
1988 2469 2090 2525 Ec-

522 2559 703 2614 clesia:
726 2575 739 2612 :
764 2557 1052 2613 secundum
1069 2559 1290 2613 formam
1306 2557 1422 2623 Dei,
1449 2560 1705 2614 Dominus
1733 2557 1857 2630 [est]
1882 2558 2089 2629 gloriae,

521 2651 664 2706 unde
734 2650 1070 2706 manifestum
1132 2661 1213 2706 est
1264 2651 1405 2721 quod
1470 2651 1584 2720 ipse
1645 2651 1908 2722 gioriiicet
1973 2667 2096 2707 sano

520 2754 634 2797 ctos
663 2755 807 2796 suos.
848 2741 988 2808 Quos
1026 2740 1166 2795 enim
1210 2739 1624 2811 praedestinavit,
1657 2743 1801 2810 ipsos
1853 2740 2002 2815 [bos]
2043 2753 2095 2796 et

519 2832 720 2886 vocavit
749 2849 762 2897 ;
797 2841 852 2886 et
880 2845 1012 2900 quos
1041 2831 1268 2900 vocavit,
1296 2830 1441 2904 ipsos
1481 2842 1535 2888 et
1559 2831 1873 2902 iustiﬁcavit
1906 2849 1922 2897 ;
1962 2847 2095 2901 quos

514 2928 692 2976 autem
713 2920 1036 2989 iustiﬁcavit,
1065 2922 1208 2989 ipsos
1229 2930 1285 2976 et
1308 2913 1647 2992 gini-iﬁcavit.
1677 2922 1752 2976 De
1779 2923 1812 2975 il
1836 2936 1871 2977 ο
1900 2912 2095 2992 quippe

521 3011 721 3067 dictum
746 3024 845 3079 est,
878 3011 1016 3081 quod
1039 3012 1301 3083 iustiticet
1343 3013 1563 3087 impium
1592 3029 1608 3079 ;
1635 3013 1703 3069 de
1753 3014 1849 3069 illo
1894 3015 2094 3069 dictum

2194 1845 2276 1889 ret
2307 1851 2324 1894 :
2353 1834 2580 1889 Verbum
2607 1832 2746 1902 quod
2780 1833 2990 1887 locutus
3020 1848 3162 1897 sum,
3211 1833 3383 1902 ipsum
3405 1833 3650 1903 iudicabit
3678 1836 3735 1886 il-

2191 1925 2301 1978 lum
2330 1925 2381 1979 in
2416 1922 2708 1978 novissimo
2760 1923 2871 1980 die.
2899 1922 3035 1988 Quid
3067 1923 3245 1992 igitur,
3295 1922 3405 1993 iam
3451 1939 3546 1978 nec
3589 1923 3736 1979 Filius

2188 2012 2465 2081 iudicabit,
2500 2013 2620 2082 quia
2651 2010 2807 2077 dixit,
2867 2013 2975 2081 Ego
3022 2028 3130 2068 uon
3155 2011 3408 2080 iudicabo
3447 2013 3627 2067 ilium!
3650 2028 3736 2069 nec

2196 2109 2367 2170 Fater,
2409 2108 2504 2162 sed
2535 2107 2753 2160 verbum
2777 2105 2917 2174 quod
2947 2105 3153 2161 locutus
3174 2116 3256 2161 est
3288 2106 3603 2162 Filiuailmo
3624 2107 3736 2180 [βψ

2195 2195 2321 2267 tius]
2349 2197 2470 2250 audi
2498 2196 2672 2250 adhuc
2715 2195 2859 2266 quod
2902 2195 3187 2264 sequitur:
3238 2194 3372 2263 Quia
3419 2211 3534 2268 ego,
3565 2198 3736 2266 inquit,

2146 2288 2156 2296 ’
2194 2303 2298 2341 non
2328 2303 2392 2340 ex
2425 2301 2513 2341 me
2538 2286 2744 2345 locutus
2771 2297 2913 2354 sum,
2943 2286 3042 2345 sed
3070 2287 3160 2345 ille
3181 2290 3271 2357 qui
3297 2304 3382 2344 me
3409 2289 3545 2347 misit
3577 2289 3734 2354 Pater,

2150 2408 2152 2410 -
2195 2375 2284 2430 ille
2315 2375 2619 2430 mandatum
2648 2376 2778 2429 mibi
2825 2375 2994 2441 dedit,
3041 2377 3168 2443 quid
3210 2377 3382 2432 dicam
3428 2388 3482 2434 et
3503 2380 3616 2447 quid
3659 2380 3733 2434 lo-

2195 2483 2350 2539 quar,
2373 2478 2428 2523 et
2453 2469 2564 2523 scio
2593 2468 2713 2538 quia
2744 2469 3047 2524 mandatum
3094 2471 3214 2540 eius
3243 2473 3350 2526 vita
3387 2481 3576 2528 aeterm
3611 2484 3692 2534 est
3719 2492 3734 2526 :

2196 2578 2313 2632 qua:
2333 2577 2462 2632 ergo
2476 2577 2573 2633 ego
2590 2562 2801 2632 loquor,
2816 2563 2952 2618 sicut
2969 2563 3103 2618 dixit
3116 2563 3246 2618 mihi
3264 2563 3441 2630 Pater,
3457 2566 3533 2620 sic
3548 2566 3732 2631 loquor.

2194 2654 2248 2708 Si
2280 2667 2410 2722 ergo
2445 2667 2550 2706 non
2573 2652 2776 2721 iudicat
2811 2652 2995 2719 Filius,
3023 2652 3117 2710 sed
3146 2655 3368 2710 verbo
3392 2656 3525 2724 quod
3551 2655 3735 2710 locutas

2196 2755 2276 2800 est
2305 2745 2490 2812 Filius,
2522 2745 2640 2800 ideo
2662 2755 2840 2800 autem
2870 2744 3074 2813 iudicat
3105 2744 3362 2809 Verbum,
3385 2748 3520 2814 quod
3548 2748 3736 2801 iocatus

2197 2844 2279 2892 est
2311 2835 2495 2900 Filius,
2524 2835 2649 2904 quia
2677 2849 2781 2889 non
2812 2851 2877 2888 ex
2901 2850 2962 2891 se
2990 2835 3199 2892 locutus
3222 2846 3306 2892 est
3339 2837 3518 2902 Filius,
3548 2838 3630 2893 sed
3653 2840 3731 2907 qui

2198 2927 2343 2983 misit
2364 2941 2486 2982 eum
2515 2925 2693 2993 Pater,
2723 2917 3030 2983 mandatum
3077 2928 3124 2981 ei
3170 2927 3318 2982 dedit
3347 2929 3471 2999 quid
3521 2928 3645 2982 dicit
3685 2935 3733 2983 et

2198 3018 2325 3088 quid
2349 3017 2618 3086 loquatur,
2669 3016 2829 3071 Pater
2872 3017 3056 3086 utique
3083 3017 3307 3085 iudicat,
3350 3021 3498 3087 cuius
3527 3019 3731 3072 Verbum

519 3113 621 3168 est,
660 3103 802 3174 quod
835 3105 906 3161 sit
937 3106 1112 3173 iustus
1140 3115 1192 3159 et
1227 3105 1552 3174 iustiﬁcans.
1605 3105 1662 3160 Si
1691 3119 1818 3175 ergo
1848 3119 1982 3174 quos
2007 3104 2093 3173 Ξει-
2123 3117 2168 3179 C
2199 3122 2282 3167 est
2307 3108 2447 3180 quod
2469 3109 2676 3164 locutus
2700 3118 2784 3163 est
2813 3108 2996 3174 Filius,
3025 3119 3186 3178 atque
3213 3110 3386 3178 ipsum
3413 3111 3622 3165 Verbm
3646 3108 3732 3162 Pa-

520 3197 785 3262 stiticavit,
821 3195 963 3266 ipsos
1001 3206 1054 3250 et
1083 3196 1424 3267 gloriﬁcavit,
1467 3195 1558 3266 qui
1584 3195 1861 3265 iustilicat,
1894 3195 2010 3264 ipse
2039 3205 2093 3250 et

519 3287 801 3358 gloriﬁcat,
847 3288 938 3360 qui
978 3301 1080 3355 est,
1114 3296 1169 3342 ut
1195 3288 1323 3355 dixi,
1370 3288 1623 3343 Dominus
1653 3288 1855 3358 glorias.
1886 3288 2094 3344 Secun-

520 3377 646 3431 dum
674 3376 900 3432 formam
929 3388 1104 3433 tamen
1128 3380 1288 3446 servi,
1316 3378 1683 3449 satagentibus
1721 3378 1996 3448 discipulis
2028 3380 2094 3435 de

521 3472 904 3543 gloriilcatione
933 3487 1029 3526 sua
1085 3472 1409 3543 respondit:
1455 3471 1660 3529 Sedere
1704 3473 1768 3526 ad
1815 3472 2091 3527 dexteram

521 3576 694 3618 meam
718 3571 810 3618 aut
844 3564 1137 3628 sinistram,
1164 3581 1267 3618 non
1289 3574 1372 3620 est
1409 3579 1583 3620 meum
1611 3564 1740 3620 dare
1778 3565 1953 3632 vobis,
1995 3565 2092 3620 sed

523 3654 714 3723 quibus
739 3664 978 3724 paratum
1003 3666 1084 3711 est
1128 3671 1155 3710 a
1194 3657 1348 3711 i‘atre
1394 3672 1534 3712 meo.
1563 3655 1714 3724 Quod
1736 3664 1911 3711 autem
1940 3672 2093 3727 para-

527 3759 636 3799 tum
665 3753 748 3800 est
785 3761 813 3799 a
847 3746 1005 3802 Patre
1049 3747 1186 3818 eius,
1219 3756 1274 3802 et
1310 3749 1377 3803 ab
1406 3748 1519 3817 ipso
1553 3747 1688 3803 Filio
1715 3757 1956 3814 paratum
1985 3757 2087 3816 est,

521 3839 643 3905 quia
671 3837 784 3906 ipse
814 3846 870 3893 et
899 3839 1053 3894 Pater
1082 3855 1245 3893 unum
1273 3849 1417 3894 sunt.
1450 3839 1566 3895 iam
1594 3839 1734 3894 enim
1761 3839 2092 3895 ostendimus

523 3930 575 3984 in
604 3930 701 3985 bac
722 3929 982 3985 Trinitate
1022 3947 1117 4001 per
1171 3931 1364 3985 multos
1413 3933 1738 3987 loiutionuni
1791 3932 2090 3988 divinarum

525 4021 732 4084 mod-is,
781 4021 941 4076 etiam
997 4022 1064 4077 de
1087 4021 1306 4090 singulis
1344 4023 1448 4076 dici
1507 4022 1648 4093 quod
1711 4024 1947 4078 omnium
1987 4034 2091 4091 est,

527 4119 741 4180 propter
793 4110 1199 4179 inseparabilem
1248 4113 1610 4183 operationem
1643 4114 1798 4168 unius
1824 4115 2091 4182 eiusdem-

524 4217 628 4269 que
657 4201 989 4255 substautiae.
1028 4202 1174 4255 Sicut
1204 4202 1272 4257 de
1309 4204 1507 4272 Spiritu
1533 4215 1722 4260 sancto
1750 4205 1878 4261 dicit
1906 4223 1922 4260 :
1960 4205 2092 4262 Cum

527 4306 627 4362 rgo
655 4293 857 4356 abiero,
889 4292 1093 4346 mittam
1125 4293 1268 4346 illum
1297 4294 1362 4349 ad
1393 4311 1506 4352 vos.
1563 4295 1677 4352 Non
1727 4297 1865 4352 dixit
1917 4299 2107 4368 mittes

528 4397 668 4449 tuus,
697 4384 787 4436 8rd
814 4384 883 4437 ita
905 4384 1057 4453 quasi
1090 4395 1290 4440 tantum
1319 4386 1480 4442 Filius
1508 4404 1628 4445 eum
1646 4389 1904 4445 missurus
1927 4402 2092 4460 esset,

2199 3205 2314 3269 tris,
2345 3202 2486 3257 idem
2513 3202 2626 3270 ipse
2653 3211 2738 3258 est
2767 3202 2954 3256 Filius.
3007 3202 3123 3258 Non
3153 3203 3294 3257 enim
3325 3205 3466 3258 aliud
3492 3213 3567 3258 est
3599 3219 3730 3258 min-

2196 3297 2379 3350 datum
2407 3292 2597 3356 Patris,
2629 3291 2771 3347 aliud
2791 3293 3010 3347 verbum
3038 3292 3208 3347 Patris
3236 3310 3252 3345 :
3277 3308 3401 3347 nam
3430 3293 3626 3348 verbum
3647 3292 3734 3345 Pa.

2199 3389 2296 3444 tris
2325 3386 2426 3441 lioc
2453 3384 2741 3454 appellavit
2765 3393 2821 3439 et
2855 3384 3185 3439 mandatum.
3229 3383 3512 3440 Videamus
3537 3398 3649 3453 ergo
3674 3396 3733 3436 ne

2198 3481 2335 3536 t‘orte
2362 3479 2500 3550 quod
2532 3478 2630 3540 ait,
2659 3476 2771 3546 Ego
2791 3487 2907 3528 'non
2933 3489 3001 3529 ex
3029 3490 3116 3529 me
3145 3474 3359 3530 locutus
3385 3488 3520 3538 sum,
3549 3474 3636 3528 hoc
3656 3474 3729 3526 in-

2197 3573 2360 3643 telligi
2383 3572 2611 3627 voluerit
2641 3586 2656 3622 ε
2689 3567 2801 3635 Ego
2829 3579 2931 3620 nou
2967 3579 3030 3619 ex
3061 3580 3148 3619 me
3179 3572 3336 3620 natus
3361 3579 3476 3619 sum
3504 3583 3518 3620 :
3543 3565 3582 3618 ti
3607 3566 3728 3618 enim

2197 3663 2428 3718 Verbum
2457 3661 2630 3717 Patris
2650 3659 2908 3727 loquitur,
2942 3656 3176 3724 seipsum
3222 3655 3478 3724 loquitur,
3506 3657 3613 3726 quia
3638 3655 3734 3720 ipse

2196 3764 2277 3807 est
2305 3752 2539 3810 Verbum
2591 3749 2782 3806 Patris.
2833 3746 3153 3815 Plerumque
3197 3747 3340 3801 enim
3397 3746 3554 3813 dicit,
3607 3745 3735 3800 Dedit

2196 3826 2338 3896 mihi,
2358 3842 2536 3906 Pater,
2567 3841 2620 3893 in
2659 3853 2765 3908 quo
2794 3836 2905 3891 vult
2949 3835 3169 3905 intelligi
3197 3836 3341 3905 quod
3371 3851 3491 3891 eum
3520 3836 3730 3906 genuerit

2197 3931 2376 3996 Pater,
2407 3947 2510 3986 non
2541 3941 2599 3986 ut
2627 3941 2881 3997 tanquam
2909 3927 3019 3996 iam
3064 3926 3317 3982 existenti
3342 3936 3398 3982 et
3421 3942 3521 3982 non
3550 3924 3730 3980 babenti

2195 4021 2634 4091 dederitaliquid,
2659 4017 2753 4075 sed
2773 4019 2942 4088 ipsum
2965 4016 3177 4072 dedisse
3193 4028 3248 4071 ut
3268 4016 3732 4086 baberet,genuiase

2196 4124 2279 4170 est
2310 4122 2368 4169 ut
2394 4123 2557 4168 esset.
2584 4112 2698 4166 Non
2717 4111 2858 4165 enim
2884 4111 3025 4164 sicut
3056 4115 3326 4175 creatura,
3367 4107 3437 4161 ita
3487 4108 3569 4162 Dei
3597 4106 3731 4161 Filius

2196 4213 2320 4261 ante
2340 4202 2756 4259 incarnationem
2800 4209 2853 4254 et
2886 4199 3300 4264 assumptionem
3342 4207 3607 4261 creatura,
3638 4195 3730 4249 usi-

2198 4301 2408 4373 genitus
2425 4315 2518 4369 per
2530 4313 2690 4368 quem
2705 4295 2840 4350 facta
2857 4301 2981 4349 sunt
2997 4291 3193 4354 omnia.
3208 4291 3352 4345 aliud
3366 4289 3648 4346 estetsliud
3664 4289 3729 4341 ln-

2198 4390 2421 4446 bct:sed
2439 4389 2722 4457 bocipsum
2744 4394 2828 4441 est
2842 4383 2979 4452 quod
2994 4391 3080 4437 est
3095 4381 3145 4434 id
3164 4381 3304 4450 quod
3322 4380 3500 4444 habet,
3520 4379 3643 4449 quod
3662 4379 3729 4432 illo

529 4491 631 4529 non
656 4483 708 4528 it
742 4474 913 4543 Pater,
940 4492 1060 4530 cum
1091 4478 1194 4532 alio
1226 4478 1342 4532 loco
1367 4478 1511 4534 dicat
1543 4498 1556 4534 :
1590 4481 1712 4535 Haec
1754 4481 1963 4537 locutus
1986 4498 2102 4539 sum
2135 4485 2186 4544 D
2208 4481 2328 4537 loco
2349 4478 2675 4536 manifestius
2693 4477 2911 4540 dicitur,
2931 4476 2974 4530 si
3005 4473 3124 4543 quis
3143 4471 3208 4526 a‘d
3229 4471 3538 4540 capiendum
3560 4470 3728 4525 sitido-

530 4565 678 4620 vobis
715 4569 852 4633 apud
883 4581 977 4623 vos
1000 4582 1241 4634 mmieus,
1272 4568 1561 4626 advocatus
1591 4583 1771 4626 autem
1796 4555 1892 4627 ille
1923 4573 2096 4644 Spiri-

529 4669 613 4711 tus
641 4668 876 4724 sanctus,
901 4675 1057 4729 quem
1090 4659 1263 4713 mittet
1291 4659 1446 4716 Pater
1479 4661 1530 4714 in
1563 4664 1777 4717 nomine
1824 4680 1965 4734 meo,
2011 4665 2099 4720 ille

526 4749 679 4803 vobis
701 4747 988 4803 declarabit
1013 4749 1213 4805 omnia.
1267 4749 1363 4804 ilic
1410 4765 1599 4806 rursus
1627 4753 1698 4806 ita
1751 4755 1953 4810 dictum
1983 4766 2097 4822 est,

524 4840 676 4909 quasi
708 4853 811 4891 non
843 4853 963 4892 eum
997 4841 1253 4894 missurus
1281 4850 1427 4896 esset
1453 4850 1507 4897 et
1552 4843 1738 4910 Filius,
1764 4846 1856 4902 sed
1891 4855 2096 4904 tantum

531 4935 707 4988 Pater.
741 4932 898 4986 Sicut
934 4946 1062 5001 ergo
1099 4931 1219 4999 ista,
1252 4935 1320 4987 ita
1361 4943 1414 4990 et
1463 4935 1590 4990 illud
1628 4939 1777 5006 'quod
1823 4940 1934 4994 ait:
1989 4941 2095 4998 Sed

527 5026 718 5095 quibus
749 5035 990 5090 paratum
1023 5033 1105 5078 est
1147 5038 1174 5077 a
1206 5025 1362 5081 Patre
1397 5043 1537 5082 meo:
1570 5045 1688 5083 rum
1723 5031 1876 5106 Patre
1916 5049 1974 5090 se
2016 5035 2097 5092 iu-

533 5116 692 5186 teiligi
729 5116 892 5172 voluit
925 5131 1109 5184 parare
1150 5118 1303 5172 sedes
1339 5119 1521 5187 gloria:
1549 5121 1741 5191 quibus
1775 5124 1949 5180 vellet.
1987 5128 2092 5182 Sed

528 5207 657 5262 dicit
678 5207 868 5278 aliquis
901 5208 1072 5262 :Cum
1103 5208 1171 5262 de
1198 5206 1396 5273 Spiritu
1443 5222 1628 5268 sancto
1662 5214 1991 5283 loqueretur,
2022 5219 2093 5273 ita

526 5313 586 5354 se
608 5299 892 5353 missurum
920 5300 1013 5366 ait,
1039 5309 1096 5354 ut
1119 5312 1222 5353 non
1255 5310 1470 5371 negaret
1505 5301 1713 5358 Patrem
1758 5305 2045 5362 missurum
2079 5328 2093 5362 :

527 5398 581 5444 et
608 5390 715 5444 alio
747 5389 862 5443 loco
887 5390 956 5443 ita
979 5391 1209 5450 Patrem,
1238 5401 1292 5442 ut
1318 5406 1422 5446 nou
1451 5404 1669 5462 negaret
1695 5409 1752 5450 se
1773 5397 2095 5462 missurum;

527 5481 614 5536 liic
645 5495 771 5535 vero
803 5492 985 5547 aperte
1021 5482 1089 5534 ait
1125 5498 1138 5536 :
1181 5481 1295 5536 Non
1328 5494 1408 5538 est
1439 5499 1615 5540 meum
1643 5485 1769 5542 dare
1799 5505 1814 5555 ;
1846 5497 2004 5560 atque
2026 5493 2096 5545 ita

526 5580 796 5626 secutus'a
835 5570 986 5625 Patre
1028 5571 1157 5627 dixit
1201 5574 1296 5641 ista
1348 5585 1664 5645 preparato.
1711 5576 1817 5634 Sed
1860 5581 1960 5636 hoc
2016 5595 2098 5637 est

527 5663 667 5731 quod
693 5664 1090 5734 prmstruximus
1123 5667 1413 5724 secundum
1440 5665 1664 5723 formam
1692 5671 1831 5725 servi
1863 5672 2092 5728 dieium:

2203 4587 2355 4637 neus,
2370 4572 2457 4627 ubi
2478 4573 2587 4627 ait:
2607 4572 2755 4628 Sicut
2775 4569 2934 4624 habet
2951 4567 3106 4621 Pater
3130 4566 3292 4620 vitam
3310 4566 3360 4619 in
3379 4567 3665 4629 semetipso,
3679 4564 3728 4616 iu

2201 4665 2497 4722 deditF'iiio
2509 4664 2706 4720 habere
2722 4662 2884 4717 vitam
2905 4662 2956 4714 in
2978 4660 3265 4727 semetipso
3288 4676 3299 4710 :
3321 4674 3490 4726 neque
3505 4659 3633 4712 en'
3643 4659 3729 4724 ia

2202 4755 2451 4813 existenti
2476 4765 2530 4812 et
2551 4755 2711 4810 vitam
2741 4766 2845 4806 non
2883 4750 3092 4805 habenti
3128 4748 3277 4803 dedit
3298 4759 3356 4803 ut
3377 4747 3728 4802 haberetvitau

2204 4849 2256 4903 in
2284 4851 2594 4914 semetipso,
2623 4859 2744 4899 cum
2772 4859 2836 4898 eo
2866 4843 2980 4912 ipso
3005 4841 3143 4908 quod
3175 4849 3258 4896 est
3293 4841 3397 4893 vita
3428 4839 3513 4894 sit.
3541 4839 3638 4892 Hoc
3669 4843 3730 4890 est

2204 4954 2355 5010 ergo,
2385 4937 2539 4992 Dedit
2567 4935 2702 4990 Filio
2730 4933 2929 4988 habere
2959 4932 3119 4986 vitam
3161 4931 3211 4984 in
3239 4931 3544 4998 semetipso,
3572 4925 3729 4983 Genui:

2207 5033 2398 5088 Filium
2445 5044 2566 5084 esse
2613 5025 3101 5084 incommutabilem
3142 5025 3326 5087 vitam,
3372 5022 3509 5092 quod
3551 5020 3727 5074 estvita

2203 5135 2424 5177 interna.
2455 5121 2586 5174 Cum
2615 5134 2743 5189 ergo
2772 5116 3004 5171 Verbum
3033 5115 3122 5170 Dei
3154 5115 3220 5168 sit
3251 5113 3418 5168 Filius
3450 5113 3556 5174 Dei,
3583 5122 3629 5163 et
3657 5108 3725 5161 Fi-

2201 5217 2302 5271 lius
2335 5215 2426 5270 Dei
2457 5214 2526 5268 sit
2555 5227 2715 5266 verus
2750 5210 2884 5263 Deus
2913 5215 2967 5263 et
2996 5207 3101 5259 vita
3140 5213 3366 5267 :eterna,
3395 5205 3530 5257 sicut
3556 5201 3602 5253 in
3631 5195 3723 5262 Epi-

2203 5305 2337 5361 stola
2369 5319 2463 5359 sua
2498 5303 2629 5357 dicit
2669 5300 2922 5362 Joannes,
2955 5298 3118 5351 etiam
3150 5296 3239 5349 hic
3268 5295 3396 5362 quid
3439 5291 3569 5347 aliud
3593 5300 3726 5357 agno:

2205 5399 2424 5460 scimus,
2461 5410 2578 5449 cum
2611 5394 2737 5447 dicit
2786 5391 3042 5443 Dominus
3074 5403 3087 5440 :
3118 5386 3348 5441 Verbum
3375 5384 3510 5453 quod
3555 5385 3722 5436 locutu

2203 5504 2342 5550 sum,
2367 5487 2537 5556 ipsum
2563 5482 2815 5550 iudicabit
2843 5495 2964 5533 eum
2989 5480 3042 5532 in
3067 5479 3359 5532 novissimo
3383 5475 3495 5537 die;
3515 5483 3564 5528 et
3581 5471 3719 5531 insul

2204 5580 2447 5642 verbum,
2478 5577 2648 5630 Patris
2673 5572 2891 5627 verbum
2922 5585 3040 5625 esse
3068 5568 3220 5637 dicit,
3248 5577 3307 5623 et
3336 5565 3618 5622 mandatum
3644 5557 3718 5610 Pa-

2205 5675 2300 5730 tris
2321 5716 2334 5731 .
2370 5673 2648 5738 ipsumque
2680 5663 2984 5719 mandatum
3017 5661 3175 5716 vitam
3204 5669 3455 5716 :eternam
3479 5656 3500 5710 τ
3526 5653 3584 5708 Et
3603 5645 3712 5712 seio,
