3904 6224
168 282 280 339 ﬁlii

1349 279 1778 344 THESAURIJS.
1819 278 1971 340 CAP.
2009 283 2236 341 CCXLI.

3304 281 3406 338 0H

164 396 366 465 inquit,
399 400 525 468 quia
551 399 857 455 mandatum
888 398 1006 467 ejus
1045 398 1146 451 vita
1185 407 1384 452 aiterna
1412 402 1518 451 εει.
1545 393 1737 461 Quare
1768 393 1813 450 Α
1845 408 1983 460 tuus,
2015 403 2068 450 et
2097 393 2262 449 Filius
2307 407 2428 450 cum
2470 395 2599 450 dicit
2625 413 2639 450 :
2669 395 2727 453 ει
2755 404 2936 452 autem
2975 394 3158 450 abiero
3196 395 3400 449 mittam

161 487 350 556 itaque
390 490 659 559 quomodo
685 488 1032 557 intelligamus
1075 503 1090 545 :
1147 487 1257 557 Ego
1307 500 1408 539 non
1455 481 1733 553 iudicabo,

160 576 309 650 [sed]
336 581 553 634 verbum
608 579 752 647 quod
801 579 1003 633 locutus
1032 594 1147 634 sum
1179 575 1473 646 judicabit?
1501 573 1640 644 quod
1669 588 1732 626 ex

154 671 620 739 consequentibus
659 679 876 739 apparet
925 672 995 725 ita
1047 669 1271 733 dictum,
1301 683 1365 723 ac
1411 666 1456 721 si
1504 666 1730 729 diceret,

160 760 286 826 Ego
325 776 428 814 non
475 761 761 830 iudicabo,
815 761 906 815 sed
956 761 1179 814 verbum
1240 757 1410 812 Patris
1457 755 1734 825 iudicabit.

158 848 408 903 Verbum
435 860 611 904 autem
648 851 818 904 Patris
839 859 920 904 est
946 850 1057 919 ipse
1086 849 1246 903 Filius
1271 849 1385 902 Dei.
1429 845 1638 901 Siccine
1659 843 1740 896 in-

159 938 514 1007 telligendum
557 949 663 1005 est,
709 940 819 1010 Ego
851 955 953 994 non
1003 939 1275 1008 iudicabo,
1327 936 1421 991 sed
1449 951 1548 1005 ego
1593 933 1738 1003 judi-

153 1028 304 1082 cabo
322 1028 346 1081 3
367 1028 642 1096 Quomodo
663 1031 800 1085 istud
821 1040 991 1100 potest
1010 1046 1128 1085 esse
1152 1027 1477 1094 verum,'nisi
1501 1028 1568 1080 ita
1590 1042 1603 1080 :
1629 1022 1741 1095 Ego

154 1117 374 1172 scilicet
398 1135 502 1172 non
523 1120 768 1188 judicabo
788 1136 852 1174 ex
876 1128 1136 1190 potestate
1154 1122 1403 1186 humana,
1425 1118 1542 1189 quia
1570 1113 1741 1173 Filius

157 1207 402 1263 hominis
421 1225 560 1274 sum,
577 1211 668 1265 sed
681 1211 926 1279 judicabo
937 1226 998 1265 ex
1017 1219 1277 1280 potestate
1297 1212 1473 1279 Verbi,
1489 1214 1736 1282 quoniam

158 1295 336 1369 [quia]
361 1299 524 1352 Filius
550 1299 638 1354 Dei
662 1313 801 1356 sum.
823 1299 927 1353 Aut
956 1302 999 1354 si
1028 1301 1290 1354 contraria
1318 1311 1367 1356 et
1393 1305 1737 1373 repugnantia

158 1386 439 1452 videntur,
466 1387 575 1457 Ego
598 1403 701 1442 non
725 1388 992 1464 judicabo,
1016 1389 1107 1444 sed
1136 1405 1233 1460 ego
1249 1391 1523 1460 iudicabo,
1541 1393 1666 1462 quid
1690 1393 1744 1450 il.

155 1474 234 1529 lie
255 1475 517 1542 dicemus,
545 1479 630 1533 ubi
654 1479 726 1532 ait
751 1498 762 1532 :
788 1481 900 1534 Mea
922 1480 1158 1535 doctrina
1182 1499 1284 1535 non
1302 1492 1385 1537 est
1408 1499 1520 1538 mea
1545 1485 1566 1538 2
1590 1477 1735 1553 Quo-

156 1566 350 1632 modo,
385 1584 531 1633 mea;
559 1571 819 1638 quomodo
844 1585 946 1625 non
969 1571 1128 1625 mea?
1155 1571 1264 1626 Non
1293 1575 1432 1627 enim
1455 1573 1608 1640 dixii,
1638 1577 1736 1632 Ista

155 1654 409 1710 doctrina
434 1673 537 1711 non
563 1669 642 1713 est
664 1674 799 1722 mea;
824 1660 939 1722 sed,
963 1659 1071 1715 Mea
1093 1659 1334 1716 doctrina
1358 1679 1459 1716 non
1481 1675 1560 1718 est
1588 1679 1734 1720 mea:

1840 495 1962 536 eum
1988 484 2054 539 ad
2079 499 2190 538 vos.
2217 484 2328 549 Qua
2362 485 2412 538 in
2442 486 2759 554 quaestione,
2791 487 3020 555 primum
3048 497 3231 555 quam
3260 486 3399 542 unde

1839 581 1892 625 et
1917 589 2021 641 quo
2058 574 2362 646 [quomodo
2386 575 2396 647 |
2429 579 2620 631 missus
2647 577 2716 632 sit
2745 577 2946 632 Filius?
2983 576 3342 648 Egerimus“,
3368 590 3399 630 s

1841 662 1996 718 Patre
2032 665 2137 719 exii
2179 675 2234 719 et
2261 668 2378 721 veni
2419 668 2468 722 in
2505 667 2643 722 hunc
2682 669 2954 724 mundum.
3005 669 3145 739 Ergo
3170 668 3405 724 I'Pstre

1836 754 2011 820 exire,
2060 763 2116 811 et
2140 757 2320 811 venire
2366 758 2417 812 in
2451 758 2590 814 hunc
2620 752 2945 830 [mundum],
2994 759 3096 814 hoc
3125 768 3206 814 est
3236 757 3398 814 mitti.

1839 845 1974 909 Quid
2007 846 2162 915 igitur
2202 857 2286 904 est
2313 849 2451 917 quod
2491 851 2559 906 de
2602 852 2691 905 illo
2740 852 2878 906 idem
2923 852 3038 923 ipse
3073 850 3399 920 evangelista

1839 932 1967 987 dicit
2001 952 2014 987 :
2043 936 2096 989 In
2121 936 2221 992 hoc
2244 938 2441 993 mundo
2469 948 2606 1004 erat,
2636 947 2690 995 et
2717 941 2944 995 mundus
2971 955 3066 1010 per
3092 941 3264 1010 ipsum
3289 941 3400 994 iae-

1841 1031 1924 1079 tus
1953 1032 2057 1091 est,
2089 1033 2143 1080 et
2171 1027 2400 1082 mundus
2433 1041 2553 1083 eum
2583 1044 2688 1084 non
2726 1031 2973 1100 cognovit
3002 1045 3020 1086 :
3048 1029 3239 1085 deinde
3271 1043 3400 1084 etm-

1835 1111 2009 1182 jungit
2033 1129 2046 1166 :
2077 1115 2132 1167 In
2160 1128 2252 1168 sua
2285 1117 2496 1186 propria
2523 1119 2686 1173 venit.
2735 1118 2860 1173 Illuc
2890 1117 3070 1189 utique
3099 1119 3294 1172 missus
3318 1124 3399 1171 est

1843 1218 1950 1271 quo
1979 1205 2120 1258 venit
2149 1222 2164 1259 :
2196 1207 2314 1260 atsi
2348 1207 2400 1260 ln
2427 1206 2609 1279 [hunc]
2641 1210 2894 1263 mundum
2925 1210 3117 1263 missus
3143 1216 3245 1270 est,
3277 1206 3401 1275 quia

1841 1295 1966 1349 exiit
1996 1311 2024 1348 a
2066 1296 2223 1353 Patre
2251 1308 2307 1352 et
2335 1299 2482 1354 venit
2523 1301 2575 1355 itt
2621 1302 2760 1355 hunc
2789 1301 3076 1364 mundum,
3107 1309 3162 1354 et
3203 1300 3257 1354 in
3296 1299 3398 1355 beo

1841 1387 2040 1441 mundo
2061 1399 2171 1442 erat
2201 1404 2215 1442 :
2240 1390 2360 1445 illuc
2384 1405 2512 1461 ergo
2541 1392 2734 1447 missus
2753 1399 2837 1447 est
2862 1392 2949 1447 ubi
2972 1401 3106 1446 erat.
3139 1389 3269 1446 Nam
3289 1387 3396 1462 [et]

1841 1477 1970 1532 illud
1999 1481 2137 1549 quod
2170 1482 2423 1550 scriptum
2452 1493 2535 1538 est
2580 1484 2632 1539 in
2660 1484 2952 1553 PrOpheta,
2986 1484 3151 1538 Deum
3190 1483 3388 1545 dicere.

1839 1565 2046 1624 Caelum
2074 1578 2128 1624 et
2149 1577 2342 1625 terram
2375 1587 2472 1642 ego
2501 1571 2715 1642 impleo,
2749 1573 2792 1628 si
2829 1573 2897 1628 de
2928 1573 3063 1628 Filio
3080 1573 3287 1628 dictum
3315 1580 3398 1627 est

1843 1659 2046 1728 (ipsum
2068 1662 2208 1716 enim
2239 1660 2485 1718 nonnulli
2509 1665 2689 1719 volunt
2709 1665 2950 1733 intelligi,
2985 1664 3067 1718 vel
3098 1662 3399 1732 prophetis,

154 1763 326 1816 quam
349 1748 481 1802 dixit
505 1765 678 1819 suam,
707 1753 948 1807 eamdem
971 1754 1104 1809 dixit
1129 1770 1232 1809 uon
1252 1767 1422 1809 suam.
1447 1758 1723 1826 Quomodo
1757 1737 1798 1795 Β
1830 1751 1909 1806 vel
1939 1752 1992 1805 in
2035 1752 2306 1821 prophetis
2335 1754 2610 1824 locutum).
2643 1770 2748 1825 quo
2789 1759 2982 1810 missus
3006 1765 3110 1820 est.
3140 1754 3241 1809 nlui
3269 1754 3396 1808 illuc

156 1836 310 1890 istud
349 1852 530 1892 verum
560 1849 670 1905 est,
704 1842 804 1894 nisi
833 1842 1123 1896 secundum
1155 1843 1295 1896 aliud
1328 1859 1477 1898 suam
1508 1846 1722 1912 dixerit,

156 1927 458 1981 secundum
487 1929 628 1983 aliud
664 1944 765 1985 non
797 1945 943 1984 suam
977 1949 990 1984 :
1033 1933 1323 1993 secundum
1376 1934 1593 1988 formam
1639 1935 1728 1990 Dei

155 2030 345 2081 suam,
400 2020 685 2073 set-uadum
739 2021 958 2074 fortnam
1002 2023 1141 2076 servi
1197 2038 1300 2077 non
1348 2039 1552 2079 suam:
1607 2041 1728 2081 cum

157 2107 310 2161 enim
355 2107 514 2174 dicit,
560 2110 672 2164 Non
717 2109 798 2166 est
847 2127 993 2177 mea,
1035 2113 1126 2168 sed
1168 2111 1283 2183 ejus
1323 2113 1410 2182 qui
1451 2129 1536 2170 nte
1565 2118 1727 2182 misit,

159 2200 232 2252 ad
293 2200 464 2267 ipsum
520 2202 748 2255 Vetbum
807 2218 903 2257 nos
958 2203 1081 2259 fat-it
1129 2207 1441 2272 recurrere,
1491 2208 1728 2262 doctrinm

161 2292 310 2342 enim
369 2290 538 2344 Patris
591 2303 671 2346 est
725 2292 955 2349 Verbum
1012 2295 1201 2363 Patris,
1257 2295 1346 2365 qui
1402 2307 1484 2351 εει
1539 2300 1728 2355 unicus

163 2377 363 2433 Filius.
387 2379 521 2445 Quid
552 2381 652 2436 sibi
682 2392 735 2435 et
760 2383 886 2437 illud
919 2387 1058 2452 vult,
1091 2386 1187 2452 Qui
1228 2388 1278 2441 in
1309 2401 1390 2440 tne
1419 2389 1726 2453 credit,non

163 2467 221 2518 in
275 2482 360 2521 me
405 2469 617 2521 credit?
670 2470 941 2536 Quomodo
990 2461 1039 2525 in
1084 2475 1291 2543 ipsum?
1329 2479 1594 2548 quomodo
1623 2493 1728 2532 non

165 2557 222 2622 in
257 2557 464 2624 ipsum?
487 2560 752 2622 quomodo
785 2570 890 2614 tam
918 2565 1244 2627 contrarium
1295 2568 1500 2637 sibique
1542 2566 1730 2620 adver-

114 2723 121 2728 _
164 2660 289 2698 sum
324 2656 490 2712 porest
517 2646 772 2716 intelligi?
801 2649 898 2714 Qui
916 2650 967 2703 in
1001 2666 1084 2706 nte
1107 2654 1299 2720 credit,
1325 2656 1515 2724 inquit,
1547 2671 1652 2709 non
1677 2657 1728 2710 iu

167 2752 260 2790 tne
289 2737 481 2801 credit,
507 2739 601 2792 sed
625 2739 674 2792 in
704 2754 822 2793 eum
852 2739 941 2810 qui
964 2758 1045 2796 me
1083 2745 1250 2810 misit,
1292 2745 1390 2801 nisi
1435 2748 1504 2801 ita
1537 2748 1730 2802 intelli-

166 2839 305 2894 gas:
340 2826 436 2892 Qui
466 2827 518 2880 in
552 2842 638 2881 tne
661 2830 850 2897 credit,
880 2844 981 2885 non
1009 2832 1062 2886 in
1088 2833 1185 2887 hoc
1215 2837 1352 2903 quod
1384 2835 1522 2891 videt
1543 2839 1729 2904 credit,

168 2932 244 2969 ne
264 2917 337 2970 sit
367 2933 489 2986 spes
521 2930 698 2972 nostra
724 2920 774 2975 in
804 2933 1064 2989 creatura,
1093 2923 1185 2979 sed
1217 2927 1266 2980 in
1299 2927 1389 2980 illo
1427 2929 1515 2997 qui
1555 2943 1736 2983 susce-

169 3009 253 3079 pit
277 3020 593 3078 creaturam,
615 3012 664 3065 in
686 3028 785 3076 qua
805 3012 1046 3069 humanis
1063 3018 1229 3070 oculis
1250 2998 1546 3086 appareret,
1571 3035 1633 3074 ac
1655 3020 1733 3075 sic

1802 1841 1922 1928 Iubi
1944 1844 2090 1897 erat?
2123 1843 2328 1914 Ubique
2352 1847 2493 1900 enim
2523 1855 2654 1912 erat,
2685 1847 2771 1916 qui
2801 1847 2894 1911 ait,
2950 1846 3153 1901 Casium
3183 1853 3238 1900 et
3281 1856 3389 1899 tere

1831 1945 1942 1985 ram
1970 1947 2070 2002 ego
2098 1932 2316 2000 impleo.
2344 1933 2399 1988 Si
2435 1944 2608 1988 autem
2637 1934 2704 1990 de
2734 1935 2886 1990 Patre
2907 1934 3121 2007 [dictum
3150 1932 3278 2004 est],
3306 1933 3392 1987 tibi

1785 2071 1791 2077 .
1830 2035 1953 2075 esse
1983 2023 2149 2088 potuit
2174 2021 2292 2076 sine
2318 2021 2491 2076 Verbo
2516 2037 2612 2076 sun
2633 2033 2686 2076 et
2714 2022 2829 2078 sine
2842 2024 3104 2093 sapientia
3129 2037 3244 2087 sua,
3277 2038 3395 2091 quae

1833 2108 2096 2177 pertendit
2126 2124 2153 2162 a
2187 2109 2290 2163 ﬁne
2323 2126 2487 2178 usque
2516 2110 2582 2164 ad
2615 2110 2773 2166 linem
2805 2110 3032 2177 lortiter,
3069 2121 3122 2166 et
3158 2111 3394 2179 disponit

1830 2197 2008 2252 omnia
2035 2198 2306 2252 suaviter?
2335 2199 2439 2254 Sed
2472 2215 2643 2270 neque
2684 2199 2801 2256 sine
2846 2200 3045 2269 Spiritu
3089 2210 3275 2256 sancto
3302 2216 3393 2254 us-

1832 2301 1987 2355 quam
2011 2301 2130 2343 esse
2160 2291 2347 2356 potuit.
2382 2289 2560 2359 Itaque
2588 2290 2631 2344 si
2663 2291 2856 2359 ubique
2884 2302 2964 2344 est
3004 2291 3163 2355 Deus,
3197 2290 3394 2356 ubique

1833 2386 1916 2432 est
1941 2379 2102 2433 etiam
2131 2380 2366 2448 Spiritus
2401 2390 2615 2436 sanctus
2647 2368 2844 2454 [ejus‘fd
2877 2382 3006 2436 illuc
3032 2397 3163 2452 ergo
3190 2391 3244 2436 et
3271 2381 3393 2450 Spi-

1834 2469 1966 2522 ritus
1990 2480 2206 2523 sanctus
2235 2472 2428 2524 missus
2452 2481 2532 2525 est
2556 2473 2641 2525 ubi
2670 2483 2803 2526 erat.
2827 2473 2958 2527 Nam
2987 2483 3034 2525 et
3064 2473 3152 2525 ille
3178 2472 3266 2540 qui
3288 2488 3391 2525 non

1833 2559 2035 2613 invenit
2060 2560 2235 2615 locum
2268 2577 2373 2630 quo
2400 2569 2488 2615 eat
2515 2577 2545 2614 a
2575 2563 2707 2616 facie
2733 2562 2826 2617 Dei
2856 2575 2906 2635 et
2930 2562 3092 2635 dicit:
3127 2562 3179 2616 Si
3208 2576 3392 2615 ascen-

1833 2648 1962 2703 dero
1989 2637 2290 2713 in'Ctelum,
2316 2660 2370 2703 tu
2404 2649 2475 2704 ibi
2507 2665 2587 2714 es,
2628 2659 2678 2704 et
2706 2650 2750 2703 si
2781 2631 3108 2705 descendere
3138 2649 3190 2703 in
3231 2649 3392 2704 ittter-

1835 2753 1982 2804 num,
2007 2739 2152 2804 ades,
2180 2739 2372 2808 ubique
2402 2741 2583 2794 volens
2608 2741 2828 2809 intelligi
2850 2751 3165 2807 praesentem
3194 2728 3386 2814 Deum,

1836 2830 1985 2898 prius
2017 2830 2306 2884 nominavit
2356 2831 2608 2899 Spiritum
2660 2831 2818 2900 ejus..
2849 2831 2976 2885 Nam
3015 2832 3093 2886 sic
3133 2833 3247 2885 ait:
3277 2832 3392 2899 Quo

1835 2921 2036 2976 abiboa
2059 2922 2256 2989 Spiritu
2291 2931 2401 2984 tuo,
2427 2931 2481 2976 et
2508 2937 2613 2990 quo
2641 2937 2670 2976 a
2699 2922 2836 2982 faeie
2861 2931 2959 2988 tua
2996 2923 3227 2992 fugiam?
3256 2940 3387 2990 quo.

1835 3012 1972 3067 circa
1999 3013 2042 3065 si
2069 3023 2121 3066 ει
2153 3013 2313 3067 Filius
2339 3024 2392 3067 et
2414 3013 2639 3084 Spiritus
2661 3024 2876 3069 sanctus
2901 3015 3024 3069 illuc
3050 3016 3278 3069 mittitur
3304 3016 3393 3071 ubi

85 3145 92 3152 .
170 3099 241 3151 ad
271 3113 330 3152 se
355 3103 607 3168 aequalem
625 3101 1382 3177 Pati-icontcniplandum,-.per
1401 3096 1728 3165 lidem'e‘orda

1835 3112 1968 3167 erat,
1988 3095 1994 3102 ’
2017 3107 2359 3174 (ιιι.ιτεη-ιιιιιι
2388 3113 2471 3159 εει
2496 3091 2761 3172 quomodo
2782 3106 3104 3177 intelligatur
3137 3095 3414 3160 ista'misr

171 3188 478 3245 mandaret.
506 3191 733 3260 ideoque
760 3194 824 3247 ad
853 3194 1058 3250 Patrem
1101 3197 1348 3254 referens
1382 3201 1729 3258 intentionem

171 3281 531 3347 credentium,
559 3294 610 3336 et
643 3285 843 3352 dicens,
878 3300 979 3340 non
1007 3289 1058 3341 in
1102 3289 1207 3358 32
1238 3306 1321 3344 me
1342 3291 1532 3357 credit,
1560 3293 1655 3347 sed
1679 3296 1729 3348 in

173 3388 303 3427 eum
333 3373 421 3442 qui
471 3389 554 3428 me
583 3376 743 3440 misit,
770 3392 872 3430 non
911 3381 1092 3448 utique
1133 3396 1191 3434 se
1219 3397 1246 3433 a
1275 3382 1448 3450 Patre,
1483 3385 1534 3440 id
1562 3395 1644 3440 est
1666 3388 1732 3440 ab

174 3466 273 3520 illo
299 3464 389 3532 qui
418 3480 539 3520 eum
569 3468 734 3532 misit,
758 3470 921 3524 voluit
944 3474 1209 3540 separati;
1234 3474 1326 3526 sed
1352 3485 1408 3526 ut
1435 3476 1511 3529 sic
1539 3476 1589 3529 in
1613 3493 1730 3531 eum

171 3553 506 3623 crederetur,
536 3559 803 3624 quomodo
825 3559 875 3613 in
906 3559 1140 3628 Patrem,
1197 3563 1279 3616 cui
1338 3566 1554 3628 aequalis
1603 3578 1683 3621 εει
1715 3584 1731 3633 ;

172 3647 319 3715 quod
346 3657 525 3715 aperte
554 3648 658 3702 alio
680 3649 795 3703 loco
823 3650 950 3705 dicit
977 3669 990 3705 :
1044 3652 1256 3708 Credite
1284 3654 1334 3709 in
1384 3657 1571 3726 Deum,
1597 3670 1650 3712 et
1681 3662 1730 3714 in

176 3751 265 3791 me
286 3738 509 3805 credite,
537 3738 586 3792 id
615 3750 714 3802 est,
737 3739 892 3793 Sicut
919 3741 1134 3796 creditis
1156 3742 1204 3796 in
1232 3745 1414 3810 Deum,
1438 3747 1574 3800 sicut
1597 3760 1650 3803 et
1683 3751 1732 3803 in

177 3827 429 3895 tne,qnia
460 3843 557 3896 ego
585 3837 636 3882 et
678 3829 828 3884 Pater
868 3846 1001 3886 unus
1050 3832 1206 3887 Deus.
1257 3833 1404 3890 Sicut
1454 3851 1580 3906 ergo
1627 3838 1732 3907 bic,

178 3927 430 3988 tanquam
456 3919 668 3974 abstulit
702 3935 731 3973 a
773 3936 830 3975 se
862 3922 1014 3976 fidem
1050 3924 1319 3978 hominum
1344 3935 1398 3981 et
1446 3930 1496 3982 in
1525 3930 1732 3985 Patren:

176 3997 479 4071 transtuiit,
513 4009 767 4073 dicendo,
810 4011 924 4065 Non
964 4013 1014 4065 in
1054 4029 1136 4067 me
1179 4016 1367 4085 credit,
1397 4019 1489 4072 sed
1536 4021 1586 4073 in
1617 4036 1734 4075 enm

177 4101 268 4167 qui
302 4115 388 4154 me
419 4100 582 4165 misit,
614 4116 642 4154 a
669 4116 774 4170 quo
799 4113 974 4156 tatnen
1004 4118 1062 4158 se
1090 4121 1193 4159 non
1218 4109 1394 4175 utique
1430 4112 1733 4178 separavit;

178 4193 261 4244 sic
288 4193 448 4244 etiam
472 4193 608 4259 quod
627 4193 718 4258 ait,
751 4194 862 4247 Non
889 4209 1061 4248 meum
1091 4195 1236 4262 dare,
1259 4197 1350 4251 sed
1377 4200 1565 4267 quibus
1588 4217 1739 4271 para-

181 4292 292 4333 tnm
316 4291 397 4334 est
445 4296 472 4333 a
532 4281 687 4336 Patre
717 4298 854 4346 meo,
909 4293 1033 4349 puto
1059 4287 1260 4340 clarere
1295 4289 1585 4344 secundum
1613 4293 1735 4362 quid

1835 3192 1934 3255 sio,
1966 3193 2078 3246 sive
2108 3192 2247 3258 Filii,
2277 3194 2387 3246 sive
2409 3193 2637 3260 Spiiitus
2659 3195 2827 3249 sancti
2850 3187 3047 3262 ,el’ater
3073 3196 3214 3248 cuitu
3239 3211 3266 3249 s
3290 3196 3387 3249 ilus

1835 3296 2090 3352 nusquam
2123 3283 2312 3352 legitur
2339 3284 2551 3337 missus.
2585 3283 2653 3341 Et
2679 3286 2746 3339 de
2771 3284 2902 3341 Filiu
2927 3285 3141 3354 q-rideut
3167 3285 3393 3348 ita,,seri-

1834 3374 1911 3428 bit
1937 3374 2222 3442 Apostolus
2245 3391 2259 3426 :
2291 3375 2422 3430 Cum
2445 3385 2619 3429 autem
2646 3376 2788 3431 venit
2816 3377 3087 3446 plenitudo
3107 3360 3386 3444 temporis,

1837 3465 1980 3520 misit
2020 3466 2154 3520 Deus
2193 3465 2380 3520 Filium
2411 3479 2586 3530 suum,
2615 3465 2806 3520 faetum
2836 3480 2900 3519 ex
2930 3466 3170 3534 muliere,
3201 3468 3392 3521 factum

1837 3554 1937 3608 sub
1959 3555 2094 3624 lege.
2126 3555 2403 3622 tuensqui
2429 3556 2527 3608 sub
2561 3556 2673 3625 lege
2703 3567 2846 3611 erant
2882 3555 3185 3611 redimeret.
3228 3556 3390 3621 Misit,

1833 3646 2025 3715 inquit,
2058 3647 2247 3700 Filium
2269 3661 2420 3701 suum
2453 3647 2644 3700 factum
2673 3664 2737 3701 ex
2762 3643 3010 3713 muliere,
3039 3662 3147 3716 quo
3176 3650 3391 3701 nomine

1834 3736 1951 3804 quis
1978 3737 2269 3791 catholicus
2300 3738 2522 3802 nesciat,
2557 3751 2662 3790 non
2696 3753 2815 3791 eum
2845 3737 3194 3806 privationem
3225 3738 3388 3807 virgi-

1837 3827 2036 3891 nitatis,
2079 3825 2580 3884 ,sed-dill‘erentiam
2622 3842 2782 3880 sexus
2809 3860 2824 3890 ,
2876 3827 3101 3881 Hebrum
3141 3828 3393 3896 loquendi

1836 3933 1983 3974 more
2026 3918 2328 3986 signiﬁcare
2376 3918 2652 3973 voluisse?
2699 3918 2832 3971 Cum
2880 3919 3064 3986 itaque
3116 3919 3221 3982 ait,
3254 3919 3395 3974 Misit

1840 4009 1976 4062 Deus
2008 4009 2193 4061 Filium
2223 4022 2399 4072 suum,
2433 4008 2625 4061 iactum
2659 4023 2721 4062 ex
2756 4007 2996 4075 muliere,
3055 4008 3187 4062 satis
3213 4019 3392 4064 osten-

1837 4100 1915 4153 dit
1933 4114 1998 4153 eo
2019 4101 2131 4167 ipso
2154 4099 2371 4152 missum
2394 4099 2605 4162 Filium,
2634 4114 2737 4168 quo
2762 4097 2830 4152 fat
2848 4107 2931 4153 tus
2951 4107 3034 4154 est
3053 4113 3113 4153 ex
3142 4098 3387 4155 muliere.

1837 4190 1987 4258 Quod
2034 4205 2161 4258 ergo
2197 4188 2264 4244 de
2295 4189 2405 4268 Deo
2434 4197 2586 4242 natus
2611 4200 2726 4268 est,
2757 4192 2828 4245 in.
2850 4189 2952 4244 hoc
2992 4188 3189 4244 mundo
3230 4200 3388 4268 erat:

1835 4274 1977 4351 quad
2005 4289 2180 4334 autem
2222 4281 2288 4333 de
2326 4267 2487 4334 “aria
2538 4266 2693 4335 natus
2715 4288 2833 4345 est“,
2878 4282 2930 4336 in
2971 4281 3110 4337 hunc
3139 4266 3391 4337 mundum

178 4367 454 4440 [qualiter]
472 4377 748 4437 utrumque
778 4373 1140 4441 aecipiendum
1173 4375 1280 4428 sit:
1310 4378 1412 4432 tale
1433 4382 1664 4434 estenim
1681 4391 1734 4438 et
1769 4429 1810 4441 ._
1838 4373 2032 4426 missus
2063 4371 2300 4426 ad‘lenil-
2326 4370 2573 4425 Ῥΐοῑηιιθ
2617 4370 2751 4431 ιηίιιί
2781 4386 2810 4426 α
2843 4372 2996 4427 Patro
3034 4374 3149 4426 βίηθ
3193 4373 3394 4440 δβῖτὶίη

181 4456 490 4524 illud,.Ego
521 4474 622 4512 non
669 4460 935 4526 iudicabo,
987 4477 1106 4516 cum
1153 4463 1266 4531 ipse
1290 4464 1622 4532 judicaturus
1667 4472 1736 4527 sit

182 4543 332 4596 vivos
381 4553 436 4597 et
465 4553 720 4600 mortuos.
767 4549 869 4602 Sed
900 4550 1025 4618 quia
1067 4567 1168 4604 non
1197 4568 1262 4606 ex
1315 4564 1575 4622 potestate
1631 4559 1731 4613 itu-

183 4649 359 4698 mana,
391 4647 952 4704 prepterea-recurrens
975 4641 1037 4694 ad
1059 4641 1334 4706 Deitatem,
1350 4658 1559 4699 sursum
1575 4648 1735 4719 erigit

179 4729 344 4783 corda
374 4730 668 4795 hominum,
695 4745 907 4803 propter
932 4753 1048 4803 qua:
1078 4739 1401 4796 sublevanda
1433 4745 1724 4803 descendit.

707 4822 931 4878 CAPUT
991 4827 1209 4881 CCXLI.

184 4907 451 4991 Quomodo
488 4909 904 4991 intelligendus“
933 4915 1135 4991 missio,
1177 4921 1275 4991 sive
1306 4918 1448 4984 Filii,
1483 4924 1583 4975 sive
1611 4925 1733 4991 Spi-

323 4981 454 5030 ritus
475 4981 678 5045 sanctt';
710 4997 771 5033 ea:
798 4982 925 5036 libro
956 4985 1017 5037 de
1044 4985 1296 5040 Trinitote
1325 5004 1389 5055 tt,
1432 4981 1509 5044 tit.
1536 4991 1590 5044 5.

252 5089 358 5145 Sed
389 5092 438 5144 in
483 5091 564 5144 his
592 5093 838 5155 convicti,
871 5094 937 5147 ad
976 5095 1100 5148 illud
1131 5113 1187 5150 se
1219 5111 1532 5154 convertunt
1565 5113 1621 5156 ut
1650 5105 1732 5158 di-

180 5190 304 5236 cant
357 5181 586 5249 :VMajor
636 5191 717 5235 est
763 5183 850 5250 qui
908 5186 1066 5238 mittit
1116 5203 1269 5255 quam
1325 5193 1411 5256 qni
1467 5193 1731 5258 mittitur;

183 5269 406 5338 proinde
442 5271 612 5337 major
639 5280 722 5324 est
751 5261 909 5324 Pater
945 5272 1112 5338 Filio,
1157 5277 1278 5342 quia
1312 5276 1475 5330 Filius
1509 5294 1539 5332 a
1577 5280 1732 5337 Patre

183 5374 241 5413 se
258 5361 479 5413 missum
507 5362 716 5414 assidue
739 5373 1143 5429 commemorat;
1169 5366 1335 5434 major
1363 5379 1444 5421 est
1461 5380 1513 5423 et
1537 5371 1732 5439 Spiritu

183 5460 392 5515 sancto,
420 5452 540 5520 quia
568 5452 634 5506 de
676 5452 766 5505 illo
803 5453 932 5506 dixit
961 5454 1138 5520 Jesus,
1185 5458 1348 5523 Quem
1380 5460 1549 5514 mittet
1578 5462 1734 5516 Pater

185 5544 238 5595 in
269 5543 484 5597 nomine
513 5558 632 5597 tneo
661 5561 674 5595 :
706 5552 762 5598 et
803 5544 1034 5612 Spiritus
1059 5558 1273 5602 sanctus
1303 5559 1529 5620 utroque
1558 5552 1732 5606 minor

186 5646 285 5702 est,
318 5633 437 5705 quia
469 5641 520 5687 et
563 5633 716 5689 Pater
747 5649 864 5690 eum
912 5636 1089 5702 mittit,
1121 5639 1256 5694 sicut
1295 5643 1735 5698 commemoravi-

1764 4429 1816 4489 D

1839 4470 2023 4518 sancto
2050 4477 2156 4515 non
2183 4457 2370 4533 potuit,
2397 4477 2500 4515 non
2528 4463 2703 4516 solum
2727 4465 2845 4531 quia
2874 4464 3185 4532 intelligitur
3216 4463 3393 4530 Pater,

1838 4567 1958 4608 eum
1991 4568 2112 4608 eum
2156 4554 2330 4615 misit,
2365 4552 2419 4606 id
2445 4561 2525 4607 est
2557 4552 2682 4608 fecit
2710 4567 2773 4607 ex
2815 4553 3039 4617 femina,
3076 4566 3190 4606 non.
3213 4554 3396 4622 uzique

1837 4647 1956 4700 sine
1997 4644 2196 4713 Spiritu
2225 4659 2322 4699 suo
2351 4643 2559 4710 iecisse,
2596 4645 2943 4699 verumetism
2981 4642 3122 4711 quod
3173 4643 3395 4699 manife-

1838 4732 2073 4787 stissime
2101 4742 2261 4802 atque
2288 4733 2620 4800 apertissime
2647 4734 2698 4786 in
2729 4731 3018 4801 Evangelia
3058 4734 3253 4787 dicitur
3279 4734 3394 4788 Vir-

1837 4823 1945 4892 gini
1998 4822 2171 4876 biariae
2222 4822 2479 4892 quaerenti
2535 4823 2601 4876 ab
2644 4823 2853 4892 angelo,
2914 4824 3190 4889 Quomodo
3247 4823 3382 4895 [tlet]

1837 4913 2016 4968 istud?
2054 4913 2282 4981 Spiritus
2310 4921 2528 4966 sanctus
2553 4911 2893 4978 superveniet
2923 4913 2977 4966 in
3020 4921 3107 4979 te,
3139 4921 3194 4975 et
3222 4915 3392 4968 virtus

1841 5004 2097 5059 Altissimi
2140 5003 2476 5058 obumbrabit
2526 5001 2638 5056 tibi.
2701 5004 2763 5056 Et
2793 5003 3069 5058 Mattiacas
3106 5003 3235 5058 dicit
3269 5021 3281 5056 :
3310 5004 3393 5059 lu-

1840 5110 1995 5151 venta
2027 5106 2104 5150 est
2138 5096 2338 5150 habens
2367 5096 2418 5148 in
2448 5109 2598 5150 utero
2635 5095 2704 5151 de
2744 5095 2942 5164 Spiritu
2970 5104 3158 5150 sancto
3188 5109 3394 5164 :quen-

1840 5204 1994 5258 quam
2029 5198 2082 5242 rt
2111 5188 2250 5257 apud
2283 5187 2490 5242 Esaiam
2532 5187 2844 5256 prophetam
2889 5187 3004 5254 ipse
3042 5186 3290 5242 Christus
3315 5187 3407 5242 ιιι-ι

1840 5277 2094 5348 telligitur
2114 5278 2181 5332 de
2208 5275 2433 5331 adventu
2456 5290 2553 5334 suo
2576 5277 2748 5329 loturo
2774 5274 2954 5329 dicere
2979 5292 2990 5327 :
3025 5274 3090 5328 Et
3116 5289 3256 5329 nunc
3286 5275 3390 5328 Do-

1841 5369 2017 5422 minus
2056 5367 2199 5421 misit
2230 5370 2335 5430 me,
2373 5375 2428 5420 et
2467 5364 2695 5434 Spiritus
2727 5362 2863 5433 ejus.
2915 5364 3166 5418 Fortasse
3202 5364 3395 5432 aliquis

1840 5466 1993 5526 cogat
2016 5467 2073 5511 ut
2091 5456 2328 5512 dicamus
2353 5455 2511 5511 etiam
2533 5470 2562 5508 a
2589 5453 2764 5522 seipse
2791 5455 3008 5508 missum
3033 5467 3152 5507 esse
3178 5453 3393 5520 Filium,

1840 5548 1962 5617 quia
1992 5547 2083 5602 ille
2108 5537 2287 5602 alarias
2322 5554 2610 5615 conceptus
2642 5552 2696 5598 et
2721 5553 2901 5614 partus
2941 5543 3180 5614 operatio
3208 5543 3391 5599 Trini-

1844 5638 1965 5692 tatis
2007 5646 2089 5693 ost
2117 5653 2130 5691 :
2163 5652 2265 5708 qua
2313 5643 2556 5705 creante,
2607 5634 2783 5692 omnia
2830 5643 3094 5690 creantur.
3130 5634 3394 5705 ﬁtque-
