3904 6224
531 301 628 348 ¹ιὶῖι

1580 294 1639 346 D.
1683 283 1971 344 EUGVPPI
2013 281 2302 336 ABBA'I'IS
2339 281 2652 338 AFliiCANl

3656 287 3736 337 filii

534 414 707 474 Illtrtit),
736 414 919 480 mpm,
949 414 1102 466 Inter
1134 426 1249 464 cum
1278 409 1416 461 tnisit
1447 409 1489 460 si
1522 408 1635 475 ipse
1674 421 1732 460 se
1770 401 1943 456 misit?
1995 396 2088 451 Cui
2124 399 2166 455 Α
2195 410 2222 449 a
2252 397 2405 452 Patre
2436 396 2821 465 intelligeretur
2851 395 3034 462 Filius,
3066 404 3124 449 ut
3156 404 3362 448 tantum
3411 396 3622 458 miSsus,
3650 416 3733 453 non

536 528 565 575 p
603 512 760 561 iui-:m
791 506 1084 572 respondeo
1114 518 1355 572 qmerens
1389 510 1445 554 ut
1471 501 1636 562 dicat,
1669 499 1713 552 si
1739 506 1933 566 potest,
1959 509 2092 562 quo-

538 603 692 654 tumlo
718 604 866 653 Pater
888 613 1005 648 eum
1031 595 1400 660 sattctilicavit,
1429 594 1471 647 si
1495 608 1552 647 se
1574 594 1687 661 ipse
1708 587 2093 646 sanctificavit?

539 693 550 741 Ι
585 703 819 754 nutuque
842 689 980 737 enim
1011 688 1145 738 idem
1181 685 1433 738 Dominus
1459 685 1532 736 ait
1566 700 1579 736 :
1608 685 1774 749 Quem
1806 682 1980 744 Pater,
2015 681 2091 730 in-

531 783 660 847 quit,
713 779 1062 832 sanetihcavit
1091 789 1143 831 et
1185 777 1330 830 misit
1373 777 1423 829 in
1457 775 1640 848 [hunc]
1682 773 1958 832 mundum,
1995 781 2090 820 vos

531 873 726 934 dicitis,
762 870 887 935 Quia
924 870 1275 938 blaSphemat,
1318 869 1564 936 quoniam
1606 865 1736 926 dixi,
1787 860 1950 915 Filius
2000 858 2090 911 Dei

530 978 667 1014 sum.
690 963 805 1013 Alio
829 972 1005 1014 autem
1043 962 1156 1014 loco
1188 963 1260 1012 ait
1284 978 1295 1012 :
1319 960 1490 1027 Etpro
1512 958 1592 1012 eis
1623 954 1896 1009 sanetilico
1927 951 2092 1018 meip-

536 1067 677 1104 sum.
724 1052 847 1104 lletn
894 1066 1076 1117 quarm
1115 1050 1382 1117 quomodo
1415 1063 1532 1100 eunt
1581 1045 1735 1099 Pater
1775 1041 2010 1104 tradidit,
2046 1039 2090 1093 si

529 1141 702 1207 seipse
719 1141 968 1194 tradidit?
991 1144 1278 1207 Utrumque
1292 1139 1428 1193 enim
1447 1134 1857 1202 dicitapostolus
1869 1132 2088 1186 Paulus:

529 1232 627 1297 Qui
664 1231 819 1299 Filio,
851 1233 1036 1301 inquit,
1072 1231 1280 1300 proprio
1306 1244 1410 1282 non
1443 1226 1711 1297 pepercit,
1743 1222 1836 1278 sed
1866 1236 1963 1292 pro
1993 1235 2090 1273 no-

533 1325 609 1374 his
649 1325 892 1377 omnibus
945 1324 1154 1375 tradidit
1194 1337 1312 1376 eum
1356 1318 1570 1391 [illum].
1621 1315 1759 1371 Alibi
1806 1323 1984 1367 autem
2027 1312 2093 1366 de

529 1415 647 1479 ipso
675 1416 946 1469 Salvatore
979 1417 1050 1465 ait
1079 1434 1086 1464 :
1117 1415 1214 1478 Qui
1245 1428 1327 1466 me
1351 1412 1536 1466 dilexit
1560 1452 1574 1474 ,
1605 1419 1658 1463 et
1696 1407 1914 1462 tradidit
1945 1406 2089 1473 seip-

530 1521 643 1557 sum
674 1522 764 1571 pro
789 1520 888 1557 me.
918 1503 1111 1567 Credo,
1141 1503 1502 1572 respondebit,
1529 1502 1571 1557 si
1597 1501 1714 1556 h'ec
1737 1498 1901 1570 probe
1932 1499 2088 1565 sapit,

528 1601 646 1665 quia
682 1615 780 1650 una
822 1598 1064 1649 voluntas
1097 1604 1176 1650 est
1214 1597 1384 1649 Patris
1421 1606 1473 1650 et
1508 1595 1641 1658 Filii,
1672 1603 1726 1648 et
1758 1591 2089 1661 inseparabi-

530 1690 591 1741 lis
625 1689 880 1754 Operatio;
912 1688 1001 1740 Sic
1035 1703 1160 1755 ergo
1199 1687 1458 1758 intelligat
1499 1687 1639 1741 illam
1669 1685 2088 1740 incarnationem

528 1789 655 1833 ctex
675 1779 887 1848 Virgine
903 1780 1249 1844 nativitatem,
1269 1780 1318 1832 in
1334 1794 1434 1846 qua
1455 1778 1618 1832 Filius
1634 1777 1940 1847 intelligitur
1960 1778 2088 1830 mis-

527 1885 638 1935 sus,
678 1885 781 1922 una
819 1870 1114 1938 eademque
1159 1871 1465 1937 Operatiune
1497 1869 1666 1922 Patris
1695 1878 1750 1922 et
1788 1869 1906 1922 Filii
1949 1869 2089 1922 inse-

529 1961 833 2027 parabiliter
881 1975 1001 2014 esse
1047 1962 1255 2024 laetam,
1305 1975 1406 2012 non
1457 1960 1637 2027 utique
1682 1959 1806 2012 inde
1844 1968 2089 2026 separato

529 2050 726 2118 Spiritu
759 2060 964 2115 sancto,
987 2051 1179 2118 dequo
1206 2060 1326 2118 apte
1356 2047 1580 2121 [aperte]
1613 2049 1805 2104 dicitur
1830 2065 1844 2099 :
1871 2048 2087 2103 Inventa

528 2149 610 2194 est
638 2140 687 2193 in
723 2155 872 2193 utero
913 2142 1112 2195 habens
1152 2140 1218 2194 de
1263 2141 1464 2209 Spiritu
1505 2150 1708 2196 sancto.
1759 2139 1888 2193 Nam
1928 2141 2087 2194 etiam

530 2230 575 2282 si
626 2231 692 2282 ita
725 2245 1045 2298 quicerantus.
1097 2232 1378 2286 enodatius
1419 2231 1660 2286 fortassis
1692 2231 1834 2301 quod
1863 2231 2089 2287 dicimus

528 2322 821 2387 apparebit.
847 2321 1122 2387 Quomodo
1157 2324 1300 2376 misit
1330 2323 1464 2376 Deus
1489 2321 1678 2375 Filium
1707 2338 1857 2378 suum
1879 2321 1902 2374 i
1922 2321 2090 2377 Jussit

533 2421 592 2464 ut
614 2413 840 2477 veniret,
872 2421 1031 2480 atque
1061 2413 1150 2467 ille
1182 2412 1384 2480 jubenti
1409 2411 1781 2480 obtemperans
1811 2413 1988 2476 venit;
2021 2427 2086 2469 an

528 2505 750 2574 rogavit,
787 2519 852 2557 an
905 2505 1272 2558 tantummodo
1323 2504 1634 2557 admonuit?
1681 2503 1784 2558 Sed
1815 2503 2091 2573 quodlibet

532 2593 716 2645 horum
768 2595 857 2656 sit,
910 2593 1088 2648 Verbo
1140 2593 1318 2662 utique
1365 2593 1558 2648 factum
1605 2602 1688 2647 est
1718 2611 1731 2646 :
1766 2593 1857 2647 Dei
1908 2602 2086 2645 autem

535 2682 784 2741 Verbum.
841 2684 953 2749 ipse
975 2693 1058 2738 est
1083 2683 1175 2739 Dei
1205 2683 1391 2737 Filius.
1427 2684 1761 2752 Quapropter
1804 2697 1925 2738 cum
1965 2699 2085 2738 eum

531 2774 687 2828 Pater
717 2773 889 2826 Vetbo
921 2771 1082 2841 misit,
1113 2795 1143 2831 a
1174 2777 1328 2829 Patre
1355 2784 1408 2830 et
1431 2774 1608 2830 Verbo
1635 2775 1752 2844 ejus
1783 2774 1976 2830 factum
2006 2783 2090 2828 est

531 2873 588 2915 ut
612 2865 928 2917 mitteretur.
961 2866 1097 2932 Ergo
1128 2883 1155 2920 a
1183 2866 1338 2921 Patre
1375 2877 1428 2923 et
1461 2866 1594 2922 Filio
1620 2868 1816 2921 missus
1839 2878 1921 2921 est
1947 2867 2087 2922 idem

531 2952 727 3018 Filius,
769 2954 887 3021 quia
938 2955 1163 3009 Verbum
1219 2955 1391 3010 P-atris
1427 2968 1512 3010 est
1566 2957 1680 3025 ipse
1721 2958 1906 3013 Filius.
1958 2957 2088 3024 Quis

530 3045 668 3100 enim
697 3059 758 3098 se
782 3053 885 3099 tant
909 3047 1160 3116 sacrilega
1183 3046 1366 3101 induat
1386 3047 1656 3116 opinione,
1688 3057 1747 3102 ut
1776 3057 1920 3115 putet
1949 3057 2088 3104 tem-

532 3135 712 3200 porale
745 3136 970 3190 Verbum
1003 3152 1030 3189 a
1061 3137 1215 3191 Patre
1251 3136 1443 3193 factum
1475 3153 1618 3204 esse,
1650 3147 1709 3194 ut
1734 3147 1967 3194 internus
1996 3139 2087 3193 Fi-

531 3225 633 3280 lius
663 3228 983 3292 mitteretur,
1027 3238 1082 3283 et
1111 3229 1162 3283 in
1196 3244 1363 3284 carne
1392 3239 1675 3297 appareret
1707 3244 1775 3285 ex
1816 3230 2089 3298 tempore?

531 3315 635 3370 Sed
670 3317 846 3383 utique
869 3317 920 3370 in
946 3319 1060 3386 ipso
1090 3318 1180 3374 Dei
1213 3313 1404 3381 Verbo,
1433 3317 1573 3387 quod
1602 3326 1716 3372 erat
1751 3319 1804 3372 in
1833 3318 2094 3387 principio

530 3410 668 3479 apud
701 3411 863 3466 Deum
893 3421 950 3465 et
981 3411 1117 3466 Deus
1141 3418 1290 3478 erat,
1336 3411 1388 3465 in
1435 3411 1547 3479 ipsa
1575 3409 1784 3465 scilicet
1830 3409 2090 3476 sapientia
2154 3428 2156 3430 ·
2205 3425 2208 3427 '

496 3530 501 3536 -
531 3504 648 3568 Dei,
677 3505 796 3559 sine
825 3513 1064 3573 tempore
1092 3513 1207 3559 erat
1239 3521 1255 3557 :
1284 3517 1390 3573 quo
1413 3513 1652 3572 tempore
1681 3501 1825 3557 illam
1848 3500 1902 3555 in
1930 3516 2092 3557 carne

532 3607 790 3662 apparere
818 3601 1106 3662 oporteret.
1144 3594 1324 3661 Itaque
1349 3607 1469 3646 cum
1499 3593 1614 3646 sine
1640 3592 1751 3646 ullo
1783 3592 1934 3646 initio
1961 3601 2094 3645 tem-

532 3684 700 3750 poris,
734 3683 884 3736 initio
915 3680 992 3753 [in
1024 3679 1305 3751 principio]
1334 3691 1478 3736 esset
1504 3681 1752 3748 Verbum,
1781 3690 1834 3736 et
1860 3681 2092 3738 Verbum

531 3781 676 3826 esset
706 3773 844 3841 apud
877 3773 1072 3838 Deum,
1122 3783 1176 3827 et
1206 3772 1342 3825 Deus
1372 3781 1516 3826 esset
1543 3771 1798 3838 Verbum,
1840 3773 1956 3828 sine
1984 3772 2094 3828 ullo

533 3871 772 3928 tempore
818 3861 871 3915 in
923 3861 1038 3930 ipso
1079 3860 1252 3914 Verbo
1281 3869 1416 3926 erat,
1449 3875 1554 3929 quo
1592 3846 1831 3928 tempore
1861 3861 2090 3915 Verbum

532 3966 659 4007 caro
713 3952 883 4017 liere’,
935 3962 988 4006 et
1028 3951 1292 4005 habitaret
1341 3951 1393 4005 in
1425 3951 1598 4005 nobis.
1651 3952 1780 4018 Qua
1819 3952 2091 4021 plenitudo

533 4041 788 4109 temporis
811 4055 930 4094 cum
958 4041 1211 4104 venisset,
1247 4039 1392 4094 misit
1423 4040 1563 4094 Deus
1593 4041 1783 4095 Filium
1807 4057 1959 4096 suum
1989 4043 2095 4096 fac-

533 4142 642 4185 tum
671 4146 733 4184 ex
767 4131 1010 4194 muliere,
1042 4131 1092 4183 id
1119 4131 1419 4184 estfactum
1451 4131 1500 4183 in
1535 4140 1793 4199 tempore,
1836 4140 1894 4186 ut
1921 4133 2094 4187 incar-

532 4229 714 4272 uatum
745 4218 972 4272 Verbum
1007 4217 1308 4273 hominibus
1349 4228 1666 4286 appareret:
1700 4220 1839 4288 quod
1882 4221 1935 4274 in
1976 4222 2096 4285 ipso

537 4307 713 4361 Verbo
759 4308 876 4362 sine
929 4319 1167 4376 tempore
1209 4317 1358 4375 erat,
1404 4310 1456 4363 in
1501 4326 1604 4376 quo
1650 4318 1889 4378 tempore
1919 4310 2086 4366 ﬂeret.

532 4398 676 4460 ΩιιΙο
707 4399 900 4466 quippe
929 4399 1306 4466 temporum'in
1337 4408 1532 4455 aeterna
1563 4401 1656 4454 Dei
1693 4401 1950 4465 sapientia
1978 4403 2093 4456 sine

535 4501 771 4560 tempore
799 4500 902 4545 est.
931 4489 1061 4545 Cum
1097 4491 1270 4559 itaque
1301 4491 1400 4544 hoc
1423 4507 1451 4542 a
1477 4492 1628 4546 Patre
1655 4502 1706 4545 et
1739 4491 1874 4546 Filio
1898 4493 2092 4547 factum
2124 4469 2176 4530 D

536 4594 693 4645 esset,
713 4591 769 4636 ut
790 4583 840 4636 in
858 4597 1015 4636 carne
1038 4582 1204 4637 Filius
1229 4593 1531 4651 appareret,
1548 4593 1906 4652 congruenter
1927 4585 2098 4640 dictus

539 4683 620 4726 est
649 4674 840 4728 missus
869 4674 958 4728 ille
983 4675 1071 4743 qui
1096 4676 1145 4728 in
1170 4690 1231 4730 ea
1255 4689 1414 4729 carne
1436 4677 1718 4742 apparuit;
1754 4675 1862 4745 33
1884 4675 2094 4731 misisse

540 4776 718 4820 autem
749 4765 838 4819 ille
875 4767 964 4833 qui
991 4768 1042 4820 in
1072 4783 1130 4821 ea
1156 4782 1256 4821 non
1289 4767 1557 4836 apparuit.
1581 4767 1842 4833 Quoniam
1865 4767 1956 4821 illa
1983 4783 2100 4836 qua

538 4858 717 4914 tzo'ram
758 4860 1029 4925 corporeis
1069 4861 1234 4914 oculis
1269 4858 1398 4913 furis
1428 4871 1706 4930 geruntur,
1750 4862 1817 4915 ab
1850 4860 2101 4917 interiore

539 4958 790 5017 apparatu
812 4960 1012 5001 natura:
1030 4950 1276 5018 spiritalis
1287 4953 1604 5014 existunt,et
1619 4964 1894 5022 prapterea
1909 4962 1963 5008 et
1974 4969 2101 5008 eon-

547 5041 820 5094 venienter
851 5040 1009 5092 missa
1038 5041 1301 5095 dicuntur.
1332 5042 1520 5097 Forma
1551 5045 1748 5111 quippe
1779 5041 1984 5114 [porro]
2016 5045 2102 5098 illa

541 5133 775 5200 suscepti
824 5131 1079 5196 hominis,
1125 5131 1238 5186 Filii
1286 5148 1507 5199 persona
1539 5145 1642 5198 est,
1676 5151 1781 5188 non
1813 5137 1971 5188 etiam
2007 5137 2105 5189 Pa-

551 5223 667 5279 tris.
691 5223 1023 5290 Quapropter
1066 5223 1221 5277 Pater
1263 5225 1540 5279 invisibilis
1570 5243 1670 5283 una
1701 5243 1821 5282 cum
1853 5228 1992 5282 Filio
2021 5244 2106 5284 se-

544 5329 664 5368 cum
704 5313 978 5375 invisibili,
1030 5312 1274 5367 eumdem
1307 5313 1496 5368 Filium
1537 5317 1797 5374 visibilem
1839 5319 2106 5383 faciendo,

543 5405 756 5460 misisse
779 5420 900 5459 eum
935 5405 1104 5460 dictus
1131 5415 1210 5464 est
1243 5423 1254 5457 :
1283 5408 1432 5474 quasi
1464 5409 1571 5481 [qui
1603 5407 1672 5480 si]
1700 5427 1767 5465 eo
1796 5413 1954 5466 modo
1983 5414 2106 5466 visi-

548 5494 673 5550 bilis
701 5496 868 5558 lieret,
915 5506 969 5549 ut
997 5512 1116 5551 cum
1155 5498 1306 5552 Patre
1333 5497 1616 5553 invisibilis
1643 5515 1763 5556 esse
1791 5499 2099 5569 desisteret,

547 5586 597 5640 id
629 5598 730 5650 est,
769 5589 812 5644 si
843 5590 1138 5644 substantia
1179 5591 1454 5648 invisibilis
1490 5591 1665 5656 Verbi,
1719 5595 1770 5648 in
1802 5603 2104 5649 creaturam

549 5672 802 5734 visibilem
834 5691 1033 5735 mutata
1061 5691 1114 5737 et
1143 5686 1406 5752 transiens
1436 5692 1765 5752 verteretur,
1813 5687 1881 5740 i'a
1911 5690 2104 5744 missus

2111 3099 2162 3166 ε

2196 488 2353 541 etiam
2388 503 2504 540 cum
2539 488 2694 542 Patre
2719 489 2936 543 mittens
2958 489 3309 542 inveniretur.
3357 487 3489 540 Cum
3522 504 3640 542 vero
3675 494 3734 544 sic

2193 585 2403 644 accepta
2437 575 2560 647 [est]
2605 575 2770 629 forma
2806 579 2968 644 servi,
3001 587 3057 631 ut
3087 590 3326 632 maneret
3357 579 3736 635 incommutabi-

2195 665 2259 717 lis
2287 665 2454 718 forma
2485 666 2598 731 Dei,
2648 666 2984 720 manifestum
3028 677 3109 720 est
3134 667 3274 734 quod
3306 682 3334 719 a
3364 667 3518 721 Patre
3547 681 3596 720 et
3625 667 3735 722 Filio

2193 769 2292 807 non
2321 758 2690 824 apparentibus
2717 757 2906 809 factum
2938 758 3006 811 sit
3029 759 3168 823 quod
3197 769 3480 824 appareret
3508 761 3558 811 iu
3585 759 3727 822 Filio,

2194 843 2246 896 id
2274 853 2376 909 est,
2422 844 2524 916 [ut]
2550 846 2616 898 ab
2646 846 2890 900 invisibili
2939 847 3091 901 Patre
3114 888 3129 913 ,
3159 863 3280 902 cum
3315 849 3565 903 invisibili
3598 851 3729 912 Filio,

2194 932 2331 987 idem
2374 936 2486 1002 ipse
2515 934 2677 990 Filius
2728 936 2951 991 visibilis
3003 938 3324 992 mitteretur.
3357 937 3464 990 Cur
3488 955 3610 1006 ergo
3634 944 3729 992 ait:

2197 1025 2263 1079 Et
2299 1042 2328 1078 a
2351 1028 2554 1094 meipso
2595 1043 2697 1082 non
2730 1029 2885 1082 veni?
2923 1027 3037 1082 Jam
3075 1027 3175 1082 hoc
3199 1030 3486 1083 secundum
3536 1031 3730 1082 formant

2195 1118 2340 1171 servi
2368 1118 2567 1172 dictum
2597 1128 2698 1182 est,
2753 1126 3045 1173 secundum
3086 1121 3228 1188 quod
3269 1121 3464 1174 dictum
3505 1130 3602 1184 est,
3643 1121 3731 1189 [ευ

2201 1227 2305 1268 non
2333 1211 2516 1279 judico
2562 1225 2902 1280 quemquam.
2947 1210 3003 1265 Si
3034 1226 3160 1279 ergo
3210 1213 3405 1265 missus
3449 1212 3650 1271 dicitur.
3691 1215 3731 1264 in

2195 1312 2448 1370 quantum
2475 1303 2716 1368 apparuit
2751 1301 2879 1354 foris
2908 1301 2959 1354 in
2989 1311 3233 1354 creatura
3255 1303 3539 1368 corporali,
3565 1303 3646 1368 qui
3668 1303 3732 1354 in-

2197 1402 2279 1445 tus
2309 1394 2360 1445 in
2404 1402 2591 1448 natura
2637 1391 2861 1459 Spiritali
2893 1393 3060 1446 oculis
3091 1392 3396 1445 mortalium
3436 1407 3636 1460 semper
3655 1409 3730 1444 oc-

2196 1482 2370 1536 cultus
2412 1491 2512 1547 est,
2546 1482 2654 1549 jam
2693 1483 2744 1535 iu
2796 1492 3039 1550 promptu
3069 1494 3148 1536 est
3186 1484 3477 1551 intelligere
3506 1484 3652 1536 etiam
3678 1485 3728 1535 de

2194 1571 2394 1640 Spiritu
2434 1581 2640 1637 sancto,
2669 1585 2763 1624 cur
2792 1581 2846 1624 et
2869 1571 2982 1640 ipse
3017 1572 3209 1625 missus
3237 1572 3458 1625 dicatur.
3496 1571 3644 1624 Facta
3662 1582 3730 1623 est

2195 1662 2336 1713 enim
2366 1660 2612 1729 quzedam
2645 1668 2905 1714 creatura:
2933 1661 3140 1729 species
3168 1675 3236 1714 ex
3271 1671 3525 1727 tempore,
3573 1661 3620 1712 in
3647 1676 3730 1728 qua

2121 1745 2168 1805 B
2195 1753 2475 1808 visibiliter
2520 1752 2893 1807 ostenderetur
2933 1753 3160 1821 Spiritus
3190 1762 3424 1815 sanctus,
3477 1753 3583 1806 sive
3624 1769 3727 1807 cum

2194 1843 2245 1897 in
2270 1845 2439 1912 ipsum
2463 1843 2745 1898 Dominum
2765 1845 3029 1912 corporali
3047 1846 3224 1913 specie
3250 1846 3394 1898 \elut
3416 1845 3644 1898 columba
3661 1859 3729 1897 as-

2192 1936 2371 1988 cendit
2400 1933 2473 2005 [in
2502 1934 2672 2002 ipsum
2698 1935 2980 1988 Dominum
3011 1937 3275 2002 corporali
3305 1934 3476 2002 specie
3499 1936 3631 1987 velut
3655 1948 3729 1986 co-

2194 2022 2735 2102 lumhadescendit],
2779 2027 2894 2080 sive
2924 2040 3043 2079 cum
3091 2026 3276 2079 decem
3317 2025 3501 2079 diebus
3529 2026 3729 2093 peractis

2197 2123 2315 2182 post
2358 2115 2729 2168 ascensionem
2763 2113 2947 2185 [ejus],
2980 2115 3067 2168 die
3098 2114 3438 2168 Pentecostes
3468 2115 3626 2169 lactus
3663 2124 3728 2168 est

2192 2205 2368 2259 subito
2409 2205 2477 2260 de
2525 2206 2664 2261 ctelo
2715 2221 2900 2272 sonus,
2946 2207 3094 2274 quasi
3137 2202 3371 2259 ferretur
3402 2209 3548 2260 tlatus
3583 2205 3725 2259 velte-

2193 2309 2362 2361 mens,
2395 2305 2449 2349 et
2489 2295 2618 2349 visae
2644 2310 2765 2350 sunt
2808 2296 2917 2351 illis
2960 2298 3152 2366 linguze
3194 2296 3379 2350 divisa:
3424 2299 3553 2349 sicut
3581 2296 3715 2364 ignis,

2191 2387 2280 2452 qui
2308 2397 2362 2441 et
2389 2387 2585 2443 insedit
2609 2402 2769 2458 super
2790 2402 3218 2457 unumquemque
3243 2403 3446 2442 eorum.
3475 2389 3590 2442 llaec
3617 2403 3722 2455 ορε-

2191 2475 2328 2529 ratio
2358 2476 2639 2530 visibiliter
2667 2470 2940 2544 expressa,
2977 2476 3070 2548 [et]
3102 2477 3273 2531 oculis
3302 2477 3469 2531 oblata
3499 2478 3715 2531 mortali-

2191 2564 2313 2630 bus,
2345 2566 2529 2620 missio
2571 2566 2799 2636 Spiritus
2837 2569 3003 2620 Sancti
3047 2566 3189 2620 dicta
3227 2576 3348 2620 est:
3381 2582 3479 2620 non
3508 2579 3559 2619 ut
3587 2580 3724 2634 appa-

2191 2665 2334 2712 reret
2363 2657 2480 2727 ejus
2522 2659 2633 2726 ipsa
2664 2659 2978 2723 substantia,
3024 2673 3124 2728 qua
3158 2666 3212 2712 et
3243 2659 3356 2724 ipse
3385 2657 3648 2710 invisibilis
3677 2666 3720 2708 et

2192 2745 2641 2801 incommutabilis
2672 2755 2755 2802 est
2806 2749 2943 2801 sicut
2973 2747 3129 2801 Pater
3157 2755 3210 2799 et
3245 2746 3428 2810 Filius,
3459 2745 3542 2798 sed
3572 2754 3623 2796 ut
3645 2758 3722 2794 ex-

2193 2837 2477 2891 terioribus
2505 2836 2633 2889 visis
2658 2835 2931 2889 hominum
2961 2834 3122 2889 corda
3150 2842 3412 2890 commota
3436 2874 3449 2895 ,
3483 2847 3507 2884 a
3537 2840 3722 2897 tempo-

2191 2927 2286 2980 rali
2319 2925 2754 2981 manifestatione
2781 2927 3060 2989 venientis,
3101 2925 3168 2979 ad
3198 2925 3456 2979 occultam
3484 2923 3724 2976 :eternita—

2191 3024 2296 3070 tem
2317 3031 2530 3086 semper
2560 3017 2855 3085 presentis,
2889 3025 3342 3073 converterentur.

2721 3128 2947 3184 CAPUT
2987 3126 3230 3183 CCXL".

2197 3238 2272 3293 De
2298 3240 2407 3295 solo
2430 3255 2546 3293 vero
2579 3239 2686 3292 Deo
2720 3238 2876 3292 Patre
2909 3248 2954 3291 et
2986 3237 3124 3291 Filio
3151 3248 3199 3292 et
3220 3237 3417 3304 Spiritu
3448 3244 3625 3297 sancta,
3661 3247 3715 3284 r3

2589 3310 2717 3364 libro
2743 3325 2790 3362 vt
2817 3310 2880 3362 de
2908 3307 3174 3373 Trinitate,
3197 3309 3276 3360 tit.
3303 3306 3358 3360 9.

2269 3421 2342 3474 Ex
2392 3420 2599 3475 Domini
2652 3419 2954 3476 testimonio
3003 3427 3056 3473 et
3106 3419 3315 3472 Patrem
3366 3431 3517 3470 unum
3560 3428 3718 3467 verum

2195 3509 2360 3562 Deum
2382 3509 2630 3576 dicimus,
2657 3518 2710 3564 et
2731 3508 2922 3563 Filium
2946 3524 3105 3562 unum
3139 3522 3324 3562 verum
3353 3507 3532 3567 Deum,
3556 3513 3602 3557 et
3618 3502 3720 3570 Spi-

2195 3599 2353 3653 ritum
2383 3609 2623 3656 sanctum
2668 3599 2878 3672 [unum]
2909 3615 3089 3654 verum
3117 3600 3284 3654 Deum
3321 3617 3332 3650 :
3363 3607 3417 3652 et
3447 3596 3589 3651 simul
3629 3595 3711 3647 Pa-

2199 3701 2333 3746 trem
2364 3699 2420 3745 et
2466 3691 2655 3746 Filium
2697 3702 2752 3745 et
2792 3690 3048 3759 Spiritum
3087 3701 3362 3752 sanctum,
3394 3687 3443 3742 id
3485 3696 3560 3742 est
3585 3683 3718 3738 simul

2196 3782 2365 3849 ipsam
2390 3779 2702 3834 Trinitatem
2726 3821 2742 3845 ,
2791 3794 2898 3833 non
2932 3790 3039 3834 tres
3083 3793 3241 3833 veros
3267 3779 3421 3841 deos,
3465 3776 3550 3829 sed
3579 3787 3716 3827 unum

2198 3887 2381 3925 verum
2412 3870 2601 3924 Deum.
2633 3871 2712 3925 An
2745 3870 2996 3939 quoniam
3036 3870 3261 3937 addidit,
3297 3869 3361 3922 Et
3386 3883 3533 3936 quem
3559 3865 3716 3919 misisti

2196 3960 2378 4016 Jesum
2435 3959 2730 4024 Christum,
2757 3958 3178 4013 subaudiendum
3231 3966 3338 4024 est,
3373 3972 3525 4010 unum
3566 3969 3718 4009 verum

2199 4055 2386 4119 Deum,
2427 4063 2481 4108 et
2508 4053 2640 4107 ordo
2675 4052 2954 4107 verborum
3000 4060 3083 4105 est
3112 4068 3126 4103 :
3158 4050 3224 4106 Ut
3290 4063 3341 4106 te
3380 4061 3431 4103 et
3466 4064 3605 4118 quem
3630 4046 3718 4098 m3-

2197 4147 2316 4200 sisti
2383 4144 2563 4215 {esum
2627 4142 2899 4198 Christum
2962 4151 3287 4212 cognoscant
3349 4155 3506 4193 unum
3568 4148 3717 4189 rerum

2203 4234 2402 4289 Deum?
2453 4226 2558 4288 Cur
2600 4248 2728 4303 ergo
2767 4224 2938 4288 tacuit'
2999 4233 3066 4286 de
3109 4232 3311 4299 Spiritu
3380 4229 3599 4285 saneto!
3651 4229 3718 4278 An

2205 4325 2454 4393 quoniam
2497 4339 2830 4392 consequens
2875 4332 2976 4386 est,
3028 4332 3084 4376 ut
3129 4323 3428 4389 ubicunque
3462 4318 3721 4375 nominatur

2206 4429 2390 4476 unum,
2421 4422 2561 4467 tanta
2586 4428 2715 4482 pace
2757 4402 2844 4466 uni
2865 4413 3164 4478 adhaerens,
3198 4421 3255 4466 ut
3282 4427 3378 4480 per
3400 4411 3530 4463 hanc
3558 4419 3722 4460 utrum-

2205 4519 2305 4573 que
2336 4519 2496 4558 unum
2522 4505 2629 4557 sint
2657 4501 2805 4574 [sit],
2847 4502 2957 4571 jam
2998 4516 3059 4555 ex
3102 4501 3204 4555 hoc
3247 4500 3559 4568 intelligatur
3593 4495 3720 4549 etiam

2206 4601 2317 4666 ipsa
2341 4611 2465 4666 pax,
2503 4594 2743 4663 quamvis
2785 4609 2888 4647 non
2918 4590 3404 4648 commemoretur?
3435 4589 3554 4642 Nam
3577 4595 3619 4640 et
3650 4579 3724 4636 illo

2207 4691 2324 4744 loco
2348 4686 2630 4757 Apostolus
2658 4685 2866 4737 videtur
2891 4683 3041 4752 quasi
3075 4682 3484 4748 pratermittere
3508 4674 3721 4744 Spirilum

2207 4789 2448 4835 sanetum
2481 4792 2495 4829 :
2527 4785 2582 4830 et
2623 4784 2797 4827 tamen
2839 4775 2909 4827 ibi
2949 4770 3260 4840 intelligitur
3303 4771 3392 4822 ubi
3439 4769 3536 4829 ait,
3572 4762 3722 4819 Omnia

2209 4875 2401 4931 vestra,
2434 4881 2527 4921 vos
2569 4873 2756 4919 autem'
2778 4863 2997 4926 Christi,
3048 4848 3293 4914 Christtis
3324 4868 3495 4912 autem
3529 4855 3639 4914 Dei;
3677 4859 3722 4902 et

2213 4961 2404 5014 iterum
2440 4977 2452 5010 :
2485 4958 2652 5025 Caput
2679 4955 2914 5008 mulieris
2948 4953 3045 5016 vir,
3071 4962 3228 5020 caput
3253 4950 3356 5002 viri
3387 4949 3625 5002 Christus,
3651 4954 3723 4992 ca-

2213 5061 2303 5120 put
2329 5059 2504 5103 autem
2529 5045 2724 5100 Christi
2759 5043 2916 5097 Deus.
2946 5043 3049 5097 Sed
3088 5054 3273 5095 rursus
3297 5040 3342 5092 si
3373 5038 3506 5091 Deus
3531 5050 3619 5086 non
3645 5031 3722 5082 nisi

2211 5138 2388 5195 omnia
2426 5138 2582 5192 simul
2613 5136 2731 5201 tria,
2775 5136 3041 5204 quomodo
3071 5142 3228 5200 caput
3270 5129 3466 5186 Christi
3512 5129 3645 5186 Deus,
3682 5120 3723 5172 id

2213 5242 2312 5295 est,
2341 5239 2495 5295 caput
2519 5228 2712 5282 Christi
2742 5226 2992 5288 Trinitas,
3014 5239 3132 5277 cum
3161 5224 3212 5274 in
3238 5222 3491 5274 Trinitate
3519 5218 3581 5270 sit
3601 5210 3722 5265 Chri-

2212 5333 2343 5389 stus,
2371 5333 2427 5375 ut
2463 5321 2534 5374 sit
2558 5319 2826 5373 Trinitas?
2856 5319 2934 5370 An
2965 5315 3102 5382 quod
3134 5323 3217 5368 est
3260 5312 3416 5365 Pater
3441 5323 3551 5360 cum
3590 5301 3719 5362 Filio,

2211 5425 2368 5483 caput
2391 5423 2472 5467 cst
2499 5412 2548 5466 ei
2581 5409 2716 5477 quod
2740 5418 2821 5462 est
2860 5407 3006 5460 solus
3043 5403 3246 5457 Filius?
3288 5401 3419 5454 Cum
3464 5399 3584 5451 l-‘iliu
3611 5394 3718 5446 enim

2215 5506 2366 5559 Pater
2393 5504 2548 5566 Deus,
2581 5501 2724 5555 solus
2745 5507 2918 5552 autem
2946 5495 3112 5549 Filius
3141 5493 3382 5547 Christus
3410 5500 3515 5544 est:
3541 5493 3720 5538 uiuunt

2211 5597 2330 5667 quia
2354 5596 2461 5664 jam
2492 5593 2722 5646 Verbum
2749 5606 2874 5643 caro
2919 5589 3113 5641 [aetum
3163 5586 3427 5652 loquitur,
3481 5574 3720 5672 secundum

2213 5699 2368 5756 tjuam
2397 5687 2744 5744 humilitatem
2775 5677 3204 5752 {humanitatem}
3245 5677 3360 5737 eius
3409 5675 3554 5731 etiam
3581 5673 3716 5731 iunior
