3830 6228
126 224 236 279 917

1309 217 1746 290 TUESAURUS.
1792 233 1943 291 CAP.
1986 233 2250 289 CCXLIV.

3285 236 3385 290 9l8

119 355 211 398 est
245 345 436 413 Pater,
468 349 602 402 sicut
631 341 776 414 dicit,
828 346 1086 415 Quoniam
1119 347 1270 402 Pater
1293 342 1463 411 major
1495 359 1579 400 me
1606 356 1708 410 est,
1743 355 1791 411 Α
1819 346 1926 415 34.
1951 345 2304 414 disputatione
2333 344 2589 413 perduxi,
2621 353 2822 400 remota
2855 345 3237 414 disputatione,
3263 346 3381 400 bre-

121 445 180 488 ut
207 435 324 492 hoc
359 439 532 507 ipsum
566 438 729 492 Deum
763 454 907 504 esse,
933 439 1073 508 quod
1106 439 1181 494 illi
1215 454 1333 492 cum
1368 436 1522 490 Patre
1551 453 1711 491 unum

116 536 230 593 est,
284 539 453 598 caput
481 531 550 584 sit
579 529 807 585 hominis
848 530 1186 595 Mediatoris,
1237 527 1376 598 quod
1413 530 1524 598 ipse
1568 529 1712 583 solus

116 626 226 672 est.
261 618 328 674 Si
367 621 509 674 enim
543 631 771 677 mentem
796 632 940 676 recte
970 621 1193 674 dicimus
1219 621 1506 692 principale
1536 621 1709 674 homi-

116 710 228 774 nis,
277 710 336 763 id
374 720 455 765 cst
497 722 742 782 tanquam
768 695 928 782 caput
953 713 1194 768 humana:
1223 715 1560 779 substantias,
1587 728 1705 766 cum

115 800 238 866 ipse
273 800 446 856 homo
467 818 584 858 cum
618 814 794 859 mente
821 806 890 860 sit
915 806 1099 870 homo,
1130 822 1224 859 cur
1254 822 1356 860 non
1389 808 1552 859 multo
1580 821 1708 859 cnn-

111 891 416 953 gruentius
446 894 714 962 multoque
743 896 910 964 magis
942 895 1168 950 Verbum
1199 910 1318 948 cum
1360 895 1519 951 Patre
1566 896 1704 964 quod

112 979 286 1033 simul
323 982 466 1036 Deus
493 995 592 1052 est,
625 995 782 1053 caput
807 996 888 1041 est
916 985 1133 1053 Christi,
1171 987 1412 1056 quamvis
1459 988 1704 1040 Christus

115 1071 318 1137 homo,
368 1075 469 1128 nisi
501 1091 618 1130 cum
650 1077 826 1133 Verbo
863 1078 1001 1148 quod
1030 1094 1154 1136 caro
1183 1079 1378 1133 factum
1412 1089 1515 1144 est,
1550 1079 1704 1134 intel-

117 1162 214 1232 ligi
239 1179 358 1218 non
393 1167 589 1236 possit?

659 1282 884 1349 CAPUT
914 1285 1179 1343 CCXLI".

87 1371 194 1424 ‘De
231 1389 294 1424 eo
325 1373 466 1442 quod
511 1374 582 1425 ait
628 1375 898 1455 apostolici
929 1378 1100 1455 vimui-
1127 1395 1249 1455 esse-
1272 1379 1544 1455 imaginem
1584 1377 1697 1442 Dei,

185 1438 463 1564 muligrem
509 1438 726 1514 gloria‘m
776 1447 888 1513 viri,
938 1463 1000 1499 ex
1043 1449 1170 1501 libro
1216 1450 1278 1501 de
1309 1438 1552 1502 Trinitate
1607 1438 1698 1518 xu,

185 1522 273 1564 ιιι.
367 1552 380 1564 .

183 1522 273 1565 ιιι.
323 1522 380 1565 7.

181 1623 246 1679 Si
281 1640 417 1692 ergo
446 1627 633 1696 spiritu
667 1631 860 1682 mentis
891 1637 1089 1682 nostra:
1123 1643 1461 1694 renovamur,
1504 1639 1555 1683 et
1580 1629 1693 1694 ipse

1822 438 1953 490 riter
1980 451 2262 502 congeram
2283 453 2295 488 :
2316 445 2368 490 et
2393 446 2641 504 tanquam
2672 439 2769 489 sub
2792 454 2898 489 uno
2929 437 3122 490 mentis
3147 448 3382 506 aspectu,

1818 543 1921 580 non
1995 529 2433 596 quemadmodum
2499 543 2583 582 res
2646 544 2867 598 qumque
2929 531 3232 598 persuasit,
3292 530 3382 582 soil

1816 619 1925 686 ipsa
1949 635 2064 688 qua:
2093 634 2343 687 persuasa
2378 627 2536 684 Sunt,
2582 634 2807 688 ponam;
2839 637 2904 674 ne
2947 633 3049 675 tam
3099 623 3254 691 longe
3277 621 3384 676 sint

1814 725 1840 761 a
1873 712 2290 777 prrccedentibus
2317 713 2714 780 consequentia.
2746 721 2801 766 ut
2831 713 3151 768 oblivionem
3179 729 3379 782 praece-

1812 798 2047 852 dentium
2079 799 2236 854 faciat
2288 801 2545 868 inspectio
2595 805 3065 872 consequentium,
3099 813 3186 856 aut
3236 816 3379 859 certe

1811 893 1852 944 si
1888 893 2092 958 fecerit,
2121 893 2225 946 cito
2251 894 2413 961 possit
2446 895 2587 963 quod
2616 896 2874 949 exciderit
2899 896 3184 966 relegendo
3210 897 3378 951 recol-

1814 983 1922 1052 ligi.
1959 985 2012 1038 In
2053 985 2221 1054 primo
2253 986 2418 1047 libro,
2448 987 2744 1052 secundum
2803 989 3106 1058 Scripturas
3164 999 3375 1044 sanctas

1811 1076 1985 1128 unitas
2018 1084 2071 1131 et
2093 1077 2368 1146 aequalitas
2414 1092 2633 1132 summa:
2683 1080 2826 1134 illius
2868 1081 3141 1135 Trinitatis
3199 1092 3375 1134 osten-

1805 1163 1968 1218 ditur.
2003 1166 2058 1218 Iu
2095 1168 2325 1220 secundo
2377 1177 2427 1220 et
2460 1167 2640 1233 tertio,
2674 1178 2729 1223 et
2785 1182 3000 1239 quarto,
3033 1171 3240 1225 eadem.
3271 1171 3374 1226 Sed

1803 1252 1871 1307 de
1902 1253 2018 1307 Filii
2050 1254 2305 1310 missione
2331 1268 2384 1311 et
2413 1257 2640 1322 Spiritus
2677 1261 2847 1312 sancti
2898 1248 3184 1329 diligenter
3228 1276 3374 1329 qua:-

1804 1344 1908 1396 stio
1943 1352 2263 1413 pertractata
2311 1353 2420 1400 tres
2453 1346 2616 1399 libros
2651 1347 2796 1415 fecit,
2843 1347 3374 1419 demonstratumque

1803 1442 1903 1496 est,
1964 1447 2066 1486 non
2121 1434 2243 1488 ideo
2294 1435 2552 1489 minorem
2612 1438 2856 1492 mittente
2912 1440 2998 1505 qui
3054 1440 3244 1493 missus
3292 1449 3372 1493 est

1800 1525 2120 1595 [mittentem
2163 1541 2228 1580 eo
2257 1530 2343 1596 qui
2377 1532 2571 1582 missus
2625 1525 2751 1600 est],
2803 1530 2926 1598 quia
2970 1531 3059 1584 ilfe
3100 1531 3260 1593 Illi~il,
3289 1531 3372 1585 hic

1801 1616 1990 1668 missus
2014 1605 2136 1669 est:
2172 1631 2288 1671 cum
2338 1618 2568 1672 Trinitas
2612 1635 2730 1688 qua:
2788 1636 2878 1688 per
2926 1623 3100 1675 omnia
3151 1625 3368 1690 :rqualis

109 1723 192 1767 est
217 1727 400 1769 novus
428 1715 585 1770 homo
607 1719 694 1786 qui
725 1728 1008 1773 renovatur
1033 1720 1083 1771 in
1105 1720 1425 1789 agnitionem
1461 1721 1571 1786 Dei,
1604 1735 1690 1773 se-
1725 1711 1770 1768 Β
1797 1716 1898 1768 εει,
1933 1707 2129 1772 Parim"
2156 1722 2366 1776 quoque
2412 1709 2464 1762 Ῐη
2513 1724 2606 1762 5"“
2665 1719 2853 1764 "3mm
2923 1712 3284 1776 immmabmsi
3315 1722 3369 1766 ει

111 1803 360 1857 cundum
408 1804 691 1874 imaginem
723 1808 839 1875 ejus
883 1810 972 1878 qui
1003 1810 1200 1862 creavit
1240 1825 1390 1871 eum,
1434 1810 1562 1862 nulli
1593 1810 1690 1862 du-

111 1896 263 1950 bium
309 1906 414 1962 est,
459 1913 563 1952 non
596 1899 885 1953 secundum
920 1915 1132 1970 corpus,
1187 1916 1356 1967 neque
1397 1902 1688 1955 secundum

113 1984 419 2055 quamlibet
452 1991 612 2044 animi
646 1999 869 2060 partem,
921 1993 1013 2047 sed
1042 1995 1330 2048 secundum
1377 1994 1687 2049 rationalem

112 2088 386 2142 mentem,
407 2081 492 2134 ubi
518 2090 689 2148 potest
709 2098 826 2137 esse
845 2084 1038 2152 agnitio
1063 2085 1179 2150 Dei,
1205 2084 1468 2138 hominem
1493 2083 1685 2140 factum

112 2168 176 2220 ad
210 2168 668 2240 imaginemejus,
700 2175 788 2241 qui
817 2177 1018 2228 creavit
1041 2190 1184 2230 eum.
1215 2175 1517 2247 Secundum
1551 2176 1687 2232 hanc

111 2268 295 2314 autem
351 2264 787 2331 renovationem,
849 2264 1107 2319 efficimur
1163 2267 1321 2320 etiam
1389 2268 1477 2321 lilii
1557 2269 1684 2336 Dei,

114 2364 208 2415 per
232 2351 559 2419 baptismum
576 2354 797 2420 Christi,
819 2367 870 2409 et
892 2356 1172 2412 induentes
1197 2373 1387 2412 novum
1416 2360 1682 2414 hominem

111 2439 415 2508 Christum,
448 2446 626 2514 utique
675 2448 937 2500 induimur
969 2464 1060 2515 per
1090 2449 1267 2503 fidem.
1295 2451 1424 2517 Quis
1450 2461 1532 2506 est
1559 2466 1684 2521 ergo

113 2530 205 2598 qui
243 2532 318 2586 ab
349 2532 451 2588 hoc
475 2540 741 2590 consortio
766 2538 990 2592 feminas
1029 2539 1224 2593 alienet
1249 2581 1262 2604 ,
1309 2555 1427 2594 cum
1459 2544 1564 2597 sint
1591 2558 1685 2597 no-

106 2612 322 2677 l-iseum
345 2627 532 2694 gratia:
561 2628 898 2695 coheredes,
930 2640 984 2685 et
1006 2632 1110 2686 alio
1141 2633 1260 2687 loco
1288 2633 1425 2689 idem
1454 2641 1685 2706 Aposto-

113 2709 194 2763 lus
223 2710 372 2767 dicat
403 2731 415 2766 :
441 2717 636 2772 Omnes
662 2719 804 2773 enim
837 2721 929 2775 tilii
972 2721 1061 2775 Dei
1097 2723 1243 2788 estis,
1299 2740 1391 2792 per
1432 2726 1586 2782 tidem
1630 2729 1680 2781 in

114 2800 341 2859 Christo
372 2805 495 2860 Jesu
523 2808 873 2879 :Quicunque
912 2814 1052 2867 enim
1087 2813 1138 2869 in
1175 2814 1387 2869 Christo
1432 2819 1680 2886 haptizati

115 2896 264 2963 estis,
313 2895 584 2952 Christum
638 2900 882 2956 induistis
913 2919 926 2956 :
963 2919 1066 2959 non
1117 2917 1198 2960 est
1245 2906 1459 2962 Judzeus
1511 2924 1679 2978 neque

116 2982 360 3050 Graccus,
388 3002 490 3042 non
524 2999 601 3043 est
629 3001 814 3044 servus
845 3007 1016 3062 neque
1048 2995 1197 3061 liber,
1229 3011 1332 3050 non
1356 3008 1437 3052 est
1467 3015 1679 3055 mascué

115 3073 196 3128 lus
232 3083 286 3130 et
319 3075 535 3149 [neque]
564 3078 757 3134 femina
792 3096 1016 3137 :omnes
1046 3086 1184 3138 enim
1219 3102 1310 3142 vos
1341 3103 1500 3142 unum
1550 3093 1678 3146 estis

117 3163 169 3216 in
194 3163 412 3220 Christo
438 3165 607 3222 Iesu?
634 3168 1003 3239 Nunquidttam
1031 3173 1188 3242 igitur
1236 3176 1417 3232 ﬁdeles
1464 3178 1680 3236 femina:

114 3269 298 3310 sexum
325 3260 570 3326 corporis
596 3261 927 3319 amiserunt?
954 3265 1056 3321 Sed
1084 3267 1205 3335 quia
1236 3269 1304 3322 ibi
1351 3282 1676 3327 renovantur

115 3347 178 3399 ad
207 3349 492 3417 imaginem
521 3349 635 3414 Dei,
668 3352 755 3406 ubi
786 3369 947 3408 sexus
974 3356 1149 3410 nullus
1171 3368 1272 3424 est,
1304 3357 1373 3414 ibi
1407 3360 1576 3415 factus
1595 3374 1677 3418 est

117 3435 274 3492 humo
303 3438 370 3491 ad
401 3439 683 3507 imaginem
703 3440 816 3508 Dei,
841 3444 1111 3500 ubisexus
1137 3448 1312 3503 nullus
1341 3459 1441 3515 est,
1476 3451 1576 3507 hoc
1596 3465 1676 3509 est

115 3522 166 3577 in
178 3526 369 3595 spiritu
389 3530 580 3583 mentis
597 3544 725 3584 suae.
743 3532 851 3586 Cur
864 3549 989 3602 ergo
1010 3536 1086 3589 vir
1104 3548 1381 3606 propterea
1397 3556 1500 3594 non
1519 3542 1676 3599 debet

115 3625 268 3682 caput
308 3616 511 3688 velare,
561 3621 683 3688 quia
722 3623 893 3693 imago
931 3635 1012 3680 est
1039 3636 1093 3681 et
1118 3629 1283 3696 gloria
1323 3631 1442 3696 Dei;
1487 3636 1676 3692 mulier

115 3714 288 3761 autem
329 3709 510 3776 debet,
541 3713 662 3780 quia
692 3715 861 3782 g'oria
896 3717 996 3770 viri
1025 3726 1140 3771 est:
1169 3720 1319 3788 quasi
1350 3725 1539 3779 mulier
1569 3743 1672 3780 non

115 3809 395 3853 renovetur
438 3803 487 3856 in
520 3804 706 3871 spiritu
754 3808 949 3862 mentis
982 3824 1112 3873 suae,
1163 3814 1250 3881 qui
1292 3825 1577 3871 renovatur
1618 3821 1672 3873 in

56 3911 73 3926 -ι
117 3890 430 3958 agnitionem
476 3894 569 3950 Dei
599 3898 887 3954 secundum
922 3901 1204 3970 imaginem
1237 3905 1350 3973 ejus
1376 3908 1465 3976 qui
1496 3911 1671 3964 creavi

117 3979 296 4037 illum?
321 3983 426 4038 Sed
456 3988 575 4055 quia
606 4002 736 4044 sexu
768 3993 1006 4062 corporis
1034 3984 1193 4049 distat
1212 4011 1240 4050 a
1266 3999 1400 4064 viro,
1451 4001 1552 4056 rite
1581 4018 1672 4070 po-

119 4074 209 4126 tuit
230 4074 282 4130 in
310 4076 428 4144 eius
454 4081 714 4148 corporali
745 4085 1047 4141 velamento
1079 4087 1290 4156 figurari
1317 4107 1439 4159 pars
1467 4094 1554 4148 illa
1587 4112 1671 4149 ra-

117 4163 289 4228 tionis,
339 4181 458 4235 quat
487 4169 553 4222 ad
585 4176 894 4242 temporalia
934 4176 1272 4246 gubernanda
1313 4184 1573 4250 ﬂectitur,
1616 4198 1670 4240 ut

118 4265 214 4306 non
247 4264 458 4321 maneat
483 4259 656 4330 imago
677 4262 790 4330 Dei,
825 4265 924 4319 nisi
947 4282 1011 4320 ex
1035 4283 1133 4336 qua
1158 4278 1305 4337 parte
1328 4288 1477 4329 mens
1509 4276 1671 4331 homi-

118 4340 190 4393 nis
216 4345 427 4398 aaternis
459 4350 751 4405 rationibus
790 4355 1176 4422 conspiciendis
1215 4362 1295 4414 vel
1319 4366 1663 4420 consulendis

1796 1793 2100 1859 invisibilis,
2127 1806 2180 1848 et
2234 1798 2425 1864 ubique
2472 1813 2731 1866 prtesens,
2776 1800 3206 1868 inseparabiliter
3234 1816 3364 1870 ope-

1795 1894 1962 1938 retur.
1996 1885 2050 1937 In
2088 1887 2294 1953 quinto,
2347 1903 2458 1955 ιιι-οι
2484 1900 2561 1942 ter
2590 1905 2684 1943 eos
2734 1892 2925 1959 quibus
2978 1893 3098 1946 ideo
3156 1894 3366 1948 videtur

1793 1991 1896 2030 non
1925 1977 2165 2032 eamdem
2203 1977 2374 2032 Patris
2403 1989 2456 2033 et
2509 1981 2625 2034 Filii
2657 1996 2778 2035 esse
2834 1984 3209 2050 substantiam,
3244 1987 3363 2051 quia

1793 2082 1949 2121 omne
1979 2070 2116 2136 quod
2149 2069 2214 2123 de
2242 2069 2352 2125 Deo
2409 2072 2602 2124 dicitur
2629 2112 2642 2136 ,
2676 2073 2967 2128 secundum
3013 2074 3363 2128 substantiam

1791 2160 1894 2214 dici
1933 2169 2134 2228 putant,
2166 2172 2219 2216 et
2257 2173 2534 2229 propterea
2561 2166 2778 2235 gignere
2810 2176 2862 2220 et
2888 2160 3050 2235 gigni,
3087 2166 3168 2220 vel
3217 2166 3362 2235 geni-

1792 2261 1903 2305 tum
1936 2267 2054 2306 esse
2080 2264 2132 2307 et
2179 2257 2493 2323 ingenitum,
2515 2258 2773 2324 quoniam
2814 2259 3021 2312 diversa
3052 2271 3197 2326 sunt,
3229 2273 3360 2312 con-

1790 2342 2008 2396 tendu‘nt
2038 2345 2363 2399 substantias
2386 2362 2506 2400 esse
2523 2349 2788 2413 diversas,
2818 2349 3216 2402 demonsiratur
3249 2365 3350 2402 non

1787 2444 1948 2486 omne
1975 2433 2114 2499 quod
2145 2433 2213 2487 de
2267 2434 2378 2488 Deo
2431 2436 2626 2500 dicitur
2665 2439 2959 2492 secundum
3004 2439 3354 2492 substantiam

1787 2521 1915 2587 dici,
1950 2523 2088 2577 sicut
2133 2528 2422 2580 secundum
2479 2529 2828 2584 substantiam
2861 2532 3075 2597 dieitur,
3104 2532 3273 2585 bonus
3305 2543 3356 2586 ct

1787 2627 2028 2681 magnus,
2084 2623 2138 2668 et
2177 2617 2220 2669 si
2268 2618 2391 2684 quid
2424 2618 2566 2672 aliud
2597 2621 2660 2674 ad
2712 2635 2770 2674 se
2821 2622 3052 2688 dicitur;
3113 2624 3204 2676 sed
3252 2624 3352 2677 dici

1785 2709 1945 2762 etiam
1971 2709 2213 2777 relative,
2243 2712 2296 2766 id
2325 2726 2527 2769 estnon
2557 2716 2620 2770 ad
2648 2731 2726 2782 se,
2769 2721 2862 2772 sed
2896 2719 2960 2772 ad
2991 2719 3190 2788 aliquid
3214 2723 3353 2789 quod

1785 2799 1900 2868 ipse
1931 2815 2038 2854 non
2073 2812 2178 2868 est,
2206 2804 2345 2858 sicut
2373 2805 2530 2862 Pater
2559 2807 2624 2862 ad
2659 2807 2850 2862 Filium
2877 2810 3104 2877 dicitur,
3138 2810 3219 2865 vel
3247 2812 3351 2864 Do-

1785 2891 1958 2944 minus
1991 2893 2055 2944 ad
2107 2903 2408 2950 creaturam
2455 2897 2555 2952 sibi
2611 2899 2967 2954 servientem:
3001 2900 3086 2955 ubi
3132 2901 3176 2955 si
3220 2902 3344 2971 quid

1782 2981 2025 3048 relative,
2060 2983 2110 3037 id
2140 2993 2224 3039 est
2252 2987 2316 3040 ad
2346 2987 2547 3057 aliquid
2586 2991 2724 3058 quod
2757 2992 2871 3061 ipse
2900 3008 3005 3053 non
3058 3003 3161 3057 est,
3188 2995 3348 3048 etiam
3390 3057 3396 3061 _

1708 3076 1850 3136 cex
1883 3078 2124 3138 tempore
2182 3073 2393 3140 dicitur,
2446 3076 2599 3157 sicuti
2655 3087 2755 3143 est,
2812 3080 3052 3145 Domine,
3087 3073 3348 3151 refugium

1781 3159 1952 3215 factus
1979 3176 2038 3216 es
2060 3162 2234 3229 nobis,
2263 3166 2393 3220 nihil
2424 3167 2475 3221 ei
2529 3167 2776 3224 accidere
2804 3185 2910 3240 quo
2966 3180 3221 3237 mutetur,
3249 3173 3342 3226 sed

1778 3253 1999 3318 omnino
2024 3254 2196 3322 ipsum
2230 3255 2288 3309 in'
2313 3265 2499 3314 natura
2541 3261 2622 3316 vel
2665 3261 2900 3318 essentia
2937 3278 3044 3317 sua
3099 3264 3345 3318 immuta-

1778 3340 1937 3397 bilem
1990 3359 2326 3413 permanere.
2363 3349 2416 3403 ln
2472 3361 2663 3418 sexto,
2725 3355 2994 3421 quomodo
3046 3355 3219 3410 dictus
3277 3357 3346 3409 sit

1775 3431 2019 3489 Christus
2048 3451 2142 3490 ore
2168 3440 2467 3508 apostolico
2496 3441 2589 3495 Dei
2620 3443 2871 3498 virtus-et
2929 3445 3021 3499 Dei
3056 3444 3342 3512 sapientia,

1779 3523 1856 3576 sic
1887 3523 2204 3593 disputatur,
2239 3537 2293 3581 ut
2337 3529 2614 3586 ditl‘eratur
2642 3533 2828 3587 eadem
2865 3535 3093 3604 quaeStio
3123 3535 3344 3604 diligen—

1776 3616 1879 3668 tius
1903 3618 2263 3682 retractanda,
2293 3630 2471 3674 utrum
2524 3639 2552 3676 a
2580 3639 2686 3692 quo
2709 3625 2918 3694 genitus
2974 3636 3060 3681 est
3097 3627 3342 3682 Christus

1776 3719 1880 3758 non
1909 3708 1980 3785 sit
2029 3707 2142 3774 ipse
2188 3710 2600 3778 sapicntia,sed
2656 3725 2859 3769 tantum
2912 3717 3190 3785 sapientiai
3231 3732 3342 3772 suae
3398 3707 3402 3712 ’

1777 3778 1955 3858 Pater,
1991 3810 2057 3850 an
2098 3798 2357 3867 sapientia
2386 3802 2702 3871 sapientiam
2739 3778 3004 3873 genuerit.
3037 3806 3145 3861 Sed
3177 3806 3341 3875 quod-
3396 3806 3405 3833 τ

1774 3887 1901 3942 libet
1933 3889 2120 3943 horum
2153 3902 2315 3959 esset,
2349 3896 2512 3949 etiam
2561 3900 2612 3950 in
2642 3903 2741 3952 tioc
2763 3899 2902 3955 libro
2948 3904 3192 3971 apparuit
3222 3902 3341 3955 Tri-

1777 3978 1958 4033 nitatis
1988 3982 2286 4050 aequalitas,
2317 3994 2368 4038 et
2391 4002 2496 4040 non
2529 3987 2666 4044 Deus
2698 3992 2913 4060 triplex,
2949 3993 3042 4046 sed
3076 3993 3338 4048 Trinitas:

1776 4081 1870 4121 nec
1915 4070 2063 4136 quasi
2121 4071 2324 4140 aliquid
2386 4076 2606 4142 duplum
2681 4092 2799 4133 esse
2861 4079 3070 4134 Patrem
3137 4090 3187 4136 et
3253 4080 3339 4135 Fi-

1773 4157 1902 4209 lium
1923 4197 1936 4221 ,
1962 4159 2031 4213 ad
2058 4158 2310 4229 simplum
2343 4162 2601 4232 Spiritum
2652 4175 2914 4236 sanctum,
2947 4169 3036 4223 ubi
3081 4184 3179 4223 nec
3234 4169 3333 4223 tria

1775 4248 1892 4316 plus
1921 4250 2115 4319 aliquid
2157 4265 2279 4309 sunt
2317 4271 2472 4324 quam
2505 4275 2665 4312 unum
2718 4262 2926 4317 horum.
2992 4264 3320 4334 Disputatum

1771 4349 1852 4394 est
1880 4343 2037 4395 etiam
2055 4347 2323 4411 quomodo
2351 4351 2516 4417 possit
2554 4354 2772 4424 intelligi
2804 4357 2944 4425 quod
2982 4359 3056 4411 ait
3103 4358 3332 4414 Hilarius

115 4429 448 4491 adhaerescit:
471 4454 625 4506 quam
651 4457 754 4495 non
774 4444 941 4498 solum
967 4451 1245 4514 masculos,
1280 4453 1373 4506 sed
1399 4455 1556 4508 etiam
1587 4457 1664 4512 fe-

1785 4430 2075 4517 episcOpus,
2110 4433 2406 4492 JEternitas
2454 4440 2504 4492 in
2541 4441 2719 4508 Patre,
2742 4446 2951 4516 species
2990 4447 3041 4500 in
3091 4447 3335 4518 imagine.

114 4521 274 4578 minas
307 4526 505 4582 habere
535 4531 873 4588 manifestum
907 4547 1006 4590 est.
1047 4539 1184 4608 Ergo
1218 4542 1267 4596 in
1299 4558 1482 4600 eorum
1517 4565 1664 4604 men-

115 4613 242 4669 tibus
269 4624 565 4675 communis
606 4635 789 4679 tiatura
818 4631 1184 4699 cognoscitur,
1238 4634 1289 4688 in
1323 4651 1505 4694 eorum
1538 4656 1663 4694 vero

113 4711 412 4773 corporibus
475 4713 640 4782 ipsius
702 4719 854 4773 unius
911 4724 1103 4779 mentis
1163 4726 1468 4786 distributio
1524 4734 1660 4804 ﬁgu-

115 4802 266 4850 ratur.

613 4873 838 4933 CAPUT
877 4881 1144 4938 CCXLIV.

116 4955 236 5053 Quid
269 4963 616 5053 disputatum,
667 4973 846 5053 quidve
880 4977 957 5053 _sit
1011 4979 1424 5053 coiriprehensum
1464 5003 1654 5053 praste-

173 5031 394 5115 dentiam
453 5051 539 5088 xw
594 5031 986 5115 ratiocinatione
1021 5031 1423 5115 animum};
1457 5031 1656 5111 ἂιῗᾶυ

174 5097 413 5156 Trinitute
449 5120 536 5171 xv,
568 5108 645 5163 tit.
686 5111 736 5163 ὅ.

171 5206 268 5266 Sed
295 5215 542 5282 quoniam
572 5218 864 5277 disserendi
887 5235 940 5279 et
970 5228 1311 5286 ratiocinandi
1332 5238 1653 5304 necessitas,

115 5314 196 5366 per
219 5312 612 5374 quatuordecim
645 5316 830 5382 libros,
858 5323 1016 5375 multa
1050 5339 1147 5378 nos
1171 5330 1422 5396 compulit
1445 5333 1646 5398 dicere,

117 5403 218 5457 quae
240 5409 424 5453 cuncta
455 5405 612 5459 simul
652 5407 890 5475 aSpicere
939 5427 1039 5467 non
1071 5415 1340 5486 valemus,
1392 5432 1446 5474 ut
1488 5424 1551 5476 ad
1602 5425 1650 5477 id

114 5484 233 5578 quod
249 5490 647 5556 apprehendere
669 5498 936 5564 volumus,
956 5518 1016 5557 ea
1049 5506 1206 5560 celeri
1228 5484 1541 5578 cogitatione
1570 5530 1652 5569 re-

112 5568 338 5641 feramus,
358 5581 563 5650 faciam,
586 5599 833 5654 quantum
860 5591 1081 5649 Domino
1097 5597 1388 5666 adiuvante
1408 5613 1647 5671 potuero,

121 5673 165 5714 L'l
196 5671 437 5740 quidquid
476 5676 525 5729 in
552 5676 767 5750 singulis
794 5683 1150 5741 voluminibus
1185 5690 1248 5743 ad
1286 5693 1642 5762 cognitionem

1771 4535 1897 4574 usus
1955 4521 2008 4575 in
2046 4539 2288 4581 munere.
2339 4528 2391 4582 In
2449 4532 2700 4600 septimo,
2734 4538 2960 4602 qumstio
3005 4553 3126 4607 quae
3176 4541 3335 4598 dllata

1771 4613 1969 4680 fuerat,
1993 4617 2406 4686 explicatur,ita
2432 4634 2488 4676 ut
2543 4625 2677 4680 Deus
2733 4629 2825 4697 qui
2879 4632 3062 4700 genuit
3118 4631 3332 4696 Filium,

1769 4721 1874 4760 non
1902 4708 2078 4762 solum
2110 4711 2182 4764 sit
2211 4711 2370 4766 Pater
2400 4715 2610 4771 virtutis
2652 4728 2703 4773 et
2753 4722 3028 4788 sapientiae
3080 4739 3215 4788 sum,
3241 4725 3333 4778 sed

1777 4794 1938 4848 etiam
1974 4796 2086 4861 ipse
2135 4799 2303 4854 virtus
2353 4813 2510 4873 atque
2559 4807 2845 4875 sapientia;
2874 4811 2954 4866 sic
3007 4821 3060 4868 et
3108 4813 3335 4882 Spiritus

1766 4893 2000 4949 sanctus,
2030 4901 2126 4940 nec
2159 4897 2335 4943 tamen
2371 4891 2524 4947 simul
2547 4905 2655 4951 tres
2681 4911 2804 4953 sunt
2832 4903 3076 4970 virtutes,
3105 4915 3196 4957 aut
3229 4915 3335 4959 tres

1765 4975 2056 5041 sapientiae,
2087 4979 2180 5034 sed
2228 4996 2330 5035 una
2383 4984 2550 5040 virtus
2595 4999 2648 5041 et
2705 5007 2807 5044 una
2855 4995 3134 5062 sapientia,
3195 4996 3333 5050 sicut

1764 5081 1901 5119 unus
1932 5067 2069 5122 Deus
2124 5077 2177 5123 et
2229 5086 2329 5124 una
2376 5077 2629 5131 essentia.
2658 5078 2861 5136 Deinde
2914 5084 3193 5152 qumsltum
3226 5095 3330 5149 est,

1763 5157 2029 5224 quomodo
2059 5159 2303 5215 dicantur
2350 5179 2450 5218 una
2503 5173 2730 5224 essentia
2763 5182 2872 5226 tres
2903 5189 3158 5241 personae,
3191 5177 3270 5228 vel
3301 5192 3329 5228 a

1761 5252 2073 5320 quibusdam
2116 5255 2314 5310 Grmcis
2356 5241 2456 5311 una
2509 5263 2739 5315 essentia
2764 5272 2871 5318 tres
2901 5265 3245 5330 substantiae;
3275 5278 3330 5321 et

1760 5341 2032 5397 inventum
2060 5354 2142 5397 est
2185 5347 2504 5401 elocutionis
2563 5354 2883 5407 necessitate
2913 5338 3037 5419 dici,
3068 5366 3120 5408 ut
3153 5357 3328 5423 aliquo

1762 5446 1867 5486 uno
1897 5435 2113 5516 nomine
2155 5437 2580 5506 enuntiarentur,
2609 5456 2728 5496 cum
2755 5445 3012 5513 quierirur
3039 5447 3164 5516 quid
3218 5457 3324 5502 tres

1755 5522 1860 5574 sint
1898 5510 2030 5592 quos
2087 5535 2193 5580 tres
2240 5541 2361 5582 esse
2411 5531 2671 5585 veraciter
2723 5534 3059 5598 confitemur,
3115 5535 3328 5591 Patrem

1754 5613 1976 5677 scilicet,
2006 5624 2060 5668 et
2086 5615 2298 5679 Filium,
2333 5628 2386 5671 et
2426 5618 2676 5686 Spiritum
2710 5633 2971 5679 sanctum.
3008 5625 3061 5679 in
3110 5637 3321 5693 octavo,

1756 5703 1956 5759 ratione
1986 5706 2146 5761 etiam
2205 5706 2411 5763 reddita
2458 5712 2872 5783 intclligcntibus
2903 5717 3103 5771 clarqu
3138 5727 3238 5783 est,
3273 5721 3321 5775 in
