1915 3114
224 159 276 188 919

750 158 781 186 D.
804 154 965 186 EUGYPPII
983 153 1127 182 ABBATIS
1145 153 1306 182 AFRICAN]

1797 152 1847 181 Μ

225 215 372 244 substantia
400 214 525 243 Veritatis
547 221 601 241 non
629 213 717 242 solum
738 212 844 241 Patren
865 211 934 241 Filio
957 216 1010 239 non
1024 208 1269 244 Adiaptttstiomt
1294 207 1413 236 Trinitas
1440 211 1567 244 appareat
1592 208 1619 236 iu
1644 207 1761 243 imagine
1786 207 1844 241 Dei,

227 267 288 289 esse
301 259 443 295 majorem.
458 258 504 286 sed
520 265 571 286 nec
593 257 688 295 arabas
707 257 789 286 simul
812 256 910 293 aliquid
924 255 1011 291 majus

228 314 289 335 esse
306 313 385 341 quam
399 299 487 333 solum
509 303 640 339 Spiritum
660 307 798 337 sanctum,
811 307 856 331 aut
877 301 1011 337 quoslibet

227 351 294 379 tinos
307 350 334 377 in
347 350 439 377 eadem
463 348 595 377 Trinitate
609 347 698 384 majus
718 354 778 377 esse
805 346 903 382 aliquid
931 352 1011 381 quam

231 403 322 428 unum,
335 398 382 422 aut
393 402 488 424 omnes
499 394 580 422 simul
589 399 644 422 tres
654 393 741 428 majus
750 392 849 428 aliquid
859 397 1011 426 essequam

228 440 349 476 singulos
364 447 373 468 :
388 439 487 469 deinde
501 446 549 474 per
562 438 701 467 veritatem
715 445 775 473 qua
795 436 930 464 intellecta
944 442 1013 472 con-

226 485 348 521 spicitur,
369 489 398 515 et
412 492 460 520 per
481 485 737 514 honumsummum
758 489 775 509 a
799 488 853 518 quo
867 488 948 509 omne
962 480 1011 508 bo-

229 537 307 564 num.
316 531 405 566 αιτιοι·
413 530 545 565 justitiam
558 534 668 566 propter
680 535 761 564 quam
773 526 895 563 diligitur
907 526 1012 554 anius

226 575 315 611 justus
328 575 364 603 ab
382 576 473 603 animo
500 575 581 603 etiam
608 573 726 602 nondum
746 573 840 607 justo,
866 575 894 599 ut
918 575 1013 601 natura

229 628 283 650 non
302 620 388 649 solum
415 619 606 655 incorporalis.
625 617 801 648 verumetiam
825 616 1011 658 immutabilis,

228 666 301 701 quod
312 670 355 693 est
374 666 464 700 Deus,
479 669 610 699 quantum
631 663 688 694 lteri
711 666 800 699 potest
820 660 1014 697 intelligeretur

228 713 371 745 admonui;
398 718 425 741 et
445 719 491 747 per
515 711 674 739 cbaritatem
700 717 760 746 quin
799 709 828 738 in
866 707 1014 744 Scripturis

229 758 329 786 unctis
340 758 409 785 Deus
433 757 505 785 dicta
520 761 574 790 est,
599 764 648 791 per
670 763 751 792 quam
773 755 854 789 capit
880 759 1014 788 utcunque

230 805 310 832 etiam
330 803 448 831 Trinitas
469 802 681 838 intelligentiitus
703 808 850 837 apparere.
868 800 939 829 sicut
951 803 1016 827 sunt

230 856 335 882 antans,
350 853 378 876 et
390 848 460 884 quod
473 853 589 880 amatur.
602 852 630 876 et
641 854 727 878 amor.
739 846 768 874 in
781 853 864 879 nouo,
878 845 912 873 ad
923 844 1013 880 imagis

1060 254 1132 290 quod
1148 259 1190 283 est
1203 253 1283 282 homo
1298 253 1444 281 secundum
1468 257 1597 293 mentem,
1614 260 1675 290 quae
1699 259 1846 281 renovatur

1060 299 1088 330 in
1114 299 1249 336 agnitione
1278 298 1326 327 Dei
1348 298 1515 327 secundum‘
1535 298 1679 334 imagin'azn
1706 299 1769 333 eius
1801 298 1844 333 qui

1061 344 1162 383 creavit
1185 344 1322 372 hominem
1345 343 1379 371 ad
1408 344 1551 379 imaginem
1565 347 1694 376 suamet
1716 343 1761 371 sie
1787 350 1846 378 pa-

1061 389 1126 426 ciplt
1137 390 1293 426 sapientiam
1305 388 1350 417 ubi
1361 383 1554 424 contemplatio
1566 393 1609 424 est
1628 394 1809 426 sternam.

1334 435 1447 471 CAPUT
1458 435 1582 466 ωιιγ.
1612 446 1614 448 ·

1059 482 1115 519 35
1130 482 1166 510 Ds
1175 481 1378 517 Spiritusne»
1390 481 1435 545 ἓιιὶ
1446 480 1520 509 Patri
1541 484 1566 508 st
1579 479 1650 508 Pilio
1670 480 1779 516 equam
1802 487 1834 508 ss

1097 518 1190 545 sinitur
1203 522 1226 544 et
1239 518 1370 545 atrium-ss
1417 517 1511 545 sirius
1530 515 1637 545 dicitur.
1664 521 1688 543 st
1710 516 1834 543 derisui

1097 596 1161 614 ιωηι
1187 587 1220 615 sit
1244 585 1376 620 esui-im,-
1395 593 1429 615 es
1454 585 1520 617 libro
1540 585 1573 615 tis
1605 585 1729 614 Tria-itus
1741 585 1842 619 ".15-

1095 622 1159 650 mu
1170 621 1213 655 ιιι,
1226 622 1271 655 ts,
1287 621 1332 649 ιθ.
1460 620 1462 624 '
1664 658 1670 662 ι
1758 621 1760 624 ‘

1100 676 1175 705 Nunc
1194 676 1229 704 de
1243 676 1345 712 Spiritu
1372 680 1479 711 sancto,
1501 680 1629 716 quantum
1654 672 1710 703 Deo
1731 674 1845 702 donante

1066 722 1158 760 videre
1182 720 1350 755 conceditur;
1373 717 1559 750 disserendum
1583 726 1636 749 est.
1659 719 1845 754 Ωιιιιεριι-ἰιιί

1066 759 1176 793 unctus
1189 765 1337 794 secundum
1352 759 1507 800 Scriptum
1518 771 1624 794 sanctas
1637 772 1688 793 nec
1699 764 1797 793 Patria
1808 770 1846 791 est

1065 810 1159 843 solius,
1171 816 1220 838 nec
1234 810 1294 838 Filii
1307 810 1402 844 solius,
1415 811 1463 850 sed
1474 806 1630 843 amborum;
1645 809 1697 846 [eti
1706 809 1767 838 ideo
1777 816 1845 840 eam

1067 863 1247 889 mammona
1273 856 1387 885 invicem
1406 863 1438 885 so
1462 856 1582 892 diligunt
1606 856 1686 886 Pater
1705 861 1733 885 st
1753 855 1844 887 ιηιὶιιι.

1767 472 1845 508 iss-

231 902 292 921 nem
307 894 366 927 Dei.
385 893 457 929 quod
479 898 521 922 est
541 893 633 927 homo,
648 892 796 923 secundum
821 895 938 919 mentem
954 898 1014 926 μοι’·
1030 894 1054 927 Β
1068 894 1146 930 nobis
1159 899 1277 930 insinuat
1288 902 1458 931 charitatem.
1474 902 1509 931 Ut
1529 907 1619 931 autem
1632 894 1695 931 'nos-
1710 906 1845 930 exacuet

231 939 305 967 venit
318 939 477 974 disputatio,
490 944 518 968 ct
532 939 599 967 inea
614 934 740 973 quadam
749 938 854 966 trinitas
868 937 1016 972 invenitur,

232 984 258 1012 itl
277 989 329 1017 est.
342 991 418 1012 mens
435 989 463 1013 et
473 984 570 1012 'nntitia
582 991 634 1019 qua
660 990 690 1011 sc
713 983 800 1015 novit.
824 987 851 1010 et
865 989 941 1009 amor
963 988 1018 1016 quo

231 1029 451 1064 scnotitiamqtte
466 1032 553 1056 suam
581 1027 730 1064 diligitzet
758 1027 816 1055 haec
829 1027 880 1055 tria
905 1025 1017 1061 aqualis

232 1075 303 1103 inter
316 1082 346 1103 se
357 1080 384 1102 rt
401 1075 478 1103 unius
504 1075 682 1103 ostenduntur
695 1081 756 1102 esse
769 1073 907 1102 essentia.
924 1073 951 1100 In
971 1072 1019 1101 de~

232 1114 320 1153 cimo’,
334 1119 386 1147 hoe
401 1119 475 1148 idem
497 1119 654 1155 diligentius
677 1119 855 1154 subtiliusque
877 1121 1017 1147 tractatum

231 1170 270 1193 est
281 1185 290 1199 ,
301 1169 329 1192 at
340 1165 427 1200 adque
442 1165 466 1193 id
483 1165 652 1200 perductum,
668 1169 698 1192 ut
709 1164 875 1193 inveniretur
886 1164 914 1192 in
928 1168 1018 1192 mente

234 1210 384 1240 cvitlvutior
404 1210 510 1238 trinitas
533 1211 603 1245 ejus.
615 1210 642 1237 in
657 1203 784 1239 memoria
799 1209 912 1242 scilicet,
932 1213 962 1237 et.
978 1209 1019 1236 in-

237 1256 394 1292 telligentia,
410 1261 437 1284 et
454 1256 601 1284 voluntate.
625 1255 677 1284 Sed
691 1255 816 1291 quoniam
840 1260 868 1283 ct
882 1255 933 1283 hoc
945 1262 1018 1283 com-

236 1308 340 1338 pcrtutu
353 1308 405 1336 est,
415 1303 487 1338 quod
498 1310 575 1339 mens
585 1310 720 1338 nunquam
731 1309 792 1330 esse
803 1302 838 1329 ita
850 1301 977 1336 potuerit,
989 1306 1020 1328 ut

236 1358 288 1378 non
304 1350 346 1377 sui
357 1350 533 1383 meminisset,
549 1357 602 1377 nun
616 1357 646 1376 se
672 1347 832 1383 intelligeret
846 1350 872 1374 et
887 1346 1017 1381 diligeret,

235 1395 356 1428 quamvis
364 1402 416 1422 non
423 1402 528 1429 semper
534 1402 563 1422 se
570 1394 711 1430 cogitaret.
717 1400 777 1421 cum
785 1392 1019 1426 autemcogitaret,

237 1450 245 1466 ι
254 1448 288 1467 on
305 1447 336 1468 se
349 1448 365 1468 a
376 1440 561 1474 corporalibus
575 1440 657 1468 rebus
672 1438 768 1466 eadem
789 1437 952 1472 cogitatione
965 1435 1020 1463 dis-

235 1491 367 1519 cerneret.
383 1486 463 1513 dilata
474 1490 517 1514 cst
534 1485 568 1514 de
595 1486 730 1517 trinitate,
745 1484 821 1518 cujus
848 1483 906 1511 litec
932 1482 1021 1517 imago

236 1537 287 1565 εει,
301 1531 459 1571 disputatio,
473 1532 538 1559 utin
554 1532 619 1567 ipsis
638 1531 719 1559 etiam
746 1528 931 1565 corporalibus
954 1527 1020 1555 visis

1067 953 1158 975 sermo
1182 945 1301 980 divinus,
1316 955 1370 975 non
1393 947 1480 975 resin
1507 952 1630 985 promptu
1652 948 1730 979 sitaa,
1750 946 1799 974 sed
1822 946 1846 973 is

1067 991 1160 1019 abdito
1171 993 1329 1020 scrutandas
1355 997 1384 1021 et
1406 1000 1439 1021 ex
1467 992 1558 1022 abdito
1582 984 1729 1026 eruendas.
1751 984 1846 1026 majore

1067 1037 1156 1066 studio
1170 1037 1233 1065 fecit
1246 1038 1355 1075 inquiri.
1368 1038 1426 1066 Non
1446 1039 1536 1074 itaque
1548 1039 1617 1068 dixit
1628 1030 1778 1073 Scriptura,
1791 1037 1845 1073 Sp'r

1068 1083 1137 1111 ritus
1158 1088 1268 1113 sanctus
1287 1084 1403 1112 cbaritas
1420 1079 1564 1120 estzqnod
1591 1084 1615 1111 si
1642 1084 1771 1115 dixisset.
1795 1090 1844 1113 Io-

1071 1136 1177 1164 parvam
1201 1134 1304 1165 partem
1326 1128 1482 1165 quaestionis
1507 1130 1585 1159 istius
1605 1130 1776 1162 ahstslisset;
1799 1129 1844 1157 sed

1069 1170 1240 1209 dixit.'Deus
1257 1176 1375 1205 cbaritas
1394 1180 1451 1209 est;
1474 1181 1503 1203 ut
1522 1176 1655 1203 incertum
1677 1175 1713 1203 sit
1734 1179 1764 1202 et
1787 1174 1843 1202 idco

1069 1219 1270 1255 requirendum,
1299 1225 1386 1247 utrum
1417 1220 1490 1248 Deus
1513 1219 1593 1247 Pater
1614 1220 1650 1247 sit
1667 1219 1792 1252 eltaritas.
1816 1226 1845 1245 an

1070 1264 1140 1295 Deus
1150 1264 1242 1298 Filius,
1258 1272 1291 1292 an
1307 1265 1377 1292 Deus
1398 1265 1515 1299 Spiritus
1535 1269 1656 1297 sanctus,
1666 1271 1701 1291 an
1713 1263 1784 1295 Deus

1069 1308 1195 1339 Trinitas.
1208 1310 1300 1346 Neque
1310 1311 1381 1338 enim
1403 1310 1500 1338 dicturi
1514 1317 1619 1342 sumus,
1634 1317 1688 1336 non
1710 1313 1845 1344 propterea

1072 1356 1154 1384 Deum
1169 1357 1268 1384 dictum
1281 1364 1340 1384 esse
1354 1357 1520 1388 charitatem.
1532 1356 1601 1391 quod
1620 1356 1677 1391 ipsa
1691 1352 1845 1383 charitassit

1072 1401 1122 1427 ulla
1135 1401 1284 1428 substantia
1299 1407 1359 1435 qua
1378 1400 1423 1427 Dei
1438 1400 1518 1434 digna
1541 1400 1576 1428 sit
1591 1400 1711 1431 nomine.
1723 1398 1773 1427 scd
1783 1397 1846 1433 quod

1070 1445 1172 1473 donum
1184 1445 1217 1473 sit
1231 1445 1294 1480 Dei,
1309 1446 1379 1473 sicut
1402 1444 1503 1472 dictum
1521 1449 1563 1472 est
1583 1445 1640 1472 Deo
1655 1452 1662 1471 :
1678 1444 1810 1478 Quoniam
1822 1448 1846 1470 tl

1070 1498 1099 1517 es
1113 1490 1241 1525 patientia
1253 1497 1311 1517 mea
1330 1498 1337 1516 :
1351 1493 1407 1517 non
1429 1489 1519 1524 utique
1532 1493 1675 1525 propterea
1700 1488 1801 1515 dictum
1810 1491 1845 1515 est

1071 1536 1131 1571 quia
1145 1536 1192 1566 Dei
1213 1536 1359 1563 stthstantia
1374 1539 1416 1563 est
1443 1539 1535 1562 nostra
1560 1535 1697 1569 patientia,
1710 1534 1760 1562 sed
1784 1534 1846 1568 qssd

241 1577 408 1605 inveniretur
435 1577 549 1609 trinitas,
577 1581 604 1604 ct
628 1575 779 1604 distinctius
803 1575 828 1601 itt
859 1581 890 1602 ea
914 1573 1019 1601 lecturis

1073 1580 1108 1609 ab
1120 1580 1178 1615 ipso
1191 1580 1268 1607 nobis
1282 1585 1332 1611 est,
1358 1579 1429 1607 sicut
1446 1578 1511 1606 alibi
1538 1579 1634 1613 legitur
1647 1587 1655 1605 ;
1669 1579 1799 1612 Omnian
1817 1578 1846 1605 ab

240 1627 399 1650 exerceatur
410 1621 607 1658 lexerceretur]
623 1621 745 1649 intentio.
760 1620 789 1648 in
804 1619 946 1647 undecimo
957 1625 1022 1655 ergo

238 1667 341 1695 electus
350 1672 390 1696 est
402 1675 497 1695 sensus
508 1667 657 1699 oculorum,
665 1667 692 1693 in
702 1673 755 1700 quo
767 1665 792 1692 id
803 1664 874 1700 quod
885 1665 1021 1692 inventum

239 1713 318 1741 etiam
340 1713 366 1749 in
382 1713 486 1740 cmtcris
499 1718 614 1748 quatuor
637 1712 760 1740 sensibus
774 1710 906 1745 corporis,
919 1715 947 1738 et
969 1717 1021 1737 non

238 1759 337 1787 dictum
353 1765 442 1794 posset
462 1760 580 1795 agnosei,
594 1765 674 1794 atque
699 1759 733 1786 ita
746 1759 888 1786 exterioris
907 1757 1023 1786 hominis

242 1804 347 1831 trinitas
360 1805 447 1839 primo
462 1805 489 1832 in
505 1805 548 1832 his
564 1812 625 1838 qua:
635 1808 782 1831 cernuntur
795 1804 977 1836 extrinsecus,
990 1810 1023 1831 ex

242 1848 269 1876 in
282 1856 393 1883 corpore
404 1849 506 1877 scilicet
518 1849 587 1883 quod
598 1849 701 1876 videtur
715 1852 742 1876 et
756 1849 837 1875 lorma
852 1855 911 1883 quas
925 1847 986 1875 inde
997 1848 1023 1875 in

241 1893 299 1920 acie
309 1893 443 1921 cernentis
454 1893 627 1928 imprimitur,
639 1898 666 1920 et
677 1896 818 1927 utrumque
826 1892 974 1926 cnpulantis
984 1891 1026 1919 in~

244 1938 362 1965 tcutione
373 1938 519 1966 voluntatis
534 1939 666 1973 apparuit.
682 1938 736 1966 Sed
752 1938 809 1965 haec
823 1938 872 1965 tria
888 1946 940 1965 non
954 1938 1026 1965 inter

242 1991 272 2011 se
285 1984 410 2017 aequalia,
425 1992 475 2012 nec
500 1985 578 2012 unius
599 1991 660 2012 esse
683 1983 838 2011 substantiie
861 1983 1023 2010 claruerunt.

1073 1626 1132 1659 ipso
1149 1624 1274 1659 patientia
1289 1632 1357 1652 metu.
1379 1624 1455 1651 llunc
1468 1623 1703 1658 quippe.sensum
1728 1622 1846 1649 iaciture-

1073 1669 1142 1698 iellit
1156 1662 1358 1704 Scripturarum'
1367 1669 1422 1702 ipsa
1438 1667 1546 1695 loetttin.
1561 1667 1626 1695 Tale
1638 1673 1681 1695 est
1704 1666 1775 1695 enim
1789 1675 1797 1693 :
1810 1665 1845 1693 τιι

1073 1721 1102 1741 es
1113 1713 1253 1748 patientia;
1272 1719 1330 1741 mea
1342 1713 1419 1748 quale
1432 1717 1471 1739 est
1487 1721 1493 1739 :
1509 1711 1632 1745 Domine,
1644 1719 1707 1747 spes
1720 1719 1794 1744 mea;
1805 1716 1844 1738 et:

1074 1759 1145 1787 Deus
1159 1766 1245 1791 meus.
1260 1758 1443 1785 misericordia
1455 1764 1528 1790 mea;
1540 1753 1570 1784 et
1584 1757 1665 1784 multa
1676 1756 1784 1784 similia.
1797 1755 1846 1782 itus

1074 1808 1113 1832 est
1128 1808 1218 1831 autem
1231 1797 1355 1830 dictum:
1375 1801 1489 1830 Domine
1501 1822 1510 1834 ,
1526 1802 1643 1829 claritas
1665 1809 1734 1834 mea,
1746 1805 1800 1832 ast,
1813 1800 1845 1826 Tu

1074 1855 1105 1877 es
1117 1848 1233 1876 citaritas
1245 1855 1315 1880 met,
1329 1852 1373 1874 aut
1388 1846 1449 1883 [Tu]
1470 1847 1550 1881 Deus,
1575 1845 1695 1873 charitas
1720 1852 1795 1877 mea;
1806 1844 1846 1871 sed

1075 1893 1122 1920 itm
1130 1892 1230 1935 digtum
1244 1897 1285 1919 est
1297 1901 1304 1919 :
1320 1891 1390 1919 Deus
1402 1886 1517 1918 cliaritas
1531 1896 1573 1918 est
1589 1900 1597 1918 :
1611 1891 1681 1918 sicut
1691 1886 1789 1917 dictum
1801 1894 1846 1921 δι,

1077 1937 1146 1964 Deus
1160 1934 1275 1972 Spiritus
1289 1941 1340 1965 est.
1353 1936 1410 1964 lloe
1421 1936 1466 1970 qui
1482 1943 1535 1963 non
1546 1935 1678 1963 discernit
1691 1934 1845 1962 intellectam

1075 1990 1088 2008 a
1106 1983 1234 2015 Domino,
1252 1990 1310 2008 non.
1331 1982 1525 2015 expositionem
1548 1986 1650 2015 quaerat
1664 1989 1679 2007 a
1694 1981 1787 2011 nobis;
1802 1986 1845 2005 nos

243 2027 344 2057 Deinde
359 2028 385 2056 in
397 2028 455 2063 ipso
468 2029 570 2062 animo,
586 2029 618 2055 ab
631 2028 673 2056 his
687 2035 746 2063 quae
763 2027 931 2055 extrinsecus
946 2035 1024 2054 sensa
1076 2028 1145 2054 cnim
1162 2029 1276 2061 apertius
1288 2027 1428 2061 quidquam
1444 2033 1583 2060 possumus
1594 2026 1692 2053 dicere.
1710 2025 1781 2052 Deus
1790 2031 1845 2057 ergo

242 2076 307 2100 sunt
329 2074 403 2100 velut
433 2074 595 2106 introducta,
610 2073 722 2102 inventa
749 2077 790 2100 est
811 2072 894 2102 altera
910 2072 1024 2104 trinitas,
1077 2075 1193 2101 charitas
1219 2079 1260 2100 est
1287 2079 1374 2100 utrum
1389 2078 1476 2101 autem
1488 2073 1576 2105 Pater,
1593 2079 1626 2098 an
1639 2071 1733 2103 Filius.
1743 2078 1776 2097 an
1788 2070 1844 2102 Spi-

243 2116 287 2148 tthi
298 2122 459 2151 apparerent
481 2118 575 2145 eadem
602 2122 652 2145 tr-a
678 2117 756 2145 unius
771 2125 833 2145 esse
859 2117 1024 2150 substantia.
1077 2120 1144 2146 rilus
1157 2125 1276 2149 sanctus,
1292 2126 1324 2144 an
1341 2119 1397 2152 ipsa
1418 2117 1534 2144 Trinitas
1550 2116 1622 2152 (quis
1633 2122 1659 2143 et
1670 2117 1725 2150 ipsa
1740 2123 1790 2142 non
1801 2120 1845 2149 tres

245 2162 400 2197 imaginatio
408 2163 528 2197 c0rporis
536 2171 596 2198 quae
607 2163 632 2191 in
642 2163 769 2190 memoria
777 2167 827 2195 est,
836 2167 863 2190 et
873 2162 935 2190 inde
944 2162 1026 2189 infor-
1077 2166 1123 2196 dii,
1137 2165 1181 2192 sed
1192 2165 1261 2192 Deus
1272 2170 1311 2191 cst
1323 2163 1411 2198 unus),
1420 2163 1469 2190 hoc
1481 2162 1617 2197 quaeritur.
1628 2157 1683 2189 Sed
1691 2162 1771 2188 etiam
1782 2157 1847 2196 [jam]

245 2208 327 2238 matio
345 2216 406 2235 cum
428 2210 461 2235 ad
476 2216 535 2236 eam
563 2209 728 2237 convertitur
741 2209 813 2236 scies
836 2209 987 2243 cogitantis.
1001 2213 1026 2235 et
1079 2214 1103 2238 in
1118 2212 1166 2238 lmc
1182 2212 1251 2238 libro
1265 2212 1385 2245 superius
1404 2210 1604 2244 dispuiav‘Lnon
1623 2210 1663 2237 sic
1676 2209 1844 2242 accipiendam

244 2256 384 2286 tttrumque
399 2252 563 2288 coniungens
584 2253 697 2280 intentio
721 2253 873 2281 voluntatis.
889 2253 941 2280 Sed
970 2253 1029 2280 ideo
1044 2251 1067 2280 Ι)
1080 2267 1138 2286 esse
1153 2246 1321 2289 Trinitatem,
1336 2265 1394 2291 qua!
1408 2257 1478 2284 Deus
1493 2261 1545 2289 est,
1557 2264 1589 2283 ex
1602 2256 1654 2282 illis
1663 2256 1750 2282 tribus
1763 2253 1844 2287 quin

245 2294 297 2326 ista
323 2295 427 2324 trinitas
454 2298 488 2324 ad
510 2299 672 2325 exteriorem
697 2297 832 2325 hominem
857 2301 964 2332 reperta
987 2302 1029 2325 est
1082 2302 1199 2329 trinitate
1226 2306 1322 2328 nostra)
1350 2301 1444 2327 mentis
1471 2300 1657 2327 ostendimus:
1680 2304 1709 2325 ttt
1734 2303 1844 2332 unqual-

247 2339 391 2373 pertinere,
407 2342 467 2376 quia
484 2342 518 2370 de
542 2343 701 2377 corporibus
716 2343 787 2370 illata
812 2347 852 2370 est
863 2363 871 2374 ,
885 2350 944 2377 quae
967 2349 1028 2370 sen-

245 2386 348 2414 littutur
361 2387 537 2415 extrinsecus.
552 2388 580 2415 In
594 2388 755 2415 duodecimo
783 2387 957 2414 discernenda
971 2387 1029 2414 visa

246 2436 289 2459 cst
302 2432 432 2466 sapientia
442 2433 475 2459 ab
494 2434 604 2462 scientia
630 2434 768 2470 [sapientia
791 2441 805 2460 a
821 2432 963 2468 sapientia]
975 2453 982 2465 ,
1002 2438 1026 2460 et

247 2477 273 2504 iu
289 2484 321 2504 ea
332 2485 390 2512 qua:
408 2479 514 2512 proprie
527 2480 637 2508 scivntia
647 2484 825 2514 nuncupatur,
841 2480 902 2513 quia
918 2479 1027 2507 inferior

247 2525 297 2555 est,
313 2522 387 2557 prius
403 2522 524 2557 quadam
539 2524 580 2550 sui
600 2525 705 2559 generis
720 2525 826 2553 trinitas
848 2524 1004 2562 inquirenda
1019 2533 1025 2550 :

247 2574 307 2601 qua:
322 2567 386 2596 licet
408 2568 441 2595 ad
466 2569 621 2597 interiorem
650 2570 783 2598 hominem
806 2570 860 2604 jam
886 2570 1026 2604 pertineat,

247 2613 365 2641 nondum
390 2619 478 2643 tamen
505 2615 592 2649 imago
607 2614 655 2642 Dei
677 2616 718 2642 vel
743 2615 897 2649 appellanda
926 2615 971 2646 sit.
987 2615 1028 2641 Vel

248 2658 374 2694 putanda.
392 2660 425 2687 Et
439 2660 489 2688 hoc
503 2660 590 2695 agitur
613 2661 638 2687 in
655 2661 733 2689 tertio
760 2661 872 2693 decimo.
890 2668 938 2695 per
952 2668 1027 2687 com-

248 2704 445 2732 mendationem
473 2706 534 2734 lidei
557 2705 728 2734 Christiana'.
751 2706 777 2733 ltt
805 2711 900 2741 quarto
924 2706 1029 2734 decimo

248 2755 347 2783 autem,
359 2751 394 2778 de
404 2752 531 2786 sapientia
545 2753 662 2780 hominis
673 2760 745 2785 iteraI
761 2752 786 2780 id
801 2758 842 2780 est
856 2754 902 2781 Dei
918 2762 1028 2782 munere

251 2795 278 2821 in
302 2795 359 2829 ejus
386 2797 468 2831 ipsius
493 2797 538 2825 Dei
563 2798 764 2832 participatione
790 2798 897 2833 donata,
911 2808 970 2834 qua:
994 2801 1028 2827 ab

250 2840 359 2868 scientia
380 2842 503 2870 distincta
532 2849 583 2878 est.
604 2845 754 2881 disputatur
775 2853 782 2872 :
799 2849 826 2872 et
849 2852 882 2873 eo
906 2854 986 2881 prve
1007 2846 1028 2874 it

1081 2348 1210 2374 memoria
1222 2347 1256 2373 sit
1282 2346 1398 2372 omnium
1426 2345 1502 2371 trium
1527 2345 1618 2378 Pater,
1640 2348 1668 2371 et
1686 2342 1845 2378 intelligetis

1081 2393 1197 2419 omnium
1227 2393 1305 2418 trium
1333 2391 1425 2421 Filius,
1451 2395 1477 2417 et
1499 2389 1614 2416 charitas
1641 2389 1759 2416 omnium
1779 2388 1846 2414 tri-lt

1081 2439 1194 2471 Spiritus
1208 2442 1325 2466 sanctus,
1342 2436 1417 2468 quasi
1434 2435 1513 2462 Pater
1528 2442 1580 2460 non
1599 2434 1733 2468 intelligat
1745 2432 1794 2459 sibi
1805 2437 1845 2457 se:

1082 2484 1183 2516 diligat,
1204 2483 1248 2508 sed
1265 2482 1309 2508 Dei
1327 2482 1407 2507 Filius
1423 2480 1563 2514 inteliigut,
1579 2484 1605 2506 et
1619 2479 1738 2512 Spiritus
1751 2481 1845 2506 suam

1080 2529 1103 2556 ei
1119 2528 1228 2561 diligat:
1243 2527 1298 2560 ipse
1314 2531 1400 2553 autem
1420 2530 1447 2552 et
1460 2524 1510 2552 sibi
1522 2529 1548 2551 et
1569 2524 1624 2550 illis
1646 2528 1749 2551 tantum
1767 2521 1845 2548 nae-’-

1082 2573 1160 2605 nerit,
1173 2577 1199 2599 et
1219 2572 1299 2598 Filius
1314 2579 1363 2598 nec
1374 2570 1526 2597 meminerit
1554 2576 1604 2596 nec
1613 2568 1709 2603 diligat
1735 2567 1794 2597 sibi.
1806 2564 1843 2592 sui

1082 2617 1230 2644 meminerit
1245 2616 1268 2643 ei
1285 2616 1374 2647 Pater,
1392 2620 1418 2642 et
1432 2615 1525 2649 diligat
1545 2613 1570 2640 ei
1588 2613 1705 2647 Spiritus
1732 2614 1842 2639 sanctas:

1081 2662 1138 2696 ipse
1169 2667 1255 2688 autem
1285 2666 1310 2688 et
1336 2661 1402 2691 sibi.
1432 2664 1459 2686 et
1485 2659 1537 2686 illis
1561 2656 1744 2685 tantummodo
1762 2654 1844 2683 iuti-
1872 2652 1876 2658 ’

1081 2713 1141 2742 gat;
1181 2708 1295 2739 itemque
1332 2706 1446 2739 Spiritus
1479 2708 1588 2731 sanctus
1626 2709 1677 2730 nec
1709 2698 1842 2730 φαικί

1083 2762 1131 2780 nec
1147 2753 1277 2786 intelligat
1302 2751 1361 2782 sibi,
1386 2750 1431 2777 sed
1457 2749 1609 2776 meminerit
1632 2746 1840 2779 diluendi-

1084 2800 1180 2833 lelligal
1196 2799 1288 2830 Filius,
1307 2799 1362 2832 ipse
1386 2801 1473 2823 autem
1492 2799 1519 2821 et
1539 2793 1591 2821 sibi
1609 2799 1639 2821 et
1662 2794 1778 2821 illis-ss
1800 2789 1842 2818 ﬁ

1083 2830 1169 2879 diligat
1189 2854 1194 2871 :
1211 2844 1257 2872 sed
1274 2830 1430 2878 sicipotius,
1444 2845 1472 2868 ut
1492 2839 1580 2868 omnia
1601 2839 1704 2872 tria,“
1716 2837 1840 2868 me
