3904 6224
168 352 278 408 99.1

1351 336 1785 396 TilESAURUS.
1821 334 1973 392 CAP.
2014 333 2260 391 CCXLV.

3319 281 3425 382 ea:

166 463 373 546 singuli
402 462 644 517 habeant
669 459 720 514 in
743 471 863 513 'sua
892 442 1116 528 quisque
1170 462 1356 509 natura
1379 494 1392 518 ,
1429 466 1528 507 nec
1557 451 1760 506 distent
1787 452 1832 509 Α
1864 449 2149 513 vocabula,
2174 456 2230 504 et
2249 445 2621 503 universaliter
2641 443 2853 514 ponl,et
2869 439 3082 511 proprie
3108 436 3423 546 quibusdajm

164 556 231 615 in
265 544 515 618 eis-ista,
548 554 689 608 sicut
738 550 789 605 in
819 550 973 606 nobis
1000 547 1142 603 aliud
1169 555 1254 603 est
1299 544 1579 606 memoria,
1607 542 1750 595 aliud

166 645 558 716 intelligentia,
587 642 726 697 aliud
749 640 990 708 dilectio,
1021 640 1136 694 sive
1158 638 1389 693 cbaritas
1416 653 1430 688 :
1466 635 1558 690 sed
1590 647 1750 688 unum

167 737 387 808 aliquid
415 735 650 806 sitquod
679 734 852 788 omnia
888 730 1084 796 valeat,
1113 729 1252 784 sicut
1300 728 1416 797 ipsa
1467 726 1676 794 sapient
1698 739 1750 788 a,

169 838 234 884 et
264 828 347 883 sic
376 826 603 882 habetur
640 823 692 879 in
722 821 1132 892 uniuscujusque
1161 829 1370 885 natura,
1394 817 1565 888 utqui
1597 815 1756 869 habet

171 919 285 975 hoc
313 919 386 974 sit
431 917 570 986 quod
619 916 797 981 habet,
839 916 978 971 sicut
1024 911 1370 968 immutabilis
1413 908 1751 977 simplexque

171 1011 506 1066 substantia.
532 1009 587 1065 Si
629 1023 758 1080 ergo
791 1009 906 1062 hac
940 1005 1209 1061 intellecta
1233 1012 1381 1071 sunt,
1406 1008 1460 1056 et
1499 1008 1755 1070 quantum

175 1101 344 1155 nobis
375 1097 473 1173 [in]
511 1100 669 1154 rebus
699 1099 861 1153 tantis
910 1096 1096 1152 videre
1137 1094 1219 1148 vei
1271 1093 1580 1161 conjectare
1627 1103 1758 1146 con-

173 1205 403 1244 cessum
453 1197 556 1255 est,
586 1204 710 1244 vera
763 1203 884 1246 esse
929 1189 1256 1251 claruerunt,
1289 1185 1472 1239 nescio
1517 1197 1613 1239 cur
1647 1196 1754 1237 non
1801 1240 1803 1243 ,

175 1282 330 1336 sicut
360 1280 616 1350 sapientia
639 1288 693 1334 et
720 1279 878 1333 Pater
919 1275 1136 1353 dicitur,
1161 1283 1215 1330 ct
1240 1274 1426 1340 Filius,
1449 1270 1756 1339 etSpiritus

177 1380 427 1434 unctus,
457 1378 510 1425 et
534 1368 688 1423 simul
716 1381 901 1421 omnes
930 1380 1035 1436 non
1065 1372 1198 1430 tres,
1232 1362 1324 1418 sed
1349 1377 1448 1417 una
1474 1361 1755 1429 sapientia,

178 1459 258 1514 ita
279 1471 338 1515 et
363 1460 596 1514 cbaritas
619 1465 678 1514 et
692 1457 847 1512 Pater
871 1455 1100 1521 dicatur,
1128 1462 1184 1510 et
1208 1453 1375 1507 Filius
1394 1489 1409 1514 ,
1439 1460 1495 1506 et
1523 1449 1756 1518 Spiritus

178 1558 511 1622 sanctus,“
561 1547 717 1603 simul
753 1561 941 1602 omnes
972 1559 1078 1626 una
1108 1536 1484 1598 charitas.Sic
1528 1539 1669 1594 enim
1704 1545 1759 1593 et

181 1641 352 1695 Pater
385 1637 542 1702 Deus,
572 1647 622 1694 et
655 1633 1004 1698 Filius-Deus,
1031 1632 1324 1703 etSpiritus
1346 1639 1562 1685 sanctus
1592 1627 1753 1694 Deus,

182 1737 254 1785 et
273 1728 450 1783 simul
471 1739 658 1782 omnes
684 1741 820 1780 unus
850 1724 1012 1780 Deus.
1037 1723 1105 1778 Et
1127 1734 1302 1775 tamen
1340 1736 1445 1773 non
1479 1718 1670 1772 frustra
1703 1715 1755 1770 in

1856 541 2018 596 rebus
2043 539 2303 604 adhiberi,
2331 537 2432 592 nisi
2458 537 2508 590 in
2538 551 2596 590 re
2618 541 2802 603 aperta
2832 525 3425 597 vitanda'sitlongitudo

1854 630 2138 685 sermonis.
2165 630 2276 684 iloc
2313 629 2433 683 ideo
2457 625 2590 689 dixi,
2624 621 2690 683 ne
2715 624 2992 694 quisquam
3022 627 3302 690 propterea
3327 631 3424 672 nos

1854 719 2291 775 inconvenienter
2317 719 2585 771 existimet
2635 714 2951 770 cbaritatem
3000 711 3272 781 appellare
3295 707 3417 777 Spi-

1856 807 2310 875 ritum‘sanctum,
2343 809 2464 878 quia
2493 817 2547 862 et
2575 807 2717 862 Deus
2762 805 2939 869 Pater,
2960 812 3017 858 et
3061 801 3200 858 Deus
3255 799 3423 858 Filius

1857 901 2290 969 paleslt'llarlsils
2346 880 2849 966 eiunctipari.Sicut
2885 906 3015 965 ergo
3060 892 3274 947 unicum
3323 887 3420 946 Dei

1856 991 2088 1047 Verbum
2136 991 2351 1059 proprie
2403 1003 2656 1044 vocamus
2704 987 2920 1044 nemine
2976 982 3278 1053 Sapientia.
3301 994 3420 1036 cum

1854 1083 1922 1138 sit
1969 1082 2344 1139 universalitvr
2373 1089 2427 1137 et
2480 1079 2709 1148 Spiritus
2755 1085 2994 1143 sanctus,
3026 1081 3082 1132 et
3111 1071 3268 1128 Pater
3298 1070 3413 1140 ipse

1854 1174 2124 1246 Sapientia
2157 1191 2172 1226 :
2197 1174 2270 1227 ita
2298 1172 2528 1241 Spiritus
2549 1166 2809 1240 [sanctus]
2840 1166 3053 1235 proprie
3085 1167 3420 1232 nuncupatur

1857 1266 2114 1320 vocabulo
2141 1263 2441 1328 charitatis,
2474 1277 2594 1316 cum
2626 1260 2693 1314 sit
2714 1268 2770 1314 et
2819 1258 2973 1323 Pater
3001 1265 3054 1312 et
3098 1255 3262 1310 Filius
3303 1256 3422 1307 uni-

1857 1357 2138 1411 versaliter
2163 1354 2420 1409 cbaritas.
2460 1352 2563 1409 Sed
2592 1352 2684 1408 Del
2730 1349 2986 1410 Verbum.
3020 1347 3069 1402 id
3129 1359 3208 1401 est
3239 1344 3421 1414 unige-

1858 1447 2000 1502 nitus
2029 1446 2121 1500 Dei
2154 1445 2315 1500 Filius
2353 1451 2540 1512 aperte
2576 1441 2752 1497 dictus
2792 1447 2875 1494 est
2904 1438 2999 1494 Dei
3029 1435 3288 1506 sapientia
3329 1448 3423 1488 ore

1859 1538 2176 1605 apostolico,
2209 1535 2297 1590 ubi
2338 1536 2412 1589 ait
2437 1533 2771 1590 :-'.'Cbristum
2804 1530 2897 1586 Dei
2934 1530 3180 1582 virtutem
3231 1533 3288 1580 et
3332 1522 3422 1579 Doi

1857 1622 2204 1700 sapientiam;
2231 1626 2463 1698 Spiritus
2502 1634 2680 1682 autem
2729 1630 2966 1696 sanctus,
2995 1618 3082 1674 ubi
3139 1618 3210 1672 sit
3250 1616 3422 1671 dictus

1857 1722 2114 1786 cbaritas,
2172 1717 2473 1772 invenimus
2513 1713 2559 1770 si
2608 1709 2895 1783 diligenter
2944 1708 3162 1766 Joannis
3197 1702 3423 1774 apostoli

184 1819 293 1874 hac
322 1820 581 1875 Trinitatu
615 1831 718 1875 non
764 1815 956 1871 dicitur
987 1813 1218 1869 Verbum
1269 1811 1383 1876 Dei,
1417 1809 1517 1864 nisi
1569 1807 1756 1871 Filius,
1796 1799 1835 1856 ll
1865 1821 2164 1866 scrutemur
2183 1809 2474 1880 eloquium.
2506 1806 2745 1874 Quicum
2772 1793 3029 1860 dixisset:
3057 1796 3420 1860 Dilectissimi.

181 1925 292 1964 nec
319 1908 518 1963 duuutn
552 1905 646 1962 Dei
680 1906 778 1962 nisi
823 1905 1062 1974 Spiritus
1108 1911 1496 1965 sanctus,.nec
1541 1900 1609 1956 de
1653 1911 1756 1966 quo

181 1998 430 2070 genitum
462 2007 543 2052 est
577 1995 834 2064 Verbum,
866 1989 1013 2050 etde
1043 2008 1150 2063 quo
1173 1991 1414 2062 procedit
1441 1983 1756 2058 principali-

183 2099 276 2144 ter
297 2090 530 2156 Spiritus
580 2084 943 2154 sanctus,nisi
993 2083 1134 2138 Deus
1188 2081 1364 2135 Pater.
1412 2079 1534 2133 idco
1581 2079 1757 2131 autem

182 2177 392 2242 addidi,
419 2172 804 2245 Principallte‘r,
832 2174 955 2244 quia
979 2168 1204 2228 etde-'F
1211 2170 1303 2225 ilio
1347 2168 1575 2239 Spiritus
1604 2180 1760 2221 sanco

186 2278 278 2322 tes
306 2266 595 2338 procedere
625 2266 883 2336 reperitur
915 2282 929 2317 :
959 2263 1054 2318 sed
1097 2263 1200 2317 hoc
1244 2275 1454 2329 quoque
1499 2258 1573 2311 illi
1603 2255 1759 2311 Pater

186 2360 362 2425 dedit,
399 2373 501 2413 non
547 2359 656 2426 iam
686 2356 934 2411 existenti
990 2364 1044 2409 et
1081 2353 1314 2408 nondum
1374 2350 1611 2414 babenti,
1659 2347 1754 2402 sed

185 2447 468 2516 quidquid.
484 2447 751 2516 unigenito
777 2444 956 2499 Verbo
984 2441 1150 2504 dedit,
1183 2440 1444 2511 gignendo
1472 2436 1642 2492 dedit.
1665 2436 1757 2491 Sic

184 2553 319 2609 ergo
345 2553 467 2592 eum
521 2535 724 2608 genuit,
760 2535 1004 2590 utetiam
1038 2533 1107 2589 de
1133 2531 1226 2592 illo
1247 2531 1444 2586 donum
1473 2539 1758 2583 commune

130 2625 150 2639 ’“
190 2625 537 2696 procederet,
562 2635 616 2680 et
639 2625 869 2694 Spiritus
897 2633 1112 2679 sanctus
1142 2621 1370 2693 Spiritus
1399 2627 1544 2675 esset
1567 2609 1754 2674 ambo-

185 2730 331 2770 rnm.
363 2714 477 2769 Non
508 2712 775 2786 esthitur
824 2712 1130 2782 accipienda
1172 2717 1525 2774 transeunter,
1557 2710 1650 2764 sed
1676 2708 1755 2762 di-

187 2807 419 2875 ligenter
468 2803 715 2859 intuenda
765 2803 1134 2871 inseparabilis
1163 2802 1264 2855 ista
1309 2799 1586 2856 Trinitatis
1640 2797 1754 2852 dis-

185 2896 399 2951 tinctio.
425 2895 556 2949 illnc
574 2895 715 2949 enim
737 2890 932 2948 factum
962 2902 1064 2958 est,
1090 2901 1147 2946 ut
1169 2891 1381 2961 proprie
1409 2890 1499 2946 Dei
1525 2888 1753 2945 Verbum

78 3061 83 3067 η
186 2990 352 3044 etiam
383 2988 478 3044 Dei
503 2987 761 3057 sapientia
811 2986 1103 3050 diceretur,
1143 2984 1364 3047 cum‘sit
1406 2982 1665 3050 sapientia
1701 2990 1756 3038 et

192 3077 354 3134 Pater
403 3085 457 3132 et
497 3075 725 3144 Spiritus
755 3087 992 3130 sanctus.
1041 3075 1098 3129 Si
1129 3087 1258 3143 ergo
1302 3071 1512 3141 preprie
1555 3071 1754 3141 aliquid

1859 1906 2142 1976 diligamus
2173 1903 2420 1968 invicem,
2460 1901 2581 1970 quia
2630 1896 2848 1976 dilectio
2877 1911 2940 1951 cx
2988 1895 3099 1949 Deo
3128 1900 3229 1957 est,
3272 1904 3420 1945 secu-

1861 2005 1946 2051 tus
1975 1993 2216 2065 adiunxit
2248 2010 2261 2047 :
2288 1993 2355 2048 Et
2381 1990 2554 2046 omnis
2579 1989 2668 2059 qui
2681 1988 2869 2058 diligit,
2895 2002 2958 2045 ex
2992 1985 3103 2042 Deo
3132 1991 3289 2038 natus
3311 1989 3422 2042 cst;

1859 2087 1951 2156 qui
1999 2100 2105 2141 non
2158 2085 2354 2156 diligit,
2416 2097 2522 2138 non
2573 2079 2825 2151 cognovit
2869 2079 3067 2142 Deum,
3108 2076 3234 2145 quia
3271 2073 3422 2129 Deus

1859 2178 2075 2234 dilectio
2133 2188 2238 2233 est.
2290 2177 2411 2238 ,llic
2470 2173 2839 2238 manifestavi‘t
2896 2185 3016 2227 eam
3088 2185 3147 2222 se
3225 2165 3427 2221 dixisse

1860 2265 2199 2321 dilectionem
2247 2236 2410 2319 [lcum
2439 2303 2456 2330 ,
2507 2277 2663 2330 quam
2741 2236 2874 2314 diﬁ
2925 2273 2987 2313 ex
3050 2256 3159 2310 Deo
3220 2273 3232 2308 :
3285 2255 3426 2308 Deus

1857 2371 1988 2426 ergo
2023 2371 2085 2411 ex
2120 2355 2228 2410 Deo
2276 2363 2367 2410 est
2399 2352 2642 2408 dilectio.
2691 2350 2795 2405 Sed
2854 2348 2976 2418 quia
3022 2357 3078 2405 et
3119 2345 3215 2403 Dei
3265 2343 3426 2398 Filius

1859 2461 1921 2498 cx
1980 2447 2087 2501 Deo
2131 2446 2284 2499 Patre
2313 2450 2470 2497 natus
2487 2451 2588 2504 est.
2613 2451 2665 2495 et
2685 2439 2917 2509 Spiritus
2945 2447 3162 2506 sanctus
3208 2449 3270 2489 ex
3316 2433 3425 2486 Deo

1861 2536 2015 2589 Patre
2043 2524 2052 2532 ’
2082 2534 2340 2603 procedit,
2388 2547 2543 2602 quem
2602 2530 2776 2599 potius
2822 2542 3007 2584 eorum
3072 2525 3158 2579 hic
3224 2522 3425 2578 debea-

1859 2641 1974 2679 mus
2013 2627 2255 2694 accipere
2293 2626 2490 2679 dictum
2525 2633 2644 2678 esse
2668 2620 3012 2676 dilectionem
3059 2619 3259 2684 Deum,
3313 2628 3424 2684 me-

1859 2717 1960 2771 rito
2017 2717 2295 2786 quaeritur.
2363 2716 2520 2770 Peter
2564 2714 2707 2769 enim
2764 2712 2913 2768 solus
2966 2709 3036 2765 it‘a
3113 2710 3250 2764 Deus
3319 2714 3424 2770 est.

1858 2808 1964 2876 36
1981 2818 2033 2860 ut
2055 2821 2158 2861 non
2178 2808 2246 2863 sit
2266 2822 2329 2863 ex
2350 2807 2478 2871 Deo,
2498 2819 2559 2860 ac
2578 2821 2673 2874 per
2695 2806 2796 2859 hoc
2813 2803 3046 2866 dilectio,
3067 2817 3184 2868 qua:
3198 2801 3266 2854 ita
3289 2799 3426 2853 Deus

1855 2911 1939 2955 est
1965 2909 2019 2952 ut
2043 2913 2105 2954 ex
2141 2898 2250 2954 Deo
2300 2899 2392 2966 sit,
2421 2908 2514 2952 aut
2540 2897 2709 2954 Filius
2732 2905 2836 2972 est,
2866 2904 2958 2949 aut
2987 2893 3217 2963 Spiritus
3263 2905 3424 2946 sane.

1856 2997 1939 3042 tus
1970 3004 1984 3042 :
2021 2976 2120 3042 sed
2159 2979 2226 3064 in
2264 2986 2718 3056 consequentibus
2761 2999 2901 3064 eum,
2931 2982 3026 3038 Dei
3078 2980 3418 3036 dilectiOuem

1853 3060 2343 3143 commemorasset,
2378 3092 2483 3131 non
2512 3090 2615 3146 qua
2643 3077 2740 3130 nos
2763 3060 3032 3144 signified
3061 3085 3165 3141 qua
3187 3084 3285 3125 nos
3312 3069 3426 3139 ipse

198 3166 391 3234 borum
425 3165 596 3219 trium
627 3165 858 3220 cbaritas
878 3164 1225 3232 nuncupanda
1278 3171 1382 3227 est,
1421 3163 1547 3231 quid
1575 3163 1752 3232 aptius
1779 3162 1822 3222 C
1853 3162 2038 3221 dilexit
2066 3176 2120 3221 et
2151 3166 2505 3234 tulsi_t,Filium
2527 3180 2681 3220 suum
2711 3164 3051 3219 liberatorem
3080 3176 3176 3233 pro
3193 3160 3424 3230 peccatis

187 3273 352 3327 quam
381 3266 438 3311 ut
461 3257 563 3312 hoc
591 3255 660 3311 sit
697 3255 926 3324 Spiritus
954 3263 1170 3310 sanctus
1199 3255 1223 3308 ἳ
1248 3263 1303 3308 ut
1325 3254 1530 3308 scilicet
1583 3254 1636 3306 in
1666 3253 1751 3306 illa

189 3344 421 3413 simplici
469 3357 779 3412 summaque
808 3351 994 3406 natura
1023 3357 1128 3416 non
1157 3342 1227 3396 sit
1259 3343 1400 3395 aliud
1433 3339 1750 3403 substantia,
1800 3347 1803 3351 '

185 3443 245 3506 et
263 3432 406 3488 aliud
424 3432 676 3499 charitas,
705 3431 799 3487 sed
828 3431 1125 3486 substantia
1172 3431 1284 3499 ipsa
1314 3433 1385 3484 sit
1411 3432 1666 3503 cbaritas,
1699 3441 1753 3484 et

186 3523 427 3578 cbaritas
449 3522 560 3591 ipsa
593 3524 661 3577 sit
686 3521 1000 3588 substantia,
1028 3521 1140 3575 sive
1167 3520 1235 3574 sit
1255 3522 1305 3573 in
1339 3520 1513 3586 Patre,
1547 3521 1667 3573 sive
1693 3520 1746 3573 in

194 3611 360 3677 Filio,
409 3613 520 3668 sive
575 3613 628 3668 in
676 3611 876 3681 Spiritu
942 3617 1165 3675 sancto,
1225 3615 1280 3662 et
1327 3617 1502 3663 tamen
1541 3609 1754 3677 proprie

185 3701 419 3770 Spiritus
445 3713 659 3758 sanctus
687 3701 920 3756 cbaritas
945 3709 1301 3767 nuncupetur,
1319 3699 1456 3753 sicut
1486 3699 1617 3767 legis
1653 3715 1755 3753 no-

187 3793 356 3854 mine,
389 3792 672 3862 aliquando
721 3791 882 3846 simul
932 3791 1109 3844 omnia
1164 3790 1368 3844 Veteris
1416 3784 1750 3844 instrumenti

186 3893 491 3946 sanctarum
528 3884 918 3950 Scripturarum
946 3878 1310 3950 signiﬁcantur
1356 3879 1587 3948 eloquia.
1619 3878 1751 3934 Nam

112 3987 146 3998 ”
186 3990 255 4031 ex
311 3973 588 4044 propheta.
624 3973 754 4027 lsaia
804 3973 1161 4027 testimonium
1212 3985 1415 4038 ponens
1463 3971 1754 4039 Apostolus

190 4066 280 4120 ubi
311 4068 387 4118 ait
418 4080 432 4116 :
469 4065 522 4116 In
547 4064 666 4116 aliis
694 4063 884 4131 linguis
929 4069 983 4116 et
1018 4062 1069 4115 in
1099 4061 1218 4135 aliis
1251 4060 1402 4115 labiis
1434 4061 1622 4130 loquar
1655 4076 1751 4129 po-

193 4153 320 4222 pulo
361 4153 514 4215 huic:
541 4152 792 4219 praemisit
821 4160 995 4205 tamen
1029 4168 1043 4203 :
1077 4151 1132 4205 in
1177 4150 1296 4219 iege
1345 4151 1600 4219 scriptum
1647 4159 1747 4206 est.

191 4246 252 4298 Et
304 4245 421 4312 ipse
466 4244 742 4308 Dominus,
793 4242 848 4296 in
912 4242 1059 4312 lege,
1101 4243 1304 4312 inquit,
1349 4223 1530 4298 eorum
1587 4245 1754 4312 scrip-

190 4347 300 4392 tum
325 4347 409 4412 est
441 4353 454 4388 :
481 4335 612 4401 Quia
639 4336 863 4389 oderunt
894 4349 980 4388 me
1017 4333 1182 4404 gratis
1211 4352 1224 4386 :
1257 4348 1378 4388 eum
1405 4337 1504 4389 hoc
1549 4335 1754 4404 legatur

191 4429 242 4478 in
303 4423 536 4477 Pssimo.
572 4424 867 4492 Aliquando
899 4434 1070 4478 autem
1131 4423 1343 4492 proprie
1399 4434 1619 4478 vocatur
1667 4425 1749 4480 lex

1856 3261 2086 3329 nostris;
2110 3271 2164 3317 et
2187 3260 2309 3317 hinc
2336 3260 2646 3316 exhortatus
2672 3267 2757 3314 est
2780 3265 2838 3312 ut
2857 3267 2910 3312 et
2935 3269 3032 3312 nos
3056 3255 3280 3313 invicem
3307 3252 3425 3306 dili-

1856 3341 2063 3429 gamus,
2096 3361 2252 3421 atque
2281 3352 2352 3405 ita
2381 3352 2431 3404 in
2464 3349 2615 3404 nobis
2649 3348 2787 3403 Deus
2829 3356 3062 3417 maneat,
3093 3335 3214 3415 quia
3235 3334 3425 3410 illiillic

1855 3427 2201 3495 dilectionem
2233 3440 2398 3496 Deum
2425 3440 2636 3493 dixerat
2663 3454 2678 3491 :
2709 3438 2892 3492 statim
2919 3437 3105 3492 volens
3140 3427 3209 3490 de
3239 3434 3338 3487 hac
3369 3447 3425 3485 re

1856 3527 2094 3598 apertius
2121 3529 2319 3599 aliquid
2349 3529 2528 3598 eloqui
2554 3546 2568 3584 :
2598 3530 2652 3583 in
2678 3528 2801 3594 hoc,
2827 3528 3018 3594 inquit.
3046 3525 3420 3595 cognoscimus

1857 3618 1978 3686 quia
2019 3618 2072 3672 in
2124 3619 2242 3687 ipso
2287 3633 2593 3680 manemus,
2625 3626 2680 3672 et
2708 3617 2821 3686 ipse
2878 3618 2931 3670 in
2979 3613 3307 3682 nnbis,quia
3359 3611 3426 3663 «lu

1857 3708 2057 3777 Spiritu
2097 3723 2197 3763 suo
2234 3708 2387 3764 dedit
2415 3707 2593 3762 nobis.
2618 3705 2847 3762 Sanctus
2876 3706 3053 3774 itaque
3077 3703 3325 3771 Spiritus,
3357 3705 3424 3757 de

1857 3813 1964 3868 quo
2007 3798 2162 3852 dedit
2190 3797 2366 3863 nobis,
2400 3795 2523 3850 iacit
2550 3810 2648 3850 nos
2676 3795 2729 3849 in
2761 3793 2868 3849 Deo
2899 3809 3138 3857 manere,
3166 3802 3220 3848 et
3248 3792 3420 3861 ipsum

1857 3891 1910 3946 in
1960 3891 2147 3950 nobis.
2176 3890 2277 3942 hoc
2325 3897 2502 3942 autem
2550 3886 2670 3941 iacit
2700 3886 2935 3940 dilectio.
2969 3885 3084 3953 ipse
3131 3894 3214 3938 est
3267 3884 3424 3952 igitur

1860 3982 2000 4047 Dens
2049 3979 2283 4034 dilectio.
2313 3977 2550 4047 Denique
2605 3975 2762 4046 paulo
2793 3983 2945 4041 post,
2969 3989 3090 4028 cum
3123 3974 3226 4028 hoc
3253 3974 3422 4041 ipsum

1857 4074 2138 4143 repetisset
2174 4081 2338 4140 atque
2365 4068 2616 4133 dixisset,
2642 4066 2780 4120 Deus
2807 4063 3022 4121 dilectio
3042 4072 3146 4129 est,
3169 4065 3424 4129 continuo

1852 4164 2102 4233 subjecit,
2134 4161 2202 4216 Et
2226 4161 2315 4230 qui
2344 4165 2522 4214 manet
2570 4159 2621 4212 in
2655 4156 2962 4220 dilectidne,
2987 4155 3040 4208 in
3072 4154 3183 4208 Deo
3224 4162 3420 4219 manet,

1851 4262 1911 4328 οι
1948 4254 2088 4309 Deus
2136 4253 2189 4306 in
2221 4265 2287 4307 eo
2337 4260 2536 4306 manet.
2569 4249 2724 4305 Unde
2770 4262 2928 4317 supra
2958 4246 3166 4302 dixerat
3193 4264 3205 4300 :
3237 4245 3293 4301 in
3324 4247 3424 4299 hoc

1855 4345 2227 4416 cognoscimus
2253 4343 2372 4414 quia
2399 4343 2451 4396 in
2481 4343 2598 4410 ipso
2627 4356 2924 4402 manemus,
2944 4351 3000 4395 et
3021 4341 3136 4407 ipse
3162 4341 3216 4394 in
3247 4338 3423 4406 nobis,

1856 4436 2104 4504 quoniam
2130 4437 2195 4487 de
2223 4433 2422 4501 Spiritu
2450 4445 2549 4488 suo
2579 4430 2722 4483 dedit
2745 4429 2916 4484 nobis.
2951 4427 3070 4496 ipse
3097 4441 3227 4495 ergo
3255 4427 3421 4496 signi-

189 4532 308 4582 quae
332 4515 449 4566 data
475 4524 555 4566 est
584 4530 675 4581 per
730 4515 946 4583 Moysen
981 4532 994 4566 :
1026 4515 1314 4568 secundum
1369 4515 1506 4582 quod
1550 4516 1750 4569 dictum

1861 4525 2076 4589 iicatur,
2109 4523 2196 4577 ubi
2251 4523 2441 4591 legitur
2476 4537 2489 4573 ε
2526 4519 2662 4572 Deus
2687 4516 2902 4572 dilectio
2945 4526 3049 4573 est.
3099 4517 3239 4570 Deus
3269 4517 3429 4586 igitur

187 4617 308 4659 est:
341 4605 443 4657 Lex
467 4613 519 4657 et
540 4605 818 4673 Pmpbeta:
847 4619 1014 4673 usque
1056 4605 1120 4658 ad
1151 4603 1408 4660 Joannem
1443 4623 1454 4658 :
1486 4614 1540 4660 et
1585 4607 1639 4661 in
1669 4607 1752 4660 h‘s

188 4696 396 4750 duobus
451 4697 726 4764 praeceptis
782 4705 888 4749 tota
944 4695 1051 4751 i.cx
1110 4697 1302 4764 pendet
1350 4707 1403 4751 et
1451 4697 1748 4766 Prophetre.

193 4791 289 4843 llic
320 4789 496 4856 utique
524 4789 734 4856 proprie
757 4787 864 4841 Lex
886 4788 1143 4855 appellata
1169 4797 1250 4841 est
1279 4788 1346 4842 de
1387 4800 1568 4842 monte
1597 4790 1747 4842 Sina.

190 4877 576 4945 Pmphctarum
600 4890 775 4930 autem
807 4878 1023 4931 nomine
1059 4878 1216 4931 etiam
1249 4878 1441 4932 Psalmi
1472 4879 1749 4948 signiiieati

187 4979 329 5031 sunt,
365 4979 416 5023 et
444 4980 618 5022 tamen
655 4970 758 5022 alio
803 4970 918 5023 loco
968 4957 1101 5037 ipse
1126 4969 1365 5024 Salvator
1395 4987 1408 5022 :
1439 4971 1745 5038 Oportebat,

188 5061 375 5128 inquit,
410 5061 613 5128 impleri
659 5061 832 5114 omnia
877 5076 993 5129 qua:
1041 5062 1236 5128 scripta
1269 5071 1389 5115 sunt
1441 5063 1491 5114 in
1522 5063 1660 5130 Lege
1696 5073 1752 5118 et

188 5151 465 5220 Pmphetis
491 5159 543 5204 et
587 5151 808 5204 Psalmis
855 5151 1049 5205 deme.
1093 5151 1187 5205 llic
1230 5167 1415 5206 rursus
1458 5151 1749 5221 Propheta-

189 5259 302 5297 rum
361 5257 595 5306 nomen,
649 5242 884 5310 exceptis
934 5242 1197 5304 Psalmis.
1261 5241 1481 5313 intelligi
1534 5243 1743 5298 voluit:

187 5335 382 5386 dicitur
438 5348 565 5400 ergo
614 5333 697 5386 lex
753 5333 1141 5399 universaliter,
1192 5348 1309 5388 cum
1365 5334 1641 5401 l‘roithetis
1695 5345 1742 5387 et

188 5420 431 5485 Psalmis,
470 5421 666 5474 dicitur
695 5429 749 5473 et
787 5422 997 5486 proprie
1042 5437 1160 5490 qua:
1211 5438 1307 5489 per
1359 5424 1575 5493 Moysen
1627 5425 1746 5477 data

185 5522 284 5566 est.
315 5513 388 5565 ita
418 5511 593 5581 [Item]
625 5512 874 5565 dicuntur
893 5512 1250 5566 communiter
1282 5512 1562 5580 PrOphetze
1593 5516 1748 5568 simul

187 5602 565 5663 cumPsalmis,
590 5603 855 5656 dicuntur
893 5612 943 5655 et
977 5605 1190 5671 proprie
1235 5615 1429 5673 pra-ter
1484 5603 1746 5662 Psalmos.

188 5694 250 5749 Et
281 5693 466 5750 multis
498 5693 616 5746 aliis
644 5693 899 5764 exemplis
924 5693 1097 5748 doceri
1123 5704 1329 5764 potem,
1364 5699 1523 5753 multa
1573 5715 1748 5755 rerum

1858 4614 2085 4681 Spiritus
2111 4620 2329 4667 sanctus
2347 4610 2434 4678 qui
2465 4608 2704 4678 procedit
2726 4622 2792 4662 ex
2818 4607 2946 4674 Deo,
2971 4621 3088 4662 cum
3121 4606 3277 4662 datus
3307 4606 3420 4660 fue-

1855 4705 1924 4759 rit
1945 4703 2168 4766 homini,
2184 4701 2427 4756 accendit
2441 4714 2560 4754 eum
2575 4698 2629 4753 in
2645 4697 2982 4752 dilectionem
3000 4698 3091 4750 Dei
3107 4705 3157 4751 et
3175 4696 3423 4766 proximi,

1853 4799 1910 4846 et
1953 4793 2066 4863 ipse
2109 4794 2324 4848 dilectio
2376 4801 2503 4848 est:
2538 4803 2644 4844 non
2689 4789 2829 4844 enim
2863 4789 3026 4844 habet
3071 4789 3232 4845 homo
3283 4790 3424 4845 unde

1855 4883 2023 4938 Deum
2046 4885 2252 4953 diligat,
2284 4882 2386 4938 nisi
2436 4898 2500 4938 ex
2528 4884 2660 4938 Deo.
2690 4882 2913 4950 Pmpter
2935 4880 3076 4950 quod
3104 4881 3261 4948 paulo
3301 4892 3425 4948 post

1855 4974 2013 5029 dicit:
2039 4975 2146 5029 Nos
2169 4975 2453 5042 diligimus,
2483 4973 2604 5042 quia
2632 4972 2747 5039 ipse
2769 4971 2912 5040 prior
2930 4970 3114 5024 dilexit
3139 4985 3256 5024 nos.
3282 4970 3424 5038 Apu-

1855 5065 2028 5119 stolus
2049 5079 2256 5134 quoque
2284 5063 2476 5118 Paulus
2500 5079 2514 5117 :
2541 5061 2783 5128 Diicetio,
2807 5058 2998 5129 inquit,
3017 5059 3109 5114 Dei
3131 5059 3319 5112 diiiusa
3341 5070 3424 5113 est

1853 5156 1905 5210 in
1934 5156 2187 5211 cordibus
2241 5154 2434 5208 nostris
2465 5168 2557 5220 per
2577 5152 2830 5219 Spiritum
2851 5160 3120 5213 sanctum,
3148 5150 3237 5216 qui
3268 5151 3424 5204 datus

1851 5254 1933 5299 est
1963 5245 2141 5299 nobis.
2170 5244 2379 5298 Nullum
2403 5238 2485 5297 est
2507 5243 2610 5296 isto
2643 5241 2734 5295 Dei
2766 5240 2906 5294 dono
2935 5238 3306 5304 excellentius,
3333 5253 3423 5292 so-

1854 5335 1962 5388 lum
1989 5345 2072 5389 est
2102 5335 2238 5402 quod
2289 5332 2479 5385 dividit
2522 5331 2664 5384 inter
2695 5329 2831 5383 iiiios
2874 5327 3021 5396 regni
3069 5326 3252 5381 aeterni
3278 5337 3334 5380 et
3365 5328 3422 5378 ii-

1857 5424 1956 5479 lios
1985 5425 2292 5492 perditionis
2320 5429 2554 5475 :eternm.
2598 5420 2795 5473 Dantur
2825 5425 2880 5471 et
2909 5417 3010 5470 alia
3039 5432 3132 5486 per
3161 5415 3416 5485 Spiritum

1865 5512 2148 5586 [sanctum]
2174 5527 2422 5579 munera,
2453 5512 2546 5566 scd
2579 5510 2691 5564 sine
2713 5509 2970 5562 charitate
3010 5508 3138 5561 nihil
3169 5518 3414 5576 prosunt.

1859 5607 1965 5662 Nisi
1990 5620 2114 5674 ergo
2144 5614 2345 5658 tantum
2375 5603 2704 5670 impertiatur
2725 5599 2912 5668 cuique
2929 5598 3153 5667 Spiritus
3181 5608 3419 5665 sanctus,

1858 5705 1918 5750 ut
1945 5711 2063 5751 eum
2116 5695 2206 5750 Dei
2236 5703 2289 5750 ct
2337 5691 2558 5762 proximi
2601 5691 2753 5745 iaciat
2798 5696 3165 5757 amatorcm,a
3193 5687 3406 5744 sinistra
