3904 6224
508 214 612 269 θλὶὸ
1603 222 1662 278 D.
1707 222 2026 279 EUGYPPII
2065 223 2355 287 ABBATIS
2397 232 2716 289 AFlllCANI
3655 245 3733 298 93$

505 343 607 380 uno
643 328 964 384 transfertur
993 331 1056 384 ad
1087 331 1386 386 dexteram.
1434 332 1541 387 Nec
1589 334 1820 403 Spiritus
1863 336 2078 405 proprie
2107 342 2430 400 Aculdubio
2492 347 2720 414 Spiritus
2789 347 2988 402 donum
3063 350 3155 405 Dei
3220 359 3346 406 est:
3401 353 3471 408 de
3524 353 3614 408 hoc
3667 357 3733 410 hic

504 416 700 472 dicitur
727 418 944 483 donum,
995 419 1092 470 nisi
1151 428 1365 486 propter
1404 420 1745 476 dilectionem
1767 437 1791 490 ,'
1810 440 1966 493 quam
1997 425 2085 493 qui
2195 431 2446 489 Dominus
2496 437 2569 489 ait
2603 454 2616 489 :
2647 437 2702 492 Si
2734 439 2902 495 scires
2942 442 3138 497 donum
3185 445 3302 509 Dei,
3330 455 3384 499 et
3413 447 3526 514 quis
3555 457 3627 500 est
3660 448 3729 515 qui

505 527 612 563 non
643 513 900 578 habuerit,
934 511 975 563 si
1003 512 1193 580 linguis
1216 513 1488 570 hominum
1517 515 1763 583 loquatur
1784 527 1838 570 et
1865 518 2086 586 angelo-
2190 521 2321 575 dicit
2351 523 2464 589 tibi,
2500 525 2570 576 Da
2602 527 2727 580 mihi
2771 528 2976 596 bibere,
3012 542 3061 586 tu
3091 533 3310 587 forsitan
3340 511 3559 602 petisses
3582 537 3641 590 ab
3664 511 3730 598 eo,

504 617 643 670 rum,
681 617 874 657 sonans
896 615 1239 657 :nrameutum
1278 617 1359 660 est
1389 616 1442 661 et
1472 607 1771 676 cymbalum
1812 610 2077 663 tiuniens:
2189 619 2241 663 et
2263 610 2498 665 dedisset
2529 614 2621 666 tibi
2651 630 2841 683 aquam
2874 621 3068 675 vivam.
3099 623 3226 676 Nam
3250 624 3374 692 quid
3402 624 3471 676 ibi
3499 625 3729 696 aitiinaut

506 703 561 748 et
589 693 630 745 si
678 694 923 747 habuerit
980 697 1336 764 prepltetiam,
1366 709 1417 752 et
1457 700 1547 752 scit
1570 704 1638 752 rit
1693 699 1871 752 omnia
1902 714 2083 753 sacra-
2187 701 2327 768 quod
2354 702 2422 756 ibi
2454 704 2527 757 ait
2559 723 2571 758 :
2601 703 2621 774 ]
2673 708 2916 763 Flumina
2949 713 3014 766 de
3045 724 3230 767 ventre
3275 714 3390 783 ejus
3414 714 3571 768 ﬂuent
3609 693 3728 784 aqua:

504 792 677 838 menta
733 793 786 838 et
838 800 1052 840 omnem
1085 788 1384 854 scientiam,
1418 797 1471 842 et
1499 790 1542 840 si
1584 788 1828 843 habuerit
1869 805 2082 843 omnem
2186 790 2348 857 vim;
2385 793 2484 848 hoc
2514 794 2564 848 in
2599 797 2701 850 isto
2742 799 2884 864 loco,
2917 801 3050 864 Fiet,
3080 805 3272 872 inquit,
3303 804 3355 858 in
3385 821 3447 858 eo
3472 806 3580 859 fons
3608 819 3728 872 aqua

498 875 677 940 fidem,
709 876 779 929 ita
825 888 881 929 ut
914 888 1122 931 montes
1150 878 1455 942 transferat,
1490 878 1620 932 nihil
1661 887 1772 942 cst;
1813 886 1868 933 et
1896 880 1938 930 si
1971 879 2084 931 dis-
2187 882 2426 938 salientis
2450 884 2675 941 invitam
2701 899 2980 944 aeternam.
3006 893 3198 948 Paulus
3222 912 3432 964 quoque
3452 897 3723 962 apostolus:

496 971 742 1024 tribuerit
787 986 999 1025 omnem
1042 973 1416 1038 substantiam,
1441 983 1494 1026 et
1520 972 1565 1026 si
1589 972 2082 1037 tradideritcorpus
2186 973 2501 1047 Unicuique,
2537 981 2729 1050 inquit,
2764 993 3007 1052 nostrum
3038 985 3196 1037 datur
3244 987 3443 1054 gratia,
3472 986 3722 1040 secundum

494 1077 648 1116 suum
671 1071 730 1116 ut
755 1063 961 1129 ardeat,
986 1064 1113 1118 nihil
1145 1065 1380 1132 prodest.
1411 1064 1677 1130 Quantum
1724 1078 1851 1131 ergo
1883 1062 2076 1116 bonum
2185 1079 2487 1120 mensuram
2543 1070 2844 1124 donationis
2872 1073 3088 1126 Christi.
3126 1077 3298 1143 Atque
3328 1083 3386 1127 nt
3423 1074 3721 1129 donationem

493 1161 592 1216 est,
615 1155 732 1208 sine
754 1171 859 1224 quo
889 1156 953 1209 ad
982 1165 1236 1209 :ctcrnam
1269 1155 1430 1208 vitam
1465 1156 1730 1210 neminem
1765 1157 1898 1209 bona
1934 1165 2076 1208 tanta
2181 1152 2378 1209 Christi
2434 1158 2694 1226 Spiritum
2751 1171 2995 1217 sanctum
3051 1165 3388 1228 ostenderet,
3418 1177 3615 1217 secutus
3651 1165 3719 1216 ad-

496 1244 825 1312 perducunt!
881 1246 996 1316 Ipsa
1033 1260 1160 1300 vero
1213 1245 1453 1312 dilectio,
1485 1247 1598 1300 sive
1648 1247 1882 1302 charitas
1928 1246 2074 1318 (nam
2174 1245 2350 1312 junxit
2377 1264 2388 1298 :
2419 1248 2642 1317 Propter
2671 1253 2811 1320 quod
2861 1253 3010 1320 dicit,
3055 1256 3313 1310 Ascendit
3343 1257 3394 1310 iu
3428 1256 3720 1323 altutn,cap-

493 1335 652 1390 unius
670 1337 745 1389 rei
759 1343 840 1389 est
856 1350 1049 1389 nomen
1072 1335 1462 1405 utrumque),si
1493 1336 1683 1389 habeat
1712 1350 1828 1391 eam
1854 1337 1940 1406 qui
1968 1352 2072 1389 non
2179 1336 2366 1390 tivavit
2393 1343 2752 1410 captivitatem
2791 1362 2802 1397 :
2837 1344 2982 1400 dedit
3013 1345 3151 1401 dona
3184 1347 3502 1402 hominibus.
3534 1348 3718 1402 Notissi-

495 1429 730 1499 loquitur
760 1427 972 1497 linguis,
1010 1443 1108 1482 nec
1158 1427 1320 1482 habet
1373 1428 1732 1497 prophetiam,
1762 1444 1861 1482 nec
1899 1429 2074 1482 omnia
2179 1439 2319 1479 mum
2342 1435 2640 1496 estautem,
2669 1430 2951 1486 Dominum
2971 1432 3173 1497 Jesum,
3200 1451 3318 1488 cum
3353 1445 3718 1504 postresurrec-

492 1521 593 1575 icit
619 1526 950 1574 Sacramenta
1003 1534 1327 1589 omnemque
1357 1521 1656 1585 scientiam,
1680 1536 1780 1576 nec
1805 1519 2073 1574 distribuit
2177 1516 2372 1571 tionem
2398 1534 2426 1572 a
2452 1523 2679 1576 mortuis
2703 1525 3033 1578 ascendisset
3053 1527 3103 1579 in
3129 1527 3564 1592 coelum,dedisse
3583 1527 3712 1593 Spiri-

413 1636 416 1649 -
490 1608 666 1662 omnia
703 1623 795 1662 sua
850 1610 1194 1678 pauperibus,
1230 1610 1311 1664 vel
1369 1625 1473 1663 non
1507 1610 1752 1670 habendo
1793 1609 1931 1679 quod
1963 1609 2073 1663 dis-
2177 1616 2284 1661 tum
2317 1622 2558 1666 sanctum
2613 1631 2717 1684 quo
2747 1617 2949 1684 impleti
3003 1621 3089 1688 qui
3121 1621 3462 1674 crediderant
3492 1619 3714 1692 [crcdide

487 1699 706 1764 tribuat,
733 1699 815 1754 vel
849 1700 1026 1769 aliqua
1079 1701 1402 1755 necessitate
1432 1701 1754 1769 prohibitus,
1782 1716 1880 1755 nec
1912 1702 2075 1754 tradit
2111 1695 2150 1751 Β
2184 1698 2325 1770 runt]
2352 1701 2545 1771 linguis
2567 1707 2800 1767 omnium
2829 1710 3065 1777 gentium
3095 1711 3460 1778 loquebantur.
3486 1712 3580 1763 Nec
3624 1724 3713 1761 meo

488 1806 683 1860 corpus
712 1807 866 1846 suum
894 1801 951 1845 ut
974 1792 1176 1857 ardeat,
1207 1792 1252 1845 si
1284 1793 1403 1846 talis
1433 1793 1695 1861 passionis
1757 1794 1896 1847 nulla
1943 1804 2091 1862 ten-.
2170 1799 2292 1844 veat
2321 1795 2459 1861 quod
2489 1795 2581 1858 ait,
2613 1796 2783 1863 Dona,
2815 1815 2947 1864 non,
2996 1802 3220 1854 Donum.
3262 1801 3314 1855 ld
3352 1803 3486 1856 enim
3516 1802 3711 1855 testimo-

491 1881 621 1935 tatio
653 1891 756 1945 est,
786 1880 1024 1950 perducit
1047 1882 1111 1934 ad
1141 1897 1386 1950 regnum.
1423 1883 1498 1936 Ita
1529 1893 1583 1936 ut
1607 1884 1772 1951 ipsam
1801 1884 2067 1939 tidemnon
2170 1883 2317 1938 nium
2342 1886 2406 1939 de
2431 1884 2541 1958 [ex]
2578 1888 2784 1944 Psalnto
2809 1892 3000 1959 posuit.
3027 1892 3135 1946 lloc
3162 1903 3335 1948 autem
3368 1895 3417 1947 itt
3446 1893 3629 1948 Psalmo
3655 1893 3709 1946 ita

487 1972 647 2025 faciat
678 1971 862 2025 utilem
891 1971 989 2024 nisi
1019 1971 1253 2026 charitas
1289 1987 1303 2027 :
1336 1973 1452 2027 sine
1492 1975 1756 2028 charitate
1780 1975 1975 2043 quippe
2009 1976 2067 2029 fi-
2172 1974 2402 2041 loquitur
2426 1976 2658 2048 [legitur]
2685 1997 2698 2031 :
2724 1980 3020 2035 Ascendisti
3048 1983 3096 2035 in
3124 1983 3310 2048 altum,
3335 1985 3589 2050 captivasti
3611 1997 3710 2048 cap-

491 2061 586 2115 des
612 2061 825 2128 quidem
865 2068 1040 2129 potest
1079 2076 1220 2127 esse,
1253 2063 1345 2116 sed
1387 2078 1490 2118 non
1518 2074 1571 2117 et
1601 2065 1872 2132 prodesse.
1902 2065 2064 2133 Prop-
2171 2065 2453 2132 tivitatem,
2474 2071 2725 2136 accepisti
2753 2071 2891 2125 dona
2917 2073 2966 2125 in
2998 2072 3303 2127 hominibus
3333 2093 3344 2125 :
3369 2074 3444 2127 sic
3470 2075 3592 2125 enim
3619 2072 3713 2136 piu-

487 2158 566 2204 ter
605 2149 743 2218 quod
794 2158 848 2204 et
895 2153 1166 2218 apostolus
1219 2153 1444 2217 l’aulus,
1497 2153 1552 2207 lu
1586 2154 1820 2220 Christo,
1871 2154 2062 2223 inquit,
2169 2169 2257 2209 res
2311 2157 2525 2212 codices
2571 2160 2798 2226 habent,
2828 2171 2882 2215 et
2931 2164 3158 2216 maxime
3189 2161 3356 2217 Graeci
3389 2172 3478 2217 :et
3523 2179 3580 2216 ex
3608 2164 3692 2216 lle-

483 2239 606 2295 .Iesu
635 2256 810 2310 neque
839 2242 1178 2297 circumcisio
1208 2244 1408 2311 aliquid
1437 2245 1596 2311 valet,
1630 2261 1800 2315 neque
1850 2262 2064 2316 prmptt-
2171 2248 2313 2301 brzeo
2335 2251 2412 2302 sic
2439 2251 2842 2319 interpretatum
2899 2254 3172 2307 habemus.
3201 2254 3344 2307 Dona
3386 2255 3548 2322 itaque
3595 2253 3706 2306 dixit

483 2335 636 2399 tium,
669 2335 763 2388 sed
819 2335 949 2389 fides
992 2352 1109 2404 qua:
1160 2351 1255 2405 per
1284 2336 1629 2392 dilectionem
1677 2336 2065 2407 operatnrzts’tc
2170 2338 2455 2403 Apostolus
2498 2342 2943 2406 quemadmodum
3003 2344 3292 2409 prOpIn-ta,
3353 2358 3450 2395 non
3487 2343 3698 2396 denum:

481 2440 598 2479 eam
646 2425 962 2482 discernens
985 2428 1051 2482 ab
1097 2443 1158 2481 ea
1191 2431 1293 2482 lide
1322 2443 1420 2496 qua
1465 2440 1517 2482 et
1545 2430 1813 2505 premam-,5
1840 2432 2065 2485 credunt
2165 2426 2256 2479 sed
2276 2441 2393 2480 cum
2413 2429 2674 2496 Propheta
2694 2431 2904 2494 dixerit,
2926 2431 3336 2508 Accepistidoua
3357 2432 3699 2488 lﬂllOlﬂilliblh,

483 2524 538 2570 et
569 2517 1013 2572 contremiscunt.
1048 2517 1271 2572 Dilcrlio
1317 2519 1474 2588 igitur
1505 2535 1622 2582 quae
1651 2535 1715 2573 ex
1765 2521 1871 2574 Deo
1901 2531 1982 2574 est
2012 2531 2063 2574 et
2166 2514 2454 2582 Apostolus
2479 2516 2661 2570 maluit
2683 2518 2882 2587 dicere,
2910 2518 3225 2572 Deditdona
3251 2519 3556 2581 hominibus,
3579 2531 3693 2573 uter

482 2605 624 2662 Deus
655 2615 758 2671 est,
790 2608 1003 2675 proprie
1031 2607 1259 2670 Spiritus
1283 2617 1499 2662 sanctus
1527 2619 1625 2674 est,
1656 2623 1750 2676 per
1783 2625 1933 2677 quem
1962 2610 2061 2663 dir.
2167 2615 2392 2673 utroque
2412 2606 2618 2660 scilicet
2641 2609 2824 2674 verbo,
2851 2623 2956 2662 uno
2977 2610 3313 2678 prophetico,
3337 2609 3622 2678 Apostolico
3635 2611 3697 2663 al-

480 2698 718 2752 funditur
751 2698 802 2751 in
848 2699 1096 2753 cordibus
1135 2700 1330 2754 nostris
1361 2699 1454 2752 Dei
1480 2699 1736 2773 charitas,
1765 2715 1858 2767 per
1902 2716 2058 2768 quam
2166 2703 2280 2748 tero
2299 2697 2443 2764 (quiia
2466 2698 2516 2749 in
2563 2707 2790 2767 utroque
2829 2699 3091 2753 estdivini
3116 2702 3378 2754 sermonis
3394 2701 3689 2767 auctoritas).

481 2801 578 2841 nos
620 2796 727 2841 tota
758 2788 1023 2841 inhabitat
1049 2788 1303 2842 Trinitas.
1330 2788 1590 2854 Quocirca
1614 2790 1911 2843 rectissime
1937 2790 2054 2857 Spi—
2164 2801 2353 2840 sensus
2400 2789 2739 2856 plenissimus
2773 2791 3088 2845 redderetur
3120 2810 3131 2844 :
3166 2802 3441 2861 utrumque
3466 2791 3592 2846 enim
3620 2807 3696 2845 ve-

478 2879 609 2934 ritus
656 2886 872 2934 sanctus
912 2894 1032 2933 cum
1070 2880 1138 2932 sit
1169 2879 1342 2943 Deus,
1374 2890 1595 2933 vocatur
1647 2881 1806 2934 etiam
1858 2881 2056 2935 donum
2167 2893 2281 2930 rum
2324 2888 2427 2942 est,
2459 2889 2513 2932 et
2541 2880 2663 2946 quia
2728 2881 2874 2934 dedit
2919 2881 3260 2947 hominibus,
3301 2892 3353 2936 et
3385 2885 3494 2951 quia
3524 2882 3698 2947 accepit

478 2971 593 3026 Dei.
622 2970 776 3037 Quod
805 2969 1248 3040 donum‘proprie
1273 2972 1401 3039 quid
1448 2973 1549 3026 nisi
1581 2972 1812 3027 charitas
1860 2973 2053 3029 intem-
2164 2965 2216 3019 itt
2243 2965 2561 3022 hominibus.
2592 2969 2742 3023 Dedit
2763 2971 3087 3035 hominibus,
3109 2981 3354 3040 tanquam
3381 2981 3526 3038 caput
3551 2987 3692 3024 nieru-

476 3048 647 3130 genda
668 3069 771 3127 est,
796 3075 916 3128 qua!
943 3061 1181 3130 perducit
1211 3061 1276 3114 ad
1310 3062 1498 3125 Deum,
1523 3073 1570 3116 et
1605 3062 1720 3115 sine
1751 3079 1851 3129 qua
1884 3064 2055 3133 quod-
2085 3047 2131 3109 C
2164 3055 2274 3108 bris
2295 3058 2406 3111 suis
2435 3075 2447 3112 :
2477 3061 2682 3127 accepit
2708 3060 2758 3114 in
2811 3061 3113 3115 hominibus
3146 3063 3280 3116 idem
3316 3063 3441 3130 ipse,
3466 3062 3622 3128 utique
3651 3062 3693 3114 iu

475 3151 600 3206 libet
624 3151 767 3204 aliud
797 3151 888 3205 Dei
917 3151 1112 3205 donum
1140 3167 1246 3205 non
1275 3152 1518 3220 perducit
1551 3151 1614 3205 ad
1649 3152 1855 3206 Deum?
1887 3161 1966 3206 An
2000 3164 2054 3208 et
2158 3146 2413 3201 membris
2444 3148 2591 3213 SUiS;
2626 3161 2842 3217 propter
2869 3166 2984 3218 qua:
3009 3152 3248 3205 membra
3275 3167 3372 3205 sua
3392 3153 3604 3206 clamavit
3637 3156 3691 3204 de

474 3239 575 3295 hoc
595 3239 928 3309 probandum
960 3248 1062 3305 est,
1092 3239 1290 3293 donum
1323 3241 1411 3293 Dei
1437 3241 1506 3293 dit
1526 3250 1634 3294 tum
1666 3256 1788 3296 esse
1812 3243 1862 3294 in
1888 3243 2054 3296 sacris
2156 3236 2294 3290 cmlo
2329 3253 2340 3286 :
2380 3234 2559 3301 Saulis,
2591 3238 2770 3301 Sanle,
2803 3238 2927 3308 quid
2951 3254 3034 3293 me
3061 3241 3428 3307 persequeris?
3448 3252 3495 3294 et
3513 3241 3567 3294 de
3584 3241 3687 3308 qui-

473 3332 663 3388 litteris
682 3332 935 3400 Spiritum
959 3340 1198 3385 sanctum
1213 3330 1234 3383 ?
1250 3329 1305 3386 Si
1323 3339 1377 3385 et
1396 3331 1498 3385 hoc
1519 3339 1877 3399 exspectatur,
1895 3333 2041 3389 habe

2156 3327 2254 3379 bus
2292 3325 2546 3380 membris
2575 3325 2728 3398 [suis]
2753 3328 2869 3382 ait:
2904 3328 3055 3394 Quod
3099 3330 3187 3383 uni
3241 3346 3306 3384 ex
3341 3331 3553 3384 minimis
3576 3331 3689 3383 meis

473 3439 589 3479 mus
620 3425 670 3479 in
695 3424 986 3494 Evangelio
1007 3423 1302 3477 secundum
1330 3421 1589 3477 Joannem
1618 3422 1824 3477 Domini
1853 3424 2051 3480 Christi

473 3515 630 3570 verba
660 3515 888 3578 dicentis
914 3532 929 3569 :
959 3515 1014 3570 Si
1045 3515 1163 3584 quis
1184 3515 1318 3576 sitit,
1350 3515 1530 3567 veniat
1559 3514 1624 3567 ad
1658 3531 1743 3570 me
1776 3525 1830 3569 et
1862 3516 2005 3572 bibat
2033 3534 2049 3573 :

473 3607 558 3677 qui
589 3608 762 3663 credit
791 3608 842 3661 in
873 3622 959 3661 me
979 3648 996 3672 ,
1036 3608 1174 3660 sicut
1203 3606 1328 3660 dicit
1355 3607 1652 3676 Scriptura,
1695 3608 1937 3663 Flumina
1984 3610 2050 3664 de

472 3707 657 3753 ventre
677 3697 796 3767 ejus
819 3696 983 3751 liuent
1030 3711 1181 3766 aqua:
1203 3698 1359 3749 vivae.
1388 3697 1557 3750 Porro
1601 3698 1935 3766 Evangelista
1967 3714 2049 3754 se-

471 3797 623 3843 cutus
678 3787 921 3856 adjnnxit
950 3803 964 3841 :
997 3787 1108 3840 lloc
1148 3793 1322 3840 autem
1377 3785 1511 3839 dixit
1556 3787 1622 3840 de
1663 3786 1861 3854 Spiritu
1891 3780 2047 3857 quem

470 3879 737 3949 accepturi
783 3887 938 3933 erant
980 3876 1258 3932 credentes
1286 3877 1340 3930 in
1383 3891 1527 3931 eum.
1563 3876 1713 3932 Unde
1735 3877 1864 3932 dicit
1886 3879 2044 3933 etiam

471 3971 663 4024 Paulus
700 3970 984 4037 Apostolus
1015 3986 1029 4021 :
1063 3968 1125 4022 Et
1152 3982 1341 4022 omnes
1368 3984 1473 4022 uno
1502 3967 1705 4037 Spiritu
1748 3972 1910 4038 potati
1958 3985 2047 4024 su-

471 4074 612 4114 mus.
647 4058 834 4114 Utrum
889 4070 1067 4111 autem
1125 4057 1320 4111 donum
1376 4057 1469 4110 Dei
1498 4059 1568 4111 sit
1612 4059 1870 4126 appellata
1911 4074 2045 4126 aqua

469 4149 593 4217 ista,
616 4150 755 4219 quod
771 4159 850 4204 est
874 4151 1108 4216 Spiritus
1136 4161 1372 4214 sanctus,
1399 4151 1498 4203 hoc
1522 4152 1796 4218 qua-ritur.
1822 4152 1925 4208 Sed
1943 4153 2046 4205 sic—

470 4253 526 4298 ut
543 4243 627 4296 hic
648 4242 947 4296 invenimus
972 4243 1107 4295 hanc
1127 4256 1316 4310 aquam
1349 4242 1606 4310 Spiritum
1632 4252 1871 4298 sanctum
1901 4242 2040 4308 esse!

469 4337 536 4390 ita
565 4335 864 4390 invenimus
891 4334 1013 4389 alibi
1042 4335 1093 4388 in
1118 4337 1234 4403 ipso
1263 4335 1564 4403 Evangelio,
1584 4336 1720 4389 hanc
1737 4352 1924 4406 aquam
1949 4338 2038 4392 Dei

2156 3414 2378 3487 fecistis,
2411 3418 2538 3471 mihi
2581 3419 2804 3473 fecistis.
2837 3419 2957 3488 Ipse
2995 3433 3122 3490 ergo
3153 3419 3398 3474 Christus
3425 3432 3474 3474 et
3493 3420 3612 3474 dedit
3629 3419 3688 3472 de

2152 3510 2313 3576 cmlo,
2345 3521 2397 3565 et
2445 3515 2652 3580 accepit
2701 3513 2753 3566 iu
2787 3521 2947 3567 terra.
2980 3513 3144 3567 Porro
3173 3524 3349 3570 autem
3375 3515 3500 3568 dona
3523 3539 3530 3560 ι
3552 3515 3578 3568 b
3599 3513 3682 3564 hoc

2153 3600 2310 3654 ambo
2358 3595 2628 3666 dixerunt,
2664 3613 2716 3656 et
2749 3605 3005 3672 prOpheta
3038 3613 3090 3656 et
3129 3606 3400 3671 apostolus
3423 3648 3436 3667 ,
3474 3606 3576 3673 quia
3604 3620 3684 3669 per

2151 3690 2349 3745 donum
2389 3694 2527 3760 quod
2562 3703 2643 3747 est
2670 3687 2901 3761 S'piritus
2933 3706 3148 3747 sanctus
3181 3696 3232 3746 in
3257 3711 3523 3749 commune
3539 3701 3682 3746 omni-

2151 3782 2250 3836 bus
2282 3783 2536 3839 membris
2557 3785 2751 3838 CltriSti
2777 3786 2940 3838 multa
2965 3787 3098 3838 dona
3132 3802 3251 3854 quae
3279 3797 3400 3840 sunt
3433 3789 3680 3856 quibusque

2154 3876 2364 3942 propria
2391 3875 2701 3929 dividuntur
2724 3893 2737 3939 ;
2764 3891 2870 3934 non
2906 3876 3047 3930 enim
3072 3876 3267 3944 singuli
3313 3879 3496 3946 quique
3523 3877 3679 3929 habent

2150 3966 2350 4031 omnia,
2380 3965 2473 4019 sed
2506 3966 2558 4018 lti
2583 3968 2668 4020 illa
2702 3979 2754 4020 et
2775 3968 2862 4019 alii
2886 3967 3009 4030 alia,
3036 3968 3280 4034 quamvis
3309 3969 3470 4035 ipsum
3497 3967 3678 4026 donum,

2149 4070 2178 4108 a
2217 4071 2323 4124 quo
2366 4055 2559 4124 cuique
2588 4057 2800 4125 propria
2831 4058 3156 4118 dividuntur,
3190 4071 3379 4110 omnes
3403 4055 3678 4118 habeant,id

2149 4156 2230 4200 est
2262 4148 2516 4214 Spiritum
2549 4157 2812 4201 sanctum.
2839 4148 2967 4202 Nam
2991 4163 3110 4202 Cum
3138 4163 3187 4202 et
3222 4149 3345 4203 alibi
3380 4149 3529 4202 multa
3569 4147 3676 4199 dona

2147 4249 2622 4294 commemorasset
2649 4259 2660 4293 :
2687 4241 2896 4305 Omnia,
2925 4241 3119 4311 inquit,
3145 4242 3259 4296 hare
3314 4251 3548 4311 operatur
3574 4256 3676 4292 unus

2148 4337 2304 4395 atque
2336 4329 2475 4382 idem
2503 4315 2728 4395 Spiritus
2749 4331 2994 4384 dividens
3018 4333 3233 4398 propria
3262 4333 3528 4398 unicuique
3557 4341 3674 4399 prout

470 4429 665 4482 donum
694 4429 1011 4497 appellatam
1041 4444 1052 4479 :
1078 4402 1200 4480 nam
1237 4402 1489 4481 Dominus
1521 4427 1657 4481 idem
1687 4402 1897 4496 quando
1921 4444 2041 4482 cum
2076 4402 2122 4461 ί)
2149 4420 2252 4488 37
2283 4421 2391 4471 VU“
2421 4437 2434 4484 ;
2469 4423 2609 4488 quod
2643 4421 2860 4474 verbum
2905 4431 2959 4474 et
3000 4423 3046 4473 ill
3101 4420 3336 4488 Epistola
3366 4438 3475 4491 quae
3516 4423 3572 4474 ad
3598 4422 3672 4474 lle

470 4519 798 4572 Samaritana
821 4519 1043 4573 muliere
1070 4517 1208 4585 apud
1239 4532 1359 4572 eum
1415 4517 1752 4586 loquebatur,
1779 4520 1859 4572 cui
1891 4521 2043 4574 dixe-

469 4617 572 4676 rat,
599 4607 672 4660 Da
699 4609 830 4660 mihi
857 4609 1035 4662 bibere
1069 4626 1081 4660 :
1114 4623 1233 4662 cum
1265 4609 1350 4662 illa
1401 4609 1759 4677 respondisset
1789 4611 1931 4677 quod
1962 4609 2042 4662 Ju-

467 4702 568 4756 daei
598 4715 703 4755 non
734 4709 1082 4754 conterentur
1106 4702 1475 4767 Samaritanis,
1511 4702 1784 4770 respondit
1809 4702 1963 4757 Jesus
1988 4715 2062 4784 ctk

466 4793 599 4847 dixit
619 4792 667 4847 ei
689 4809 701 4843 :
723 4791 776 4846 Si
802 4791 966 4844 scires
987 4791 1184 4845 donum
1207 4793 1316 4858 Dei,
1339 4802 1392 4846 et
1408 4794 1525 4861 quis
1548 4802 1630 4847 est
1650 4795 1737 4862 qui
1761 4795 1890 4849 dicit
1917 4797 2037 4863 tibi,

469 4885 540 4937 Da
570 4883 693 4938 mihi
721 4881 924 4943 bibere,
951 4890 1003 4934 ttt
1039 4882 1255 4935 forsitan
1285 4882 1507 4951 petisses
1528 4883 1596 4938 ab
1623 4899 1708 4948 eo,
1728 4892 1782 4938 et
1805 4885 2042 4941 dedisset

467 4975 559 5027 tibi
614 4988 802 5041 aquam
838 4972 1035 5025 vivam.
1069 4972 1200 5025 Dicit
1229 4974 1276 5027 ei
1318 4975 1512 5028 mulier
1545 4992 1557 5026 :
1595 4975 1836 5043 Domine,
1868 4993 2038 5046 neque

465 5066 516 5118 io
544 5077 649 5130 quo
679 5060 889 5114 haurias
920 5059 1108 5122 habes,
1130 5069 1183 5113 et
1209 5071 1395 5130 puteus
1425 5063 1561 5116 altus
1615 5073 1717 5129 est,
1749 5065 1888 5119 unde
1911 5082 2039 5135 ergo

465 5153 628 5208 habes
661 5167 848 5220 aquam
881 5151 1094 5204 vivam?
1150 5160 1252 5205 etc.
1285 5151 1575 5221 Respondit
1604 5154 1758 5210 Jesus
1800 5167 1852 5210 et
1906 5158 2039 5213 dixit

461 5245 508 5299 ei
530 5262 544 5296 :
564 5243 751 5300 Omnis
772 5243 859 5310 qui
892 5243 1020 5296 bibit
1050 5257 1113 5295 ex
1149 5256 1278 5309 aqua
1305 5241 1402 5295 hac
1423 5245 1566 5298 sitiet
1593 5245 1809 5309 iterum,
1831 5247 1918 5314 qui
1944 5263 2034 5300 au-

463 5346 566 5392 tem
594 5335 788 5390 biberit
811 5350 874 5388 ex
903 5350 1036 5402 aqua
1063 5347 1218 5402 quam
1248 5333 1384 5387 dabo
1408 5336 1478 5402 ei,
1501 5352 1602 5389 non
1636 5338 1779 5392 sitiet
1803 5338 1853 5392 in
1878 5333 2035 5394 mter-

463 5443 586 5481 num
615 5446 625 5478 :
652 5426 742 5481 scd
773 5441 906 5491 aqua
931 5441 1084 5494 quant
1111 5426 1247 5479 dabo
1278 5426 1323 5480 ei
1351 5426 1438 5479 lict
1466 5425 1516 5478 in
1545 5443 1606 5479 co
1635 5428 1750 5482 fons
1777 5445 1923 5498 aqurc
1949 5449 2034 5485 sa-

463 5515 637 5570 lientis
666 5517 715 5570 io
742 5517 901 5568 vitam
927 5526 1199 5571 mternam.
1233 5518 1364 5583 Quia
1397 5533 1526 5587 ergo
1575 5520 1688 5574 ha'c
1729 5537 1858 5590 aqua
1890 5525 2029 5589 viva,

460 5604 598 5660 sicut
625 5607 943 5675 cvangelis'a
972 5606 1237 5677 exposuit,
1270 5608 1499 5679 Spiritus
1542 5617 1752 5664 sanctus
1780 5621 1879 5678 cst,
1906 5629 2027 5680 pro-

2151 4512 2321 4565 brmos
2350 4523 2432 4565 est
2463 4514 2852 4578 invenitur,ulti
2876 4515 3129 4581 scriptum
3159 4517 3263 4578 est,
3298 4516 3573 4569 Attestante
3595 4515 3676 4566 Deo

2150 4601 2311 4672 signis
2367 4612 2420 4656 et
2467 4606 2721 4673 ostentis,
2751 4615 2803 4658 et
2841 4604 2997 4656 \ariis
3029 4605 3343 4666 virtutibus,
3391 4614 3442 4657 et
3489 4606 3677 4670 Spiritus

2147 4697 2312 4749 sancti
2367 4695 2715 4749 divisionibus
2769 4692 3301 4767 [distiibutionibus].
3355 4694 3418 4746 Et
3463 4695 3538 4747 hic
3580 4709 3674 4746 cum

2144 4787 2404 4840 dixisset:
2430 4786 2684 4840 Ascendit
2714 4788 2764 4840 in
2797 4787 2980 4850 altum,
3013 4787 3302 4852 captivavit
3335 4787 3674 4854 captivitatem,

2148 4876 2298 4930 dedit
2346 4876 2481 4929 dona
2533 4875 2864 4938 hominibus;
2911 4873 3048 4942 quod
3087 4885 3264 4926 autem
3319 4873 3540 4925 ascendit
3574 4873 3674 4930 Ait,

2141 4967 2268 5033 quid
2299 4975 2405 5027 est,
2440 4965 2538 5018 nisi
2563 4965 2682 5033 quia
2725 4979 2777 5019 et
2806 4967 3081 5021 descendit
3132 4969 3183 5030 in
3219 4971 3485 5024 inferiores
3533 4975 3674 5033 partis

2143 5058 2336 5112 terrae?
2375 5055 2473 5123 Qui
2505 5056 2778 5109 descendit
2832 5059 2941 5122 ipse
2993 5068 3075 5112 est
3097 5069 3152 5112 et
3180 5061 3269 5127 qui
3297 5061 3515 5114 ascendit
3541 5069 3673 5119 super

2141 5165 2330 5204 omnes
2376 5148 2563 5210 caalos,
2598 5157 2653 5202 ut
2692 5149 3008 5217 adimpleret
3080 5155 3258 5203 omn'a
3294 5171 3306 5204 :
3339 5163 3389 5205 et
3417 5154 3515 5217 ipse
3553 5146 3669 5200 dedit

2145 5237 2400 5307 quosdam
2423 5236 2636 5304 quidem
2659 5238 2949 5304 apostolos,
2975 5239 3232 5305 quosdam
3257 5240 3460 5309 quidem
3485 5232 3667 5306 {aut-nt]

2145 5330 2446 5398 prephetas,
2474 5329 2731 5398 quosdam
2760 5337 2932 5384 autem
2957 5328 3128 5402 [vero]
3159 5331 3520 5397 Erangelistas,
3542 5338 3672 5394 quoe-

2141 5423 2260 5476 dant
2298 5430 2470 5496 autem
2513 5431 2750 5489 pastores
2779 5431 2833 5474 et
2886 5421 3155 5475 doctores.
3196 5423 3326 5475 l-‘eee
3378 5436 3527 5490 quare
3552 5421 3663 5467 dicta

2141 5527 2263 5573 sunt
2299 5516 2518 5589 [omnia]
2563 5517 2722 5583 dona,
2773 5517 2891 5585 quia
2931 5517 3068 5570 sicut
3097 5517 3222 5569 alibi
3270 5517 3429 5570 dicit:
3458 5507 3660 5579 Nunquid

2140 5626 2323 5668 omnes
2351 5607 2597 5678 apostoli,
2625 5606 2857 5675 nunquid
2879 5621 3065 5660 omnes
3087 5606 3393 5676 proliltctm?
3416 5617 3461 5659 et
3481 5610 3657 5664 θείω,
