3904 6224
177 237 332 295 925
1395 243 1822 302 THESAURUS.
1868 240 2016 295 CM'.
2061 244 2330 299 CCXLVI.
3382 258 3486 313 936

179 355 306 414 hic
387 360 629 430 adjunxit
677 377 688 411 :
745 359 822 412 Ad
889 358 1393 412 consummationem
1469 368 1795 420 sanctorum,
1829 359 2002 424 Aest,
2028 358 2662 428 etsineminidetur,qnia
2682 362 2820 418 Deus
2839 364 3112 420 cratPatt-i
3136 376 3188 421 et
3211 368 3342 422 Filio
3364 385 3499 425 coae-

177 447 254 502 in
356 468 503 520 opus
573 451 893 517 ministerii,
975 451 1025 503 in
1099 450 1498 504 mditicationcm
1565 450 1805 518 corporis
1911 461 2423 521 ternus,antequam
2449 456 2947 523 cuiquamdaretur.
2973 457 3078 511 Nec
3103 464 3220 526 quia
3245 461 3486 526 illidant,

175 541 461 596 Christi.
487 543 608 595 llaec
637 552 718 596 cst
769 543 957 615 domus
987 556 1127 610 qua},
1158 542 1290 594 sicut
1335 541 1574 594 Psalmus
1639 540 1800 605 canit,
1909 543 2021 609 ipse
2038 543 2347 606 datur,ideo
2369 544 2541 599 minor
2556 555 2636 599 est
2660 546 2782 599 illis.
2805 546 3224 614 ltacnimdatur,
3244 551 3487 606 sicntDct

169 636 534 690 mdilicatur
566 646 683 703 post
703 633 1354 704 captivitatemtquoniam
1382 635 1463 700 qui
1490 642 1612 685 sunt
1636 647 1666 684 a
1689 632 1803 683 dia-
1906 631 2125 696 donum,
2159 642 2212 686 ιιι
2241 633 2397 686 etiam
2431 635 2660 702 seipsum
2691 635 2779 690 det
2811 636 2945 692 sicut
2989 641 3145 694 Deus.
3196 642 3310 695 Non
3338 643 3483 694 enim

176 726 359 779 bolo
386 725 550 790 eruti,
579 742 606 779 a
633 741 739 795 quo
779 723 967 798 captivi
1010 724 1339 787 tenebantur,
1371 723 1436 775 de
1468 723 1547 776 his
1577 722 1807 776 aedilica-
1908 720 2006 775 dici
2059 731 2248 788 potest,
2280 739 2382 774 non
2411 737 2530 777 esse
2557 739 2666 778 sua:
2697 729 3003 796 potestatis,
3036 731 3102 783 de
3135 748 3237 798 quo
3270 730 3477 784 dictum

178 827 306 868 tur
347 831 544 886 corpus
568 816 766 871 Christi
792 833 804 869 :
831 810 943 884 quae
973 815 1161 869 domus
1190 814 1481 882 appellatur
1523 813 1802 880 Ecclesia);
1906 819 1988 864 est
2012 830 2025 864 :
2051 799 2279 880 Spiritus
2304 813 2388 865 ubi
2408 814 2519 866 vult
2542 817 2708 884 spirat
2733 834 2744 868 :
2771 827 2822 870 et
2850 820 2987 887 apud
3016 823 3308 888 apostolum
3335 822 3482 892 [illud

178 894 378 964 hanc
410 916 583 962 autem
615 907 970 975 captivitatem
1005 908 1120 972 ipse
1147 905 1447 972 captivavit,
1481 904 1600 971 quia
1625 904 1807 956 dialio-
1906 903 2277 974 apostolicum]
2309 905 2446 970 quod
2474 904 2582 973 jim
2614 912 3212 973 supra-commemoravi
3247 930 3259 962 :
3293 913 3482 966 Omnia

181 995 343 1050 lum
374 997 502 1052 vicit
529 1015 542 1051 :
565 1008 620 1053 et
658 1013 722 1052 ne
764 999 846 1051 illa
879 1013 993 1066 quac
1040 996 1211 1049 futura
1241 1009 1388 1049 erant
1422 995 1586 1049 sancti
1619 994 1805 1060 capitis
1907 999 2082 1043 autem
2118 993 2227 1044 hmc
2259 1001 2511 1060 operatur
2543 1010 2676 1046 unus
2729 1004 2886 1064 atque
2940 998 3081 1053 idem
3118 999 3364 1068 Spiritus,
3400 1002 3486 1053 di-

183 1087 512 1151 membra,
544 1087 596 1142 in
648 1098 902 1142 internum
936 1085 1250 1154 supplicium
1306 1101 1482 1138 secum
1535 1085 1797 1147 traheret,
1909 1083 2094 1137 videns
2151 1086 2358 1152 propria
2403 1087 2684 1161 unicuique
2737 1098 2890 1155 prout
2926 1093 3057 1142 vult.
3091 1090 3207 1142 Non
3240 1099 3322 1144 cst
3378 1092 3486 1144 illic

184 1193 358 1233 eum
385 1179 611 1250 iustitiae
650 1182 814 1249 prius,
850 1179 1038 1232 deinde
1071 1181 1316 1246 potentia:
1350 1178 1569 1232 vinculis
1621 1178 1803 1245 alliga-
1906 1178 2140 1248 conditio
2177 1178 2285 1231 dati
2312 1217 2326 1240 ,
2352 1188 2418 1254 ret
2463 1178 2755 1232 dominatio
2786 1181 3046 1246 dantium,
3079 1183 3170 1236 sed
3197 1183 3480 1236 concordia

184 1270 330 1324 vit.
387 1271 505 1340 Ipse
561 1272 736 1340 itaque
787 1271 1025 1324 diabolus
1075 1280 1155 1324 est
1197 1273 1457 1340 appellata
1502 1270 1801 1338 captivitas,
1895 1267 2012 1321 'dati
2064 1278 2116 1322 et
2157 1269 2414 1322 dantium.
2445 1269 2797 1338 Quapropter,
2821 1274 2960 1327 sicut
2997 1285 3179 1328 sancta
3212 1275 3485 1342 Scriptura

185 1374 390 1426 quam
417 1361 701 1430 captivavit
724 1362 810 1430 qui
839 1362 1078 1415 ascendit
1118 1361 1167 1414 in
1199 1361 1386 1425 altum,
1418 1371 1470 1414 et
1502 1361 1644 1416 dedit
1666 1361 1800 1414 dona
1910 1359 2230 1427 proclamat;
2269 1362 2405 1413 Deus
2458 1360 2693 1414 charitas
2741 1371 2840 1428 est,
2887 1364 2974 1417 illa
3005 1380 3124 1432 quas
3153 1380 3217 1418 ev
3251 1365 3359 1418 Deo
3383 1376 3486 1426 est,

190 1451 560 1516 hominibus,
591 1453 671 1505 vel
714 1452 913 1518 accepit
953 1451 1004 1504 in
1049 1452 1366 1505 hominibus.
1413 1449 1598 1503 Petrus
1626 1461 1748 1503 ante
1774 1471 1801 1501 η

187 1543 528 1608 apostolus,
560 1543 695 1596 sicut
737 1544 787 1595 in
837 1558 901 1597 eo
961 1543 1097 1596 libro
1152 1545 1406 1624 canonico
1447 1542 1670 1608 legitur,
1718 1542 1800 1593 uhi

190 1631 416 1700 scripti
446 1643 569 1686 sunt
604 1635 763 1686 Actus
805 1632 1199 1698 Apostolorum,
1228 1633 1446 1700 loquens
1476 1634 1542 1685 de
1572 1632 1800 1691 Christo,

1906 1459 1958 1501 ct
2005 1451 2054 1501 in
2090 1449 2243 1501 nobis
2292 1449 2339 1503 id
2371 1451 2498 1519 agit,
2531 1460 2588 1502 ut
2627 1452 2676 1503 in
2706 1451 2815 1504 Deo
2847 1468 3177 1518 maneamus,
3207 1464 3261 1507 ct
3292 1457 3482 1521 ipsein

1909 1541 2082 1605 nobis,
2109 1549 2161 1593 et
2194 1541 2293 1593 hoc
2323 1541 2446 1593 inde
2476 1541 2844 1608 cognoscimus
2865 1586 2879 1610 ,
2905 1544 3024 1611 quia
3053 1545 3119 1597 de
3160 1547 3356 1612 Spiritu
3389 1561 3485 1598 suo

1907 1631 2051 1685 dedit
2107 1634 2291 1694 nobis,
2327 1632 2440 1698 ipse
2492 1632 2724 1696 Spiritus
2772 1633 2887 1701 ejus
2933 1644 3012 1687 est
3052 1635 3191 1688 Dens
3230 1639 3480 1689 charitas.

190 1726 513 1777 commotis
559 1723 719 1778 corde
762 1723 956 1777 Juda-is
1005 1735 1057 1778 et
1113 1724 1409 1778 dicentibus
1447 1741 1457 1776 :
1492 1725 1627 1790 Quid
1673 1739 1799 1792 ergo
1837 1720 1875 1776 Β
1909 1719 2127 1785 Deinde,
2162 1721 2204 1773 si
2264 1721 2313 1772 in
2345 1720 2502 1773 donis
2528 1721 2615 1773 Dei
2647 1720 2772 1774 nihil
2807 1723 2977 1788 majus
3008 1733 3089 1776 est
3129 1724 3406 1789 t-ltaritate,
3433 1735 3484 1778 ct

191 1811 508 1877 laciemus,
543 1812 779 1866 fratres?
812 1821 1102 1867 monstrate
1135 1813 1314 1876 nobis;
1371 1813 1503 1866 dixit
1552 1813 1615 1866 ad
1657 1828 1748 1867 eos
1781 1830 1794 1865 :

193 1900 389 1970 Agite
429 1903 814 1969 paenitentiam,
854 1912 906 1956 et
953 1903 1246 1970 baptizatur
1277 1906 1636 1973 unusquisque
1679 1919 1800 1957 ves-

194 2001 371 2047 trum
429 1993 480 2048 in
515 1996 728 2049 nomine
757 1995 880 2048 Jcsu
919 1994 1139 2061 Christi,
1172 1996 1222 2048 in
1255 1997 1618 2049 remissionem
1675 2010 1799 2064 pec-

195 2094 507 2150 catorum,
532 2095 584 2140 et
610 2087 879 2155 accipietis
919 2087 1114 2140 donum
1160 2087 1386 2154 Spiritus
1428 2088 1616 2140 sancti.
1644 2089 1797 2142 Item-

196 2187 330 2241 que
361 2175 416 2229 in
461 2175 648 2229 eodem
683 2176 814 2229 libro
847 2177 1054 2245 legitur,
1109 2176 1375 2230 Simonem
1421 2176 1624 2250 Magum
1671 2193 1798 2244 apo-

200 2263 383 2318 stolis
412 2266 537 2318 dare
567 2266 795 2319 voluisse
825 2267 1122 2333 pecun'am,
1148 2275 1204 2319 ut
1225 2266 1291 2319 ab
1317 2269 1394 2320 eis
1413 2269 1678 2334 acciperet
1702 2282 1797 2335 po.

204 2363 476 2406 testatem
516 2355 637 2422 quia
671 2355 814 2426 [qua]
856 2372 948 2422 per
1000 2356 1388 2424 impasitionem
1437 2372 1626 2411 manus
1683 2356 1797 2424 ejus

207 2443 447 2498 daretur
475 2444 703 2514 Spiritus
734 2458 947 2500 sanctus
980 2448 1108 2510 icui
1141 2447 1324 2501 Petrus
1354 2449 1515 2512 idem,
1543 2449 1795 2517 Pecunia,

206 2535 438 2604 inquit,
474 2546 560 2591 tua
605 2546 774 2591 tecum
833 2539 900 2592 sit
954 2539 1006 2592 in
1067 2539 1390 2606 perditione,
1439 2540 1561 2609 quia
1600 2541 1796 2594 donum

213 2625 321 2680 Dei
345 2627 620 2680 mstimasti
648 2638 699 2681 te
745 2631 965 2697 pecunia
998 2630 1292 2698 possidere.
1320 2633 1382 2683 Et
1413 2633 1517 2684 alio
1557 2631 1794 2699 ejusdem

212 2714 351 2768 libri
385 2717 524 2780 loco,
552 2733 672 2771 cum
704 2718 888 2773 Petrus
925 2718 1174 2774 Cornelio
1220 2727 1274 2773 et
1303 2721 1404 2773 illis
1431 2720 1517 2788 qui
1546 2735 1663 2784 cum
1706 2721 1798 2774 illo

213 2803 461 2870 fuerant,
492 2798 793 2875 loqueretur
817 2848 831 2872 ,
864 2807 1182 2862 annuntians
1212 2818 1264 2863 et
1297 2809 1586 2876 praedicans
1614 2809 1795 2863 Chris-

214 2903 370 2961 tum,
410 2896 486 2949 ait
533 2897 802 2965 Scriptura
848 2898 1078 2952 :Adhuc
1131 2900 1378 2967 loquente
1429 2899 1586 2952 Petro
1636 2899 1795 2954 verba

214 2985 363 3052 hac,
389 2986 584 3041 cecidit
609 2988 837 3055 Spiritus
863 2998 1077 3043 sanctus
1098 3004 1259 3056 super
1288 3004 1474 3042 omnes
1494 2990 1580 3057 qui
1614 2991 1798 3044 audie-

1903 1803 2101 1862 nullum
2155 1819 2233 1863 est
2261 1809 2428 1877 majus
2460 1810 2656 1877 donum
2686 1809 2776 1864 Dei
2794 1825 2949 1879 quam
2983 1813 3213 1880 Spiritus
3242 1824 3480 1878 sant-tus,

1901 1901 2022 1968 quid
2055 1903 2490 1966 ευηεραιιριιιίυε,
2516 1915 2674 1970 quam
2706 1913 2760 1953 ut
2807 1904 2922 1972 ipse
2976 1907 3044 1958 sit
3084 1906 3334 1971 charitas,
3366 1924 3483 1977 quae

1907 1990 2101 2042 dicitur
2130 2000 2180 2042 et
2219 1991 2358 2044 Deus
2392 2000 2446 2045 ot
2474 2007 2537 2046 ex
2576 1993 2718 2045 Deo?
2751 1993 2813 2046 Et
2838 1995 2879 2047 si
2910 1997 3162 2057 charitas,
3185 2013 3286 2064 qua
3329 1999 3483 2053 Pater

1900 2081 2070 2148 diligit
2089 2083 2282 2136 Filium
2303 2094 2353 2136 et
2371 2084 2577 2137 Patrem
2593 2085 2762 2154 dil'git
2785 2087 2969 2149 Filius,
2990 2089 3324 2144 ineffabiliter
3338 2106 3482 2144 com-

1901 2173 2203 2226 munionem
2233 2173 2560 2227 demonstrat
2586 2177 2889 2241 amborum,
2925 2179 3048 2247 quid
3077 2182 3480 2236 convenientius

1900 2279 2053 2333 quam
2084 2275 2139 2319 ut
2169 2265 2255 2320 ille
2287 2271 2498 2334 prOprie
2525 2269 2729 2322 dicatur
2752 2270 2983 2322 charitas
3015 2272 3106 2340 qui
3130 2271 3358 2339 Spiritus
3387 2283 3469 2329 est

1899 2353 2197 2406 communis
2216 2354 2473 2408 ambobus
2491 2356 2511 2406 ?
2529 2355 2636 2408 lloc
2669 2358 2808 2410 enim
2832 2360 3014 2412 sanius
3037 2360 3272 2413 creditur
3291 2363 3374 2415 vel
3398 2364 3476 2414 in-

1902 2443 2173 2511 telligitur,
2221 2453 2278 2496 ut
2327 2458 2429 2497 non
2462 2445 2607 2497 solus
2637 2445 2869 2515 Spiritus
2899 2457 3116 2501 sanctus
3143 2449 3374 2503 charitas
3406 2451 3476 2504 sit

1898 2533 1950 2586 in
1999 2532 2085 2586 illa
2118 2532 2403 2600 Trinitatc,
2431 2534 2525 2588 sed
2577 2551 2680 2588 non
2730 2537 2924 2589 frustra
2975 2538 3188 2606 pmprie
3232 2539 3468 2594 c'naritas

1899 2632 2252 2691 nnncupetur,
2281 2616 2493 2693 prOpier
2525 2627 2611 2680 illa
2642 2642 2759 2696 quae
2790 2629 2930 2681 dicta
2980 2638 3103 2683 sunt
3134 2647 3147 2683 :
3181 2631 3320 2685 sicut
3369 2648 3474 2686 non

1897 2714 2045 2768 solus
2075 2725 2158 2770 est
2187 2717 2237 2769 in
2270 2717 2357 2770 illa
2402 2717 2680 2783 Trinitate,
2719 2720 2802 2780 v,cl
2833 2721 3082 2789 Spiritus,
3123 2727 3206 2778 vel
3231 2739 3474 2792 sanctus,

1897 2806 2019 2873 quia
2065 2815 2118 2860 et
2173 2805 2329 2862 Pater
2381 2808 2639 2876 Spiritus,
2672 2818 2724 2864 et
2756 2810 2915 2865 Filius
2947 2812 3196 2881 Spiritus,
3230 2824 3284 2868 et
3315 2815 3473 2871 Pater
3541 2877 3544 2879 ἓ

1895 2903 2113 2949 sanctus
2137 2935 2151 2960 ,
2182 2908 2234 2950 et
2264 2897 2431 2952 Filius
2459 2910 2708 2965 sanctus,
2739 2901 2877 2968 quod
2908 2916 3008 2955 nan
3032 2903 3250 2973 ambigit
3282 2907 3471 2972 pietas,

1896 2995 1951 3040 et
1982 2995 2156 3040 tamen
2209 2988 2320 3055 ipse
2370 3003 2476 3042 non
2509 2988 2702 3045 frustra
2737 2991 2948 3059 proprie
3009 2992 3202 3047 dicitur
3246 2994 3472 3061 Spiritus

213 3075 670 3141 liantverbum,et
688 3077 1075 3147 obstupuerunt
1099 3082 1185 3149 qui
1206 3095 1270 3133 ex
1295 3079 1700 3134 circumcisione
1733 3081 1789 3134 [1-
1821 3088 1865 3150 C
1897 3084 2134 3131 sanctus.
2168 3077 2299 3143 Quia
2328 3079 2470 3131 enim
2502 3081 2896 3134 estcommuttis
2923 3082 3204 3148 ambobus,
3233 3083 3281 3137 id
3311 3099 3468 3138 voca-

212 3164 370 3220 deles
397 3167 556 3220 simul
585 3182 704 3220 cum
753 3167 913 3221 Petro
934 3179 1210 3232 venerant,
1243 3170 1361 3237 quia
1393 3178 1446 3222 et
1478 3170 1531 3222 in
1551 3171 1792 3241 nationes

219 3255 425 3310 donum
460 3257 689 3323 Spiritus
716 3259 884 3312 sancti
916 3259 1141 3313 effusum
1168 3269 1268 3313 est.
1303 3259 1599 3334 Audiebant
1647 3261 1788 3320 enim

215 3349 345 3405 illos
368 3349 872 3421 loquenteslingui's,
895 3361 946 3404 et
971 3350 1363 3421 magnificantes
1389 3337 1570 3425 Deum.
1592 3353 1666 3407 De
1687 3369 1791 3423 quo

217 3444 364 3500 facto
410 3460 540 3508 suo,
596 3444 736 3514 quod
790 3445 1185 3499 incircumcisos
1240 3446 1621 3511 baptizaverat,
1666 3444 1788 3514 quia

220 3518 534 3606 priusquam
558 3537 970 3605 baptizarentur,
994 3547 1051 3591 ut
1077 3537 1269 3591 nodum
1303 3536 1608 3605 quaestionis
1633 3537 1788 3604 hujus

216 3625 478 3687 auferret.
501 3627 551 3680 in
571 3642 663 3681 eos
680 3612 892 3681 venerat
923 3629 1149 3695 Spiritus
1176 3639 1387 3681 sanctus
1407 3672 1420 3693 ,
1450 3639 1567 3680 cum
1603 3629 1789 3683 Petrus

219 3727 405 3782 postea
434 3717 677 3771 redderet
701 3717 956 3772 rationem
983 3719 1236 3772 fratribus
1256 3711 1346 3784 qui
1365 3729 1515 3772 erant
1542 3720 1788 3773 llieroso-

218 3805 400 3875 lymis,
425 3815 474 3859 et
509 3807 605 3860 hac
634 3823 690 3860 re
720 3809 895 3863 audita
926 3810 1291 3873 mnvebantur,
1320 3811 1389 3862 ait
1415 3820 1527 3878 post
1549 3791 1738 3862 czr-tt'ra
1770 3828 1782 3862 :

216 3898 349 3950 Cum
378 3898 863 3965 cmpissetnautem
894 3899 1033 3966 loqui
1078 3898 1141 3951 ad
1175 3900 1308 3962 illos,
1339 3900 1533 3952 cecidit
1561 3900 1786 3968 Spiritus

217 3999 440 4041 sanctus
467 3988 522 4040 in
547 3988 688 4052 illos,
710 3989 845 4041 sicut
871 4000 920 4040 et
952 3989 1001 4041 iu
1035 4003 1130 4042 nos
1162 3990 1211 4041 in
1242 3989 1410 4042 initio.
1439 3989 1786 4042 Mentoratuso

215 4096 320 4148 que
350 4096 470 4132 sum
505 4081 651 4132 verbi
688 4081 886 4133 Domini
918 4082 1052 4134 sicut
1083 4081 1290 4135 diccbat
1326 4099 1336 4132 :
1370 4081 1500 4146 Quia
1551 4080 1785 4136 Joanne.

218 4171 436 4239 quidem
461 4172 741 4245 baptizavit
767 4188 921 4240 aqua,
952 4187 1042 4224 vos
1072 4188 1197 4226 vero
1249 4172 1639 4237 baptizabimini
1668 4173 1785 4240 Spi-

219 4264 322 4316 ritu
351 4271 569 4327 sancto;
623 4262 664 4316 si
697 4263 851 4331 igitur
889 4264 1089 4331 aequale
1139 4265 1332 4315 donum
1362 4264 1510 4316 dedit
1558 4265 1682 4328 iliis,
1714 4249 1785 4318 si;

215 4365 306 4411 cut
334 4363 390 4410 et
419 4343 568 4410 nubis
589 4355 678 4424 qui
706 4356 1028 4409 credidimus
1052 4355 1100 4409 in
1129 4356 1404 4408 Dominum
1427 4357 1606 4410 Jesum
1630 4354 1784 4410 Chri-

1898 3178 1981 3223 tur
2010 3170 2123 3238 ipse
2170 3172 2385 3240 proprie
2429 3172 2568 3241 quod
2599 3173 2756 3226 ambo
2802 3175 3185 3239 communiter;
3237 3176 3470 3246 alioquin

1894 3263 1939 3317 si
1968 3262 2018 3317 in
2044 3263 2129 3316 illa
2161 3264 2423 3318 Trinitate
2450 3265 2590 3319 solus
2613 3264 2846 3334 Spiritus
2874 3275 3087 3320 sanctus
3114 3276 3214 3333 est,
3237 3268 3470 3324 charitas

1896 3353 2130 3420 profecto
2160 3361 2214 3407 et
2268 3352 2464 3418 Filius,
2497 3367 2600 3407 non
2649 3354 2813 3409 solius
2862 3355 3260 3420 Patris,everutn
3308 3359 3467 3412 etiam

1892 3442 2123 3512 Spiritus
2147 3446 2314 3497 sancti
2349 3444 2514 3498 Filius
2546 3445 2832 3498 invenitur.
2867 3443 2938 3498 Ita
2971 3436 3109 3499 enim
3135 3446 3265 3499 locis
3310 3447 3468 3500 innu-

1894 3530 2238 3587 merabilibus
2267 3533 2464 3587 dicitur
2491 3542 2544 3588 et
2573 3525 2788 3604 legitur,
2825 3534 2989 3587 Filius
3018 3535 3320 3602 nnigenitus
3373 3528 3467 3590 Dei

1891 3622 2083 3688 Patris,
2110 3632 2168 3678 ut
2225 3631 2398 3677 tamen
2424 3632 2478 3677 et
2504 3623 2632 3676 illud
2667 3638 2852 3678 verum
2891 3623 2980 3689 sit,
3011 3624 3152 3691 quod
3184 3625 3468 3689 Apostolus

1891 3713 1964 3765 ait
1992 3712 2197 3766 de‘Deo
2229 3713 2382 3767 Patre
2404 3729 2417 3766 :
2437 3713 2534 3781 Qui
2565 3715 2705 3767 eruit
2726 3728 2821 3766 nos
2848 3713 2914 3767 de
2941 3723 3199 3781 potestate
3221 3716 3466 3770 tenebra-

1892 3819 2032 3865 rum.
2054 3795 2112 3858 et
2134 3804 2403 3863 transtulit
2429 3805 2481 3858 in
2505 3820 2724 3873 regnum
2750 3805 2865 3858 Filii
2897 3805 3169 3860 charitatis
3195 3823 3326 3862 suat.
3353 3808 3465 3862 Non

1890 3895 2025 3948 dixit
2052 3893 2167 3948 Filii
2213 3897 2315 3959 sui,
2373 3894 2512 3964 quod
2554 3896 2598 3948 si
2644 3895 2884 3959 diceret,
2915 3898 3188 3950 verissime
3242 3897 3462 3958 diceret.

1889 3986 2333 4056 quemadmodum
2361 3989 2480 4056 quia
2511 4001 2654 4056 saepe
2682 3987 2835 4053 dixit,
2866 3990 3142 4044 verissime
3173 3991 3342 4044 dixit:
3368 3992 3463 4045 sed

1890 4078 1982 4140 ait,
2005 4076 2121 4130 Filii
2144 4077 2418 4132 charitatis
2446 4092 2574 4134 sum.
2601 4077 2760 4131 Filius
2787 4094 2915 4148 ergo
2941 4091 3020 4133 est
3050 4081 3210 4135 etiam
3238 4081 3464 4149 Spiritus

1891 4168 2083 4232 sancti,
2115 4168 2158 4221 si
2192 4182 2294 4220 non
2324 4176 2407 4221 est
2452 4167 2504 4220 in
2552 4169 2639 4221 illa
2668 4166 2928 4222 Trinitate
2950 4168 3181 4222 charitas
3214 4169 3326 4232 Dei,
3356 4171 3458 4226 nisi

1890 4260 2119 4326 Spiritus
2145 4268 2378 4313 sanctus.
2415 4259 2564 4324 Quod
2595 4259 2637 4312 si
2669 4258 3104 4314 absurdissimum
3151 4271 3261 4324 est,
3297 4271 3460 4316 restat

1894 4360 1947 4403 ut
1969 4365 2072 4404 non
2093 4349 2240 4403 solus
2263 4349 2332 4402 ibi
2350 4349 2666 4404 sitcharitas
2686 4348 2909 4418 Spiritus
2934 4361 3169 4415 sanctus,
3184 4351 3275 4405 sed
3303 4367 3461 4420 prop-

215 4456 382 4512 stum,
409 4462 505 4515 ego
526 4445 645 4515 quis
665 4462 806 4500 eram
829 4448 916 4516 qui
941 4462 1144 4515 possem
1168 4447 1447 4514 prohibere
1473 4447 1657 4511 Deum,
1675 4462 1777 4500 non
1812 4449 1855 4504 D
1889 4451 1968 4496 ter
2000 4442 2106 4506 illa,
2124 4441 2190 4494 de
2217 4441 2404 4510 quibus
2430 4444 2559 4494 satis
2580 4441 2827 4506 disserui,
2852 4443 3066 4511 proprie
3092 4444 3167 4496 sic
3191 4453 3410 4496 vocetur
3441 4461 3456 4497 :

215 4537 348 4591 dare
377 4537 479 4589 illis
503 4536 754 4605 Spiritum
788 4537 1062 4591 sanctum?
1087 4537 1145 4589 Et
1170 4541 1327 4589 multa
1360 4537 1458 4589 alia
1485 4544 1608 4590 sunt
1634 4538 1780 4591 testi-

214 4626 397 4681 monia
420 4626 828 4696 Scripturarum,
853 4641 970 4695 quae
997 4627 1328 4679 concorditer
1357 4634 1673 4678 anestantur
1698 4627 1782 4678 do-

214 4717 343 4773 num
376 4718 470 4772 Dei
515 4705 634 4773 esse
665 4719 920 4787 Spiritum
963 4728 1233 4782 sanctum,
1267 4720 1316 4770 in
1349 4727 1595 4785 quantum
1626 4717 1782 4771 datur

215 4815 293 4870 eis
322 4815 411 4884 qui
445 4830 537 4883 per
553 4830 672 4877 eum
696 4815 915 4885 diligunt
940 4816 1134 4870 Deum:
1159 4817 1251 4870 sed
1283 4815 1435 4867 nimis
1466 4815 1679 4883 longum
1702 4823 1784 4869 est

216 4915 410 4959 cuncta
433 4893 699 4974 colllgere,
723 4915 776 4960 et
805 4907 926 4974 quid
956 4908 1033 4960 eis
1056 4909 1182 4961 satis
1208 4917 1285 4962 est.
1318 4909 1504 4975 quibus
1530 4907 1643 4961 inec
1665 4923 1784 4975 quae

216 4995 446 5050 diximus
465 4997 594 5050 satis
615 5012 716 5050 non
740 4997 893 5051 sunt?
915 4998 1051 5051 Sane
1066 4998 1380 5052 admonendi
1396 5008 1537 5065 sunt,
1553 4999 1784 5067 quando-

219 5087 430 5158 quidem
452 5087 645 5141 donum
669 5088 759 5141 Dei
778 5087 886 5157 jam
913 5090 1089 5142 vident
1118 5091 1312 5144 dictum
1346 5090 1599 5158 Spiritum
1627 5105 1779 5143 sanc-

221 5189 352 5245 tum,
369 5188 557 5234 tttcum
576 5180 795 5234 audiunt
809 5181 1004 5234 donum
1021 5182 1249 5251 Spiritus
1264 5184 1453 5245 sancti,
1472 5182 1594 5236 illud
1610 5198 1778 5251 genus

220 5269 500 5324 locutionis
518 5273 957 5340 agnoscantquod
974 5274 1169 5326 dictum
1196 5284 1295 5338 est,
1324 5276 1372 5326 lt:
1388 5273 1775 5344 exspoliatione

219 5355 456 5426 corporis
488 5362 685 5418 carnis.
715 5362 859 5416 Sicut
890 5364 1030 5417 enim
1053 5380 1241 5432 corpus
1275 5368 1447 5419 carnis
1480 5367 1606 5420 nihil
1636 5368 1776 5421 aliud

219 5460 465 5520 estquam
487 5469 635 5517 caro,
651 5453 936 5509 sicdonttm
957 5455 1181 5522 Spiritus
1201 5459 1365 5510 sant-ti
1389 5458 1513 5511 nihil
1540 5459 1678 5512 aliud
1696 5469 1775 5512 est

220 5560 262 5612 ς·
293 5558 370 5594 ,ιηι
387 5543 612 5610 Spiritus
626 5556 856 5599 sanctus.
876 5545 926 5599 In
943 5557 1142 5602 tantum
1161 5564 1284 5617 ergo
1300 5533 1491 5603 donum
1513 5550 1601 5604 ἵδρί
1618 5554 1778 5613 est,in

222 5643 466 5692 quantum
491 5635 646 5690 datur
670 5635 746 5693 cis
768 5637 955 5706 quibus
984 5638 1150 5693 datur.
1191 5642 1335 5710 Apud
1363 5657 1418 5695 se
1441 5652 1612 5695 autem
1635 5642 1770 5698 Deus

1885 4532 2020 4601 quod
2052 4540 2225 4584 autem
2252 4531 2449 4585 dictum
2475 4540 2555 4584 est
2580 4531 2695 4586 Filii
2717 4533 2990 4587 charitatis
3011 4548 3142 4598 sum,
3163 4534 3294 4586 nihil
3312 4534 3454 4587 aliud

1884 4623 2204 4693 intelligatur
2221 4638 2377 4692 quam
2403 4623 2520 4677 Filii
2541 4623 2622 4676 sui
2639 4624 2837 4689 dilecti,
2858 4638 3013 4692 quam
3045 4622 3160 4678 Filii
3190 4632 3460 4693 postremo

1885 4712 2192 4768 substantia:
2247 4726 2376 4766 sua.
2405 4711 2646 4766 Charitas
2694 4712 2886 4783 quippe
2916 4713 3109 4778 Patris,
3140 4729 3259 4783 quae
3287 4715 3338 4768 in
3367 4731 3458 4769 na-

1887 4814 1999 4857 tura
2020 4801 2133 4868 ejus
2154 4811 2236 4856 est
2257 4802 2591 4856 ineﬂ‘abiliter
2612 4802 2857 4872 simplici,
2879 4803 3007 4857 nihil
3029 4813 3112 4857 est
3135 4803 3278 4857 aliud
3299 4819 3456 4872 quam

1886 4893 1998 4961 ejus
2025 4894 2133 4963 ipsa
2167 4904 2350 4949 natura
2383 4905 2540 4963 atque
2568 4895 2859 4949 substantia
2890 4896 2972 4967 (ut
2998 4912 3140 4964 saepe
3176 4896 3284 4964 jam
3314 4898 3455 4951 dixi-

1887 5000 2022 5046 mus,
2066 4995 2119 5038 et
2162 4998 2306 5052 saepe
2335 4986 2528 5038 iterare
2564 5000 2667 5037 non
2716 4985 2902 5054 piget),
2927 5000 2987 5038 ac
3025 4999 3118 5053 per
3168 4986 3266 5038 hoc
3292 4985 3455 5040 Filius

1881 5073 2152 5127 charitatis
2180 5074 2296 5142 ejus
2325 5075 2500 5128 nullus
2519 5086 2600 5128 cst
2629 5076 2761 5129 alius
2782 5091 2936 5143 quam
2959 5075 3048 5141 qui
3069 5075 3134 5128 de
3158 5075 3451 5130 substantia

1879 5165 1994 5232 ejus
2018 5178 2095 5218 est
2124 5169 2350 5234 genitus.

2391 5234 2613 5290 CAPUT
2640 5233 2920 5288 CCXLVI.

1883 5324 1958 5378 De
1978 5325 2371 5395 interrogatione
2392 5325 2642 5388 Itmretici,
2665 5332 2839 5395 contra
2879 5340 2967 5376 eos
2993 5325 3082 5395 qui
3125 5323 3450 5395 Unigeru'tum

1953 5396 2046 5448 Dei
2073 5393 2185 5448 non'
2220 5406 2441 5461 paterna:
2470 5394 2762 5447 substantia
2800 5397 2894 5448 sed
2930 5393 3206 5445 voluntatis
3257 5393 3450 5448 Filium

1950 5481 2052 5518 esse
2083 5467 2319 5517 dixerant
2341 5481 2360 5530 ;
2385 5481 2447 5518 ea:
2475 5463 2604 5517 libro
2635 5478 2700 5516 xv
2749 5464 2811 5516 de
2832 5464 3102 5517 Trinitate.

1950 5577 2117 5637 Acute
2146 5590 2272 5630 sane
2299 5574 2509 5644 quidam
2544 5573 2829 5646 respondit
2854 5571 3112 5628 haeretica
3134 5575 3446 5629 versutissi-

1879 5681 1964 5722 me
1995 5665 2377 5734 interroganti,
2413 5671 2588 5720 uirum
2639 5664 2775 5721 Deus
2806 5663 2996 5717 Filium
3022 5661 3202 5717 volens
3236 5677 3302 5719 an
3351 5680 3448 5719 no-
