3904 6224
477 197 577 251 9ὲῖ

1548 193 1607 246 D.
1652 186 1966 246 EUGYPPII
2003 182 2291 240 ABBATIS
2333 186 2650 241 AFRICANI

3621 189 3714 242 928

421 377 429 386 _
480 312 602 366 iens
628 309 871 379 genuerit
895 326 909 364 :
936 317 992 364 ut
1019 308 1064 364 si
1107 308 1393 372 diceretur,
1423 306 1629 372 nolens,
1654 304 2034 360 absurdissima
2067 303 2111 360 Λ
2143 305 2414 359 memoris:
2439 304 2678 358 tribuens
2701 318 2856 357 omne
2894 306 3031 374 quod
3063 305 3296 372 scimus,
3342 305 3560 360 etiarnsi
3615 317 3713 356 non

479 397 578 456 Dei
633 402 846 456 miseria
891 408 1236 469 sequeretur;
1282 400 1327 452 si
1373 406 1570 464 autem,
1608 398 1815 465 volens,
1867 397 2044 453 conti-

489 505 596 546 nuo
643 491 780 559 quod
848 488 1153 542 intendebat
1209 490 1353 544 velut
1406 489 1600 544 invicta
1655 491 1862 544 ratione
1917 504 2048 542 con-

486 581 743 642 cluderet,
778 593 879 632 non
907 588 1108 632 natura:
1136 593 1256 634 esse
1286 578 1498 644 Filium,
1529 579 1622 634 sed
1649 580 1952 633 voluntatis.
1981 578 2049 631 At

489 671 577 724 ille
622 669 1015 736 vigilantissime
1067 669 1299 723 vicissim
1339 670 1584 738 quaasivit
1614 671 1681 724 ab
1730 686 1816 737 eo,
1868 683 2046 722 utrum

489 757 627 812 Deus
657 756 812 810 Pater
838 757 1020 812 volens
1050 771 1115 809 an
1144 757 1331 811 nolens
1356 759 1427 812 sit
1463 758 1601 812 Deus
1628 777 1639 810 :
1672 767 1727 812 ut
1755 758 1797 810 si
1829 772 2051 824 respon-

488 848 658 913 deret,
687 849 890 914 nolens,
915 857 1226 917 sequeretur
1255 849 1344 903 illa
1377 850 1593 903 miseria
1639 863 1793 917 quam
1826 847 1893 900 de
1935 848 2042 900 Deo

490 938 709 993 credere
731 953 916 1006 magna
950 939 1152 993 insania
1180 948 1290 1002 est;
1314 939 1357 993 si
1387 948 1561 994 autem
1585 940 1810 1002 diceret,
1845 939 2047 1000 volens,

491 1029 903 1096 responderetur
935 1031 1006 1095 ei,
1040 1030 1178 1099 Ergo
1220 1040 1270 1084 et
1302 1031 1416 1097 ipse
1473 1030 1742 1082 voluntate
1770 1045 1863 1082 sua
1914 1029 2052 1083 Deus

405 1182 412 1192 ι
490 1125 598 1184 est,
632 1133 738 1174 non
762 1129 970 1174 natura.
999 1119 1133 1185 Quid
1159 1134 1286 1188 ergo
1307 1119 1675 1182 reslabat,nisi
1706 1130 1754 1172 et
1784 1121 2052 1174 obmutes-

396 1223 420 1234 "
491 1218 659 1274 ceret,
682 1217 738 1264 et
761 1225 852 1264 sua
883 1211 1298 1280 interrogatione
1322 1211 1434 1280 38
1465 1211 1758 1280 obligatum
1792 1212 2049 1265 insolubi-

494 1301 529 1354 li
561 1300 772 1356 vinculo
802 1318 860 1358 se
886 1303 1131 1356 videret?
1181 1302 1285 1356 Sed
1334 1302 1577 1355 voluntas
1609 1302 1722 1366 Dei,
1768 1303 1810 1354 si
1843 1311 1895 1356 et
1927 1316 2053 1370 pro-

498 1395 615 1460 prie
643 1394 862 1448 dicenda
900 1401 980 1448 est
1003 1392 1175 1460 aliqua
1209 1393 1262 1446 in
1293 1392 1555 1446 Trinitate
1585 1407 1830 1462 persona,
1889 1395 2056 1462 magis

499 1483 599 1538 boc
626 1497 815 1538 nomen
844 1483 1059 1551 Spiritui
1091 1491 1274 1536 sancto
1303 1482 1580 1549 com-petit,
1610 1482 1748 1536 sicut
1778 1483 2011 1536 Charitas
2040 1498 2056 1535 :

497 1587 619 1627 nam
644 1571 768 1642 quid
808 1582 890 1628 est
918 1572 1066 1626 aliud
1097 1574 1325 1626 charitas
1356 1588 1510 1641 quam
1563 1573 1856 1625 voluntas?
1888 1572 2056 1626 Video

2149 393 2273 448 inde
2322 393 2653 462 cogitemus;
2701 392 3064 463 intelligentia
3104 409 3233 450 vero
3279 395 3496 463 proprio
3558 393 3712 463 [quo-

2148 481 2290 553 dam]
2346 482 2499 536 modo
2537 481 2816 550 quamdam
2846 483 3180 551 cogitationis
3230 486 3703 538 informationem:

2149 573 2426 641 cogitando
2453 573 2589 625 enim
2618 572 2756 640 quod
2783 588 2965 627 verum
2999 575 3333 639 invenimus,
3383 575 3484 628 hoc
3535 575 3708 626 tnui—

2151 675 2236 714 me
2267 660 2558 728 intelligere
2584 660 2804 715 dicimus
2833 662 3123 735 [dicimur],
3155 676 3207 719 et
3253 666 3353 719 hoc
3396 667 3619 735 quidem
3663 664 3710 718 ia

2152 753 2405 807 memoria
2448 767 2630 808 rursus
2674 753 3041 822 relinquimus.
3095 756 3199 809 Sed
3249 757 3334 810 illa
3381 766 3466 812 est
3505 759 3712 812 abstru-

2151 842 2260 895 sior
2287 841 2613 910 profunditas
2634 853 2828 897 nostrac
2852 847 3146 907 memoriae,
3169 846 3257 899 ubi
3283 847 3383 900 boe
3408 849 3576 901 etiam
3607 848 3710 915 pri-

2154 947 2295 985 mum
2323 947 2441 986 cum
2481 933 2833 1001 cogitaremus
2875 934 3192 999 invenimus,
3219 947 3273 988 et
3321 938 3560 1006 gignitur
3593 939 3710 991 inti-

2155 1037 2296 1074 mum
2349 1022 2590 1086 verbum,
2643 1023 2783 1091 quod
2833 1024 3027 1078 nullius
3075 1025 3262 1093 lingute
3290 1028 3402 1091 sit,
3458 1039 3702 1097 tanquam

2152 1111 2370 1165 scientia
2400 1110 2464 1163 de
2485 1112 2734 1176 scientia,
2755 1121 2806 1167 et
2831 1115 2966 1168 visio
2989 1114 3056 1169 de
3076 1116 3298 1181 visione,
3321 1127 3374 1170 et
3402 1119 3705 1188 intelligen-

2156 1203 2222 1254 tia
2252 1217 2366 1270 qure
2390 1212 2604 1269 apparet
2633 1202 2682 1256 iu
2713 1204 3052 1272 cogitatione.
3075 1206 3142 1262 de
3187 1206 3536 1278 intelligentia
3589 1227 3705 1278 qn:

2155 1292 2208 1345 in
2239 1295 2490 1346 memoria
2517 1294 2623 1362 jam
2652 1294 2843 1357 fuerat,
2878 1298 2967 1350 sed
3020 1297 3212 1353 latebat
3239 1315 3254 1353 :
3301 1315 3599 1369 quanquam
3657 1313 3706 1356 et

2157 1385 2269 1451 ipsa
2305 1385 2584 1453 cogitatio,
2607 1387 2886 1454 quamdam
2912 1403 3057 1442 suam
3085 1391 3396 1444 memoriam
3423 1391 3523 1446 nisi
3553 1391 3706 1446 babe-

2157 1471 2255 1536 ret,
2301 1492 2404 1529 non
2430 1487 2783 1531 reverteretur
2810 1479 2874 1531 ad
2899 1495 2956 1533 ea
2987 1496 3104 1549 qute
3131 1482 3183 1535 in
3208 1481 3459 1535 memoria
3488 1485 3704 1552 relique-

2161 1575 2240 1620 rat
2263 1581 2379 1620 cum
2411 1567 2509 1620 alia
2531 1568 2806 1636 cogitaret.
2841 1568 2915 1622 De
2946 1569 3138 1638 Spiritu
3167 1579 3343 1625 autem
3375 1583 3554 1626 sancto
3582 1574 3701 1626 nihil

496 1678 583 1719 me
602 1663 668 1720 de
683 1665 878 1732 spiritu
899 1673 1085 1720 sancto
1105 1665 1157 1718 ίη
1180 1666 1280 1718 isto
1296 1664 1430 1717 libro
1442 1663 1734 1718 secundum
1757 1664 2054 1731 scripturas
2092 1648 2132 1705 Β
2163 1660 2213 1711 in
2231 1658 2329 1712 hoc
2350 1658 2625 1726 aenigmate
2647 1659 2785 1725 quod
2803 1660 2851 1712 ei
2866 1659 3037 1714 simile
3060 1661 3351 1741 videretur,
3369 1662 3592 1727 ostendi,
3611 1665 3702 1716 nisi

496 1764 707 1824 sanctas
748 1753 847 1809 lioc
874 1754 1176 1822 disputasse
1205 1754 1343 1823 quod
1396 1753 1640 1808 ﬁdelibus
1687 1753 1906 1818 sufﬁcit,
1947 1754 2056 1822 jmt

496 1832 786 1897 scientibus
819 1843 982 1896 Deum
1013 1856 1132 1906 esse
1167 1841 1420 1910 Spiritum
1449 1850 1732 1906 sanctum;
1781 1856 1878 1895 nec
1924 1843 2058 1894 alte-

499 1943 610 1989 rius
638 1933 962 1995 substantiae,
994 1949 1090 1987 nec
1121 1932 1378 1986 minorem
1400 1946 1558 2001 quam
1591 1942 1674 1987 est
1701 1933 1856 1986 Pater
1893 1943 1947 1988 ct
1973 1933 2056 1987 Fi-

500 2023 620 2085 lius,
650 2024 789 2092 quod
822 2024 875 2077 in
902 2024 1261 2092 superioribus
1293 2023 1464 2088 libris,
1511 2025 1806 2077 secundum
1836 2027 2051 2084 easdem

503 2112 797 2181 Scripturas
821 2121 1050 2181 sanctas,
1083 2127 1264 2168 verum
1291 2110 1498 2185 [etiam]
1520 2127 1642 2167 esse
1664 2113 1962 2168 docuimus.
1989 2114 2066 2168 De

505 2213 744 2255 creatura
773 2203 933 2256 etiam
955 2217 1110 2270 quam
1139 2201 1261 2257 fecit
1306 2201 1467 2268 Deus,
1499 2211 1755 2272 quantum
1797 2204 2064 2258 valuimus

503 2294 869 2347 admonuimus
931 2306 1025 2347 eos
1078 2293 1168 2359 qui
1233 2292 1496 2347 rationem
1542 2292 1609 2346 de
1661 2293 1825 2346 rebus
1874 2294 2067 2348 talibus

506 2391 748 2446 poscunt,
773 2391 828 2436 ut
853 2381 1136 2436 invisibilia
1163 2381 1300 2450 ejus,
1351 2397 1444 2449 per
1485 2396 1545 2436 ea
1591 2397 1710 2447 quia:
1742 2383 1872 2435 facta
1921 2393 2065 2448 sunt,

505 2471 638 2524 sicut
670 2481 883 2540 possunt
910 2472 1176 2527 intellecta
1206 2459 1596 2542 conspicerent,
1624 2483 1681 2527 et
1707 2468 1940 2530 maxime
1975 2491 2069 2544 per

510 2550 818 2616 rationafem
848 2564 930 2618 vel
980 2565 1391 2619 intellectualem
1417 2575 1738 2629 creaturam,
1771 2583 1887 2637 qua:
1935 2568 2068 2622 facta

508 2660 592 2704 Cal
618 2652 683 2705 ad
733 2653 1012 2721 imaginem
1062 2653 1173 2721 Dei,
1227 2668 1322 2724 per
1359 2655 1522 2724 quod,
1571 2655 1713 2709 velut
1770 2658 2070 2724 speculum,

511 2749 762 2806 quantum
793 2750 1027 2810 possent,
1077 2743 1122 2796 si
1163 2752 1402 2811 possent,
1449 2755 1733 2800 cernerent
1760 2745 2071 2800 Trinitatem

514 2831 676 2888 Deum
720 2833 769 2885 in
803 2842 980 2887 nostra
1029 2834 1304 2902 memoria,
1348 2833 1730 2905 intelligentia,
1774 2837 2070 2892 voluntate.

514 2921 642 2985 Quae
673 2923 768 2973 tria
796 2921 848 2974 in
875 2937 967 2975 sua
1001 2931 1176 2977 mente
1207 2923 1516 2977 naturaliter
1537 2924 1791 2980 divinitus
1833 2926 2072 2980 instituta

2163 1749 2489 1802 voluntatem
2515 1757 2769 1811 nostram,
2801 1749 2883 1802 vel
2929 1764 3190 1814 amorem,
3214 1765 3309 1804 seu
3357 1750 3700 1812 dilectionem,

2162 1851 2278 1904 qua:
2296 1837 2554 1889 valent'or
2577 1845 2657 1890 est
2684 1837 2941 1892 voluntas.
2955 1837 3214 1905 Quoniam
3242 1838 3484 1893 voluntas
3512 1843 3699 1900 nostra,

2163 1944 2278 1997 qua:
2302 1928 2450 1981 nobis
2464 1929 2934 1993 naturaliteriuest,
2954 1931 3090 1983 sicut
3112 1931 3157 1983 ei
3182 1945 3267 1984 res
3286 1930 3370 1998 adj
3391 1933 3600 1984 ncucrint
3623 1935 3700 1984 vel

2163 2019 2510 2080 occurrerint,
2527 2017 2713 2083 quibus
2731 2017 2989 2072 allicimur
3005 2021 3082 2074 vel
3099 2020 3436 2082 oliendimur.
3455 2023 3522 2075 ita
3547 2023 3702 2075 varias

2164 2106 2468 2162 affectiones
2499 2107 2673 2159 habet.
2701 2107 2834 2172 Quid
2858 2122 2984 2176 ergo
3005 2109 3130 2162 est?
3154 2111 3389 2178 nunquid
3418 2111 3597 2164 dicturi
3614 2126 3698 2164 su.

2169 2214 2284 2253 mus
2312 2199 2630 2251 voluntatem
2663 2208 2918 2262 nostram,
2951 2200 3160 2268 quando
3203 2211 3346 2255 recta
3372 2211 3470 2262 εει,
3511 2201 3696 2255 nescire

2167 2289 2290 2356 quid
2315 2297 2547 2356 appetat,
2583 2288 2707 2356 quid
2735 2289 2932 2344 evitet?
2961 2289 3124 2343 Porro
3153 2291 3196 2342 si
3227 2292 3347 2354 scit,
3379 2291 3601 2359 profecto
3624 2294 3700 2344 ia-

2167 2385 2250 2431 est
2298 2376 2344 2432 ei
2393 2393 2482 2432 sua
2510 2378 2751 2446 quzedam
2784 2379 3027 2446 scientia,
3078 2395 3197 2447 qua:
3227 2381 3344 2434 sine
3377 2383 3608 2434 memori:
3649 2393 3697 2436 et

2172 2469 2515 2539 intelligentia
2547 2484 2664 2524 esse
2714 2485 2814 2522 non
2858 2479 3030 2540 potest
3069 2468 3307 2542 [possit].
3363 2475 3440 2526 An
3461 2488 3578 2525 vero
3610 2489 3694 2527 au-

2172 2559 2393 2614 diendus
2423 2569 2504 2614 est
2533 2560 2789 2628 quispiam
2812 2603 2827 2628 ,
2873 2559 3084 2628 dicens,
3154 2560 3474 2616 Cbari’tatem
3519 2565 3700 2618 nescire

2172 2648 2296 2718 quid
2320 2659 2458 2717 agat,
2490 2665 2606 2717 quae
2636 2664 2738 2702 non
2767 2650 2870 2719 agit
2895 2664 3172 2718 perperam
3197 2650 3222 2704 ἲ
3255 2650 3406 2706 Sicut
3426 2667 3539 2721 ergo
3573 2653 3700 2706 inest

2174 2741 2554 2809 intelligentia,
2627 2741 2764 2795 inest
2824 2742 3037 2797 dilectio
3087 2743 3162 2800 illi
3216 2745 3482 2799 memorie
3530 2743 3700 2814 princi-

2177 2833 2313 2901 pali,
2364 2835 2418 2886 in
2469 2849 2567 2901 qua
2609 2834 2902 2890 invenimus
2933 2844 3172 2903 paratum
3203 2845 3257 2891 et
3300 2836 3601 2891 reconditum
3645 2835 3701 2890 ad

2177 2923 2316 2990 quod
2347 2924 2628 2992 cogitando
2672 2939 2950 2991 possumus
2998 2929 3312 2995 pervenire,
3359 2929 3472 2996 quia
3520 2938 3565 2980 et
3606 2926 3700 2979 duo

518 3007 754 3073 quisquis
779 3009 1028 3060 vivaciter
1054 3010 1324 3078 perspicit,
1358 3018 1412 3064 et
1450 3025 1606 3079 quam
1640 3027 1889 3078 magnum
1921 3016 1992 3067 sit
2023 3014 2075 3069 in
2109 2998 2154 3060 Ο
2184 3013 2281 3068 ista
2322 3013 2616 3067 invenimus
2658 3016 2757 3080 ibi,
2798 3017 3008 3084 quando
3062 3033 3157 3071 nos
3202 3018 3479 3087 cogitando
3522 3017 3700 3070 inveni-

522 3111 619 3160 ea,
659 3099 797 3151 unde
842 3107 1012 3166 petest
1053 3100 1212 3153 etiam
1263 3101 1588 3167 sempiterna
1630 3101 2080 3173 immutabilisque

528 3193 714 3238 natura
759 3187 941 3250 recoli,
970 3185 1228 3254 conspici,
1253 3187 1553 3254 concupisci
1584 3188 1964 3259 (reminiscitur
1988 3208 2082 3260 per

524 3280 864 3343 memoriam,
900 3279 1129 3333 intuetur
1157 3291 1253 3348 per
1276 3280 1700 3348 intelligentiam,
1744 3283 2083 3353 amplectitur

526 3383 620 3436 per
647 3370 1004 3434 dilectionem,
1059 3370 1294 3438 profecto
1319 3371 1516 3438 reperit
1549 3373 1690 3426 illius
1715 3387 1936 3429 summa:
1967 3374 2083 3429 Tri-

527 3459 705 3511 nitatis
737 3459 1046 3527 imaginem.
1074 3461 1152 3512 Ad
1183 3475 1336 3526 quam
1367 3476 1629 3516 summam
1655 3463 1968 3518 Trinitatem
1995 3481 2080 3520 re-

529 3549 932 3613 miniscendam,
966 3550 1270 3615 videndam,
1298 3551 1639 3620 diligendum,
1673 3563 1728 3607 ttt
1759 3570 1874 3608 eam
1907 3570 2085 3610 recor-

528 3639 725 3702 detur,
801 3654 915 3692 eam
995 3639 1421 3708 contempletur,
1481 3656 1542 3694 ea
1598 3642 1930 3708 delectetur,
2003 3654 2079 3698 to-

529 3737 640 3779 tum
715 3727 872 3781 debet
924 3729 1122 3782 referre
1184 3729 1323 3796 quod
1381 3729 1528 3783 vivit.
1582 3731 1770 3784 Verum
1827 3747 1893 3786 ne
1950 3737 2087 3787 banc

532 3823 835 3892 imaginem,
866 3824 933 3878 ab
959 3823 1145 3878 eadem
1185 3824 1442 3878 Trinitate
1474 3824 1691 3890 iactam,
1740 3836 1792 3880 et
1836 3843 1932 3879 suo
1962 3830 2089 3881 vitio

529 3914 581 3967 iu
609 3913 839 3965 deterius
867 3921 1266 3979 commutatam,
1298 3916 1369 3968 ita
1401 3913 1573 3968 eidem
1599 3927 1874 3983 comparet
1903 3918 2086 3971 Trini-

532 4003 647 4066 tati,
678 4010 735 4054 ut
758 4004 899 4056 omni
932 4005 1088 4058 modo
1115 4004 1382 4058 existimet
1410 4004 1663 4067 similem,
1695 4008 1786 4059 sed
1821 4008 1994 4075 potius
2041 4011 2089 4060 in

536 4094 896 4162 qualicunque
925 4096 1019 4148 ista
1051 4097 1392 4150 similitudine
1426 4113 1666 4166 magnam
1694 4115 1906 4168 quoque
1937 4101 2092 4156 dissi-

534 4184 877 4236 militudinem
913 4195 1122 4251 Cernat,
1174 4198 1422 4253 quantum
1477 4189 1608 4240 satis
1656 4204 1773 4242 esse
1819 4190 2092 4244 videbatur

533 4273 800 4323 admonui.

1032 4340 1252 4396 CAPUT
1291 4342 1577 4398 CCXLV".

536 4448 611 4502 De
632 4451 1039 4503 similitudinibus
1091 4451 1350 4503 Trinitatis
1399 4455 1616 4520 dit'iuw,
1659 4472 1769 4521 quae
1816 4457 1868 4508 in
1911 4471 2092 4510 natura

607 4523 780 4578 utentis
821 4524 884 4568 (VI
940 4523 1208 4589 imaginem
1255 4522 1345 4574 Dei
1378 4523 1530 4590 {actm
1576 4528 1791 4593 reperiri
1841 4537 2093 4597 utcunque

610 4598 693 4656 pol
703 4599 896 4640 iterum.

609 4721 749 4778 Sane
780 4722 942 4774 Deum
977 4723 1205 4789 Patrem,
1237 4735 1289 4780 et
1313 4725 1474 4780 Deum
1502 4725 1712 4789 Filium,
1745 4728 1794 4781 id
1823 4738 1905 4783 est
1928 4730 2091 4784 Deum

537 4813 859 4881 genitorem,
893 4813 978 4880 qni
1008 4815 1178 4867 omnia
1209 4831 1325 4884 qute
1373 4815 1793 4873 substantialiter
1836 4819 1994 4873 habet
2039 4822 2088 4873 in

538 4908 803 4955 comma
836 4903 936 4954 sibi
972 4901 1141 4955 Verbo
1183 4921 1276 4959 suo
1300 4906 1431 4960 dixit
1459 4909 1853 4976 quodamntodo
1886 4924 1899 4960 :
1927 4918 1978 4961 et
2013 4910 2094 4976 ip-

539 5004 655 5042 sum
679 4989 911 5062 yerbum
957 4990 1072 5056 ejus
1100 4990 1285 5054 Deum,
1327 4993 1414 5062 qui
1471 5010 1567 5048 nec
1614 4995 1732 5062 plus
1781 5009 1876 5049 nec
1922 4997 2097 5049 minus

538 5059 734 5145 aliquid
756 5079 907 5134 habet
923 5081 1079 5134 etiam
1102 5081 1216 5146 ipse
1230 5059 1667 5148 subsvtantialite-r,
1688 5100 1844 5153 quam
1862 5087 2002 5154 quod
2018 5099 2099 5139 est

532 5169 590 5224 In
621 5169 711 5222 illo
741 5171 828 5238 qui
860 5174 1076 5225 verbum
1105 5187 1207 5224 nou
1239 5175 1562 5228 mendaciter
1591 5177 1682 5229 sed
1713 5179 1978 5230 veraciter
2004 5193 2094 5246 ge-

541 5246 690 5314 nuit:
721 5263 1165 5330 quemadmodum
1213 5263 1379 5332 potui,
1416 5279 1516 5318 non
1562 5275 1617 5318 ut
1659 5267 1783 5320 illud
1823 5267 1932 5336 jam
1968 5269 2102 5322 facie

540 5351 604 5403 ad
636 5349 844 5416 faciem,
875 5352 968 5407 sed
997 5371 1087 5423 per
1119 5355 1252 5409 hanc
1276 5356 1672 5409 similitudinem
1707 5358 1758 5409 in
1793 5358 2094 5426 mnigmate,

552 5445 1073 5514 quantulumcunque
1103 5446 1433 5515 conjicicudo
1455 5448 1718 5502 videretur
1743 5450 1790 5502 in
1809 5452 2093 5515 memoria,

544 5538 597 5583 ct
622 5531 962 5601 intelligentia
995 5538 1181 5590 mentis
1215 5549 1405 5593 nosne:
1434 5537 1837 5607 signiﬁcaretur,
1873 5543 2048 5592 curavi
2081 5560 2090 5592 :

2184 3120 2322 3174 mus,
2375 3115 2427 3158 et
2469 3107 2760 3177 intelligere
2809 3108 3041 3177 aliquid,
3099 3110 3256 3163 etiam
3303 3119 3357 3163 et
3398 3124 3562 3162 amare
3604 3124 3701 3175 qua:

2185 3197 2253 3251 ibi
2305 3207 2493 3260 erant,
2542 3209 2594 3252 et
2645 3200 2854 3266 quando
2909 3199 3033 3254 inde
3077 3215 3182 3253 non
3228 3201 3574 3270 cogitabamus
3609 3217 3620 3251 :
3655 3210 3702 3252 et

2184 3288 2322 3342 sicut
2365 3288 2499 3341 inest
2547 3291 2819 3353 memoria,
2856 3291 2998 3344 inest
3036 3290 3251 3345 dilectio
3282 3292 3405 3345 buic
3446 3291 3700 3356 intelligen-

2187 3377 2271 3430 tia:
2325 3392 2439 3444 qua:
2489 3379 2807 3444 cogitatione
2856 3376 3162 3443 formatur;
3200 3379 3341 3447 quod
3388 3379 3586 3431 verbum
3627 3391 3700 3430 re-

2188 3485 2303 3522 rum
2342 3469 2454 3521 sine
2493 3470 2646 3522 ullius
2673 3469 2841 3536 gentis
2884 3469 3058 3536 lingua
3091 3469 3234 3522 intus
3262 3470 3498 3528 dicimus,
3523 3465 3701 3534 quando

2186 3558 2529 3626 cognovimus
2574 3558 2828 3620 dicimus;
2886 3573 3004 3610 nam
3051 3558 3149 3610 nisi
3199 3554 3572 3610 reminiscendo
3610 3566 3697 3604 non

2189 3647 2328 3701 redit
2356 3647 2417 3698 ad
2464 3647 2681 3714 aliquid,
2729 3659 2778 3699 et
2821 3646 2922 3699 nisi
2951 3646 3177 3699 amando
3221 3645 3398 3698 redire
3440 3659 3532 3696 non
3575 3652 3698 3695 curat

2191 3748 2387 3790 nosna:
2430 3735 2760 3804 cogitationis
2805 3736 3041 3799 intuitus,
3076 3736 3144 3788 ita
3175 3736 3408 3788 dilectio.
3435 3748 3541 3801 quae
3569 3731 3699 3784 visio-

2191 3840 2311 3880 nem
2343 3825 2392 3876 in
2423 3825 2673 3878 memoria
2706 3825 3068 3883 constitutam,
3102 3833 3156 3877 et
3178 3825 3438 3878 visionem
3464 3820 3699 3890 cogitatio-

2193 3915 2273 3970 nis
2304 3916 2424 3969 inde
2445 3913 2745 3980 formatam,
2776 3916 2921 3984 quasi
2973 3925 3243 3982 parentem
3288 3915 3576 3983 prolemque
3597 3925 3700 3966 oon-

2187 4010 2378 4078 jungit.

2685 4076 2904 4131 CAI‘UT
2944 4075 3258 4131 CCXLVIII.

2194 4189 2314 4241 Trin
2342 4202 2450 4250 qum
2487 4187 2669 4237 suntin
2701 4187 2914 4253 imagine
2952 4185 3062 4246 Dei,
3091 4186 3145 4238 id
3172 4195 3246 4238 est
3277 4185 3527 4260 memoria,
3579 4183 3698 4260 iniri:

2266 4259 2420 4308 lectus
2443 4265 2485 4306 ct
2513 4272 2654 4306 amor
2684 4258 2831 4307 unius
2881 4271 3123 4318 personae,
3167 4259 3290 4322 quia
3333 4271 3430 4306 non
3461 4256 3546 4306 hoc
3577 4264 3636 4303 at
3663 4256 3698 4301 ei

2123 4351 2173 4412 Ι)
2269 4341 2374 4378 esse
2401 4327 2533 4392 quod
2566 4327 2668 4376 lucc
2699 4324 2876 4377 habere
2903 4342 2916 4387 ;
2948 4341 3009 4376 (τε
3038 4327 3207 4377 eodem
3237 4325 3386 4378 libro.

2275 4458 2465 4510 Verum
2499 4458 2608 4507 liznc
2633 4457 2842 4522 quando
2870 4457 2918 4506 in
2948 4471 3046 4508 una
3073 4461 3200 4506 sunt
3222 4468 3464 4522 pe'soua,
3493 4453 3608 4506 sicut
3637 4459 3698 4502 ρει

2198 4549 2376 4610 betuo,
2397 4555 2569 4611 potest
2585 4546 2733 4598 nobis
2749 4545 3004 4612 quispiam
3023 4544 3204 4595 dicere
3228 4543 3381 4594 :Tria
3401 4545 3512 4603 ista,
3535 4553 3697 4594 memo-

2200 4638 2292 4704 ria,
2329 4636 2625 4702 intellectus
2656 4647 2898 4696 clamor,
2931 4615 3053 4686 mea
3078 4643 3220 4697 sunt,
3250 4647 3452 4685 noiisua
3473 4649 3485 4696 ;
3510 4630 3695 4686 llCCsIbi.

2202 4728 2294 4782 sed
2325 4729 2448 4778 mibi
2469 4705 2776 4794 agu‘utquod
2792 4733 2988 4791 agunt;
3025 4726 3239 4792 imoego
3255 4726 3464 4790 perilla,
3487 4722 3696 4788 eguerunt

2200 4818 2411 4873 memini
2447 4834 2540 4886 per
2569 4816 2894 4878 memoriam,
2929 4817 3160 4886 intelligo
3192 4833 3287 4886 per
3324 4813 3692 4882 intelligentiam,

2200 4923 2316 4961 amo
2341 4923 2432 4975 per
2474 4919 2704 4957 amorem
2734 4922 2745 4956 :
2775 4912 2828 4957 et
2872 4905 3085 4970 quando
3135 4905 3200 4957 ad
3232 4906 3528 4960 memoriam
3565 4914 3694 4953 meam

2205 4999 2373 5051 aciem
2410 4995 2742 5063 cogitationis
2765 4996 3009 5057 adverto,
3038 5010 3101 5048 ac
3126 4996 3202 5048 sic
3223 4997 3273 5048 in
3300 4996 3453 5049 corde
3474 5010 3578 5045 meo
3596 4990 3685 5043 dion

2203 5087 2341 5155 quod
2361 5086 2470 5138 scio
2485 5126 2497 5149 ,
2519 5085 2838 5151 verbumque
2855 5099 3035 5138 verum
3052 5086 3116 5138 de
3133 5087 3354 5139 scientia
3371 5099 3480 5138 mea
3492 5081 3693 5150 gignitur.

2207 5189 2484 5243 utrumque
2516 5189 2686 5226 meum
2719 5184 2821 5237 est,
2846 5182 2901 5226 et
2935 5173 3154 5228 scientia
3203 5176 3382 5244 utique
3422 5183 3472 5226 et
3502 5171 3693 5224 vet-bunt.

2212 5269 2317 5335 Ego
2348 5268 2485 5319 enim
2517 5269 2647 5333 scio,
2681 5281 2780 5334 ego
2813 5268 2932 5321 dico
2963 5267 3012 5320 in
3063 5282 3181 5321 meo
3231 5268 3389 5321 corde
3427 5264 3550 5332 quod
3593 5263 3691 5318 scin.

2207 5366 2260 5410 et
2287 5357 2496 5424 quando
2523 5358 2571 5410 in
2605 5358 2853 5410 memoria
2901 5373 3016 5410 mea
3043 5359 3322 5425 cogitando
3363 5357 3580 5416 invenio.
3613 5351 3693 5418 iam

2208 5463 2291 5501 me
2318 5448 2630 5516 iutcLigere,
2660 5451 2874 5514 jzimme
2900 5463 3074 5503 amare
3099 5449 3320 5516 aliquid,
3339 5448 3421 5517 qui
3451 5444 3693 5500 intellectui

2208 5546 2261 5591 et
2286 5553 2434 5592 amor
2481 5540 2548 5591 ibi
2595 5548 2763 5600 erant,
2797 5548 2848 5592 et
2880 5548 3158 5608 antequam
3186 5539 3306 5594 inde
3335 5540 3608 5610 cogitarem.
3635 5529 3692 5583 ίιῑ·
