3904 6224
211 247 316 300 919

1439 235 1866 295 TilESAURUS.
1909 237 2063 293 CAP.
2103 237 2250 294 CCL.

3342 241 3445 294 930

211 367 486 423 teiiectum
518 380 690 420 meum
715 373 764 419 et
787 379 1018 420 amorem
1041 376 1213 417 meum
1248 359 1457 415 invenio
1486 360 1536 412 in
1567 372 1768 414 memo-
1797 358 1840 416 Α
1875 370 1989 408 rum
2014 357 2197 421 trium,
2228 370 2386 425 quam
2420 355 2532 408 inec
2561 353 2751 418 unius;
2802 351 2888 405 illa
2922 350 3117 420 quippe
3157 351 3208 404 in
3257 363 3441 406 natura

208 458 291 511 ria
323 475 462 523 mea,
493 471 598 525 quo
624 471 722 526 ego
752 456 1006 524 intelligo,
1043 467 1144 522 ego
1160 466 1299 516 amo,
1333 465 1438 504 non
1470 453 1602 518 ipsa.
1637 448 1769 503 item

207 548 426 620 quando
453 548 701 616 cogitatio
749 561 867 601 mea
913 560 1116 598 memor
1141 553 1239 608 est,
1267 551 1319 598 et
1348 542 1458 596 vult
1496 541 1675 596 redire
1703 538 1769 593 ad

207 656 421 710 eaqua:
472 640 524 693 in
573 640 827 694 memoria
884 637 1193 704 reliquerat,
1227 651 1290 691 ea
1347 649 1466 703 qua:
1497 631 1764 687 intellecta

208 729 525 796 conspicere
579 738 735 798 atque
787 728 924 780 intus
973 727 1171 787 dicere,
1204 741 1317 778 mea
1370 722 1624 776 memoria
1652 735 1769 776 me-

209 833 336 871 mor
362 828 464 883 est,
495 826 551 872 et
589 831 702 870 mea
755 815 866 868 vult
896 815 1184 876 voluntate,
1213 829 1316 868 non
1343 827 1457 865 sua.
1493 812 1608 879 Ipse
1639 824 1773 879 quo-

207 924 322 976 que
377 922 527 962 amor
571 922 740 970 meus,
771 920 888 959 cum
918 905 1156 959 meminit
1178 912 1334 973 atque
1377 902 1623 971 intelligit
1645 899 1771 970 quid

208 1009 470 1067 appetere
513 1000 722 1065 debeat,
747 999 870 1068 quid
921 999 1107 1063 vitare,
1151 1012 1246 1066 per
1303 1012 1496 1062 meam,
1532 1011 1636 1051 non
1672 1009 1766 1062 per

209 1102 368 1144 suam
424 1090 730 1144 memoriam
784 1088 1063 1152 meminit,
1120 1097 1173 1140 et
1220 1102 1313 1154 per
1358 1086 1762 1155 intelligentiam

211 1193 415 1245 meam,
450 1193 554 1234 non
599 1177 739 1251 [per]
767 1192 936 1242 suam,
958 1176 1208 1245 quidquid
1228 1177 1584 1244 iutclligenter
1606 1185 1772 1238 amat,

211 1267 496 1336 intelligit;
527 1266 665 1336 quod
696 1266 927 1321 breviter
954 1265 1057 1318 diei
1089 1272 1266 1334 potest
1293 1281 1304 1315 :
1339 1264 1447 1332 Ego
1476 1278 1572 1332 per
1592 1263 1771 1317 omnia

153 1385 160 1389 -
212 1355 307 1409 illa
340 1356 442 1410 tria
478 1356 712 1418 memini,
746 1369 845 1424 ego
873 1354 1134 1425 intelligo,
1176 1367 1276 1422 ego
1311 1353 1502 1423 diligo,
1527 1349 1616 1422 qui
1670 1368 1771 1406 nec

212 1445 471 1501 memoria
497 1445 1126 1516 sum,jnecinteliigentia,
1157 1459 1253 1498 nec
1275 1444 1511 1506 dilectio,
1538 1442 1629 1497 sed
1656 1441 1772 1496 hzrc

213 1536 411 1589 habeo.
425 1537 523 1590 Ista
546 1552 672 1606 ergo
690 1536 790 1590 diei
814 1543 1033 1604 possunt
1052 1535 1120 1589 ab
1144 1549 1240 1588 una
1269 1549 1492 1604 persona
1523 1548 1642 1603 qua:
1680 1531 1777 1586 h'a-

213 1625 309 1682 bet
329 1626 444 1680 hac
473 1627 592 1692 tria,
628 1642 732 1680 non
788 1627 898 1695 ipsa
941 1635 1022 1679 est
1054 1624 1167 1678 inec
1197 1625 1317 1678 tria.
1353 1623 1405 1677 iu
1459 1624 1601 1678 illius
1651 1637 1776 1676 vero

1875 442 2192 509 Divinitatis,
2223 443 2333 498 sive
2367 442 2415 496 id
2443 444 2631 496 melius
2658 442 2866 494 dicatur
2896 438 3136 504 Deitatis,
3165 439 3306 509 quod
3336 451 3440 505 est,

1874 533 1976 588 hoc
1992 543 2093 602 est,
2119 546 2277 604 atque
2307 532 2806 588 incommutabiliter
2833 532 2970 586 inter
3016 545 3076 585 se
3122 545 3183 584 ac
3214 545 3429 599 semper

1873 623 2084 690 aequalis
2134 631 2251 687 est,
2306 637 2406 678 nec
2456 620 2737 690 aliquando
2795 635 2896 673 non
2941 620 3079 685 fuit,
3127 629 3219 674 aut
3273 621 3430 675 alter

1872 712 1987 778 fuit,
2034 728 2133 768 nee
2186 715 2467 784 aliquando
2519 731 2623 769 non
2677 715 2800 777 crit,
2849 721 2936 765 aut
2981 714 3133 767 aliter
3164 713 3291 768 erit.
3337 712 3442 767 Ista

1872 817 2001 857 vero
2053 807 2152 857 tria
2209 820 2326 874 qua:
2380 815 2504 859 sunt
2542 805 2593 858 in
2635 803 2832 872 'impari
2870 800 3117 870 imagine,
3165 802 3264 856 etsi
3335 817 3441 855 non

1874 892 2005 946 locis
2037 881 2307 962 (quoniam
2341 909 2442 945 non
2475 901 2602 946 sunt
2629 891 2902 960 corpora),
2955 897 3130 942 tamen
3178 889 3318 942 inter
3359 903 3440 952 se,

1875 994 2015 1035 nunc
2042 982 2094 1035 in
2136 982 2238 1037 ista
2266 980 2863 1050 vita,magnitudinibus
2899 989 3234 1048 separantur.
3254 977 3437 1046 Neque

1873 1072 2014 1126 enim
2039 1072 2158 1141 quia
2186 1075 2352 1129 moles
2381 1073 2540 1128 nulla:
2584 1073 2655 1126 ibi
2696 1084 2839 1138 sunt,
2873 1072 2994 1126 ideo
3041 1087 3146 1124 non
3202 1071 3442 1124 videmus

1875 1161 1926 1214 in
1949 1163 2054 1215 alio
2074 1163 2327 1232 majorem
2356 1179 2477 1219 esse
2498 1166 2807 1220 memoriam
2825 1178 2980 1232 quam
3005 1162 3440 1232 intelligentiam;

1875 1255 1928 1307 in
1958 1253 2064 1307 alio
2084 1263 2264 1308 contra
2298 1252 2372 1325 [in
2415 1254 2520 1308 aito
2564 1263 2740 1308 autem
2771 1251 3045 1318 econtra]:
3093 1251 3145 1305 in
3198 1252 3304 1304 alio
3333 1249 3444 1303 duo

1874 1343 1989 1397 hac
2017 1343 2215 1397 amoris
2244 1342 2609 1412 magnitudine
2630 1340 2895 1410 superari,
2923 1339 3033 1395 sive
3059 1339 3170 1392 sint
3196 1339 3310 1406 ipsa
3336 1337 3445 1391 duo

1876 1431 2012 1486 inter
2033 1447 2092 1486 se
2117 1433 2366 1498 :e-pxalia,
2397 1434 2525 1486 sive.
2548 1447 2652 1484 non
2679 1435 2787 1485 sint
2809 1430 3054 1498 :eqnalia.
3085 1430 3257 1496 Atque
3278 1427 3345 1481 ita
3383 1434 3439 1480 et

1875 1535 1904 1574 a
1935 1521 2158 1591 singulis
2181 1522 2322 1586 bina,
2353 1504 2408 1576 et
2429 1538 2456 1574 a
2481 1513 2619 1575 binis
2648 1520 2874 1590 singuia,
2922 1528 2975 1572 et
3002 1533 3032 1571 a
3065 1517 3288 1587 singulis
3330 1518 3445 1569 siu-

1878 1609 2019 1678 gula,
2034 1625 2061 1662 a
2077 1610 2366 1678 majoribus
2381 1612 2585 1665 minora
2604 1612 2910 1664 vincuntur.
2930 1609 2992 1662 Et
3011 1608 3224 1676 quando
3239 1610 3374 1661 inter
3388 1620 3446 1660 se

213 1731 443 1772 summae
468 1717 800 1783 simplicitate
831 1725 1054 1779 natura,
1086 1730 1202 1785 qua:
1233 1715 1371 1770 Deus
1399 1725 1480 1768 est
1508 1713 1774 1784 (quamvis
1811 1714 1854 1770 Β
1879 1702 2102 1769 aequalia
2135 1700 2350 1768 fuerint,
2381 1702 2447 1754 ab
2473 1702 2614 1782 omni
2663 1702 2920 1769 languore
2950 1707 3155 1762 sanata,
3196 1712 3294 1752 nec
3325 1706 3449 1752 tunc

215 1824 360 1864 unus
383 1811 452 1863 sit
480 1808 664 1876 Deus),
699 1817 804 1862 tres
832 1814 1006 1861 tamen
1041 1821 1282 1875 personas
1327 1815 1470 1870 sunt,
1503 1805 1681 1870 Pater,
1724 1815 1779 1858 et

217 1900 409 1966 Filius,
439 1909 493 1953 et
523 1898 751 1967 Spiritus
792 1905 1021 1951 sanctus.
1050 1895 1199 1952 Aliud
1231 1904 1314 1950 est
1342 1895 1520 1964 itaque
1546 1895 1779 1949 Trinitas

217 2007 310 2050 res
335 1993 470 2062 ipsa,
501 1976 642 2046 aliud
668 1990 843 2061 imago
883 1989 1154 2043 Trinitatis
1187 1987 1237 2042 in
1285 2004 1341 2042 re
1369 1989 1473 2042 alia
1500 2004 1514 2052 ;
1563 1997 1779 2056 propter
1812 1998 1814 2000 '

219 2100 381 2155 quam
407 2080 712 2151 imaginem,
745 2080 899 2155 simul
928 2089 982 2135 et
1013 2079 1138 2134 illud
1166 2080 1217 2133 in
1247 2094 1353 2150 quo
1382 2089 1506 2134 sunt
1535 2080 1647 2134 lucc
1673 2079 1772 2133 tria

220 2153 404 2242 imago
432 2170 627 2226 dicitur
658 2187 673 2237 ;
715 2170 854 2226 sicut
878 2153 1050 2240 imago
1098 2169 1290 2224 dicitur
1332 2168 1489 2224 simul
1525 2178 1576 2222 et
1607 2169 1780 2222 tabula

222 2275 278 2321 et
297 2263 440 2335 quod
467 2265 518 2317 in
547 2278 611 2317 ea
639 2262 835 2331 pictum
862 2269 973 2326 est;
997 2260 1092 2316 sed
1123 2269 1335 2329 propter
1366 2262 1623 2328 p‘cturam
1663 2272 1782 2327 qua:

225 2357 280 2410 in
309 2363 496 2419 eaest,
527 2353 683 2408 simul
725 2361 779 2407 et
824 2353 996 2406 tabula
1048 2352 1258 2406 nomine
1308 2352 1549 2420 imaginis
1599 2351 1780 2420 appel-

303 2460 386 2497 ur.

227 2444 386 2502 latur.

741 2509 964 2566 CAPUT
1001 2509 1271 2566 CCXLIX.

229 2624 339 2710 αθ
377 2623 548 2710 Quam.
573 2639 690 2676 vera
718 2621 894 2710 itf‘D‘et'
927 2621 1172 2710 vilitate.
1203 2625 1387 2686 unitas,
1420 2631 1787 2710 eliqnamptltera

301 2691 360 2776 ira
404 2695 632 2776 gratiam
675 2693 870 2746 unitate
906 2695 969 2745 ait
1013 2691 1272 2756 Trinitas;
1319 2709 1378 2744 ex
1412 2692 1588 2746 codem
1637 2693 1786 2758 libro,

300 2774 382 2817 fit.
412 2774 503 2817 2'6.

309 2896 506 2951 Verum
537 2895 589 2948 in
621 2894 708 2949 illa
748 2907 953 2947 summa
984 2893 1262 2960 Trinitate,
1313 2910 1429 2963 qua:
1457 2885 1792 2964 incompara-

237 2989 416 3044 biliter
447 2987 608 3042 rebus
633 2987 877 3040 omnibus
906 2986 1196 3049 antecellit,
1232 2985 1372 3039 tanta
1402 2995 1483 3040 est
1522 2988 1794 3056 insepara-

1882 1790 2172 1858 tequabitur
2196 1791 2270 1845 rei
2303 1799 2488 1846 natura
2520 1790 2834 1844 immutabili
2869 1804 2932 1841 ea
2963 1803 3048 1842 res
3074 1801 3190 1856 quae
3210 1801 3304 1855 per
3319 1800 3437 1853 gra-

1882 1879 2006 1934 tiam
2031 1896 2135 1934 non
2161 1882 2452 1935 mutabitur
2473 1880 2620 1950 (quia
2646 1896 2747 1932 non
2771 1889 3007 1948 arquatur
3022 1885 3264 1931 creatura
3277 1875 3443 1930 Crea-

1881 1970 2030 2036 tori),
2060 1977 2115 2024 et
2137 1971 2347 2038 quando
2372 1971 2435 2022 ab
2464 1971 2608 2022 omni
2637 1971 2894 2039 languore
2933 1967 3229 2034 sanabitur,
3264 1974 3441 2020 muta-

1884 2057 2041 2112 bitur.
2092 2058 2196 2114 Sed
2249 2058 2385 2112 ltan'e
2415 2074 2520 2120 non
2565 2059 2737 2113 solum
2793 2058 3202 2126 incorporalem,
3253 2071 3439 2110 verum

1882 2151 2040 2204 etiam
2069 2167 2278 2207 summe
2319 2151 2725 2222 inseparabilem
2778 2165 3006 2215 vereque
3055 2148 3436 2202 immutabilem

1884 2242 2224 2309 Trinitatem,
2248 2245 2371 2297 etim
2399 2243 2604 2298 venerit
2631 2242 2765 2296 visio
2810 2229 2928 2310 qua:
2967 2240 3105 2295 iacie
3148 2240 3212 2294 ad
3263 2239 3451 2293 facient

1887 2335 2040 2389 nobis
2063 2335 2410 2404 promittitur,
2458 2335 2627 2388 multo
2655 2333 2856 2387 clarius
2901 2333 3206 2401 certiusque
3253 2331 3452 2384 videbi-

1888 2437 2006 2477 mus
2031 2438 2188 2492 quam
2221 2437 2361 2476 nunc
2377 2423 2492 2490 ejus
2518 2420 2800 2490 imaginem
2825 2419 2963 2488 quod
2992 2433 3089 2472 nos
3116 2433 3330 2473 sumus:
3360 2433 3453 2486 per

1888 2513 2027 2582 quod
2060 2522 2232 2566 tamen
2263 2513 2535 2581 speculum
2587 2521 2641 2565 et
2686 2511 2738 2564 in
2770 2525 2876 2578 quo
2907 2511 3188 2580 aenigmate
3239 2509 3328 2578 qui
3369 2509 3452 2561 vi-

1890 2605 2036 2668 dent,
2070 2603 2205 2657 sicut
2235 2606 2287 2657 in
2327 2604 2423 2657 hac
2451 2604 2558 2656 vita
2603 2601 2784 2656 videre
2828 2615 3142 2658 concessum
3190 2607 3294 2659 est,
3348 2611 3454 2652 non

1891 2694 1964 2749 illi
1993 2702 2136 2760 sunt,
2169 2696 2256 2763 qui
2284 2709 2345 2748 ea
2370 2709 2491 2763 qua:
2521 2693 2838 2763 digessimus
2867 2685 2918 2746 et
2964 2691 3456 2746 commendavitnus

1893 2789 1947 2842 i
1969 2803 2063 2843 sua
2087 2798 2268 2843 mente
2293 2788 2653 2856 conspiciunt,
2680 2787 2774 2840 sed
2801 2785 2881 2840 illi
2928 2787 3015 2854 qui
3066 2799 3181 2840 eam
3207 2793 3454 2852 tanquam

1896 2878 2178 2952 imaginem
2233 2878 2433 2945 vident,
2481 2885 2538 2930 ut
2579 2877 2787 2944 possint
2818 2875 2880 2927 ad
2908 2890 3052 2942 eum,
3084 2873 3237 2942 cujus
3281 2873 3492 2940 imago.

1899 2976 2001 3030 est,
2043 2967 2525 3036 quomodocuon
2581 2968 2783 3021 referre
2806 2962 2967 3040 quod}
2996 2964 3211 3029 vident;
3259 2972 3313 3017 et
3373 2977 3461 3030 per

245 3078 449 3141 biiitas,
499 3087 556 3131 ut
602 3092 721 3132 cum
768 3077 973 3130 trinitas
1020 3075 1290 3130 hominum
1342 3069 1443 3129 non
1475 3043 1653 3144 possit.
1691 3077 1792 3131 dici

1899 3059 2180 3134 imaginem
2231 3073 2389 3127 quam
2435 3057 2816 3127 conspicienda
2872 3043 3072 3119 vident,
3131 3054 3289 3109 etiam
3339 3051 3466 3107 illud

241 3181 387 3223 unus
407 3169 586 3231 homo,
611 3167 664 3221 in
691 3167 777 3221 illa
810 3183 943 3221 unus
976 3167 1111 3220 Deus
1133 3177 1182 3219 et
1204 3166 1408 3222 dicatur
1433 3177 1485 3222 et
1510 3170 1598 3236 sit,
1621 3183 1718 3222 nec
1747 3169 1797 3221 iu

239 3275 346 3313 uno
374 3260 482 3312 Deo
503 3258 572 3311 sit
603 3258 688 3312 illa
717 3258 967 3320 Trinitas,
997 3259 1089 3310 sed
1119 3273 1253 3312 unus
1283 3259 1440 3313 Deus.
1481 3261 1589 3312 Nec
1616 3273 1802 3312 rursus

238 3349 684 3421 quemadmodum
709 3350 804 3401 ista
829 3350 1000 3418 imago
1027 3350 1173 3417 quod‘
1188 3359 1268 3405 est
1295 3351 1473 3414 homo,
1499 3351 1697 3405 lubens
1719 3351 1800 3404 illa

241 3442 365 3504 tria,
389 3454 491 3493 una
519 3453 739 3507 persona
757 3448 856 3507 est,
876 3439 944 3492 ita
967 3449 1050 3495 est
1071 3441 1159 3494 illa
1172 3442 1525 3505 Triuitas,sed
1552 3453 1659 3496 tres
1681 3458 1801 3510 per-

240 3547 391 3586 sonae
413 3540 560 3594 sunt,
591 3530 743 3583 Pater
786 3530 923 3594 Filii,
961 3541 1013 3584 et
1041 3532 1204 3585 Filius
1247 3533 1437 3594 Patris,
1469 3543 1522 3587 et
1573 3536 1802 3602 Spiritus

242 3620 414 3674 Patris
434 3631 488 3673 et
519 3619 658 3672 [εἰἰίἰ.
708 3619 960 3684 Quamvis
991 3621 1130 3674 enim
1163 3624 1421 3675 memoria
1467 3622 1717 3692 hominis,
1751 3635 1806 3677 et

245 3713 473 3766 maxime
500 3711 590 3765 illa
626 3726 782 3780 quam
816 3724 1003 3779 pecora
1035 3727 1139 3765 non
1188 3712 1399 3776 habent,
1425 3713 1474 3767 id
1492 3724 1572 3768 est
1594 3730 1695 3783 qua
1719 3730 1804 3770 res

243 3803 605 3871 iutelligibiies
626 3802 698 3855 ita
714 3802 1071 3864 continentur,
1096 3811 1153 3857 ut
1173 3820 1274 3857 non
1294 3805 1342 3858 in
1366 3820 1481 3859 eam
1502 3820 1595 3874 per
1616 3821 1806 3861 sensus

242 3892 766 3963 eorporia‘venerint,
801 3892 990 3948 habeat
1043 3909 1141 3961 pro
1183 3895 1393 3948 modqu
1438 3909 1556 3958 suo,
1603 3897 1655 3950 in
1708 3897 1806 3950 hac

243 3983 473 4054 imagine
485 3969 779 4048 Trinitatis,
794 3983 1278 4052 incomparabiliter
1293 3987 1500 4055 quidem
1523 3990 1777 4057 imparem
1788 4030 1803 4054 ,

245 4076 336 4130 sed
369 4084 548 4129 tamen
575 4075 996 4144 qualemcunque
1009 4075 1403 4131 similitudinem
1432 4077 1806 4134 Patris:item-

245 4182 347 4234 que
378 4165 724 4234 intelligentia
757 4165 1009 4230 hominis,
1041 4181 1161 4236 quin
1193 4183 1286 4235 per
1334 4169 1685 4224 intentionem
1717 4185 1806 4224 co-

245 4256 514 4326 gitationis
537 4254 661 4312 inde
687 4251 967 4320 formatur,
999 4258 1208 4323 quando
1233 4259 1371 4327 quod
1395 4260 1564 4313 scitur
1589 4260 1804 4324 dicitur,

248 4356 303 4402 et
323 4345 520 4400 nullius
552 4345 741 4414 lingua:
769 4344 948 4400 cordis
990 4347 1205 4400 verbum
1244 4357 1348 4410 est,
1394 4349 1586 4404 habeat
1631 4351 1683 4403 in
1713 4364 1807 4403 sua

1903 3147 2084 3202 videre
2153 3147 2534 3215 conjicienda,
2610 3147 2863 3216 quoniam
2927 3144 3159 3204 nondum
3240 3138 3464 3211 possunt

1903 3236 2036 3291 faeie
2065 3238 2129 3290 ad
2179 3237 2407 3292 faciem:
2468 3252 2569 3291 non
2622 3237 2767 3291 enim
2813 3237 2888 3291 ait
2941 3235 3250 3298 Apostolus,
3313 3231 3467 3286 Vide-

1903 3345 2022 3382 mus
2053 3344 2197 3384 nunc
2251 3331 2302 3388 in
2358 3329 2673 3397 speculum;
2721 3329 2837 3392 sed,
2893 3328 3140 3382 Videmus
3187 3328 3326 3380 nunc
3377 3338 3469 3393 per

1901 3421 2197 3485 speculum.

2485 3508 2707 3563 CAPUT
2737 3509 2884 3562 CCL.

1911 3616 2088 3681 Quare
2127 3617 2201 3669 bis
2238 3619 2386 3669 datus
2410 3618 2475 3670 ait
2505 3618 2991 3740 Spirituesbaanclua;
3013 3633 3074 3672 ex
3102 3618 3272 3671 eodem
3321 3618 3473 3685 libro,

2593 3699 2671 3739 tit.
2751 3693 2786 3740 '.

2593 3693 2671 3739 fit.
2695 3693 2786 3740 26.

1976 3797 2178 3851 Deinde
2209 3797 2261 3852 in
2311 3795 2396 3852 illa
2443 3813 2652 3852 summa
2702 3799 2982 3863 Trinitate,
3012 3813 3132 3868 quas
3179 3799 3317 3854 Deus
3366 3810 3470 3866 est,

1907 3887 2186 3943 intervalla
2216 3900 2516 3958 temporum
2548 3891 2692 3943 nulla
2720 3899 2861 3953 sunt,
2895 3905 2990 3958 per
3031 3905 3152 3957 quae
3183 3891 3353 3958 possit
3381 3908 3473 3946 os-

1908 3982 2071 4046 tendi,
2101 3989 2190 4034 aut
2213 3982 2398 4036 saltem
2428 3981 2655 4050 requiri,
2685 3990 2863 4035 utrum
2905 3981 3052 4049 prius
3090 3981 3157 4036 de
3186 3982 3344 4037 Patre
3377 3998 3472 4047 nae

1906 4083 1993 4130 tus
2012 4075 2081 4129 sit
2109 4075 2294 4140 Filius,
2315 4085 2368 4129 et
2397 4087 2580 4144 postea
2609 4075 2678 4129 de
2720 4074 2980 4129 ambobus
3011 4077 3332 4143 processerit
3353 4077 3475 4146 Spi-

1909 4166 2042 4221 ritus
2059 4176 2293 4220 sanctus.
2335 4166 2597 4233 Quoniam
2646 4165 2920 4234 Scriptura
2968 4173 3148 4219 sancta
3204 4165 3462 4233 Spiritum

1909 4272 2030 4312 eum
2052 4257 2475 4312 dicitamborum
2526 4273 2541 4310 :
2593 4257 2707 4325 ipse
2757 4265 2840 4309 est
2885 4255 3025 4309 enim
3079 4255 3144 4309 de
3196 4270 3302 4322 quo
3343 4257 3476 4310 dicit

1912 4347 2241 4417 Apostolus:
2273 4347 2532 4427 Quoniam
2581 4356 2756 4401 autem
2805 4345 2937 4400 estis
2979 4344 3075 4399 filii
3114 4345 3278 4418 [Dei],
3338 4347 3482 4400 misit

251 4451 440 4506 magna
465 4435 822 4502 disparilitate
845 4436 1148 4489 nonnullam
1180 4438 1575 4492 similitudinem
1595 4439 1732 4504 Filii,
1757 4452 1807 4492 et
1841 4422 1888 4478 ο
1917 4440 2056 4494 Deus
2076 4422 2331 4507 Spiritum
2362 4438 2482 4492 Filii
2504 4438 2585 4491 sui
2635 4437 2687 4489 in
2718 4437 2879 4491 corda
2926 4447 3104 4491 nostra
3135 4433 3356 4507 [vestra]
3383 4454 3398 4490 :
3431 4447 3484 4493 et

247 4539 399 4579 amor
431 4523 664 4578 hominis
689 4523 758 4578 de
785 4525 1006 4579 scientia
1049 4526 1362 4594 procedens,
1409 4537 1465 4582 et
1493 4531 1804 4584 memoriam

248 4616 756 4686 intelligentiamque
784 4617 1130 4688 coniungens,
1165 4628 1409 4689 tanquam
1441 4623 1644 4688 parenti
1683 4639 1803 4692 pro-

249 4707 391 4776 iique
419 4707 736 4762 communis.
769 4706 919 4763 Unde
947 4723 1045 4763 nec
1069 4724 1261 4776 parens
1306 4709 1622 4780 intelligitur
1665 4728 1805 4778 esse,

251 4813 350 4852 nec
376 4798 553 4866 proles
572 4797 767 4853 habeat
793 4799 846 4854 in
864 4800 960 4853 hac
977 4799 1204 4868 imagine
1221 4801 1475 4870 aliquam,
1509 4803 1635 4858 licet
1658 4805 1809 4860 valde

251 4889 535 4954 imparem,
553 4886 944 4942 similitudinem
995 4888 1226 4956 Spiritus
1257 4892 1458 4944 sancti:
1486 4906 1590 4946 non
1634 4901 1808 4946 tamen

251 4978 386 5032 sicut
411 4976 463 5029 in
493 4977 590 5030 ista
625 4978 856 5047 imagine
882 4978 1177 5044 Trinitatis,
1227 4995 1332 5033 non
1380 4982 1493 5035 hac
1531 4984 1629 5037 tria
1683 5001 1816 5040 unus

255 5069 434 5135 homo,
476 5069 570 5124 sed
593 5071 746 5124 unius
788 5070 1018 5124 hominis
1067 5082 1223 5138 sunt;
1267 5076 1336 5126 ita
1365 5074 1417 5127 in
1453 5075 1562 5144 ipsa
1607 5092 1814 5132 summa

253 5157 534 5222 Trinitate,
561 5159 718 5226 cujus
741 5157 853 5213 haec
883 5161 1053 5230 imago
1078 5170 1181 5224 est,
1215 5177 1320 5216 non
1352 5164 1506 5217 unius
1550 5165 1644 5220 Dei
1691 5176 1820 5222 sunt

255 5247 345 5303 illa
375 5250 496 5312 tria,
523 5247 615 5303 sed
646 5262 780 5302 unus
808 5250 944 5303 Deus
988 5261 1099 5316 est;
1131 5262 1185 5305 et
1213 5263 1321 5308 tros
1370 5264 1493 5307 sunt
1541 5256 1664 5323 illa,
1710 5274 1815 5313 non

256 5353 360 5392 nua
391 5353 640 5408 persona.
674 5338 823 5403 Quod
853 5353 982 5394 sane
1030 5341 1340 5396 mirabiliter
1391 5343 1662 5401 ineffabile
1710 5355 1810 5413 est,

258 5431 335 5483 vel
366 5427 701 5482 ineffabiliter
729 5429 993 5492 mirabile,
1024 5445 1142 5484 cum
1168 5433 1235 5485 sit
1261 5449 1362 5487 una
1408 5450 1634 5503 persona
1684 5438 1816 5492 ima-

261 5534 320 5588 go
342 5519 456 5572 hinc
479 5510 773 5601 Trinitatis,
805 5519 914 5588 ipsa
941 5536 1066 5575 vero
1092 5535 1294 5577 summa
1308 5524 1539 5581 Trinitas
1566 5536 1673 5582 tres
1701 5544 1816 5597 per-

263 5624 400 5668 sonae
429 5608 558 5676 sint,
591 5602 995 5678 iuéeparabilior
1023 5626 1104 5668 est
1143 5613 1236 5667 illa
1278 5615 1517 5671 Trinitas
1560 5632 1817 5688 persona-

1915 4529 2030 4598 ipse
2057 4537 2138 4582 est
2164 4527 2236 4582 de
2283 4542 2390 4597 quo
2419 4525 2545 4580 dicit
2601 4525 2743 4580 idem
2800 4524 2999 4580 Filius:
3057 4523 3174 4579 Non
3203 4526 3348 4580 enim
3383 4541 3483 4582 vos

1916 4621 2044 4674 estis
2081 4618 2167 4685 qui
2202 4616 2512 4686 loquimini,
2545 4619 2638 4670 sed
2683 4615 2910 4683 Spiritus
2963 4614 3134 4668 Patris
3170 4615 3333 4670 vestri
3382 4617 3475 4685 qui

1919 4709 2216 4777 loquiturin
2231 4707 2381 4762 vobis
2401 4706 2679 4772 ;ettnultis
2690 4706 2807 4758 aliis
2827 4705 3128 4758 divinorum
3150 4705 3481 4774 eioqniorum

1920 4802 2234 4857 testimoniis
2265 4802 2675 4870 comprobatur,
2708 4798 2878 4852 Patris
2905 4807 2960 4852 et
3004 4797 3121 4852 Filii
3161 4812 3281 4852 esse
3311 4798 3485 4866 Spiri-

1922 4900 2056 4958 tum,
2087 4895 2173 4962 qui
2207 4892 2418 4961 proprie
2457 4890 2652 4945 dicitur
2679 4890 2938 4943 Trinitate
2984 4885 3213 4956 Spiritus
3242 4897 3481 4941 sanctus.

1923 4980 1999 5037 De
2023 4997 2128 5050 quo
2159 4984 2283 5036 item
2305 4982 2432 5035 dicit
2472 4982 2584 5049 ipse
2613 4978 2773 5032 Filius
2798 4995 2810 5032 :
2833 4977 2998 5043 Quem
3031 4991 3128 5046 ego
3159 4975 3362 5031 mittam
3398 4993 3490 5029 vo-

1922 5070 2004 5126 bis
2027 5089 2055 5125 a
2083 5072 2277 5138 Patre;
2310 5080 2362 5126 et
2390 5070 2497 5124 alio
2520 5071 2659 5137 loco,
2691 5070 2860 5136 Quem
2894 5069 3066 5122 mittet
3110 5067 3267 5122 Pater
3313 5067 3365 5120 in
3397 5080 3493 5121 no-

1924 5163 2068 5216 mine
2097 5177 2236 5216 meo.
2271 5162 2344 5215 De
2372 5168 2596 5227 utroque
2617 5167 2792 5212 autem
2823 5157 3116 5227 procedere
3136 5158 3215 5213 sic
3243 5157 3488 5218 docetur.

1924 5251 2049 5319 quia
2072 5252 2186 5320 ipse
2208 5250 2373 5304 Filius
2395 5250 2469 5302 ait
2499 5265 2514 5304 :
2548 5248 2616 5302 de
2664 5248 2820 5303 Patre
2859 5247 3100 5315 procedit
3123 5263 3136 5312 ;
3159 5257 3212 5302 et
3255 5260 3378 5301 cum
3406 5262 3494 5302 re-

1919 5342 2239 5399 surrexisset
2262 5356 2291 5394 a
2322 5340 2574 5404 mortuis,
2602 5349 2656 5392 et
2681 5339 3020 5405 apparuisset
3056 5336 3337 5405 discipulis
3356 5339 3491 5403 suis,

1919 5433 2205 5490 insufﬂavit
2259 5439 2314 5488 ct
2374 5431 2500 5485 ait:
2551 5431 2786 5498 Accipite
2832 5429 3088 5500 Spiritum
3143 5438 3384 5486 sanetum
3434 5442 3490 5484 ut

1921 5543 2040 5583 eum
2078 5526 2240 5581 etiam
2264 5524 2411 5579 dese
2463 5522 2754 5594 procedere
2808 5522 3230 5587 ostenderet;et
3251 5522 3361 5591 ipsa
3410 5533 3495 5576 est

1910 5621 2092 5675 virtus
2111 5633 2230 5689 quae
2259 5617 2324 5673 de
2356 5615 2448 5672 illo
2479 5614 2693 5670 exiebat
2715 5613 2809 5708 jde
2844 5613 2960 5684 ipso
2985 5612 3206 5699 exibat],
3233 5613 3374 5671 sicut
3413 5615 3494 5668 ie-
