3904 6224
580 261 675 314 951

1626 255 1686 308 D.
1732 254 2043 310 EUGYPPII
2085 256 2370 312 ABBATIS
2409 259 2727 318 AFRICANI

3677 265 3752 318 flii

470 448 476 451 _
573 379 716 445 gitur
744 380 796 430 in
842 375 1146 444 Evangelia,
1190 380 1243 426 et
1297 368 1516 423 sanabat
1568 383 1778 423 omnes.
1825 370 1957 434 Quid
2007 385 2132 425 vero
2162 374 2208 431 Α
2236 372 2431 438 cipilttr
2461 383 2516 426 ut
2543 373 2608 426 ad
2651 375 2870 442 primum
2901 377 3324 444 perveniatur(si
3383 376 3527 430 enim
3580 376 3748 431 fratrem

578 465 735 518 fuerit
783 480 955 518 causa).
987 471 1042 515 ut
1096 471 1209 529 post
1254 458 1698 513 resurrectionem
1739 473 1924 524 suam,
1969 470 2022 514 et
2077 461 2127 513 in

575 563 714 606 terra
749 554 891 620 prius
915 551 1060 604 daret
1087 557 1140 602 et
1168 548 1233 601 de
1282 547 1418 602 coelo
1473 556 1654 616 postea
1698 549 1929 601 mitteret
1958 549 2126 616 Spiri-

575 653 682 698 tum
715 651 982 706 sanctum;
1014 639 1113 692 hoc
1136 653 1233 707 ego
1264 638 1536 703 existimo,
1569 638 1689 708 quia
1721 653 1814 707 per
1844 642 2012 706 ipsum
2036 637 2129 690 do-

573 751 696 788 num
727 731 1039 786 diffunditur
1079 730 1311 784 charitas
1369 730 1420 783 in
1469 730 1716 783 cordibus
1767 728 1981 795 nostris,
2025 744 2126 797 qua

569 820 833 889 diligimus
882 821 1042 873 Deum
1085 827 1138 872 et
1191 821 1512 888 proximum,
1551 818 1835 872 secundum
1889 819 1992 870 duo
2042 817 2126 871 illa

568 922 850 980 przecepta,
884 910 932 962 in
966 910 1156 975 quibus
1186 918 1290 961 tota
1325 909 1430 962 Lex
1465 907 1658 977 pendet
1719 915 1773 960 et
1829 907 2122 974 Prophetm.

567 1004 678 1058 lloc
705 1001 1005 1070 significans
1043 999 1292 1052 Dominus
1333 999 1508 1061 Jesus,
1542 998 1620 1050 bis
1675 997 1824 1051 dedit
1870 997 2124 1062 Spiritum

564 1103 803 1149 sanctum
840 1111 852 1146 :
884 1093 1048 1147 semel
1091 1092 1141 1145 in
1172 1100 1343 1154 terra,
1379 1097 1593 1156 propter
1626 1090 1965 1142 dilectionem
2007 1105 2126 1156 pro-

563 1186 689 1241 ximi
717 1203 729 1250 ;
758 1193 811 1239 et
839 1185 1026 1237 iterum
1056 1183 1120 1235 de
1158 1181 1312 1241 coelo,
1356 1188 1571 1247 propter
1598 1180 1935 1235 dilectionem
1989 1178 2077 1234 Dei
2108 1200 2119 1233 :

561 1276 686 1331 etsi
716 1276 849 1328 forte
879 1273 978 1326 alia
1031 1271 1161 1324 ratio
1210 1269 1460 1323 reddatur
1507 1270 1572 1324 de
1624 1271 1704 1322 bis
1757 1271 1880 1324 dato
1923 1273 2122 1339 Spiritu

566 1380 770 1433 sancto,
803 1369 1043 1422 eumdem
1095 1376 1271 1419 tamen
1321 1364 1575 1433 Spiritum
1627 1365 1828 1429 datum,
1881 1380 1996 1419 cum
2044 1366 2126 1418 in-

562 1461 827 1514 sulflassct
855 1459 1030 1522 Iesus,
1055 1456 1121 1509 de
1148 1469 1253 1525 quo
1284 1469 1403 1508 mox
1437 1456 1508 1507 ait
1545 1471 1558 1507 :
1585 1453 1681 1521 ite,
1716 1455 1980 1522 haptizate
2004 1472 2123 1509 om—

562 1566 656 1603 nes
695 1557 897 1617 gentes,
928 1547 978 1598 in
1007 1545 1222 1598 nomine
1273 1542 1466 1608 Patris,
1520 1550 1572 1596 et
1623 1541 1739 1595 Filii
1793 1553 1845 1596 et
1898 1543 2122 1612 Spiritus

561 1639 748 1700 sancti,
777 1638 863 1691 ubi
899 1635 1128 1689 maxime
1159 1633 1563 1688 commendatur
1591 1633 1703 1687 hinc
1734 1631 1983 1695 Trinitas,
2010 1649 2122 1685 amo

2236 474 2390 526 quem
2433 460 2581 514 vides
2629 477 2731 516 non
2787 464 2981 533 diligis,
3033 465 3219 530 Deum,
3269 481 3424 534 quem
3473 483 3573 520 non
3620 465 3747 528 rides.

2233 550 2496 614 quomodo
2523 550 2741 620 diligere
2772 555 3014 621 poteris?
3043 545 3096 624 );
3140 555 3260 609 ideo
3307 557 3443 611 forte
3506 556 3748 612 informans

2233 658 2330 697 nos
2355 644 2418 697 ad
2466 645 2799 699 dilectionem
2835 650 3081 716 proximi,
3111 649 3254 704 dedit
3299 652 3348 703 in
3397 659 3540 705 terra
3579 637 3748 719 conspi-

2231 751 2363 790 cuus
2409 747 2460 790 et
2515 739 2770 804 proximis
2825 741 3095 805 proximus
3124 742 3377 809 Spiritum
3427 754 3654 796 sanctum
3690 747 3747 798 ia-

2232 829 2494 881 sufflando
2527 829 2579 882 in
2611 829 2797 883 facii-tn
2840 846 3046 896 eorum,
3078 843 3128 886 et
3170 835 3236 887 ab
3265 835 3361 887 hac
3402 837 3625 888 maxime
3649 837 3745 889 cha-

2232 919 2408 980 ritate,
2432 935 2548 986 quin
2574 920 2623 972 in
2647 921 2795 973 cmlis
2812 930 2910 985 est,
2929 923 2994 975 de
3010 923 3146 977 ccelo
3168 925 3519 977 misit-iterum
3535 927 3743 992 Spiritum

2230 1019 2498 1064 sanctum.
2532 1012 2786 1079 Spiritum
2815 1021 3053 1066 sanctum
3083 1017 3261 1082 accipe
3298 1019 3348 1069 in
3372 1029 3530 1081 terra,
3554 1032 3597 1069 et
3620 1017 3744 1086 dilige

2231 1100 2465 1152 fratrem:
2483 1104 2664 1169 accipe
2677 1103 2742 1156 de
2755 1106 2912 1165 cmlo,
2931 1103 3150 1172 etdilige
3165 1106 3322 1158 Deum
3340 1122 3353 1168 ;
3374 1109 3494 1174 quia
3517 1116 3564 1159 et
3580 1107 3623 1159 in
3637 1116 3742 1159 terra

2229 1188 2368 1256 quod
2399 1190 2647 1257 accepisti
2681 1192 2745 1244 de
2775 1193 2910 1265 cutio
2936 1201 3062 1248 est..:
3090 1194 3141 1246 in
3171 1205 3307 1247 terra
3334 1195 3573 1248 Christus
3608 1196 3740 1252 dedit,

2230 1277 2320 1330 sed
2349 1278 2412 1331 de
2440 1280 2576 1332 caelo
2601 1290 2683 1333 est
2711 1281 2848 1349 quod
2897 1281 3070 1347 dedit;
3097 1283 3182 1334 ille
3223 1284 3361 1335 enim
3412 1284 3554 1337 dedit
3581 1284 3655 1352 qui
3695 1285 3741 1335 de

2241 1369 2379 1421 cmlo
2407 1371 2711 1437 descendit;
2742 1373 2823 1425 hic
2857 1373 3053 1426 invenit
3079 1375 3162 1428 cui
3208 1375 3378 1438 daret,
3409 1376 3496 1428 sed
3549 1376 3655 1427 inde
3679 1386 3739 1428 at-

2237 1461 2350 1513 tulit
2378 1463 2514 1529 quod
2572 1462 2718 1516 daret
2751 1462 2885 1528 Quid
2933 1474 3015 1516 est
3058 1479 3202 1532 ergo,
3256 1464 3478 1517 fratres?
3522 1480 3582 1515 an
3633 1462 3740 1515 forte

2228 1564 2587 1603 commemoro
2614 1563 2665 1603 et
2695 1553 2812 1617 hoc,
2844 1554 3107 1621 quomodo
3155 1554 3388 1608 Charitas
3414 1555 3474 1608 ad
3522 1555 3737 1620 Spiritum

2228 1649 2465 1708 sanctum
2501 1643 2797 1712 pertineat?
2836 1645 3052 1698 Paulum
3083 1646 3296 1700 audite:
3332 1647 3441 1699 Non
3475 1648 3630 1698 solum
3662 1662 3738 1697 au-

558 1729 861 1797 bigerenon
914 1725 1190 1780 debemus.
1226 1723 1341 1791 Ipse
1371 1731 1468 1807 .est
1496 1723 1656 1792 igitur
1705 1722 1794 1792 qui
1842 1724 2002 1778 etiam
2057 1725 2107 1779 dt

2229 1743 2354 1797 tem,
2395 1737 2582 1805 inquit,
2642 1737 2735 1790 sed
2788 1747 2840 1791 et
2892 1739 3177 1806 gloriamur
3234 1739 3286 1791 in
3335 1738 3735 1795 tribulationibus.

556 1822 693 1875 caelo
722 1819 879 1871 datus
906 1824 993 1872 est
1011 1816 1100 1871 die
1146 1815 1508 1880 Pentecostes,
1529 1813 1581 1868 id
1609 1822 1692 1868 est
1739 1822 1858 1881 post
1879 1815 1993 1869 dies
2021 1816 2118 1868 de-

553 1928 670 1967 cem
695 1926 852 1981 quam
885 1909 1140 1963 Dominus
1188 1905 1428 1960 ascendit
1482 1906 1532 1958 in
1574 1905 1789 1960 coelum.
1842 1904 2120 1970 Quomodo

555 2017 684 2070 ergo
708 2001 847 2055 Deus
881 2014 986 2054 non
1019 2006 1100 2051 est
1145 1996 1233 2065 qui
1279 1995 1369 2048 dat
1397 1994 1649 2064 Spiritum
1703 1997 1986 2050 sanctum?
2013 1997 2121 2061 imo

555 2099 785 2159 quantus
816 2089 952 2144 Deus
984 2097 1086 2150 est,
1118 2085 1208 2156 qui
1230 2086 1538 2140 datDeum?
1566 2101 1736 2156 neque
1758 2088 1898 2141 enim
1930 2088 2120 2156 aliquis

566 2180 946 2248 discipulorum
978 2178 1092 2246 ejus
1120 2176 1264 2230 dedit
1296 2176 1549 2245 Spiritum
1597 2186 1858 2234 sanctum.
1888 2178 2120 2232 Orahant

558 2271 749 2342 quippe
772 2277 830 2323 ut
861 2266 1058 2322 veniret
1088 2267 1139 2320 in
1171 2281 1262 2322 eos
1290 2268 1480 2336 quibus
1515 2282 1727 2322 manum
1755 2269 2116 2337 imponebant,

563 2380 666 2418 non
694 2365 791 2431 ipsi
821 2377 941 2420 eum
969 2361 1192 2423 dabant;
1229 2375 1384 2429 quem
1420 2351 1620 2415 morem
1651 2363 1699 2416 in
1753 2362 1862 2416 suis
1916 2377 2119 2432 praepo-

556 2453 671 2509 sitis
699 2454 859 2507 etiam
891 2465 1031 2505 nunc
1059 2459 1235 2504 servat
1262 2449 1521 2502 Ecclesia.

1120 2559 1342 2614 CAPUT
1365 2557 1534 2613 CCLI.

552 2656 725 2722 Quare
746 2654 820 2708 bis
850 2653 998 2708 datus
1022 2653 1084 2703 sit
1135 2650 1359 2722 Spiritus
1393 2658 1648 2722 sanctus;
1677 2666 1741 2704 ea:
1791 2666 2022 2704 sermone
2047 2649 2111 2704 de

1055 2717 1358 2774 Asce'nsione
1383 2717 1608 2771 Domini.

621 2840 796 2904 Quare
823 2836 905 2889 bis
934 2833 1079 2888 dedit
1129 2832 1384 2902 Spiritum
1437 2842 1698 2898 sanctum,
1755 2832 1907 2887 multi
1951 2835 2114 2888 multa

551 2928 817 2992 dixerunt,
849 2933 902 2978 et
958 2923 1095 2976 sicut
1151 2921 1391 2975 homines
1446 2923 1789 2991 quasierunt,
1822 2933 1877 2978 et
1919 2924 2114 2993 aliquid

550 3017 796 3070 dixerunt
838 3011 978 3082 quod
1032 3026 1134 3064 non
1182 3020 1265 3076 est
1309 3024 1488 3067 contra
1539 3013 1694 3066 fidem
1738 3031 1750 3066 :
1795 3015 1929 3068 alius
1969 3015 2105 3083 hoc,

546 3109 682 3160 alius
707 3103 859 3166 illud,
893 3112 1174 3170 utrumque
1217 3100 1357 3169 quod
1387 3117 1491 3155 nun
1536 3103 1818 3158 excederet
1871 3106 2106 3176 regulam

547 3195 804 3254 veritatis.
860 3190 917 3245 Si
963 3192 1138 3244 dicam
1192 3205 1278 3245 me
1325 3191 1466 3245 scire
1532 3207 1697 3259 quare
1745 3193 1826 3246 bis
1871 3194 2101 3260 dederit,

548 3286 775 3340 mentiar
808 3283 976 3335 vobis.
1001 3281 1100 3346 Qui
1128 3297 1186 3335 se
1204 3280 1334 3334 dicit
1353 3282 1490 3334 scire
1541 3283 1681 3350 quod
1731 3283 1919 3348 nescit,
1942 3295 2107 3340 teme-

549 3374 718 3430 rarius
745 3383 826 3426 es:
858 3389 872 3424 :
901 3372 987 3440 qui
1011 3386 1070 3425 se
1097 3381 1249 3440 negat
1269 3371 1408 3424 scire
1434 3371 1571 3438 quod
1595 3372 1717 3437 scit,
1749 3373 1979 3442 ingratus
2001 3383 2103 3428 est.

550 3469 686 3535 Ergo
715 3465 880 3517 fateor
909 3463 1077 3525 vobis,
1106 3477 1267 3531 quare
1297 3460 1378 3514 bis
1425 3461 1632 3515 dederit
1685 3463 1938 3517 Dominus
1985 3464 2106 3532 Spi-

547 3557 701 3610 ritum
731 3562 992 3613 sanctum,
1023 3550 1195 3602 adhuc
1223 3563 1403 3617 quaero
1429 3566 1441 3600 :
1473 3551 1536 3602 ad
1561 3550 1757 3618 aliquid
1786 3552 1984 3605 certius
2006 3567 2102 3607 cu-

547 3646 636 3713 pio
665 3642 940 3711 pervenire
963 3655 976 3703 ;
1009 3638 1221 3706 adjuvet
1244 3653 1326 3692 me
1352 3638 1605 3691 Dominus
1629 3642 1903 3695 orantibus
1926 3641 2098 3708 vobis,

545 3744 603 3788 ut
627 3732 765 3802 quod
791 3731 991 3784 donare
1020 3729 1284 3796 dignatur,
1313 3736 1367 3782 et
1394 3731 1542 3780 vobis
1564 3743 1666 3782 non
1696 3737 1950 3783 taceatur.
1989 3733 2095 3785 Er—

545 3840 611 3892 go
643 3823 822 3876 nescio
851 3820 974 3888 quid
1000 3829 1173 3871 tamen
1217 3817 1513 3870 existimem
1535 3857 1550 3882 ,
1603 3820 1832 3872 nondum
1886 3822 2060 3876 sciens
2085 3865 2102 3890 ,

552 3914 785 3968 nondum
829 3925 923 3979 pro
952 3918 1100 3963 certo
1132 3915 1336 3970 tenens,
1380 3907 1516 3960 sicut
1555 3909 1908 3963 certissimum
1945 3920 2114 3966 teneo-

544 4006 791 4067 dedisse;
824 3999 950 4070 quid
1002 4013 1128 4068 ergo
1170 3999 1473 4052 existimem
1505 4013 1608 4052 non
1642 4000 1846 4055 tacebo.
1897 4002 1953 4057 Si
2003 4004 2103 4057 hoc

541 4109 641 4160 est,
668 4094 944 4150 confirmet
976 4091 1248 4156 Dominus,
1280 4090 1326 4144 si
1353 4090 1488 4143 aliud
1518 4099 1600 4146 est
1628 4092 1767 4160 quod
1795 4093 1970 4147 verius
2012 4108 2104 4162 ap-

541 4196 742 4258 pareat,
776 4189 938 4239 donet
971 4184 1239 4238 Dominus.
1271 4183 1410 4252 Ergo
1439 4183 1690 4248 arbitror,
1726 4185 1818 4239 sed
1872 4186 2104 4240 albitror

507 4280 664 4333 ‘ideo
708 4279 787 4331 bis
833 4277 1010 4329 datum
1069 4273 1325 4340 Spiritum
1364 4281 1628 4334 sanctum,
1671 4282 1728 4326 ut
1763 4277 2105 4330 commendas

541 4382 723 4425 rentur
766 4368 871 4421 duo
931 4375 1192 4434 praecepta
1258 4362 1549 4416 charitalis.
1613 4364 1724 4418 Duo
1767 4375 1891 4419 sunt
1954 4368 2098 4420 enim

543 4469 804 4529 prmeepta
830 4499 845 4521 ,
893 4466 944 4510 et
1001 4470 1102 4508 una
1157 4463 1239 4507 est
1267 4453 1496 4507 Charitas
1529 4471 1542 4507 :
1570 4454 1766 4524 Diliges
1817 4457 2094 4510 Dominum

540 4550 648 4621 40
674 4551 836 4602 Deum
871 4557 1014 4598 tuum
1046 4560 1107 4596 ex
1142 4552 1252 4596 toto
1281 4543 1440 4596 corde
1467 4554 1576 4606 tuo,
1604 4554 1659 4598 et
1697 4559 1760 4600 ex
1793 4553 1900 4599 tota
1923 4547 2097 4600 anima

542 4652 650 4699 tua,
689 4647 742 4690 ct
770 4651 832 4689 ex
883 4645 990 4688 tota
1042 4623 1218 4686 meitte
1265 4643 1384 4695 tua;
1445 4643 1496 4686 et
1553 4633 1741 4702 diliges
1798 4635 2097 4702 proximum

542 4738 686 4782 tuum
715 4735 958 4790 tanquam
1003 4723 1252 4791 teipsum.
1305 4721 1360 4774 in
1419 4721 1498 4774 his
1543 4722 1752 4777 duobus
1797 4729 2096 4792 praeceptis,

543 4833 649 4876 tota
690 4821 772 4872 lex
804 4817 993 4885 pendet
1035 4824 1091 4868 et
1142 4815 1436 4883 prephetm.
1479 4814 1590 4869 Una
1633 4816 1884 4881 Charitas,
1912 4828 1963 4873 et
1995 4819 2098 4872 duo

544 4920 843 4982 praecepta;
880 4921 1012 4960 unus
1064 4907 1289 4973 Spiritus
1317 4917 1403 4970 ,et
1453 4905 1557 4958 duo
1601 4907 1742 4959 data.
1793 4908 1904 4961 Non
1955 4910 2092 4962 enim

542 5004 674 5057 alius
703 5002 856 5055 datus
885 5007 967 5052 est
998 4995 1160 5064 prius,
1190 5007 1242 5050 et
1280 4999 1411 5050 alius
1447 4999 1601 5051 datus
1632 5009 1711 5051 est
1740 5013 1941 5066 postea.
1970 5003 2087 5068 quia

544 5108 648 5146 non
679 5089 777 5142 alia
808 5086 1038 5141 eharitas
1084 5083 1250 5152 diligit
1280 5088 1572 5152 proximum
1621 5104 1778 5155 quam
1831 5088 1914 5141 illa
1977 5108 2092 5159 qua:

542 5183 710 5250 diligit
731 5181 923 5242 Deum;
945 5192 1047 5230 non
1071 5189 1197 5243 ergo
1219 5175 1316 5227 alia
1335 5175 1560 5231 Charitas
1581 5187 1692 5231 est:
1719 5195 1818 5246 qua
1836 5179 2092 5233 charitate

544 5274 836 5342 proximum
888 5269 1172 5338 diligimus,
1229 5267 1337 5333 ipsa
1368 5267 1620 5323 charitate
1658 5279 1712 5323 et
1769 5270 1950 5324 Deum.
1982 5271 2086 5325 Sed

540 5368 660 5433 quia
689 5361 827 5414 aliud
859 5371 937 5414 est
967 5361 1102 5413 Deus
1128 5401 1141 5423 ,
1161 5357 1300 5410 aliud
1357 5360 1643 5425 proximus,
1676 5377 1773 5413 una
1824 5362 2083 5417 charitate

540 5455 845 5520 diliguntur,
897 5467 998 5502 non
1046 5457 1166 5501 sunt
1211 5457 1383 5501 tamen
1429 5463 1585 5500 unum
1638 5450 1723 5518 qui
1772 5451 2084 5518 diliguntur.

543 5545 668 5608 Quit
707 5555 829 5606 ergo
860 5554 1041 5606 magna
1062 5548 1139 5592 est
1164 5536 1403 5605 primitus
1427 5539 1844 5592 commendanda
1869 5542 2087 5597 dilectio

553 5631 667 5689 Dei,
696 5628 923 5680 secunda
943 5628 1149 5680 dimetiri
1182 5626 1421 5704 proximi,
1455 5642 1482 5681 a
1509 5628 1736 5682 secunda
1792 5640 1964 5684 autem
1997 5635 2074 5686 itt-

2226 1831 2455 1884 scientes
2477 1831 2596 1896 quia
2621 1831 2886 1884 tribulatio
2897 1823 3206 1903 patientiam
3231 1841 3496 1897 operatur,
3525 1831 3735 1898 patientia

2226 1919 2615 1987 probationem,
2652 1921 2890 1988 probatio
2939 1937 3064 1974 vero
3106 1936 3274 1987 spem,
3319 1937 3440 1989 Spes
3468 1931 3735 1973 autemnon

2225 2008 2516 2073 confundit,
2549 2010 2670 2077 quia
2699 2010 2928 2064 charitas
2963 2010 3270 2075 Deidifl'usa
3299 2019 3381 2065 est
3429 2011 3477 2064 in
3525 2010 3735 2062 cnrdibus

2224 2099 2439 2153 nostris.
2466 2099 2616 2156 Unde
2656 2101 2775 2170 quid
2820 2102 2909 2154 tibi
2964 2100 3147 2164 dabas,
3195 2102 3321 2170 quid
3373 2101 3518 2170 quasi
3565 2101 3621 2152 de
3665 2111 3735 2152 tuo

2225 2189 2612 2256 prmsumebas?
2644 2189 2775 2255 Quid
2808 2194 2946 2244 enim
2979 2189 3144 2262 babes
3173 2191 3310 2257 quod
3351 2206 3450 2244 non
3493 2189 3734 2259 accepisti?

2224 2277 2362 2347 Ergo
2393 2279 2566 2344 unde,
2612 2279 2710 2332 nisi
2742 2280 2879 2348 quod
2920 2281 3174 2349 sequitur,
3208 2294 3298 2347 per
3327 2280 3566 2346 Spiritum
3601 2294 3730 2332 sanc-

2223 2373 2330 2419 tum
2375 2367 2462 2435 qui
2492 2367 2646 2420 datus
2671 2376 2753 2422 est
2781 2368 2962 2422 nobis:
2992 2369 3222 2422 eharitas
3273 2369 3373 2422 ista
3415 2385 3513 2422 non
3563 2378 3732 2421 leuetur

2221 2456 2318 2508 nisi
2337 2454 2387 2508 in
2415 2457 2614 2510 unitate
2644 2458 2894 2512 Ecclesia:
2925 2476 2938 2512 :
2971 2473 3073 2513 non
3107 2459 3247 2512 illam
3279 2459 3470 2513 habent
3491 2459 3726 2521 divisores,

2219 2543 2355 2595 sicut
2388 2542 2514 2596 dicit
2558 2545 2825 2610 apostolus
2864 2525 3062 2599 ludas:
3098 2545 3160 2598 Hi
3184 2546 3415 2614 suntqui
3442 2545 3622 2612 seipsos
3659 2558 3728 2598 se-

2217 2641 2452 2699 gregant,
2486 2633 2759 2696 animales,
2786 2633 3036 2700 Spiritum
3065 2647 3180 2686 non.
3212 2633 3496 2699 habentes;
3526 2631 3627 2687 ideo
3651 2632 3724 2686 de-

2218 2721 2405 2791 ﬂuunt,
2437 2724 2558 2792 quia
2577 2725 2850 2792 coagulum
2881 2739 2982 2778 non
3010 2723 3206 2778 habent
3225 2724 3512 2778 charitatis.

2771 2837 2995 2893 CAPUT
3035 2837 3231 2892 CCL“.

2223 2951 2357 3018 Quid
2395 2953 2623 3019 quodam
2646 2965 2872 3004 sermone
2893 2951 2960 3001 ad
2977 2930 3232 3019 populum
3278 2949 3571 3019 disputatum
3595 2950 3648 3000 sit
3670 2949 3723 2999 de

2291 3017 2577 3086 differentia
2605 3023 2950 3088 generationis
2970 3017 3093 3070 Filii
3118 3030 3164 3071 et
3187 3021 3508 3088 processiom's
3534 3017 3722 3085 Spiritu

2280 3092 2473 3155 sancti;
2500 3107 2562 3144 ex
2586 3091 2759 3144 eodem
2787 3089 2933 3153 libro,
2964 3089 3040 3141 tit.
3069 3089 3158 3140 27.

2209 3246 2213 3249 .
2287 3203 2478 3257 Verum
2510 3202 2627 3272 quia
2653 3201 2705 3254 in
2730 3202 2812 3254 illa
2842 3210 3099 3255 coaeterna
3132 3199 3414 3267 etaequali,
3443 3199 3718 3265 etiampo-

2214 3294 2308 3346 rali
2339 3335 2353 3356 ,
2394 3302 2450 3347 et
2493 3292 2825 3347 ineﬂ'ahiliter
2868 3289 3174 3345 immutabili
3222 3301 3378 3359 atque
3433 3287 3716 3358 inseparabili

2213 3384 2494 3445 Trinitate,
2539 3382 2899 3436 difficillimum
2930 3387 3012 3433 est
3038 3381 3428 3444 generationem
3463 3394 3491 3431 a
3538 3389 3710 3447 procel-

2212 3476 2361 3528 sione
2399 3475 2742 3542 distinguere,
2772 3470 2999 3526 sufficiat
3045 3469 3253 3523 interim
3300 3469 3378 3522 eis
3421 3469 3504 3537 qui
3542 3465 3714 3521 extendi

2213 3582 2317 3618 non
2347 3566 2520 3619 valent
2560 3560 2659 3634 [in]
2690 3563 2934 3628 amplius,
2963 3561 3013 3614 id
3052 3562 3190 3628 quod
3213 3561 3280 3613 de
3315 3562 3411 3613 hac
3449 3576 3500 3614 re
3542 3560 3590 3613 in
3623 3571 3714 3613 ser-

2212 3670 2367 3709 mone
2395 3655 2618 3724 quodam
2649 3651 2959 3721 proferendo
2983 3650 3047 3703 ad
3083 3665 3238 3703 aures
3285 3651 3454 3718 populi
3475 3649 3712 3704 Chris'iani

2209 3726 2477 3806 diximus,
2536 3741 2838 3806 dictumque
2887 3737 3312 3806 conscripsimus.
3373 3739 3502 3793 Inter
3556 3746 3712 3791 cratera

2209 3834 2370 3896 enim,
2427 3847 2542 3885 cum
2583 3842 2677 3898 per
2702 3830 3088 3898 Scripturarum
3138 3837 3436 3882 sanctarum
3460 3830 3711 3884 testimonia

2178 3925 2521 3988 .docuimem,
2549 3922 2616 3976 de
2645 3934 2866 3988 utroque
2897 3920 3181 3986 procedere
3203 3920 3454 3988 Spiritum
3481 3928 3710 3976 sanctum:

2209 4017 2264 4070 Si
2301 4031 2446 4084 ergo,
2489 4016 2721 4083 inquam,
2761 4021 2814 4066 et
2852 4012 2917 4064 de
2949 4013 3101 4065 Patre
3142 4021 3192 4065 et
3238 4013 3305 4066 de
3351 4012 3478 4066 Filio
3515 4010 3712 4080 procedit

2207 4107 2435 4176 Spiritus
2461 4116 2695 4170 sanctus,
2721 4119 2813 4157 cur
2829 4104 2992 4157 Filius
3017 4104 3146 4156 dixit
3172 4121 3184 4154 :
3213 4103 3285 4157 De
3314 4104 3464 4158 Patre
3484 4104 3710 4172 procedit?

2205 4197 2333 4264 Cur,
2375 4204 2545 4263 putas,
2585 4195 2682 4248 nisi
2720 4192 3158 4262 quemadmodum
3208 4196 3347 4247 solet
3393 4195 3456 4246 ad
3498 4210 3604 4247 eum
3645 4209 3711 4246 rr-

2206 4287 2365 4350 ferre,
2388 4296 2441 4340 et
2463 4285 2602 4353 quod
2624 4285 2788 4354 ipsius
2812 4293 2890 4337 est
2909 4284 2975 4338 de
3004 4300 3109 4353 quo
3133 4293 3187 4339 et
3209 4285 3323 4354 ipse
3346 4287 3458 4340 esti
3481 4286 3614 4342 Unde
3636 4282 3710 4356 [et]

2208 4375 2332 4429 illud
2361 4384 2440 4429 est
2470 4363 2606 4442 quod
2631 4376 2706 4427 ait
2735 4393 2746 4427 :
2774 4375 2883 4428 Mea
2926 4376 3162 4429 doctrina
3214 4392 3317 4429 non
3365 4386 3443 4430 est
3486 4392 3611 4440 mea,
3635 4377 3709 4428 sed

2201 4466 2317 4534 ejus
2343 4467 2431 4534 qui
2465 4481 2547 4518 me
2579 4466 2736 4528 misit.
2762 4465 2816 4520 Si
2847 4466 3004 4533 igitur
3036 4465 3122 4518 hic
3154 4467 3458 4534 intelligitur
3481 4466 3582 4534 ejus
3608 4467 3710 4519 doc-

2201 4557 2524 4624 trina,qu.am
2553 4564 2724 4610 tamen
2745 4557 2876 4608 dixit
2907 4571 3007 4613 non
3034 4571 3206 4619 suam,
3231 4557 3324 4612 sed
3352 4560 3708 4624 Patris,quanto

2203 4646 2367 4712 magis
2414 4643 2520 4696 illic
2572 4645 2937 4713 intelligendus
2977 4655 3056 4698 est
3104 4655 3156 4700 et
3198 4646 3262 4699 de
3304 4647 3417 4714 ipso
3461 4648 3707 4714 procedere

2201 4735 2427 4802 Spiritus
2455 4741 2686 4798 Sanctus,
2732 4735 2819 4788 ubi
2860 4736 2936 4788 sic
2965 4736 3074 4787 ait:
3107 4736 3178 4790 De
3210 4737 3362 4790 Patre
3407 4739 3636 4805 procedit,
3662 4749 3704 4789 ut

2203 4839 2302 4878 non
2334 4825 2552 4886 diceret,
2583 4825 2647 4878 de
2674 4841 2756 4879 me
2777 4839 2876 4877 non
2902 4825 3159 4893 procedit.
3189 4830 3223 4878 Α
3255 4842 3359 4893 quo
3387 4838 3546 4881 autem
3575 4827 3704 4879 habet

2202 4915 2361 4966 Filius
2388 4924 2444 4967 ut
2474 4915 2542 4966 sit
2574 4915 2705 4966 Deus
2738 4915 2838 4984 (est
2863 4915 3000 4968 enim
3033 4914 3099 4968 de
3129 4915 3233 4968 Deo
3257 4915 3414 4983 Deus)
3442 4917 3602 4970 abillo
3629 4916 3703 4968 ha-

2199 5005 2287 5056 bet
2308 5005 2505 5071 utique,
2533 5013 2585 5055 ut
2610 5005 2763 5056 etiam
2792 5006 2858 5057 de
2881 5003 2969 5056 illo
2994 5005 3241 5071 procedat
3261 5005 3478 5070 Spiritus
3496 5018 3697 5059 sanctus.

2200 5097 2274 5148 Ac
2306 5111 2394 5162 per
2419 5096 2514 5146 hoc
2539 5095 2741 5165 [etiam]
2774 5096 2996 5172 Spiritus
3024 5108 3252 5162 sanctus,
3290 5111 3341 5149 ut
3372 5099 3514 5151 etiam
3541 5100 3598 5151 de
3625 5099 3697 5150 ﬁ-

2201 5183 2268 5237 lio
2297 5186 2563 5251 procedat,
2597 5185 2729 5238 sicut
2774 5187 3010 5252 procedit
3035 5187 3100 5238 de
3150 5187 3318 5249 Patre,
3346 5189 3409 5240 ab
3436 5189 3536 5254 ipso
3562 5190 3694 5241 habet

2199 5273 2370 5326 Patre.
2402 5274 2494 5326 ilic
2547 5285 2808 5341 utcunque
2835 5275 2988 5327 etiam
3037 5276 3163 5330 illud
3204 5277 3512 5344 intelligitur,
3555 5292 3670 5343 quan

2199 5369 2303 5414 tum
2345 5379 2371 5414 a
2424 5364 2609 5416 talibus
2663 5367 2840 5431 quales
2893 5383 2988 5419 nos
3026 5383 3230 5428 sumus,
3274 5367 3478 5432 intelligi
3508 5375 3682 5432 potest,

2194 5468 2286 5504 cur
2316 5468 2418 5505 non
2461 5455 2661 5506 dicatur
2690 5468 2839 5509 natus
2890 5473 3027 5518 esse,
3076 5459 3167 5512 sed
3233 5459 3395 5525 potius
3444 5459 3681 5524 procula!

2194 5541 2416 5609 Spiritus
2443 5558 2671 5610 sanctus,
2703 5550 2941 5614 quoniam
2974 5550 3017 5601 si
3048 5558 3098 5600 et
3130 5551 3240 5617 ipse
3270 5548 3415 5601 Filius
3443 5549 3676 5606 diceretur,

2190 5633 2462 5687 amborum
2507 5637 2679 5705 utique
2709 5636 2866 5691 Elius
2910 5639 3172 5692 diceretur
3205 5658 3216 5703 ;
3249 5642 3377 5710 quod
3413 5637 3674 5694 absurdissi-
