3830 6228
137 235 238 289 937i

1315 200 1760 274 τιιΕεΑυιιυε.
1803 209 1954 264 CAP.
1996 200 2214 264 CCLlfl.

3291 209 3395 265 934
3436 200 3438 202 ’

140 364 285 403 mum
315 353 418 403 est.
446 343 609 400 Filius
635 343 827 412 quippe
851 338 1023 394 nullus
1053 345 1135 390 est
1163 332 1390 387 duorum
1415 315 1516 379 nisi
1550 326 1713 394 patris
1748 327 1793 385 Α
1824 321 1920 375 teri
1950 322 2146 390 potius,
2181 316 2516 372 miriticatam
2559 316 2834 412 scientiam
2879 313 2995 384 ejus
3024 329 3088 368 ex.
3120 330 3204 369 me
3253 318 3398 372 iuva-

132 447 185 492 et
217 436 422 491 matris.
453 433 607 488 Absit
647 440 845 492 autem,
889 437 945 482 ut
991 427 1129 480 inter
1181 422 1346 476 Deum
1392 417 1602 472 Patrem
1653 426 1706 468 et

135 528 304 581 Deum
339 527 524 581 Filium
547 523 651 578 tale
677 520 874 592 aliquid
899 518 1251 585 suspicemur.
1286 513 1420 579 Quia
1446 523 1544 564 nec
1571 508 1706 562 ﬁlius

131 620 407 673 hominum
436 615 591 669 simul
618 624 670 669 et
695 629 758 668 ex
790 621 937 680 patre
965 619 1020 663 et
1040 623 1103 662 ex
1127 615 1294 660 matre
1326 601 1562 673 procedit
1582 617 1595 665 ;
1615 597 1707 655 sed

131 725 254 764 cum
274 708 327 761 in
351 715 570 761 matrem
591 704 825 773 procedit
849 718 913 756 ex
939 709 1107 769 patre,
1124 714 1228 753 non
1256 707 1378 751 tunc
1392 695 1706 764 proceditex

133 810 326 862 matre,
361 805 424 850 et
479 811 598 850 cum
646 799 694 847 in
747 794 881 847 hanc
932 793 1100 846 lucem
1154 788 1394 858 procedit
1424 803 1487 840 ex
1522 794 1708 847 matre,

131 904 241 943 non
288 895 414 940 tunc
441 884 684 956 procedit
711 900 773 938 ex
808 893 974 951 patre.
1021 881 1250 950 Spiritus
1290 865 1469 931 autem
1498 884 1712 930 sanctus

134 997 241 1034 non
273 979 339 1034 de
371 979 528 1032 Patre
560 977 800 1047 procedit
821 977 871 1030 in
905 975 1116 1037 Filium,
1145 982 1198 1027 et
1225 972 1292 1026 de
1325 971 1456 1024 Filio
1475 968 1716 1038 procedit

131 1071 196 1124 ad
229 1067 669 1123 sanc:iﬁc:in‘dam
708 1065 1029 1127 creaturam,
1061 1063 1156 1118 sed
1187 1062 1341 1116 simul
1383 1061 1450 1114 de
1492 1068 1714 1126 utroque

139 1162 404 1231 procedit.
439 1160 689 1226 Quamvis
713 1158 814 1212 hoc
842 1158 974 1211 Filio
1007 1155 1164 1210 Pater
1184 1153 1412 1216 dederit,
1447 1159 1502 1205 ut
1529 1164 1715 1218 quem-

130 1252 419 1306 admodum
479 1249 545 1304 dc
572 1265 651 1313 se,
694 1249 767 1301 ita
801 1246 870 1300 de
933 1246 1020 1300 illo
1059 1259 1269 1314 quoque
1303 1240 1574 1312 procedat.
1614 1238 1715 1292 Ne-

131 1358 237 1412 que
265 1342 407 1395 cnim
439 1353 717 1409 possumus
747 1337 946 1402 dicere,
973 1335 1112 1404 quod
1145 1350 1249 1387 non
1275 1338 1345 1386 sit
1370 1334 1474 1386 vita
1492 1331 1719 1399 Spiritus

138 1443 378 1501 sanctus,
412 1446 530 1486 cum
563 1432 666 1484 vita
700 1429 874 1494 Pater,
902 1428 1007 1481 vita
1041 1427 1108 1480 sit
1143 1426 1306 1480 Filius
1335 1443 1348 1477 :
1380 1439 1441 1477 ac
1481 1437 1576 1492 per
1617 1421 1718 1474 hoc

139 1524 281 1578 sicut
313 1523 490 1587 Pater,
505 1537 623 1577 cum
660 1521 850 1575 habeat
881 1519 1040 1573 vitam
1067 1519 1118 1572 in
1149 1518 1462 1586 semetipso,
1495 1515 1639 1569 dedit
1668 1521 1722 1567 et

139 1615 282 1670 Filio
326 1615 522 1670 habere
565 1614 724 1668 vitam
759 1613 809 1666 in
842 1613 1150 1679 semetipso,
1179 1611 1257 1664 sic
1287 1611 1333 1663 ei
1366 1608 1515 1662 dedit
1558 1607 1719 1658 vitam

1810 412 1989 477 luisse,
2017 425 2112 464 nec
2152 409 2384 478 potuisse.
2403 403 2604 478 [posse]
2652 422 2736 459 me
2763 405 2828 458 ad
2859 405 3002 458 illam
3026 421 3038 467 ;
3067 419 3098 457 ο
3121 413 3197 469 ιιι,
3224 407 3397 461 anima

1813 519 1946 566 mea,
1967 503 2052 556 ubi
2073 512 2123 556 te
2139 516 2256 555 esse
2269 500 2454 565 sentis,
2475 498 2560 552 ubi
2579 498 2729 565 jaces
2747 509 2855 561 ,aut
2880 497 2967 550 ubi
2997 506 3128 560 stas,
3153 497 3321 552 donec
3336 501 3402 550 ab

1812 609 1876 647 eo
1907 593 1994 660 qui
2028 591 2283 660 propitius
2315 591 2480 643 factus
2510 596 2591 642 est
2613 587 2856 640 omnibus
2883 586 3244 655 iniquitatibus
3276 587 3398 651 tuis,

1813 682 2561 748 sanentnromneslanguores
2578 677 2962 745 tui?Agnoscis
2989 688 3035 728 te
3060 683 3208 728 certe
3234 674 3287 728 in
3313 674 3402 726 illo

1814 789 1932 828 esse
1960 773 2306 838 stabulo,quo
2328 770 2689 822 Samaritanus
2723 766 2810 818 ille
2835 764 3076 833 perduxit
3101 779 3221 817 eum
3246 777 3401 836 quem

1817 863 2013 931 reperit
2040 861 2219 914 multis
2258 873 2286 910 a
2310 856 2604 911 latronibus
2647 855 2864 908 inﬂictis
2896 853 3204 907 vulneribus
3234 854 3398 907 semi-

1818 954 1994 1006 vivum
2025 969 2037 1005 :
2072 963 2126 1005 et
2149 961 2324 1004 tamen
2367 949 2530 1002 multa
2577 963 2699 1000 vera
2745 945 2945 1010 vidisti,
2975 960 3077 997 non
3109 944 3190 997 his
3232 945 3404 998 oculis

1819 1044 2012 1111 quibus
2036 1043 2279 1095 videntur
2298 1054 2525 1108 corpora
2549 1038 2805 1099 colorata,
2835 1036 2928 1090 sed
2980 1036 3062 1094 his
3091 1051 3189 1105 pro
3215 1036 3405 1104 quibus

1821 1132 2015 1201 orabat
2066 1131 2153 1200 qui
2191 1130 2399 1184 dicebat
2426 1146 2438 1180 :
2465 1125 2614 1182 Oculi
2660 1127 2764 1181 mei
2816 1127 3028 1180 videant
3069 1126 3412 1197 aequitatem;

1827 1239 2022 1291 nempe
2052 1239 2180 1292 ergo
2228 1223 2392 1277 multa
2424 1237 2546 1274 vera
2586 1219 2785 1280 vidiSti,
2819 1233 2985 1287 eaque
3016 1218 3312 1272 discrevisti
3341 1218 3406 1273 ab

1827 1314 1912 1366 illa
1946 1315 2063 1367 luce
2098 1329 2198 1382 qua
2227 1314 2317 1368 tibi
2360 1313 2570 1365 lucente
2602 1311 2775 1363 vidisti
2803 1328 2816 1362 :
2848 1309 3033 1363 attolle
3080 1310 3262 1364 oculos
3301 1307 3405 1378 41
3441 1372 3443 1374 η

1821 1405 1885 1457 ad
1920 1402 2016 1475 [in]
2054 1405 2219 1471 ipsam
2269 1404 2466 1466 lucem,
2496 1412 2547 1457 et
2577 1407 2671 1456 etis
2709 1401 2760 1454 in
2785 1416 2900 1454 eam
2931 1401 3029 1468 ﬁge
3054 1401 3097 1453 si
3129 1407 3309 1467 potes;
3333 1400 3408 1452 sic

1822 1495 1965 1549 enim
2010 1495 2215 1548 videbis
2244 1495 2368 1562 quid
2394 1494 2556 1548 distet
2601 1492 2846 1544 nativitas
2894 1490 3052 1543 \‘erbi
3107 1489 3197 1543 Dei
3228 1503 3256 1541 a
3289 1503 3409 1557 pro-

1824 1588 2071 1641 cessione
2119 1587 2246 1640 doni
2296 1585 2412 1653 Dei,
2448 1594 2668 1653 propter
2708 1581 2846 1652 quod
2897 1580 3057 1635 Filius
3111 1579 3410 1648 unigenitus

132 1706 427 1776 procedere
475 1704 539 1759 de
564 1704 680 1768 illo,
714 1703 849 1756 sicut
879 1670 1117 1770 procedit
1139 1670 1195 1754 et
1225 1700 1291 1754 de
1333 1700 1467 1768 ipso.
1512 1697 1635 1750 llrec
1654 1695 1718 1748 de

1831 1691 1933 1730 non
1958 1679 2023 1731 de
2049 1678 2208 1731 Patre
2233 1678 2467 1746 genitum
2501 1675 2758 1743 (alioquin
2785 1674 2945 1727 frater
2967 1673 3082 1741 ejus
3104 1670 3296 1741 esset),
3316 1671 3406 1726 sed

134 1798 231 1852 illo
254 1810 502 1851 sermone
532 1795 583 1847 in
614 1793 754 1848 hunc
783 1792 976 1846 librum
1025 1790 1292 1854 transtuli,
1320 1788 1413 1843 sed
1446 1786 1708 1852 fidelibus,

134 1905 241 1942 non
265 1888 574 1941 inﬁdelibus
601 1885 840 1954 loquens.
868 1883 1060 1938 Verum
1101 1884 1144 1937 si
1173 1881 1236 1935 ad
1268 1881 1403 1934 hanc
1433 1879 1714 1947 imaginem

134 1976 577 2041 contuendatu,et
594 1976 658 2030 ad
691 1974 914 2030 videnda
941 1975 1039 2028 ista
1063 1987 1222 2042 quam
1246 1986 1366 2025 vera
1391 1970 1498 2023 sint
1525 1983 1643 2037 quae
1665 1969 1714 2022 in

135 2084 324 2126 eorum
356 2078 532 2122 mente
568 2074 713 2131 sunt,
739 2079 839 2119 nec
868 2064 965 2118 tria
987 2062 1066 2117 sic
1097 2070 1222 2117 sunt
1242 2068 1304 2115 ut
1347 2069 1454 2115 trcs
1476 2074 1717 2130 personae

140 2159 270 2225 sint,
314 2159 406 2213 sed
458 2158 635 2212 omnia
669 2156 768 2210 tria
812 2154 1037 2210 hominis
1084 2163 1209 2208 sunt
1256 2169 1373 2222 qua:
1427 2167 1529 2206 una
1587 2166 1713 2220 per-

142 2265 276 2304 soua
307 2257 408 2312 est,
455 2248 628 2303 minus
674 2245 847 2302 idonei
875 2253 1016 2308 sunt,
1069 2241 1205 2315 [cur]
1248 2244 1337 2312 qui
1367 2259 1472 2296 non
1503 2243 1570 2297 de
1621 2242 1708 2296 illa

137 2356 346 2397 summa
375 2342 654 2404 Trinitate,
684 2355 801 2410 qua:
833 2339 970 2393 Deus
992 2348 1093 2402 εει,
1123 2336 1346 2390 credunt
1372 2337 1544 2403 potius
1571 2335 1711 2404 quod

138 2434 188 2488 in
220 2432 387 2487 sacris
429 2433 622 2487 litteris
676 2431 960 2496 invenitur,
995 2443 1152 2498 quam
1182 2437 1405 2496 poscunt
1432 2426 1719 2496 liquidissi-

138 2538 279 2578 mam
309 2519 580 2577 reddisibi
632 2523 914 2584 rationem,
959 2535 1075 2590 quae
1127 2519 1194 2575 ab
1237 2519 1465 2572 humana
1518 2531 1714 2584 mente,

139 2615 288 2670 tarda
318 2615 523 2670 scilicet
547 2615 887 2683 inﬁrmaque,
916 2629 1020 2667 non
1056 2614 1264 2688 capitur
1291 2631 1304 2668 :
1332 2625 1384 2669 et
1415 2625 1560 2670 certe
1594 2630 1717 2669 cum

139 2706 457 2761 inconcusse
480 2704 807 2759 crediderint
869 2703 1159 2772 Scripturis
1201 2705 1416 2770 sanctis,
1472 2714 1718 2775 tanquam

141 2796 496 2850 veracissimis
529 2786 774 2858 testibus,
801 2805 958 2864 agant
980 2795 1204 2860 orando,
1237 2803 1292 2849 et
1319 2797 1628 2863 quzerendo,
1669 2812 1723 2852 et

142 2891 277 2944 bene
307 2887 532 2942 vivendo
566 2895 622 2940 ut
661 2885 978 2955 intelligant,
1013 2886 1060 2939 id
1104 2893 1187 2940 est
1225 2897 1304 2952 ut,
1347 2898 1599 2955 quantum
1647 2889 1723 2942 vi-

145 2981 255 3033 deri
312 2987 505 3048 potest,
535 2978 776 3031 videatur
803 2977 1150 3046 mente-quod
1194 2985 1401 3031 tenetur
1441 2978 1562 3032 ﬁde.
1593 2979 1722 3045 Quis

145 3070 246 3124 hoc
269 3069 566 3136 prohibeat,
596 3068 703 3122 imo
755 3082 880 3121 vero
907 3067 972 3120 ad
1024 3067 1124 3121 hoc
1152 3068 1271 3134 quis
1319 3082 1421 3121 non
1478 3068 1720 3123 hortatur

144 3156 432 3233 [hortetur]
453 3157 478 3230 _‘l
498 3157 553 3212 Si
578 3165 751 3227 autem
777 3165 1053 3224 propterea
1086 3157 1382 3225 negandum
1416 3164 1598 3224 putant
1626 3159 1723 3211 ista

145 3265 283 3315 esse,
318 3248 436 3318 quia
466 3262 528 3301 ea
551 3263 654 3300 non
681 3246 856 3300 valent
884 3247 1040 3300 cmcis
1068 3246 1330 3299 mentibus
1349 3261 1596 3311 cernere,
1630 3247 1725 3302 de-

147 3342 270 3395 bent
298 3349 353 3394 et
375 3339 447 3393 illi
476 3339 565 3408 qui
597 3353 660 3393 ex
687 3338 966 3392 nativitate
997 3353 1087 3392 sua
1138 3338 1264 3391 caeci
1297 3348 1439 3403 sunt,
1492 3354 1610 3393 esse
1640 3354 1728 3392 so-

147 3431 250 3484 lem
280 3443 496 3499 ncgare.
530 3429 639 3482 Lux
672 3443 798 3497 ergo
829 3427 966 3480 lucet
997 3426 1048 3480 in
1083 3428 1334 3490 tenebris,
1367 3428 1507 3496 quod
1533 3427 1576 3481 si
1609 3444 1723 3481 eam

152 3523 387 3578 tenebrrc
411 3536 511 3574 non
543 3519 1018 3588 comprehendunt,
1053 3518 1420 3571 illuminentnr
1451 3519 1540 3572 Dei
1585 3519 1725 3571 dono

151 3616 295 3684 prius
341 3623 398 3667 ut
436 3612 544 3667 sint
573 3612 773 3676 ﬁdeles,
813 3620 867 3664 et
893 3611 1146 3678 incipiant
1189 3625 1306 3664 esse
1351 3611 1438 3663 lux
1482 3611 1533 3663 in
1578 3626 1726 3663 com-

151 3707 427 3775 paratione
480 3703 996 3770 inﬁdelium;atque
1053 3702 1154 3755 hoc
1204 3701 1480 3768 prtemisso
1539 3701 1723 3753 funda-

153 3808 332 3852 mento
361 3794 708 3856 :rdiﬁcentur,
738 3793 802 3846 ad
836 3792 1057 3846 videnda
1106 3806 1227 3860 quae
1278 3791 1502 3845 credunt
1533 3803 1590 3844 ut
1626 3792 1724 3845 ali-

152 3887 361 3954 quando
402 3883 604 3952 possint
634 3881 834 3935 videre.
881 3882 1009 3942 Sunt
1043 3881 1181 3935 enim
1217 3895 1336 3949 qua;
1380 3881 1447 3933 ita
1492 3881 1721 3935 credun-

154 3987 254 4041 tur,
289 3986 345 4030 ut
387 3975 553 4031 videri
596 3973 703 4044 jam
727 3972 942 4027 omnino
987 3988 1090 4026 non
1127 3973 1332 4040 possint
1369 3990 1380 4023 :
1424 3987 1526 4025 non
1579 3973 1721 4027 enim

153 4065 392 4121 Christus
436 4066 632 4140 iterum?
661 4065 710 4117 in
755 4078 913 4118 cruce
950 4062 1211 4117 videndus
1238 4071 1338 4125 est,
1363 4061 1454 4115 sed
1487 4062 1589 4115 nisi
1624 4063 1722 4116 hoc

155 4159 419 4224 credatur,
452 4156 592 4223 quod
617 4158 685 4210 ita
714 4155 904 4208 factum
948 4161 1106 4223 atque
1141 4154 1311 4207 visum
1350 4159 1453 4218 est,
1498 4161 1553 4206 ut
1582 4152 1724 4206 futu-

157 4263 271 4302 rum
300 4263 364 4302 ac
397 4247 678 4302 videndum
701 4245 810 4314 jam
852 4260 955 4297 non
987 4253 1250 4313 speretur,
1281 4257 1384 4296 non
1418 4243 1723 4312 pervenitur

158 4337 221 4393 ad
249 4336 537 4402 Christum,
571 4335 738 4403 qualis
770 4335 886 4392 sine
911 4333 1011 4387 ﬁne
1040 4333 1295 4387 videndus
1326 4345 1425 4387 est.
1455 4335 1717 4400 Quantum

159 4443 285 4484 vero
310 4427 500 4482 attinet
517 4427 582 4480 ad
613 4427 754 4481 illam
793 4409 1074 4497 summam,
1117 4423 1455 4489 iueﬁ'abilem,
1480 4428 1722 4493 incorpo-

162 4522 348 4585 ralem,
381 4520 960 4588 incommutabilemque
985 4501 1260 4584 naturam,
1291 4535 1385 4588 per
1428 4520 1724 4587 intelligen-

165 4613 286 4666 tiam
318 4622 586 4681 utcunque
633 4610 973 4673 cernendam,
1003 4616 1256 4680 nusquam
1299 4626 1358 4665 se
1396 4613 1584 4665 melius
1617 4611 1726 4681 (reo

162 4711 317 4770 gente
354 4701 608 4754 duntaxat
655 4699 774 4754 ﬁdei
812 4701 1011 4773 regula)
1062 4701 1206 4756 acies
1250 4702 1493 4755 humana:
1534 4701 1724 4756 mentis

161 4800 397 4858 exercet,
441 4804 598 4858 quam
628 4790 681 4844 in
710 4806 773 4845 eo
802 4792 942 4859 quod
977 4791 1088 4860 ipse
1129 4791 1286 4845 homo
1323 4795 1490 4845 in'sua
1537 4801 1722 4846 natura

164 4883 352 4935 melius
409 4882 616 4935 cauet-is
666 4883 999 4947 animalibus,
1060 4884 1246 4937 melius
1300 4885 1456 4937 etiam
1515 4885 1724 4938 caneris

163 4970 353 5021 animae
377 4983 486 5020 sine.
516 4966 755 5036 partibus
785 4970 963 5032 habet,
990 4972 1126 5038 quod
1153 4978 1238 5024 est
1289 4971 1402 5038 ipsa
1441 4986 1613 5035 mens,
1637 4972 1721 5025 cui

164 5062 372 5129 quidam
402 5075 579 5114 rerum
618 5061 956 5115 invisibilium
998 5064 1222 5116 tributus
1271 5073 1352 5117 est
1385 5064 1551 5130 visus,
1587 5072 1640 5117 et
1669 5072 1725 5117 ut

167 5155 519 5222 cui‘tanquam
547 5155 596 5206 in
630 5152 746 5206 loco
775 5155 1046 5219 superiore
1080 5164 1244 5225 atque
1274 5157 1527 5212 interiore
1557 5158 1719 5211 hono-

169 5244 399 5298 rabiliter
429 5244 746 5310 praesidenti,
768 5243 1049 5312 iudicanda
1080 5248 1251 5300 omnia
1297 5248 1540 5302 nuntiant
1561 5250 1719 5302 etiam

167 5335 400 5401 corporis
426 5349 644 5400 sensus;
694 5346 747 5392 et
773 5351 874 5404 qua
913 5353 1016 5390 non
1040 5348 1120 5391 est
1140 5341 1381 5407 superior
1408 5341 1491 5394 cui
1516 5341 1721 5396 subdita

171 5425 387 5492 regendi
418 5433 500 5479 est
525 5427 625 5480 nisi
652 5427 804 5479 Deus.
834 5425 1027 5479 Verum
1062 5429 1199 5482 inter
1228 5431 1358 5492 lucc,
1388 5447 1504 5498 quae
1559 5433 1720 5486 multa

169 5514 270 5580 jatn
301 5514 428 5580 dixi,
459 5527 511 5569 et
536 5518 661 5570 nihil
692 5517 832 5570 illius
863 5534 1081 5571 summm
1123 5519 1396 5574 Trimtatis
1442 5523 1723 5577 ineffabili-

175 5615 274 5659 tate
303 5603 536 5674 dignum,
569 5623 648 5662 mc
683 5607 884 5663 dixisse
923 5609 1091 5664 audeo
1141 5611 1394 5678 proﬁteri,
1439 5613 1528 5666 sed
1561 5615 1726 5668 conﬁ-

1823 1768 2116 1835 procedere
2159 1768 2293 1820 dixit
2347 1766 2602 1835 Spiritutn
2643 1763 3116 1826 sanctum:unde,
3165 1776 3288 1815 cum
3340 1762 3410 1815 sit

1820 1857 2126 1914 communio
2149 1856 2391 1926 qua-dam
2436 1853 2906 1909 consubstantialis
2948 1853 3120 1907 Patris
3167 1861 3222 1906 et
3269 1851 3406 1918 Filii,

1821 1949 2100 2002 amborum
2135 1947 2390 2015 Spiritus,
2421 1962 2524 1999 non
2553 1946 2857 2009 amborum,
2884 1943 3023 2014 quod
3052 1943 3211 2008 absit,
3237 1942 3412 1996 dictus

1819 2053 1902 2098 est
1936 2041 2123 2096 Filius.
2151 2039 2252 2094 Sed
2276 2039 2342 2092 ad
2368 2040 2469 2092 hoc
2494 2038 2725 2092 dilucide
2748 2034 3150 2106 perspicueque
3179 2051 3406 2091 cernen-

1819 2134 1966 2198 dum,
2001 2148 2104 2186 non
2141 2141 2290 2202 potes
2341 2130 2413 2184 ibi
2458 2131 2626 2183 aciem
2680 2128 2866 2197 ﬁgere,
2896 2128 3030 2191 scio,
3083 2142 3187 2180 non
3221 2135 3408 2195 potes;

1821 2238 2003 2279 verum
2034 2222 2177 2290 dico,
2205 2220 2332 2274 mihi
2359 2220 2499 2286 dico,
2542 2218 2666 2295 quid
2711 2235 2815 2272 non
2868 2217 3068 2286 possim
3120 2217 3260 2280 scio;
3296 2215 3409 2285 ipsa

1824 2298 2003 2367 tamen.
2051 2312 2144 2365 tibi
2190 2309 2422 2364 ostendit
2473 2309 2524 2362 in
2587 2317 2638 2362 te
2687 2309 2784 2362 tria
2837 2308 2951 2373 illa,
3003 2308 3055 2361 itt
3103 2307 3296 2377 quibus
3354 2316 3407 2360 tu

1820 2418 2045 2458 summa:
2076 2401 2261 2469 ipsius,
2291 2415 2449 2469 quam
2502 2398 2618 2452 ﬁxis
2661 2399 2831 2452 oculis
2881 2399 3228 2467 contemplari
3266 2413 3404 2452 non-

1821 2493 1944 2547 dum
1986 2492 2154 2554 vales,
2202 2492 2481 2557 imaginem
2510 2488 2804 2544 'Trinitatis
2844 2503 3166 2559 agnosceres
3192 2488 3408 2559 [agnos-

1822 2582 1953 2655 cas].
1985 2582 2103 2652 lp-a
2159 2582 2396 2635 ostendit
2440 2581 2532 2634 tibi
2572 2580 2804 2634 Verbum
2848 2596 3030 2633 verum
3078 2595 3196 2634 esse
3229 2582 3280 2634 in
3328 2590 3406 2645 te,

1824 2673 2035 2744 quando
2063 2671 2130 2727 de
2165 2672 2384 2725 scientia
2419 2681 2506 2723 tua
2530 2669 2782 2740 gignitur,
2809 2670 2859 2724 id
2891 2678 2991 2736 est,
3026 2670 3408 2740 quando.quod

1823 2767 2045 2831 scimus,
2069 2763 2313 2827 dicimus,
2336 2762 2432 2816 etsi
2455 2760 2739 2834 [quamvis]
2765 2761 2958 2816 nullius
2984 2763 3153 2831 gentis
3176 2763 3406 2831 linguam

1828 2856 2216 2926 signiﬁcantem
2273 2871 2479 2918 vocem,
2526 2857 2606 2909 vel
2659 2853 3010 2922 proferamus,
3078 2855 3162 2909 vel
3200 2855 3406 2925 cogite-

1829 2965 1966 3016 mus,
2000 2947 2093 3001 sed
2124 2963 2185 3000 ex
2222 2948 2309 3000 illo
2337 2947 2478 3016 quod
2513 2945 2756 2999 novimus
2784 2945 3033 3013 cogitatio
3061 2956 3242 2999 nostra
3286 2945 3399 3001 for-
3489 2985 3491 2987 -

1750 3041 1794 3102 C
1831 3047 2025 3104 metur,
2058 3039 2232 3106 sitque
2268 3038 2316 3090 iu
2352 3042 2465 3090 acie
2488 3037 2772 3106 cogitantis
2801 3037 2975 3105 imago
3021 3037 3285 3090 simillima
3312 3050 3407 3092 co-

1829 3130 2096 3200 gitationis
2125 3129 2261 3198 ejus,
2315 3145 2469 3198 quam
2517 3129 2769 3183 memoria
2819 3128 3148 3193 continebat,
3177 3128 3274 3182 ista
3301 3127 3407 3183 duo

1827 3219 2048 3283 scilicet,
2093 3220 2235 3270 velut
2272 3230 2543 3285 parentem
2587 3232 2648 3270 ac
2701 3217 2901 3284 prolem
2933 3219 3085 3271 tertia
3139 3218 3408 3272 voluntate

1837 3312 1951 3365 sive
1977 3310 2261 3364 dilectione
2291 3309 2566 3378 jungente.
2603 3308 2772 3382 Quam
2815 3307 3026 3377 quidem
3081 3308 3403 3364 voluntatem

1828 3399 1894 3453 de
1919 3400 2237 3468 cogitatione
2262 3397 2550 3466 procedere
2579 3398 2761 3466 (nemo
2788 3399 2930 3451 enim
2973 3397 3084 3465 vult
3111 3398 3251 3466 quod
3283 3413 3402 3454 om-

1829 3493 1956 3542 nino
1987 3488 2107 3554 quid
2138 3488 2220 3541 vel
2256 3489 2409 3556 quale
2455 3488 2522 3540 sit
2551 3486 2760 3553 nescit),
2803 3502 2907 3540 non
2939 3497 3125 3542 tamen
3153 3501 3274 3547 esse
3298 3503 3406 3543 .co-

1827 3580 2077 3648 gnitionis
2109 3579 2481 3647 imaginem,et
2505 3577 2624 3631 ideo
2649 3577 2934 3646 quamdam
2959 3579 3009 3630 in
3038 3579 3134 3632 hac
3160 3593 3218 3632 re
3245 3559 3417 3634 intel--

1829 3669 2010 3737 ligibili
2029 3669 2317 3721 nativitatis
2335 3678 2386 3721 et
2407 3663 2763 3734 praeessionis
2793 3667 2996 3718 insinua
3007 3666 3394 3732 ri‘dislantiam,

1825 3759 2072 3827 quoniam
2129 3773 2229 3810 non
2283 3756 2382 3810 hoc
2407 3765 2489 3810 est
2537 3757 2858 3825 cogitatione
2894 3756 3203 3824 conspicere
3262 3760 3402 3828 quod

1824 3857 2096 3913 appetere,
2123 3846 2203 3900 vel
2233 3846 2390 3900 etiam
2435 3846 2633 3912 perfrui
2676 3846 2965 3913 voluntate,
3006 3849 3176 3901 cernit
3205 3847 3406 3903 discer-

1826 3937 2006 4004 nitque
2066 3936 2156 4004 qui
2202 3945 2390 4002 potest.
2422 3935 2641 3988 Potuisti
2692 3943 2747 3988 et
2791 3944 2863 3998 tu,
2912 3936 3150 4003 quamvis
3180 3951 3284 3992 non
3307 3954 3406 4007 po-

1827 4027 1986 4080 tueris
2013 4032 2191 4093 utque
2207 4026 2378 4094 possis
2409 4025 2672 4092 explicare
2695 4024 2978 4078 sufﬁcienti
3001 4026 3234 4095 eloquio,
3257 4031 3397 4097 quod

1826 4117 1960 4170 inter
1991 4117 2168 4169 nubila
2214 4115 2613 4169 similitudinum
2659 4115 3010 4183 corporalium
3043 4132 3161 4184 qua:
3204 4122 3403 4187 cogita-

1826 4207 2059 4263 tionibus
2084 4209 2326 4262 liumanis
2351 4222 2632 4261 occursare
2654 4221 2758 4260 non
2777 4205 3051 4272 desinunt,
3081 4210 3177 4269 vix.
3199 4209 3400 4265 vidisti.

1825 4300 1929 4355 Sed
1955 4302 2040 4355 illa
2065 4302 2301 4369 lux,qn:e
2335 4316 2438 4353 non
2457 4309 2535 4354 est
2556 4299 2695 4368 quod
2719 4309 2795 4366 tu,
2819 4310 2869 4355 et
2901 4301 3001 4356 hoc
3029 4303 3119 4356 tibi
3145 4305 3403 4370 ostendit,

1750 4402 1800 4459 ι)
1826 4394 1966 4446 aliud
1998 4407 2115 4446 esse
2149 4393 2262 4446 illas
2293 4391 2633 4459 incorporeas
2668 4391 3044 4446 similitudines
3089 4408 3395 4463 corporum,

1831 4495 1886 4538 et
1915 4484 2056 4538 aliud
2081 4499 2198 4537 esse
2228 4497 2411 4536 verum
2444 4481 2581 4548 quod
2612 4481 2688 4534 eis
2729 4482 3025 4550 reprobatis
3056 4483 3400 4553 intelligentia

1830 4585 2148 4628 coutuemur
2173 4592 2184 4624 :
2224 4574 2336 4626 haec
2359 4583 2408 4624 et
2431 4574 2534 4624 alia
2555 4572 2798 4623 similiter
2825 4583 2968 4636 certa
2994 4573 3161 4627 oculis
3184 4576 3288 4629 tuis
3317 4576 3402 4631 in-

1833 4665 2116 4719 terioribus
2148 4666 2231 4718 lux
2279 4664 2364 4716 illa
2411 4663 2743 4717 monstravit.
2778 4662 2904 4729 Qua:
2935 4664 3086 4732 igitur
3117 4681 3274 4722 causa
3299 4677 3398 4736 est,

1830 4769 1924 4809 cur
1949 4756 2064 4808 acie
2095 4754 2193 4808 ﬁxa
2221 4755 2386 4822 ipsam
2420 4753 2596 4806 videre
2628 4768 2730 4805 non
2762 4757 2955 4820 possis,
2991 4755 3086 4808 nisi
3116 4758 3297 4825 utique
3323 4759 3402 4812 in-

1835 4846 2091 4899 ﬁrmitas?
2140 4853 2196 4899 et
2232 4845 2350 4913 quis
2372 4842 2545 4916 [quid]
2591 4859 2707 4898 eam
2756 4845 2845 4898 tibi
2879 4847 3018 4910 fecit,
3077 4847 3176 4901 nisi
3222 4848 3402 4916 utique

1831 4939 2111 5006 iniquitas?
2142 4938 2269 5003 Quis
2315 4952 2444 5006 ergo
2494 4947 2645 4988 sanat
2689 4951 2878 4992 omnes
2929 4940 3204 5006 languores
3256 4949 3397 5007 tuos,

1831 5031 1928 5084 nisi
1958 5032 2042 5100 qui
2076 5030 2334 5099 propitius
2369 5029 2423 5081 ﬁt
2451 5029 2693 5081 omnibus
2725 5028 3089 5099 iniquitatibus
3128 5031 3277 5085 tuis?

2389 5159 2610 5216 CAPUT
2648 5160 2861 5215 CCLIII.

1833 5273 1981 5340 Quod
2025 5273 2184 5325 omnis
2219 5271 2471 5333 doctrina,
2513 5273 2590 5325 vel
2628 5288 2793 5324 rerum
2819 5272 2979 5325 sitve!
3028 5274 3309 5339 signorum,
3353 5285 3401 5329 et

1899 5359 1975 5396 res
2005 5359 2100 5402 qua
2134 5342 2402 5406 fruendum
2446 5351 2536 5403 est,
2572 5344 2635 5395 sit
2680 5340 2815 5394 Deus
2850 5342 3114 5406 Trinitas;
3141 5359 3204 5396 ex
3232 5343 3368 5398 libro

1900 5413 1960 5464 de
1986 5412 2225 5464 Doctrina
2253 5409 2560 5482 Christiana.

1900 5525 2081 5577 Omnis
2109 5524 2342 5576 doctrina
2389 5523 2471 5576 vel
2506 5538 2678 5576 rerqu
2720 5531 2803 5576 est
2833 5524 2912 5575 vel
2960 5523 3266 5590 signorum;
3298 5526 3391 5580 sed

1831 5632 1914 5671 res
1939 5632 2028 5686 per
2053 5618 2199 5687 signa
2239 5617 2529 5673 discuntur.
2564 5616 2780 5686 Pmprie
2803 5624 2976 5669 autem
3010 5632 3147 5671 nunc
3192 5632 3278 5674 res
3301 5633 3393 5686 ap-
