3904 6224
510 255 616 313 935

1587 243 1650 302 D.
1694 241 2011 302 EUGYPPII
2052 239 2345 303 ADDATIS
2383 239 2708 305 AFRICANI
3681 259 3764 312 95f)

509 364 866 440 peliavi,qua
883 375 989 417 non
1012 360 1077 415 ad
1098 353 1499 427 significandum
1521 354 1718 423 aliquid
1739 355 2085 422 adhibentur,
2119 360 2166 417 Α
2196 359 2409 414 omnia:
2450 359 2522 412 ita
2554 361 2726 424 l‘ater,
2760 367 2812 415 et
2852 359 3041 429 Filius,
3083 369 3140 418 et
3181 361 3416 433 Spiritus
3458 374 3692 431 sanctus,
3718 383 3759 423 et

508 460 653 516 sicut
678 463 761 513 est
781 455 1002 526 lignum,
1039 451 1190 518 lapis,
1239 461 1422 514 pecus,
1448 455 1606 518 atque
1635 446 1939 517 huiusmodi
1984 458 2090 502 ca:-

511 540 647 614 tera,
686 548 779 601 sed
822 556 925 596 non
973 538 1103 593 illud
1135 531 1332 607 lignum
1373 536 1515 606 quod
1571 537 1622 591 in
1663 549 1830 607 aquas
1879 549 2088 591 amaras

513 640 735 712 bioysen
767 631 978 688 misisse
1003 631 1249 702 legimus,
1287 638 1344 684 ut
1404 629 1763 685 amaritudine
1801 636 2086 691 carerent,

516 730 688 798 neq“
751 722 840 779 ille
867 721 1002 791 lapis
1032 735 1189 792 quem
1215 719 1382 776 Jacob
1413 719 1513 774 sibi
1536 721 1601 774 ad
1632 731 1786 789 caput
1819 727 2085 788 posuerat,

513 831 685 887 neque
699 813 824 869 illud
840 821 1001 882 pecus
1017 809 1159 881 quod
1176 824 1272 893 pro
1311 811 1423 865 lilio
1452 810 1750 865 immolavit
1778 808 2047 864 Abraham
2071 822 2085 860 :

512 911 594 967 hae
623 922 855 976 namque
882 907 955 961 ita
987 919 1075 961 res
1099 914 1248 976 sunt,
1273 915 1331 960 ut
1359 905 1585 959 aliarum
1621 908 1780 958 etiam
1806 904 1954 974 signa
1982 901 2089 956 sint

509 1013 712 1060 rerum.
741 997 1085 1074 Suntautem
1107 998 1213 1053 alia
1239 998 1389 1068 signa
1417 1012 1640 1068 quorum
1670 997 1846 1052 omnis
1877 1009 2005 1051 usus
2022 997 2089 1050 (in

505 1090 859 1168 signiﬁcando
882 1084 985 1157 est,
1007 1089 1163 1168 sicuti
1191 1085 1330 1148 sunt
1357 1091 1515 1144 verba
1543 1087 1745 1145 {nemo
1765 1090 1906 1146 enim
1927 1089 2091 1143 utitur

510 1184 712 1249 verbis,
745 1180 852 1256 nisi
876 1179 1076 1250 aliquid
1097 1178 1428 1253 signiﬁcandi
1456 1179 1650 1249 gratia.
1683 1179 1760 1233 Ex
1792 1196 1898 1249 quo
1934 1175 2092 1234 intel-

507 1276 689 1356 ligitur
716 1264 1136 1346 tiuid'appellem
1156 1272 1342 1342 signa,
1385 1287 1475 1326 res
1522 1287 1622 1327 eas
1667 1272 1932 1339 videlicet,
1979 1287 2098 1342 quae

510 1364 578 1425 ad
640 1357 1043 1438 signiﬁcandum
1095 1362 1296 1434 aliquid
1348 1362 1694 1419 adhibentur.
1737 1364 2094 1430 Quamobrem

504 1450 901 1530 o'mneslgnum'
930 1451 1095 1511 etiam
1125 1467 1214 1508 res
1263 1451 1436 1530 aliqua
1464 1461 1549 1508 est
1574 1471 1587 1508 :
1614 1454 1753 1523 quod
1781 1454 1922 1509 enim
1954 1455 2094 1511 nulla

511 1543 600 1609 res
625 1560 726 1617 est,
751 1541 971 1604 omnino
1003 1547 1131 1600 nihil
1156 1536 1260 1602 est.
1281 1531 1398 1600 Neu
1415 1555 1593 1599 autem
1625 1546 1802 1600 omnis
1834 1562 1920 1599 res
1936 1550 2094 1601 etiam

508 1629 816 1712 signum‘est
831 1656 842 1692 :
859 1648 908 1693 et
931 1618 1050 1693 ideo
1073 1636 1247 1691 in'ltac
1262 1634 1524 1691 divisione
1546 1650 1720 1691 rerum
1746 1645 1904 1706 atque
1923 1636 2096 1705 signo-

2191 451 2431 526 singuitts
2472 451 2696 519 quisque
2736 453 2924 506 horum
2955 452 3117 520 Deus,
3149 462 3203 507 et
3231 455 3389 508 simul
3429 471 3622 509 omnes
3647 472 3761 510 unus

2194 539 2356 607 Deus,
2380 547 2435 595 et
2463 541 2694 608 singulos
2719 542 2945 610 quisque
2971 543 3162 598 horum
3191 545 3342 614 picna
3372 547 3687 610 substantia,
3714 559 3754 603 et

2193 627 2350 682 simul
2409 643 2598 684 omnes
2628 643 2730 682 una
2771 630 3093 699 substantia,
3123 633 3280 688 Pater
3319 649 3416 689 nec
3463 633 3628 690 Filius
3667 647 3748 694 est.

2194 730 2293 771 nec
2319 717 2548 785 Spiritus
2586 728 2832 784 sanctus;
2867 720 3032 777 Filius
3078 738 3174 777 nec
3204 723 3358 778 Pater
3385 736 3491 794 est,
3532 740 3624 780 nec
3654 725 3751 794 Spi-

2195 811 2328 865 ritus
2349 823 2592 877 sanctus;
2625 812 2850 881 Spiritus
2880 824 3094 868 sanctus
3121 830 3218 870 nec
3244 815 3418 883 Pater,
3452 834 3553 874 nec
3585 818 3748 873 Filius:

2194 901 2292 957 sed
2319 901 2477 958 Pater
2517 911 2719 958 tantum
2774 905 2951 970 Pater,
2980 921 3030 960 ez
3060 905 3222 959 Filius
3253 915 3452 960 tantum
3508 909 3679 976 Filius,
3710 920 3751 961 ct

2196 990 2429 1058 Spiritus
2483 1002 2702 1048 sanctus
2757 1003 2956 1047 tantum
3012 995 3240 1063 Spiritus
3295 1008 3529 1051 sanctus.
3581 999 3749 1052 Ealem

2197 1084 2368 1139 tribus
2420 1088 2712 1154 reternitas,
2761 1087 2949 1140 eadem
3010 1087 3534 1154 incommutabiiitas,
3587 1092 3746 1144 eadem

2199 1174 2471 1245 majestas,
2519 1176 2707 1230 eadem
2751 1186 3006 1244 potestas.
3042 1178 3096 1231 In
3137 1177 3293 1233 Patre
3334 1181 3525 1244 unitas,
3561 1184 3608 1233 in
3637 1181 3750 1234 Fil‘o

2198 1266 2500 1336 aequalitas,
2535 1267 2586 1321 in
2628 1266 2826 1336 Spiritu
2879 1275 3063 1322 sancto
3103 1269 3318 1322 unitatis
3352 1270 3748 1339 :equalitatisque

2198 1359 2518 1426 concordia;
2542 1370 2592 1413 et
2616 1361 2715 1414 tria
2747 1359 2863 1414 haec
2886 1375 3085 1426 unum;
3115 1361 3293 1415 omnia
3321 1371 3536 1430 propter
3565 1362 3747 1416 Patrem

2199 1452 2446 1522 aqualis,
2467 1453 2647 1506 omnia
2667 1461 2884 1521 propter
2912 1451 3102 1506 Filium
3131 1466 3394 1518 connexa,
3419 1454 3588 1506 omnia
3611 1467 3747 1521 prop-

2200 1550 2282 1596 ter
2338 1541 2596 1608 Spiritum
2644 1551 2909 1596 sanctum.
2957 1543 3262 1597 Diximusne
3295 1543 3484 1611 aliquid
3514 1554 3564 1598 et
3593 1543 3744 1597 sonui-

2200 1645 2319 1686 mus
2341 1631 2539 1701 aliquid
2584 1631 2801 1702 dignum
2849 1633 2958 1687 Deo
3001 1634 3024 1686 τ
3064 1634 3169 1686 imo
3194 1648 3323 1688 vero
3353 1635 3476 1687 nihil
3521 1652 3598 1688 me
3625 1636 3741 1686 aliud

505 1717 777 1796 runt-,cum
803 1728 870 1784 de
888 1718 1048 1784 rebus
1067 1725 1354 1793 loquimur,
1381 1724 1454 1779 ita
1486 1723 1773 1794 loquimur,
1795 1736 1852 1779 ut
1877 1725 2085 1780 etiamsi
2121 1717 2165 1776 Β
2191 1738 2350 1792 quam
2376 1725 2557 1779 dicere
2583 1724 2816 1778 voluisse
2842 1724 3038 1779 sentio.
3073 1725 3128 1780 Si
3152 1735 3329 1780 autem
3370 1726 3494 1794 dixi,
3534 1742 3630 1779 non
3661 1728 3742 1778 hoc

506 1813 693 1878 sanun
719 1819 912 1889 aliqua
933 1811 1175 1871 adhiberi
1202 1815 1266 1869 ad
1289 1797 1695 1884 significandum
1726 1815 1953 1884 possint,
1981 1825 2088 1870 non

505 1888 1170 1999 impediantpartitioneth
1201 1921 1301 1977 qua
1337 1904 1485 1977 prius
1513 1906 1581 1961 de
1602 1907 1784 1976 rebus,
1817 1916 1997 1976 postea
2023 1904 2089 1962 de

503 1993 672 2078 signis
709 1993 1084 2068 disseruimus,
1112 1999 1523 2068 memoritcrque
1569 2006 1847 2055 teneamus
1874 1999 1924 2053 id
1949 2016 2105 2056 nunc-

439 2138 444 2143 .
507 2098 561 2152 itt
607 2084 765 2150 rebus
789 2084 1235 2168 conSiderandttrit
1266 2093 1385 2146 esse
1417 2090 1560 2162 quod
1605 2101 1751 2156 sunt,
1803 2106 1910 2146 non
1946 2093 2085 2163 quod

506 2177 649 2242 aliud
677 2185 837 2240 etiam
865 2190 1059 2252 praeter
1080 2182 1286 2251 seipsas
1323 2181 1646 2251 significant.
1673 2183 1778 2238 Res
1817 2197 1945 2252 ergo
1970 2185 2088 2238 alia:

504 2287 647 2341 sunt,
681 2271 870 2341 quibus
920 2267 1200 2326 fruendum
1247 2278 1364 2336 est;
1410 2271 1550 2339 aliae,
1613 2271 1806 2343 quibus
1832 2273 2086 2328 utendum

505 2356 628 2434 est';
652 2356 790 2430 aliae,
815 2377 935 2435 qua:
968 2361 1210 2417 fruuntur
1225 2372 1277 2417 et
1296 2365 1539 2418 utuntur.
1565 2361 1672 2418 illa:
1693 2361 1884 2433 quibus
1918 2363 2090 2420 fruen-

505 2456 630 2513 dum
647 2449 750 2522 est,
770 2450 868 2511 nos
880 2456 1063 2511 beatos
1081 2446 1282 2509 faciunt
1301 2469 1316 2522 ;
1338 2455 1455 2510 istis
1470 2436 1664 2524 quibus
1683 2455 1941 2510 utendum
1979 2466 2082 2523 est,

505 2534 785 2606 tendentes
804 2545 869 2601 ad
885 2530 1268 2617 beatitudinem
1287 2542 1619 2614 adjuvamur,
1636 2554 1688 2599 et
1705 2545 1853 2613 quasi
1868 2534 2084 2600 admini-

507 2625 765 2702 colamur,
794 2641 852 2692 ut
876 2632 946 2691 ad
965 2635 1082 2692 illas
1101 2649 1219 2706 qua:
1245 2648 1342 2690 nos
1365 2633 1551 2690 beatos
1583 2633 1782 2690 faciunt
1803 2635 2086 2706 pervenire

512 2724 673 2801 atque
702 2728 785 2784 his
814 2727 1078 2783 inberere
1128 2722 1415 2796 possimus.
1444 2725 1552 2781 Nos
1584 2741 1712 2781 vero
1741 2727 1829 2795 qui
1860 2724 2088 2782 fruimur

505 2827 560 2878 et
582 2819 779 2878 utimur
798 2819 936 2875 inter
962 2816 1212 2888 utrasque
1229 2818 1526 2886 constituti,
1544 2819 1591 2873 si
1614 2819 1693 2874 eis
1715 2821 1908 2888 quibus
1938 2828 2085 2874 uten-

506 2919 632 2973 dum
661 2925 742 2970 est
764 2913 866 2969 frui
895 2911 1248 2994 voluerimus,
1270 2898 1556 2982 impeditur
1581 2903 1771 2967 cursus
1799 2925 2003 2979 noster,
2033 2924 2086 2968 ιιι

2193 1824 2278 1872 est
2303 1816 2445 1885 quod
2477 1817 2658 1871 dicere
2683 1817 2823 1871 volui
2841 1833 2867 1883 ;'
2893 1817 2991 1872 hoc
3021 1817 3162 1873 unde
3193 1819 3327 1881 scio,
3357 1819 3453 1872 nisi
3482 1819 3590 1886 quia
3622 1818 3738 1872 Deus

2194 1908 2483 1964 inet'l'abilis
2513 1917 2595 1964 est
2621 1926 2634 1975 ;
2667 1908 2808 1978 quod
2842 1918 3020 1964 autem
3055 1925 3083 1961 a
3117 1924 3199 1963 me
3220 1909 3417 1963 dictum
3440 1919 3534 1971 est,
3564 1909 3603 1961 si
3632 1907 3740 1962 incl-

2195 1999 2353 2055 labile
2374 2009 2537 2064 esset,
2564 2001 2766 2055 dictum
2796 1987 2900 2054 non
2932 2000 3110 2054 esset?
3140 2000 3216 2054 Ac
3241 2014 3336 2068 per
3367 2000 3461 2052 liOC
3490 2014 3549 2052 ne
3576 1997 3734 2051 inetia-

2190 2092 2311 2148 bilis
2340 2077 2554 2163 quidem
2598 2091 2854 2147 dicendus
2908 2100 2990 2146 est
3039 2092 3212 2158 Deus;
3246 2094 3368 2161 quia
3407 2102 3456 2144 et
3503 2091 3591 2144 hoc
3634 2103 3736 2142 cum

2195 2184 2412 2253 dicitur,
2449 2183 2648 2254 aliquid
2680 2183 2900 2248 dicitur,
2931 2194 2983 2238 et
3007 2184 3053 2236 lit
3089 2184 3273 2237 ne~cio
3300 2199 3417 2253 qua:
3459 2196 3609 2251 pugna
3633 2196 3734 2232 vcr-

2191 2274 2381 2330 borum
2409 2276 2698 2345 :quoniam
2728 2275 2772 2329 si
2803 2275 2931 2329 illud
2963 2285 3046 2330 est
3074 2275 3344 2329 inellabile
3366 2275 3496 2343 quod
3526 2274 3616 2328 dici
3644 2288 3729 2325 non

2193 2372 2370 2435 petest
2413 2380 2518 2419 non
2572 2373 2656 2419 est
2695 2365 2970 2420 ineil'abile
3034 2365 3177 2435 quod
3236 2364 3321 2419 vel
3365 2363 3724 2418 iueﬂabiledici

2191 2469 2386 2530 potest.
2409 2460 2541 2528 ρυω
2569 2476 2737 2530 pugna
2766 2460 3051 2515 verborum
3078 2461 3291 2514 :ilentio
3314 2440 3539 2514 cavenda
3563 2462 3727 2526 potius.

2190 2567 2348 2623 quam
2380 2567 2514 2607 voce
2546 2553 2782 2621 pacanda
2811 2562 2912 2607 est.
2949 2553 3012 2606 Et
3038 2563 3211 2607 tamen
3240 2553 3397 2619 Deus,
3426 2569 3532 2606 cum
3559 2552 3616 2605 de
3656 2551 3730 2605 iilo

2191 2642 2324 2697 nihil
2354 2643 2516 2714 digne
2541 2643 2644 2698 dici
2684 2644 2872 2714 possit,
2907 2644 3123 2699 admisit
3150 2645 3395 2699 humana:
3437 2646 3564 2699 vocis
3596 2644 3728 2699 obse-

2190 2735 2396 2803 quium,
2424 2745 2478 2790 et
2507 2735 2682 2791 verbis
2703 2736 2901 2790 nostris
2929 2736 2981 2790 in
3011 2735 3166 2790 laude
3188 2750 3278 2788 sua
3305 2736 3523 2805 gaudere
3542 2749 3622 2788 nos
3644 2750 3723 2786 vo-

2188 2824 2304 2881 luit.
2334 2824 2464 2879 Nam
2506 2825 2627 2879 inde
2657 2834 2737 2880 est
2764 2835 2818 2881 et
2848 2825 2989 2895 quod
3018 2828 3214 2882 dicitur
3258 2827 3416 2882 Deus.
3462 2825 3560 2881 Non
3599 2825 3722 2880 enim

2188 2930 2377 2971 revera
2437 2916 2489 2970 in
2530 2916 2756 2986 strepitu
2789 2919 3010 2971 iSIarum
3040 2916 3261 2971 duarum
3304 2918 3598 2987 syllabarum
3628 2915 3726 2982 ipso

417 3055 422 3061 .
510 2999 799 3087 aliquando
825 3007 986 3060 etiam
1032 2997 1354 3085 deﬂectitur,
1392 3013 1452 3058 ut
1485 3003 1552 3058 ab
1578 3005 1664 3060 bis
1694 3007 1852 3062 rebus
1893 3004 2085 3075 quibus
2131 3085 2148 3087 ξ
2185 3005 2547 3077 cognoscitur,
2577 3007 2669 3063 sed
2713 3015 2889 3062 tamen
2921 3021 3109 3062 omnes
3137 3007 3339 3061 Latina.-
3384 3008 3558 3077 lingu-.2
3581 3006 3721 3070 scies,

503 3085 782 3152 fruendum
797 3093 1906 3152 estobtinendisvelretardemurveletiam
1925 3113 2078 3155 revo-
2110 3085 2156 3146 C
2187 3115 2308 3154 cum
2347 3114 2504 3156 aures
2531 3114 2717 3155 eorum
2746 3113 2909 3154 sonus
2941 3100 3042 3154 iste
3072 3100 3324 3169 tetigerit,
3356 3100 3456 3171 42
3484 3109 3633 3153 movet
3659 3103 3716 3151 ad

504 3179 710 3258 εδῐῒψιέ.
737 3185 1048 3241 inferiorum
1083 3199 1268 3240 a-nore
1301 3185 1601 3256 praepediti.
1639 3186 1765 3242 Frui
1801 3199 1884 3243 est
1910 3190 2080 3257 enim,

505 3265 692 3334 amore
720 3263 984 3359 inhaerere
995 3275 1152 3330 alicui
1166 3264 1267 3341 rei,
1279 3285 1497 3345 propter
1514 3277 1766 3347 seipsam.
1783 3278 1865 3334 Uti
1884 3289 2083 3344 autem,

506 3365 713 3444 quodin
731 3362 883 3424 usum
899 3359 1102 3422 venerit
1115 3367 1180 3420 ad
1196 3366 1246 3421 id
1260 3367 1396 3435 quod
1416 3375 1624 3422 amatur
1639 3368 1984 3425 obtinendum
2002 3387 2087 3428 re-

505 3462 667 3526 lotre,
681 3460 725 3516 si
739 3469 915 3515 tamen
933 3458 1217 3514 amandum
1230 3467 1308 3512 est
1325 3473 1338 3511 :
1357 3472 1478 3512 nam
1496 3473 1620 3513 usus
1638 3458 1871 3528 illicitos,
1891 3460 2087 3527 abusus

502 3544 821 3627 potius,"le
862 3549 1068 3616 abusio,
1111 3547 1463 3626 nominandus
1487 3557 1588 3604 est.
1637 3549 1916 3620 Quomodo
1959 3566 2087 3620 ergo

504 3641 551 3710 si
579 3647 820 3713 essemus
849 3638 1134 3709 peregrini,
1173 3639 1264 3708 qui
1309 3639 1464 3694 beate
1494 3639 1672 3694 vivere
1702 3639 1802 3700 nisi
1836 3639 1888 3695 in
1919 3641 2085 3710 pan-ia

503 3737 616 3806 non
644 3731 942 3804 possemus,
974 3745 1145 3800 eaque
1177 3731 1608 3801 peregrinatione
1653 3731 1838 3802 utique
1879 3735 2083 3802 miseri,

505 3830 565 3881 et
593 3808 878 3880 miseriam
898 3819 1053 3875 linire
1082 3819 1377 3892 cupientes,
1414 3819 1467 3876 in
1498 3822 1722 3891 patriam
1754 3823 1929 3878 redire
1977 3825 2087 3881 vel-

507 3915 711 3992 lamus,
731 3922 865 3992 opus
894 3922 1040 3990 esset
1069 3913 1157 3969 vel
1201 3912 1540 3970 terrestribus
1584 3913 1666 3969 vel
1694 3914 1914 3971 marinis
1939 3918 2085 3973 vehi-

484 3990 667 4073 .c‘tilis,‘
685 3990 878 4081 quibus
903 4003 1161 4062 utendum
1185 4011 1330 4059 esset
1351 4013 1407 4058 ut
1427 4004 1493 4058 ad
1522 4005 1748 4074 patriam
1775 4021 1877 4077 qua
1910 4009 2086 4062 fruen-

504 4093 631 4159 dum
658 4103 775 4157 erat
795 4099 1100 4175 pervenire
1139 4097 1442 4175 valeromus
1467 4113 1479 4148 :
1505 4097 1647 4166 quod
1668 4099 1713 4152 si
1747 4100 2086 4155 arnmnitates

501 4188 734 4262 itineris,
760 4200 813 4250 et
849 4191 965 4263 ipsa
991 4189 1217 4260 gestatio
1256 4185 1628 4262 vehiculorum
1649 4204 1746 4244 nos
1769 4188 2082 4260 delectaret,

502 4285 748 4361 eonversi
768 4285 834 4342 ad
866 4281 1150 4348 fruendum
1184 4280 1266 4338 his
1292 4282 1482 4354 quibus
1516 4281 1592 4336 uti
1625 4282 1928 4349 debuimus,
1965 4285 2084 4340 nol-

504 4377 676 4444 lemus
695 4375 804 4432 cito
821 4374 963 4430 viam
985 4373 1162 4441 linire,
1183 4381 1239 4426 et
1256 4386 1501 4442 perversa
1519 4371 1780 4428 suavitate
1800 4372 2074 4444 implicati,

507 4467 867 4538 alienaremur
895 4480 925 4520 a
957 4463 1149 4534 patria,
1177 4461 1333 4535 cujus
1357 4462 1595 4517 suavitas
1625 4463 1826 4519 iaceret
1854 4465 2072 4533 beatos;
2105 4453 2156 4514 D

507 4558 586 4621 sic
602 4556 658 4618 in
686 4545 841 4626 huius
856 4553 1196 4610 mortalitatis
1218 4553 1324 4609 vita
1346 4553 1745 4623 peregrinantes
1771 4571 1800 4608 a
1828 4555 2074 4626 Domino,

504 4643 754 4706 si‘redire
798 4645 862 4701 ad
905 4646 1126 4715 patriam
1168 4644 1435 4709 volumus,
1467 4645 1554 4699 ubi
1579 4643 1721 4699 beati
1759 4660 1880 4700 esse
1908 4649 2079 4716 possi-

505 4745 656 4807 mus,
681 4735 1030 4810 utendum'ost
1053 4739 1153 4790 hoc
1175 4736 1394 4800 mundo,
1417 4750 1523 4790 non
1546 4733 1855 4803 fruendum,
1879 4739 2082 4794 utinvi-

503 4815 678 4888 sibilia
694 4824 806 4894 Dei,
825 4831 926 4897 per
943 4831 1005 4883 ea
1019 4827 1282 4898 qualiacta
1307 4837 1430 4885 sunt
1443 4827 1731 4893 intellecta,
1745 4825 2082 4900 Conspician-

504 4909 612 4985 tur,
629 4911 731 4975 lioc
749 4924 833 4974 est
847 4914 980 4972 utde
995 4917 1359 4994 corporalibus
1377 4919 1862 4990 temporalibusque
1894 4921 2074 4991 rebus,

504 5017 702 5070 acterna
713 5018 768 5066 et
785 5008 1038 5081 spiritalia
1065 5010 1351 5078 capiamus.
1374 5010 1479 5064 lies
1503 5010 1872 5082 igiturquibus
1891 5011 2075 5069 fruen-

502 5104 936 5172 dum'est',l’ater,
949 5111 1000 5157 et
1015 5101 1198 5165 Filius,
1215 5113 1268 5156 et
1282 5103 1510 5171 Spiritus
1530 5114 1764 5169 sanctus,
1781 5104 2076 5177 eademque

505 5197 758 5261 Trinitas,
783 5208 884 5249 una
908 5193 1150 5263 quaedam
1183 5205 1385 5247 summa
1415 5209 1502 5250 res
1529 5197 1932 5272 communisque
1957 5213 2075 5253 orn-

503 5289 658 5344 nibus
700 5286 993 5341 iruentibus
1031 5300 1126 5351 ea;
1167 5283 1212 5340 si
1248 5291 1424 5340 tamen
1470 5301 1578 5356 res,
1629 5295 1686 5343 et
1728 5302 1834 5343 non
1892 5304 2071 5345 rerum

503 5380 738 5435 omnium
765 5393 947 5444 causa,
977 5378 1020 5431 si
1053 5387 1229 5431 tamen
1261 5386 1318 5431 et
1344 5387 1524 5430 causa.
1565 5377 1680 5435 Non
1726 5380 1869 5435 enim
1918 5382 2074 5438 facile

504 5487 694 5527 nomen
750 5469 888 5539 quod
938 5478 1095 5524 tanta:
1131 5469 1462 5524 excellentiae
1507 5475 1802 5542 conveniat,
1847 5474 2073 5531 inveniri

505 5571 696 5630 potest,
726 5561 827 5616 nisi
859 5559 999 5631 quod
1054 5560 1243 5615 melius
1274 5560 1344 5615 ita
1390 5560 1604 5626 dicitur,
1651 5563 1887 5620 Trinitas
1934 5567 2066 5632 hate,

503 5666 636 5708 unus
667 5651 824 5722 Deus,
861 5665 925 5707 ex
955 5666 1061 5720 quo
1089 5652 1288 5723 omnia,
1322 5669 1416 5723 per
1453 5669 1610 5725 quem
1641 5657 1838 5727 omnia,
1869 5658 1921 5713 in
1961 5674 2069 5731 quo

2189 3189 2524 3259 cogitandam
2549 3188 3056 3244 estellentissimam
3082 3190 3366 3258 quamdam
3393 3189 3718 3244 immortalem-

2189 3294 2291 3348 que
2337 3291 2601 3335 naturam.
2635 3279 2764 3333 Nam
2792 3294 2913 3335 cum
2955 3281 3043 3335 ille
3071 3296 3209 3336 unus
3248 3280 3504 3351 cogitatur
3534 3278 3717 3334 deorum

2194 3372 2355 3437 Deus,
2399 3371 2576 3427 abhis
2612 3372 2774 3426 etiam
2807 3371 2895 3442 qui
2940 3371 3073 3426 alios
3110 3381 3164 3427 et
3193 3371 3538 3441 suspicantur,
3569 3377 3616 3425 et
3638 3384 3719 3421 vo-

2189 3472 2332 3530 cant,
2363 3472 2416 3519 et
2447 3464 2630 3517 colunt
2656 3462 2809 3528 deos,
2840 3462 2952 3518 sive
2989 3464 3041 3518 in
3079 3463 3239 3528 cosio,
3282 3463 3395 3518 sive
3421 3463 3470 3516 in
3497 3470 3634 3522 tem,
3661 3451 3717 3513 ita

2189 3556 2476 3624 cogitatur,
2503 3563 2558 3607 ut
2589 3553 2790 3624 aliquid
2814 3569 2919 3624 quo
2949 3554 3078 3608 nihil
3103 3556 3172 3607 sit
3199 3553 3385 3608 melius
3415 3562 3554 3622 atque
3580 3549 3715 3604 subli-

2193 3650 2330 3703 mius
2360 3650 2447 3703 illa
2485 3648 2735 3719 cogitatio
2764 3657 2986 3703 conetur
3010 3649 3292 3716 attingere.

2713 3737 2941 3794 CAPUT
2977 3737 3194 3794 CCLIV.

2193 3829 2270 3884 De
2299 3821 2602 3900 purgatione
2632 3829 2814 3900 mentis
2849 3829 2916 3882 ad
2949 3829 3219 3900 fruendam
3263 3829 3408 3882 illam
3447 3833 3590 3884 [tum
3625 3842 3714 3893 qm

2258 3898 2313 3954 se
2332 3898 2463 3952 vitim
2493 3900 2637 3953 nobis
2665 3898 2915 3970 praebens,
2940 3898 3176 3970 superbis
3207 3903 3357 3953 stulte
3385 3903 3548 3968 fecisse
3573 3908 3711 3970 putata

2259 3981 2333 4024 est
2364 3969 2862 4038 humanum'genus.
2913 3969 2976 4023 de
3005 3971 3270 4023 contraria
3321 3981 3365 4023 et
3411 3971 3470 4024 de
3510 3969 3713 4024 simillia:

2259 4053 2475 4102 curans;
2507 4055 2571 4093 ea:
2597 4039 2769 4093 eodem
2801 4039 2928 4092 libro
2958 4056 2996 4094 ι.

2258 4131 2593 4199 Quapropter
2636 4145 2758 4185 cum
2813 4130 2902 4185 illa
2955 4133 3180 4188 veritate
3234 4130 3592 4202 perimendum
3639 4131 3710 4184 εἰ.

2185 4238 2308 4295 qua
2335 4221 2840 4278 incommutabiiiter
2882 4224 3028 4288 vivit,
3062 4233 3116 4279 et
3143 4223 3196 4277 in
3227 4241 3292 4280 ea
3341 4225 3561 4280 Trinitas
3601 4224 3711 4277 Dens

2185 4325 2370 4370 auctor
2390 4321 2446 4370 et
2465 4313 2715 4370 conditor
2736 4316 2963 4370 universi
2973 4315 3117 4380 tatis,
3139 4316 3300 4372 rebus
3349 4331 3476 4384 quas
3497 4314 3710 4396 condidit.

2186 4406 2449 4472 consulat,
2480 4405 2783 4482 purgandus
2835 4415 2917 4461 est
2965 4407 3306 4475 animosum
3352 4415 3407 4461 et
3458 4405 3712 4475 perspit-rre

2187 4498 2333 4553 illam
2358 4495 2534 4552 lucem
2566 4496 2760 4561 valeat,
2790 4505 2846 4551 et
2895 4496 3160 4551 inhaerere
3206 4508 3494 4566 perspecta:
3530 4511 3546 4550 :
3584 4509 3710 4564 quam

2185 4589 2592 4661 purgationem,
2649 4589 2802 4659 quasi
2854 4587 3272 4643 ambulationem
3327 4587 3630 4654 quamdam,
3672 4595 3712 4638 et

2184 4680 2332 4749 quasi
2363 4677 2754 4748 navigationem
2780 4677 2846 4732 ad
2873 4679 3095 4748 patriam
3125 4693 3248 4734 esse
3274 4678 3596 4733 arbitremur.
3619 4675 3710 4732 Non

2184 4768 2325 4822 enim
2356 4765 2421 4820 ad
2463 4781 2583 4821 eum
2633 4767 2723 4837 qui
2768 4767 2966 4837 ubique
3015 4783 3251 4838 praesens
3281 4777 3364 4822 est
3411 4769 3537 4823 locis
3566 4780 3711 4820 move-

2186 4872 2326 4930 mur,
2358 4856 2452 4912 sed
2492 4857 2634 4911 bono
2659 4857 2835 4912 studio
2866 4858 3126 4928 bonisque
3169 4859 3430 4925 moribus,
3473 4856 3596 4927 quod
3624 4868 3707 4907 non

2181 4961 2482 5019 possemus,
2536 4946 2640 5003 nisi
2687 4948 2801 5018 ipsa
2841 4935 3102 5018 sapientia
3155 4957 3316 5003 tanta
3345 4950 3499 5002 etiam
3546 4954 3708 5001 nostra

2181 5036 2474 5092 inﬁrmitati
2522 5053 2817 5109 congruere
2861 5037 3194 5109 dignaretur,
3245 5049 3303 5092 et
3349 5037 3543 5092 vivendi
3583 5034 3707 5089 nobis

2179 5129 2439 5196 praeberet
2473 5132 2802 5202 exemplum,
2852 5146 2956 5185 non
3009 5131 3162 5186 aliter
3211 5148 3371 5199 quam
3407 5133 3455 5186 in
3503 5130 3700 5188 homine.

2177 5221 2426 5289 quoniam
2457 5233 2510 5275 et
2542 5235 2639 5276 nos
2670 5221 2913 5276 homines
2953 5236 3159 5278 sumus.
3193 5221 3302 5278 Sed
3346 5225 3463 5293 quia
3496 5236 3584 5275 nos
3603 5232 3700 5272 cum

2175 5311 2241 5363 ad
2263 5309 2406 5363 illam
2429 5311 2692 5375 venimus,
2716 5313 2985 5380 sapienter
3009 5313 3267 5380 l’mimus;
3293 5317 3402 5384 ipsa
3422 5330 3531 5369 cum
3550 5312 3604 5365 ad
3623 5322 3699 5363 nm

2177 5399 2340 5464 venit,
2365 5401 2432 5455 ab
2461 5400 2761 5457 hominibus
2789 5405 3036 5472 superbis
3055 5406 3207 5475 quasi
3236 5408 3396 5460 stulte
3425 5405 3594 5460 iecisse
3619 5416 3691 5470 pd.

2178 5498 2281 5542 tata
2333 5499 2414 5544 est
2461 5506 2474 5543 :
2523 5501 2578 5545 et
2615 5493 2866 5560 quoniam
2901 5492 2997 5548 nos
3040 5511 3158 5549 cum
3193 5495 3256 5549 ad
3307 5497 3446 5550 illam
3476 5496 3691 5551 vanitati.

2177 5579 2620 5646 convalescimus,
2650 5581 2762 5652 ipsa
2793 5598 2913 5638 cnm
2945 5584 3008 5638 ad
3037 5601 3133 5639 nos
3158 5587 3322 5652 venit,
3354 5587 3495 5654 quasi
3524 5583 3689 5639 inﬁrma

2176 5670 2475 5725 existimata
2504 5682 2619 5739 est;
2657 5673 2747 5728 scd
2781 5675 2920 5744 quod
2952 5676 3171 5735 stultum
3196 5688 3277 5733 est
3310 5677 3418 5744 Dei,
3450 5671 3686 5746 sapit-alis!
