3830 6228
74 276 192 331 957

1291 250 1738 326 ’l‘llESAURL'S.
1782 269 1936 325 car.
1980 270 2197 326 ccu't.

3258 277 3357 330 958

71 398 169 442 est
205 404 390 458 quam
415 388 676 452 homines,
703 396 757 443 et
781 386 918 457 quod
951 386 1210 442 infirmum
1238 389 1326 439 est
1355 378 1466 442 Dei,
1496 374 1692 434 fortius
1721 386 1766 443 Α
1794 382 1934 452 quod
1991 380 2086 451 per
2139 383 2389 438 feminam
2446 382 2695 453 deceptus
2754 398 2844 451 per
2901 383 3146 437 feminam
3204 399 3357 441 natus

71 489 170 533 est
223 495 402 549 quam
437 479 695 533 homines.
728 477 860 532 Cum
901 492 1024 546 ergo
1072 478 1182 545 ipsa
1214 476 1283 530 sit
1323 473 1512 541 patria,
1547 471 1685 526 viam

73 582 146 620 se
195 586 434 638 quoque
463 570 613 622 nobis
657 567 780 623 fecit
823 569 884 622 ad
937 567 1182 638 patriam.
1216 567 1285 621 Et
1312 579 1430 618 cum
1461 578 1592 619 sano
1634 572 1691 618 et

73 674 234 726 puro
273 659 526 712 interiori
556 659 709 712 oculo
739 657 933 727 ubique
977 658 1044 712 sit
1087 671 1342 726 praesens,
1372 669 1557 709 eorum
1598 655 1686 724 qui

71 751 338 804 oculum
408 749 555 803 illum
617 748 884 802 infirmum
951 748 1388 812 immundumque
1451 745 1686 808 habent,

73 841 280 894 oculis
307 841 472 894 etiam
503 839 711 894 carneis
738 852 994 907 apparere
1020 837 1231 907 dignata
1252 847 1354 893 est.
1386 836 1520 900 Quia
1548 836 1688 889 enim

74 933 135 984 in
175 931 470 998 sapientia
505 929 595 986 Del
623 946 727 985 non
759 938 966 998 poterat
996 927 1225 983 mundus
1259 943 1350 996 per
1378 928 1688 995 sapientiam

73 1036 449 1094 cognoscere
478 1021 667 1089 Deum,
699 1021 893 1091 placuit
923 1021 1030 1076 Deo
1057 1035 1152 1091 per
1188 1021 1463 1075 stultitiam
1496 1018 1688 1089 praedi-

74 1114 350 1167 cationis
389 1113 564 1168 salvos
594 1099 770 1167 facere
797 1110 1098 1166 credentes.
1130 1108 1245 1164 Non
1289 1108 1446 1178 igitur
1486 1107 1691 1177 per'loo

73 1217 304 1257 corum
343 1204 516 1273 spatia
548 1202 830 1267 veniendo,
861 1201 956 1257 sed
987 1202 1037 1255 iu
1067 1216 1229 1256 carne
1258 1201 1466 1255 mortali
1497 1207 1694 1253 morta-

77 1292 244 1347 libus
298 1293 628 1362 apparendo,
659 1292 869 1347 venisse
917 1290 983 1346 ad
1029 1305 1130 1346 nos
1159 1290 1374 1344 dicitur.
1406 1287 1534 1343 llluc
1564 1300 1693 1356 ergo

75 1382 255 1436 venit
292 1383 384 1437 ubi
417 1391 547 1447 erat,
590 1385 710 1451 quia
755 1383 805 1437 in
837 1385 936 1438 hoc
980 1381 1177 1436 mundo
1205 1388 1340 1446 erat,
1372 1387 1426 1435 et
1463 1378 1692 1433 mundus

81 1485 196 1538 per
225 1487 366 1526 eum
403 1472 570 1526 factus
592 1480 694 1526 est.
727 1472 830 1528 Sed
861 1474 1112 1542 quoniam
1143 1473 1431 1541 cupiditate
1457 1470 1686 1536 fruendi,

82 1577 197 1627 pro
233 1563 364 1629 ipso
389 1562 663 1623 Creatore.
692 1565 932 1617 creatura
963 1563 1207 1617 homines
1231 1561 1538 1630 contignrati
1570 1560 1692 1614 huic

87 1652 347 1714 mundo,
387 1663 439 1706 et
489 1653 667 1706 mundi
719 1652 934 1707 nomine
983 1651 1456 1720 congruentissime
1499 1650 1687 1713 vocati,

1794 473 1957 526 homo
1999 472 2260 540 homines,
2304 474 2546 528 mortalis
2595 475 2863 539 mortales,
2906 486 3078 529 morte
3123 487 3357 532 mortuos

1790 560 2058 615 liberavit.

2346 630 2567 686 CAPUT
2607 631 2802 685 CCLV.

1795 737 1978 794 Utrum
2011 741 2112 808 frui
2133 755 2185 793 se
2216 742 2363 793 homo
2398 742 2569 793 debeat
2593 759 2659 794 an
2705 743 2796 804 uti,
2823 752 2867 795 et
2900 745 2963 796 de
2999 748 3174 810 regula
3207 747 3361 802 dilec-

1964 811 2118 862 tionis
2147 811 2387 863 dt'vt'nitus
2418 812 2718 876 constituta;
2751 829 2812 866 ex
2841 815 3016 867 eodem
3047 816 3191 869 libro.

1861 917 2044 987 Magna
2095 919 2319 987 qumstio
2363 929 2461 984 est,
2513 929 2684 972 utrum
2731 921 2833 973 frui
2883 937 2943 976 se
2993 924 3235 979 homines
3266 928 3361 981 de-

1793 1007 1953 1061 beant
1990 1022 2057 1062 an
2106 1009 2213 1072 uti,
2258 1025 2325 1062 an
2371 1018 2668 1078 utrumque.
2722 1011 3049 1080 Prmceptttm
3097 1026 3180 1070 est
3218 1018 3358 1071 enim

1792 1098 1945 1154 nobis
1998 1109 2057 1152 ut
2104 1099 2386 1169 diligamus
2419 1103 2668 1155 invicem.
2713 1102 2817 1156 Sed
2865 1108 3138 1172 quzcritur,
3188 1118 3362 1161 utrum

1794 1196 2012 1256 propter
2037 1202 2097 1243 se
2118 1189 2278 1242 homo
2294 1189 2362 1243 ab
2385 1190 2600 1244 homine
2629 1192 2928 1258 diligendus
2952 1195 3039 1260 sit,
3063 1212 3125 1250 an
3153 1209 3364 1266 propter

1792 1277 1974 1331 aliud?
2006 1279 2062 1332 Si
2100 1279 2240 1332 enim
2281 1291 2499 1348 propter
2543 1296 2622 1346 se,
2670 1282 2896 1337 fruimur
2940 1299 3026 1350 eo,
3061 1288 3103 1338 si
3152 1299 3364 1355 propter

1791 1364 1959 1429 aliud,
1995 1368 2192 1419 utimur
2219 1382 2306 1421 eo.
2341 1367 2562 1422 Videtur
2606 1379 2782 1424 autem
2815 1371 2942 1425 mihi
2975 1384 3189 1442 propter
3219 1377 3361 1429 aliud

1793 1452 2118 1522 diligendus;
2153 1456 2290 1522 quod
2320 1457 2462 1510 enim
2495 1466 2713 1526 propter
2738 1473 2794 1514 se
2825 1459 3151 1529 diligendum
3179 1475 3279 1532 est,
3314 1466 3366 1520 iu

1792 1555 1858 1595 eo
1882 1544 2224 1616 constituitur
2275 1545 2430 1599 beata
2479 1547 2602 1600 vita.
2637 1547 2800 1617 Cujus
2839 1550 2998 1604 etiam
3040 1555 3082 1606 si
3131 1557 3366 1610 nondum

1794 1646 1903 1697 res,
1938 1643 2111 1687 tamen
2151 1650 2271 1703 spes
2315 1636 2430 1705 ejus
2481 1651 2578 1691 nos
2631 1638 2731 1692 hoc
2775 1650 3010 1707 tempore
3037 1647 3365 1701 consolatur.

86 1758 209 1793 non
263 1757 391 1794 cum
424 1753 802 1810 cognoverunt,
833 1751 1109 1810 prepterea
1141 1740 1276 1793 dixit
1318 1738 1638 1806 evangelista
1676 1754 1686 1790 :

1801 1723 2102 1778 Maledictus
2133 1735 2308 1780 autem
2341 1729 2429 1795 qui
2467 1743 2615 1793 spem
2648 1744 2796 1783 suam
2842 1735 2987 1800 ponit
3032 1734 3082 1788 in
3132 1736 3365 1793 homine.

92 1831 166 1881 Et
223 1831 466 1882 mundus
497 1846 614 1884 eum
649 1846 752 1884 non
797 1831 1068 1901 cognovit.
1118 1831 1296 1899 Itaque
1338 1830 1389 1882 in
1437 1828 1694 1896 sapientia

91 1921 201 1974 Dei
249 1938 363 1975 non
395 1932 599 1987 poterat
631 1923 857 1976 mundus
907 1937 999 1990 per
1028 1922 1340 1990 sapientiam
1371 1934 1696 1988 cognoscere

96 2014 316 2066 Deum.
353 2015 457 2067 Cur
491 2029 618 2083 ergo
663 2016 804 2068 venit
837 2028 955 2085 cum
988 2015 1069 2066 hic
1098 2022 1258 2077 esset,
1291 2013 1391 2066 nisi
1432 2012 1549 2080 quia
1579 2011 1695 2079 pla-

90 2106 217 2155 cuit
279 2104 389 2156 Deo
422 2120 514 2168 per
545 2103 827 2157 stultitiam
875 2103 1263 2171 praedicationis
1309 2104 1481 2155 salvos
1524 2100 1697 2154 facere

94 2193 436 2246 credentes?
479 2193 759 2260 Quomodo
800 2194 962 2257 venit,
997 2192 1094 2245 nisi
1129 2193 1267 2261 quod
1312 2191 1541 2245 Verbum
1571 2204 1696 2244 caro

95 2282 321 2335 factum
353 2294 452 2347 est,
485 2292 540 2337 et
565 2284 823 2338 habitavit
865 2284 1147 2338 in'nobis?
1175 2283 1340 2338 Sicuti
1369 2297 1488 2337 cum
1523 2281 1694 2349 loqui-

98 2388 262 2439 mur,
295 2383 349 2424 ut
377 2373 426 2426 id
459 2372 596 2440 quod
623 2376 802 2429 animo
841 2376 1076 2444 gerimus
1101 2374 1152 2429 in
1174 2372 1435 2427 audientis
1460 2373 1692 2425 animum

97 2478 210 2531 per
243 2479 409 2519 aurea
439 2480 666 2520 carneas
698 2467 983 2522 illabatur:
1017 2466 1073 2522 ﬁt
1103 2481 1266 2521 sonus
1295 2465 1515 2519 verbum
1552 2463 1691 2533 quod

99 2552 283 2607 corde
327 2563 618 2621 gestamus,
649 2564 701 2609 et
750 2556 946 2610 locutio
977 2563 1210 2620 vocatur,
1265 2567 1363 2608 nec
1417 2563 1592 2608 tamen
1638 2553 1692 2607 in

99 2643 372 2698 eumdem
420 2660 612 2699 sonum
655 2645 903 2715 cogitatio
951 2655 1129 2702 nostra
1182 2646 1543 2710 convertitur,
1599 2645 1693 2700 sed

103 2732 262 2800 apud
292 2748 351 2786 se
391 2723 614 2789 manens
642 2735 872 2802 integra,
903 2736 1127 2790 formam
1158 2735 1302 2792 vocis
1331 2752 1432 2804 qua
1460 2750 1518 2790 se
1566 2735 1694 2790 insi-

107 2836 248 2877 nuet
282 2825 518 2889 auribus,
569 2825 684 2878 sine
711 2826 884 2895 aliqua
939 2825 1057 2888 labe
1102 2841 1214 2882 sua:
1261 2825 1568 2880 mutationis
1609 2838 1696 2899 as:

106 2911 287 2964 sumit
335 2929 348 2965 :
403 2911 473 2965 ita
521 2913 741 2967 verbum
801 2913 892 2969 Dei
946 2929 1052 2968 non
1102 2914 1517 2977 commutatum,
1568 2903 1693 2966 caro

109 3016 301 3059 tamen
333 3004 528 3058 factum
554 3014 660 3069 est,
688 3016 743 3060 ut
767 3004 1033 3062 habitaret
1061 3007 1112 3060 in
1136 3006 1309 3062 nobis.
1339 3006 1490 3061 Sicut
1512 3013 1690 3058 autem

1798 1813 1900 1867 Sed
1927 1827 2026 1867 nec
2051 1817 2230 1883 seipso
2258 1819 2479 1885 quisque
2505 1818 2603 1871 frui
2628 1820 2806 1881 debet,
2829 1822 2870 1874 si
2897 1822 3096 1891 liquide
3126 1828 3367 1884 advertas

1797 1906 1917 1971 quia
1944 1919 2042 1959 nec
2070 1906 2302 1972 seipsum
2325 1907 2483 1962 debet
2510 1917 2725 1977 pr0pter
2746 1912 2979 1978 seipsum
3007 1914 3247 1984 diligo-re,
3275 1923 3367 1973 sed

1799 2005 2012 2062 pr0ptcr
2064 1995 2208 2049 illum
2242 1995 2414 2068 [illud]
2467 2012 2570 2066 quo
2619 1998 2898 2055 fruendum
2941 2011 3044 2057 est.
3101 2007 3246 2063 Tunc
3286 2022 3368 2066 est

1796 2083 1989 2152 quippe
2021 2087 2254 2154 optimus
2301 2086 2480 2150 homo,
2528 2103 2646 2141 cum
2680 2098 2785 2142 tota
2841 2093 2945 2160 vita
2995 2109 3086 2146 sua
3120 2100 3287 2168 pergit
3315 2101 3367 2154 in

1797 2174 2285 2230 incommutabilem
2319 2179 2501 2243 vitam,
2537 2190 2590 2232 et
2620 2189 2730 2234 lulO
2770 2182 2960 2237 affectu
2992 2185 3212 2242 inhmret
3253 2190 3365 2245 illi:

1795 2263 1839 2316 si
1865 2274 2038 2346 autem
2063 2280 2122 2318 se
2152 2277 2367 2334 propter
2390 2283 2447 2321 se
2471 2269 2657 2337 diligit,
2687 2285 2790 2323 non
2815 2287 2874 2326 se
2897 2273 3059 2328 refert
3080 2277 3144 2329 ad
3175 2271 3361 2346 Deum,

1798 2354 1891 2407 sed
1944 2353 2008 2408 ad
2062 2357 2291 2425 seipsont
2325 2371 2634 2424 conversus,
2672 2376 2774 2416 non
2825 2364 2887 2417 ad
2936 2362 3375 2429 incommutabile

1798 2445 1998 2514 aliquid
2049 2449 2375 2502 convertitur
2419 2468 2431 2502 :
2475 2461 2525 2504 et
2556 2463 2834 2521 propterea
2870 2456 2977 2523 jam
3009 2473 3128 2514 cum
3159 2462 3367 2517 defectu

1796 2534 1976 2604 aliquo
2005 2550 2063 2590 se
2092 2536 2284 2591 fruitur
2329 2557 2339 2590 :
2371 2540 2491 2608 quia
2525 2542 2714 2596 melior
2751 2554 2855 2608 est,
2885 2559 3003 2600 eum
3034 2559 3172 2603 totus
3203 2550 3367 2606 haeret

1804 2634 1969 2692 atque
2004 2629 2383 2697 constringitur
2412 2631 2830 2688 incommutabili
2862 2635 3021 2702 bono,
3062 2654 3218 2706 quam
3245 2655 3364 2697 cum

1797 2712 1920 2767 inde
1953 2716 2032 2768 vel
2062 2715 2125 2768 ad
2159 2719 2392 2785 seipsum
2435 2721 2721 2775 relaxatur.
2752 2724 2807 2779 Si
2840 2741 2964 2794 ergo
3005 2729 3227 2796 teipsum
3261 2747 3364 2786 nou

1801 2814 2017 2892 prOpter
2065 2812 2114 2858 te
2144 2805 2305 2860 debes
2337 2807 2579 2876 diligere,
2626 2811 2718 2864 sed
2752 2826 2968 2880 pmptcr
3001 2816 3144 2870 illum
3193 2820 3365 2892 [illud]

1799 2891 1884 2944 ubi
1914 2891 2216 2947 dilectionis
2243 2903 2347 2948 tua:
2375 2899 2705 2953 recti-simus
2736 2900 2852 2953 linis
2879 2914 2978 2968 est,
3011 2919 3117 2958 non
3146 2891 3366 2962 sumen;

1798 2994 1914 3038 seat
1941 2986 2074 3039 alius
2121 2987 2298 3053 homo,
2327 2989 2371 3042 si
2401 2991 2559 3043 etiam
2591 2993 2759 3059 ipsum
2794 2997 3006 3062 propter
3035 2997 3197 3052 Deum
3239 3002 3364 3055 dili-

111 3096 334 3148 curam
364 3097 443 3148 via
474 3105 556 3150 es,
581 3095 646 3148 ad
679 3099 984 3164 sanimem’
1016 3097 1095 3152 sic
1144 3097 1244 3152 is“,
1271 3095 1472 3150 cunno
1501 3107 1689 3164 ρεσεα-
1722 3079 1767 3142 C
1797 3073 1877 3139 gis
1907 3090 1917 3123 :
1955 3074 2067 3127 hac
2089 3074 2230 3127 enim
2260 3077 2442 3143 regula
2474 3077 2772 3133 dilectionis
2801 3081 2922 3134 divl-
2949 3083 3051 3137 itus
3080 3089 3363 3143 constituta

118 3192 275 3239 tores
305 3185 574 3239 sanandos
603 3185 1023 3256 reﬁciendasque
1049 3185 1300 3253 suscepit.
1334 3185 1398 3238 Et
1437 3182 1693 3253 quemad-

114 3275 343 3327 modum
392 3273 603 3340 medici,
642 3290 764 3329 cum
814 3275 1032 3346 alligant
1076 3274 1314 3340 vulnera,
1347 3290 1450 3328 non
1493 3275 1694 3327 incom-

116 3367 298 3432 posite
324 3364 418 3419 sed
447 3374 568 3432 apte
598 3365 649 3418 id
681 3364 900 3431 faciunt,
935 3377 991 3420 ut
1019 3367 1216 3423 vinculi
1244 3366 1522 3420 utilitatem
1553 3378 1693 3434 qua:-

116 3454 247 3509 dam
297 3456 637 3524 pulchritudo
681 3459 837 3512 etiam
885 3468 1270 3526 consequatur;
1312 3459 1389 3512 sic
1435 3458 1693 3512 medicina

119 3547 430 3614 sapientiae,
463 3561 554 3615 per
581 3548 810 3602 hominis
837 3551 1249 3619 susceptionem,
1281 3549 1475 3603 nostris
1501 3555 1586 3602 est
1609 3559 1698 3602 ac-

119 3637 462 3689 commodata
513 3637 859 3704 vulneribus,
918 3638 986 3694 de
1042 3638 1358 3706 quibusdam
1414 3637 1696 3692 contrariis

122 3735 345 3787 curans,
377 3734 430 3777 et
461 3723 535 3789 de
572 3725 884 3793 quibusdam
930 3725 1210 3780 similibus.
1242 3727 1390 3782 Sicut
1417 3726 1577 3779 etiam
1610 3724 1697 3780 ille

123 3813 218 3882 qui
249 3799 495 3870 medetu‘r
529 3813 735 3870 vulneri
760 3820 1023 3886 corporis,
1053 3817 1271 3872 adhibet
1300 3814 1538 3885 qumdam
1569 3828 1697 3870 con-

126 3905 317 3969 traria,
361 3906 501 3958 sicut
546 3891 792 3974 frigidum
844 3905 1041 3969 calido,
1083 3906 1166 3959 vel
1208 3905 1426 3958 humido
1472 3906 1694 3967 siccum,

128 3993 210 4047 vel
238 3995 366 4062 quid
408 3993 551 4048 aliud
580 3993 875 4062 ejusmodi;
907 3995 1123 4050 adhibet
1151 3996 1309 4049 etiam
1352 3994 1594 4064 quaedam
1621 3996 1695 4048 si-

128 4085 302 4151 milia,
352 4085 830 4150 sicut‘linteolum,
862 4088 944 4141 vel
993 4085 1218 4141 rotundo
1258 4087 1465 4140 vulneri
1515 4097 1698 4142 rotun-

129 4175 281 4238 dum,
326 4175 408 4230 vel
444 4176 740 4246 ~oblongum
795 4177 1047 4246 oblongo,
1098 4177 1481 4246 ligatur-altique
1527 4179 1694 4246 ipsam

131 4283 236 4324 non
270 4270 511 4326 eamdem
556 4270 809 4325 membris
853 4271 1117 4334 omnibus,
1147 4269 1239 4324 sed
1279 4270 1506 4324 similem
1553 4272 1697 4325 simi-

133 4361 277 4416 libus
320 4369 532 4428 coaptat
563 4378 575 4413 :
625 4361 703 4415 sic
733 4360 991 4429 sapientia
1024 4360 1134 4425 Dei,
1185 4362 1450 4414 hominem
1481 4376 1693 4430 curans,

1797 3173 1879 3216 est
1926 3181 1937 3215 :
1983 3164 2197 3234 Diliges,
2232 3169 2424 3234 inquit,
2460 3169 2755 3236 proximum
2805 3182 2948 3226 tuum
2993 3182 3238 3244 tanquam
3285 3188 3366 3232 te-

1799 3253 1992 3321 ipsum,
2027 3255 2192 3308 Deum
2224 3271 2352 3311 vrro
2395 3272 2458 3310 ex
2504 3267 2616 3312 tcto
2646 3260 2826 3326 corde,
2855 3270 2907 3315 et
2939 3278 3000 3316 ex
3027 3272 3132 3318 tota
3166 3268 3364 3337 anima,

1796 3353 1854 3398 et
1876 3359 1946 3398 ex
1997 3354 2106 3397 tota
2153 3355 2330 3399 mente
2359 3363 2370 3398 :
2402 3355 2459 3400 ut
2500 3363 2684 3402 omnes
2733 3352 3076 3419 cogitationes
3131 3367 3266 3424 tuas,
3315 3370 3364 3415 et

1798 3450 2009 3488 omnem
2039 3438 2222 3496 vitam.
2263 3446 2318 3490 et
2345 3453 2558 3492 omnem
2602 3442 2925 3496 intellectum
2965 3445 3018 3497 in
3047 3447 3193 3500 illum
3235 3464 3365 3504 con-

1797 3520 1960 3584 feras,
1993 3537 2019 3574 a
2052 3539 2155 3591 quo
2184 3524 2347 3578 habes
2375 3540 2439 3579 ea
2470 3527 2582 3594 ipsa
2615 3543 2732 3596 quae
2762 3530 2992 3585 confers.
3022 3535 3149 3589 Cum
3184 3549 3360 3596 autem

1797 3610 1888 3674 ait,
1918 3611 2050 3664 Toto
2079 3613 2259 3677 corde,
2294 3621 2398 3666 tota
2428 3615 2629 3682 anima,
2662 3626 2768 3670 tota
2795 3630 2991 3686 mente,
3018 3625 3212 3680 nullam
3242 3631 3362 3685 vita:

1798 3711 1994 3755 nostra:
2029 3715 2226 3767 partem
2263 3705 2478 3771 reliquit
2515 3722 2631 3774 qua
2671 3724 2858 3764 vacare
2886 3711 3097 3778 debeat,
3130 3726 3183 3770 et
3211 3724 3362 3784 quasi

1800 3792 1972 3844 locum
1996 3792 2129 3848 dare
2161 3801 2217 3846 ut
2257 3809 2313 3847 re
2339 3795 2442 3846 alia
2474 3795 2598 3850 velit
2624 3797 2763 3862 'frui,
2805 3801 2899 3853 sed
2931 3802 3179 3873 quidquid
3220 3811 3362 3866 aliud

1798 3879 2127 3951 diligendum
2161 3886 2374 3967 venerit
2412 3887 2464 3938 in
2511 3888 2765 3953 animum,
2815 3891 2938 3945 illuc
2984 3896 3217 3964 rapiatur
3258 3914 3362 3967 quo

1799 3979 1939 4026 totus
1961 3973 2264 4027 dilectionis
2309 3975 2540 4042 impetus
2565 3978 2746 4029 currit.
2779 3978 3024 4048 Quisquis
3052 3997 3177 4052 ergo
3219 4000 3361 4043 recte

1797 4061 1969 4130 diligit
2001 4063 2323 4129 proximum,
2354 4063 2455 4117 hoc
2480 4077 2596 4117 cum
2636 4078 2702 4122 eo
2731 4065 2888 4120 debet
2914 4082 3095 4137 agere,
3125 4083 3179 4125 ut
3200 4077 3359 4130 etiam

1799 4154 1915 4222 ipse
1955 4164 2064 4209 toto
2092 4156 2276 4222 corde,
2312 4164 2420 4210 tota
2450 4156 2647 4220 anima,
2681 4166 2784 4210 tota
2831 4169 3006 4216 mente
3050 4163 3231 4233 diligat
3263 4170 3364 4223 Do-

1799 4246 2000 4299 minum
2047 4244 2309 4316 [Deum]:
2355 4247 2433 4300 sic
2479 4247 2619 4300 enim
2669 4261 2788 4300 eum
2843 4249 3069 4320 diligens
3115 4265 3361 4325 tanquam

1797 4336 2051 4403 seipsum,
2101 4344 2262 4388 totam
2307 4334 2641 4390 dilectionem
2689 4337 2770 4389 sui
2821 4346 2875 4391 et
2922 4339 3059 4394 illius
3102 4345 3265 4401 relert
3309 4351 3360 4404 in

131 4451 363 4519 seipsatu
394 4427 642 4503 exhibuit
669 4450 734 4504 ad
775 4427 1090 4514 sanandum,
1141 4452 1250 4518 ipsa
1292 4452 1550 4518 medicus,
1583 4427 1691 4523 ipsa
1725 4443 1776 4504 D
1799 4428 1939 4480 mam
1967 4427 2586 4523 dil”?“°"¢"‘_°°"_‘l"_‘°
2615 4427 2811 4523 "9mm
2845 4443 2873 4523 ἒ
2905 4445 2962 4484 se
2986 4432 3212 4488 τίνυιυω
3238 4438 3360 4495 δυεί

134 4539 419 4593 medicina.
443 4539 574 4606 Quia
597 4553 726 4608 ergo
753 4554 846 4607 per
869 4539 1167 4608 superbiam
1196 4541 1355 4594 homo
1385 4541 1562 4615 lapsus
1588 4555 1693 4609 est,

134 4629 486 4687 humilitatem
530 4633 774 4688 adhibuit
812 4635 878 4688 ad
925 4636 1219 4690 sanandum
1254 4656 1265 4689 :
1312 4639 1570 4707 serpentis
1608 4655 1694 4693 sa-

137 4721 334 4788 pientia
353 4723 559 4791 decepti
584 4738 787 4796 sumus,
814 4724 903 4779 Dei
933 4725 1153 4779 stultitia
1172 4726 1478 4782 liberamur.
1504 4730 1697 4796 Quem-

135 4811 415 4866 admodum
485 4823 662 4867 autem
706 4814 822 4867 'illa
866 4811 1147 4883 -sapientia
1205 4819 1532 4886 vocabatur,
1584 4831 1698 4876 erat

84 4897 89 4902 '
137 4914 311 4956 autem
340 4903 558 4956 stultitia
589 4905 1050 4960 contemnentibus
1092 4906 1274 4971 Deum,
1319 4910 1404 4980 sic
1437 4912 1533 4965 ista
1563 4929 1695 4981 qum

138 5002 353 5046 Vocatur
376 4993 617 5056 stultitia,
651 4995 910 5062 sapientia
936 5005 1015 5049 est
1044 4996 1376 5055 vincentibus
1403 5003 1692 5059 diabolum.

139 5082 242 5138 Nos
286 5083 685 5140 immortalitate
735 5087 870 5142 male
899 5090 976 5142 usi
1031 5103 1213 5144 sumus
1261 5104 1316 5145 ut
1345 5109 1692 5161 morerentur,

68 5168 72 5172 ⁷
138 5169 376 5226 Christus
408 5174 727 5228 mortalitate
756 5175 892 5229 bene
942 5192 1069 5231 usus
1115 5191 1216 5244 est,
1269 5190 1324 5234 ut
1372 5184 1692 5240 viveremus.

137 5259 400 5330 Corrupto
414 5265 593 5316 animo
617 5263 823 5319 femina:
847 5253 1114 5336 ingressus
1133 5278 1214 5324 est
1237 5273 1470 5338 morbus,
1493 5275 1695 5344 integro

139 5363 358 5419 corpore
384 5349 593 5405 femina:
621 5357 880 5423 processit
916 5358 1080 5411 salus.
1113 5359 1190 5413 Ad
1220 5361 1403 5417 eadem
1435 5366 1696 5419 contraria

141 5441 386 5504 pertinet,
420 5442 559 5507 quad
607 5443 766 5502 etlam
813 5447 1059 5514 exemplo
1092 5447 1345 5518 virtutum
1391 5451 1525 5519 ejus,
1573 5455 1697 5508 vitia

148 5538 320 5598 nostra
353 5524 624 5586 curantur.
669 5535 784 5587 iam
814 5552 940 5592 vero
968 5541 1178 5603 similia,
1214 5544 1360 5609 quasi
1394 5545 1694 5614 ligamenta,

145 5619 389 5687 membris
433 5632 487 5674 et
533 5624 843 5679 vulneribus
886 5630 1082 5683 nosuis
1131 5631 1362 5686 adhibita
1417 5633 1499 5689 illa
1552 5649 1696 5709 sunt,

419 5717 687 5776 ΡΑτειοι..
739 5721 925 5780 LXll.

1798 4525 1944 4569 extra
1987 4515 2204 4584 patitur,
2238 4516 2389 4584 cujus
2437 4515 2767 4569 derivatione
2800 4520 3086 4574 minuatur.
3119 4524 3234 4579 Non
3263 4543 3363 4581 au-

1800 4616 1902 4660 tem
1934 4607 2131 4668 omnia,
2165 4608 2357 4675 quibus
2383 4606 2635 4660 utendum
2669 4617 2767 4670 est,
2799 4608 3064 4678 diligenda
3097 4627 3239 4682 sunt,
3266 4622 3361 4675 sed

1797 4710 1860 4750 ea
1907 4698 2014 4749 sola
2047 4711 2165 4764 qua:
2205 4706 2296 4749 aut
2341 4696 2615 4750 nobiscum
2661 4697 2914 4753 societate
2957 4703 3184 4769 quadam
3220 4708 3363 4764 refe-

1765 4813 1768 4815 >
1800 4797 1987 4841 runtur
2016 4789 2068 4841 in
2101 4788 2285 4851 Deum,
2319 4788 2470 4841 sicuti
2493 4797 2589 4841 est
2609 4787 2767 4840 homo
2793 4790 2873 4841 vel
2914 4793 3151 4859 angelus,
3175 4806 3268 4851 aut
3295 4801 3361 4855 ad

1801 4891 1898 4932 nos
1929 4878 2113 4941 relata,
2140 4875 2398 4930 beneficio
2435 4877 2523 4930 Dei
2560 4890 2656 4942 per
2686 4892 2783 4930 nos
2810 4878 3065 4947 indigent,
3097 4883 3249 4939 sicuti
3280 4899 3363 4943 est

1799 4980 2011 5032 corpus.
2056 4962 2393 5035 Namlutique
2428 4976 2685 5033 martyres
2719 4981 2822 5019 non
2864 4969 3163 5028 dilexerunt
3187 4978 3362 5033 scelus

1803 5060 2229 5128 persequentium
2273 5070 2352 5125 se,
2392 5073 2495 5126 quo
2538 5067 2711 5110 tamen
2761 5059 2838 5112 usi
2891 5071 3011 5114 sunt
3037 5065 3101 5117 ad
3148 5081 3362 5134 prome-

1799 5151 1927 5205 reud
1938 5167 2022 5204 um
2057 5151 2241 5208 Deum.

2342 5217 2572 5273 CAPUT
2611 5218 2830 5273 CCLVl.

1799 5306 1905 5376 43
1947 5307 2020 5360 De
2047 5308 2191 5362 rebus
2217 5319 2431 5375 quatuor
2459 5305 2749 5376 diligendis,
2782 5318 2829 5360 et
2867 5311 3150 5366 ordinatam
3189 5317 3363 5374 ἠαωγε

1871 5390 2098 5452 aportere
2139 5380 2487 5452 dilectionem,
2532 5388 2580 5428 et
2610 5380 3051 5452 ‘eoitjunctt'oribus
3087 5400 3179 5452 pro
3225 5401 3360 5446 sorte

1870 5447 2232 5500 consulendum
2257 5465 2276 5512 ,'
2306 5463 2366 5499 ex
2393 5449 2568 5499 eodem
2601 5447 2751 5498 libra.

1870 5559 1998 5612 Cum
2028 5573 2154 5627 ergo
2183 5568 2411 5627 quatuor
2440 5557 2543 5610 sint
2577 5556 2842 5626 diligenda
2867 5560 3069 5613 :"unum
3104 5565 3240 5632 quod
3274 5579 3362 5620 su-

1801 5661 1895 5716 pra
1922 5662 2017 5703 uos
2044 5657 2154 5717 est,
2182 5650 2404 5704 alterum
2436 5648 2575 5717 quod
2609 5662 2704 5703 nos
2733 5663 2916 5701 sumus
2935 5695 2948 5719 ,
2976 5653 3190 5708 tertium
3221 5657 3361 5725 quod

2831 5737 2906 5795 30
