3904 6224
180 391 278 445 9U

711 503 929 561 CAPUT
967 502 1208 560 CCLV".

179 595 388 668 “De
430 597 679 668 principio
722 597 911 668 viarum
961 597 1231 668 secundum
1273 595 1632 662 Salomonem;
1669 613 1731 651 ea:

791 666 961 718 eodem
987 666 1135 717 libro.

250 771 387 825 Cum
413 772 625 826 homine
652 773 701 825 in
732 773 839 825 Deo
868 772 1077 835 frueris,
1105 773 1215 826 Deo
1244 771 1417 842 potius
1451 788 1608 842 quam
1639 775 1733 829 lto-

177 861 330 936 mine
369 864 588 925 frueris;
618 863 710 916 illo
735 865 874 918 enim
902 863 1093 918 frueris
1127 879 1232 930 quo
1261 862 1490 918 efﬁceris
1523 864 1728 929 beatus,

173 959 231 1002 et
254 949 330 1001 ad
361 965 478 1003 eum
513 961 562 1005 te
588 954 889 1018 pervenisse
921 952 1200 1016 laetaberis,
1243 953 1294 1004 in
1322 965 1426 1020 quo
1456 966 1602 1020 spem
1634 967 1730 1020 po-

175 1040 263 1091 nis
293 1049 351 1092 nt
380 1040 578 1094 venias.
611 1040 734 1093 Inde
757 1041 819 1093 ad
847 1041 1206 1095 Philemonem
1240 1042 1434 1094 Paulus
1459 1058 1471 1093 :
1499 1042 1592 1106 ita,
1625 1043 1730 1096 fra-

175 1136 283 1191 ter,
318 1130 506 1196 inquit,
537 1144 635 1197 ego
658 1139 707 1182 te
735 1130 879 1183 fruar
906 1131 957 1183 in
982 1130 1204 1184 Domino
1229 1148 1242 1195 ;
1273 1131 1410 1199 quod
1437 1133 1481 1184 si
1510 1147 1611 1184 non
1641 1133 1731 1186 ad-

171 1216 428 1282 didisset,
459 1219 510 1270 in
541 1218 785 1281 Domino,
827 1230 878 1273 et
901 1228 954 1273 te
984 1221 1128 1273 lruar
1168 1228 1368 1275 tantum
1398 1221 1642 1286 dixisset,
1677 1223 1730 1276 in

169 1322 242 1362 eo
287 1308 648 1362 constituisset
676 1322 822 1377 spem
869 1310 1208 1365 beatitudinis
1247 1306 1376 1365 suae.
1420 1312 1728 1381 Quanquam

169 1399 340 1453 etiam
394 1399 718 1455 vicinissime
760 1400 951 1454 dicitur
1016 1401 1116 1455 frui
1163 1418 1280 1456 cum
1326 1405 1609 1458 dilectione
1655 1405 1726 1459 uti

172 1486 251 1558 [et
288 1487 648 1542 vicissitudine
693 1489 886 1542 dicitur
917 1489 1014 1543 frui
1062 1504 1180 1543 cum
1220 1490 1568 1547 delectatione
1597 1491 1726 1563 uti];

170 1592 296 1629 cum
336 1580 480 1629 enim
512 1578 661 1631 adest
687 1577 823 1646 quod
856 1578 1105 1647 diligitur,
1136 1581 1294 1634 etiam
1323 1581 1727 1636 delectationem

168 1679 358 1718 secum
399 1682 615 1720 necesse
659 1677 740 1722 est
793 1676 961 1735 gerat,
1013 1684 1105 1735 per
1153 1686 1307 1739 quam
1353 1673 1395 1725 si
1431 1673 1725 1740 transieris,

167 1768 399 1822 eamque
440 1756 502 1806 ad
553 1755 675 1808 illud
731 1756 815 1808 ubi
873 1758 1280 1824 permanendum
1329 1770 1412 1813 est
1452 1763 1715 1823 retuleris,

1338 387 1764 449 TIIESAURUS.
1803 388 1954 448 CAP.
1995 390 2256 448 CCLVIII.

1757 505 1812 566 Α
1833 503 2158 571 dispensatio
2186 502 2512 572 temporalis,
2541 517 2640 571 qua
2667 501 2923 558 debemus
2952 501 3048 565 uti,
3080 515 3183 555 non
3231 501 3379 569 quasi

3279 386 3383 442 912

1833 593 2098 647 mansoria
2145 594 2370 663 quadam
2419 591 2700 647 dilectione
2754 604 2808 646 et
2856 591 3237 654 delectatione,
3285 591 3381 665 sed

1831 684 2132 737 transitoria
2175 685 2346 751 potius
2377 692 2621 752 tanquam
2667 683 2764 735 via:
2785 725 2797 748 ,
2830 691 3076 750 tanquam
3109 679 3380 734 vehiculo—

1830 787 1968 835 rum,
2000 772 2082 825 vel
2109 773 2332 827 aliorum
2361 771 2718 841 quorumlibet
2750 772 3256 834 inStrumentorum;
3289 777 3380 821 aut

1827 860 1874 913 si
1906 860 2028 928 quid
2058 862 2433 929 congruentius
2475 860 2579 915 dici
2627 869 2821 928 potest,
2855 869 2911 912 ut
2937 873 2999 912 ea
3036 860 3226 927 quibus
3255 856 3381 912 feri-

1829 963 1967 1013 mur,
2021 960 2236 1017 propter
2299 949 2422 1002 illud
2462 948 2528 1002 ad
2583 949 2722 1018 quod
2788 947 3024 1012 ferimur,
3064 947 3376 1011 diligamus.

1829 1037 2077 1106 Quisquis
2105 1039 2259 1106 igitur
2285 1037 2585 1107 Scripturas
2610 1038 2814 1092 divinas
2861 1037 2942 1091 vel
2970 1035 3259 1104 quamlibet
3289 1048 3378 1088 ea-

1831 1141 1946 1178 rum
1975 1137 2175 1193 partem
2206 1127 2536 1182 intellexisse
2564 1127 2663 1181 sibi
2690 1126 2917 1192 videtur,
2952 1127 3022 1180 ita
3050 1134 3106 1180 ut
3135 1138 3198 1179 eo
3227 1124 3379 1176 inte!-

1831 1213 1969 1267 lectu
2002 1228 2104 1266 non
2131 1214 2355 1268 aedificet
2385 1217 2534 1268 istam
2565 1215 2822 1284 geminam
2859 1213 3169 1277 cbaritatem
3202 1211 3291 1264 Dei
3321 1218 3376 1264 et

1834 1303 2076 1369 proximi,
2136 1303 2367 1357 nondum
2423 1304 2689 1358 intellexit
2720 1305 2992 1372 :quisquis
3041 1317 3164 1356 rem
3216 1301 3374 1354 talem

1837 1392 1958 1446 inde
1982 1397 2297 1448 sententiam
2327 1395 2565 1460 duxerit,
2607 1403 2663 1449 ut
2702 1394 2822 1448 huic
2850 1394 3172 1448 aediﬁcanda:
3204 1393 3378 1448 citati-

1831 1485 1925 1539 tati
1954 1486 2023 1540 sit
2051 1487 2216 1552 utilis,
2251 1501 2347 1541 nec
2378 1497 2554 1543 tamen
2595 1487 2695 1540 hoc
2719 1487 2911 1541 dixerit
2940 1486 3080 1556 quod
3106 1485 3193 1540 ille
3223 1500 3378 1553 quem

1830 1576 1956 1644 legit
2007 1591 2073 1632 eo
2109 1577 2225 1631 loco
2272 1580 2504 1632 sensisse
2555 1579 2882 1646 probabitur,
2933 1594 3034 1631 non
3085 1577 3379 1646 perniciose

1831 1666 2046 1730 fallitur,
2078 1683 2174 1722 nec
2200 1668 2415 1722 omnino
2441 1672 2709 1722 mentitur.
2754 1670 2892 1722 Inest
2928 1671 3118 1737 quippe
3149 1669 3198 1720 in
3232 1683 3388 1721 men-

1833 1757 1992 1810 tiente
2025 1759 2268 1811 voluntas
2300 1757 2428 1811 falsa
2461 1759 2689 1820 dicendi,
2721 1768 2775 1812 et
2804 1758 2922 1811 ideo
2953 1760 3147 1811 multos
3180 1759 3375 1810 inveni-

168 1844 338 1896 uteris
357 1853 509 1906 ea,et
530 1844 761 1909 abusive,
789 1860 888 1898 non
913 1846 1143 1914 proprie,
1166 1848 1355 1903 diceris
1381 1849 1479 1902 frui
1502 1867 1514 1903 :
1536 1853 1578 1904 si
1599 1868 1722 1906 νιτο
1755 1833 1800 1893 Β
1829 1861 1943 1901 inus
1978 1846 2064 1914 qui
2116 1847 2324 1899 mentiri
2377 1847 2563 1910 velint,
2593 1848 2679 1915 qui
2727 1855 2899 1901 autem
2934 1847 3040 1900 falli
3087 1849 3372 1900 neminem.

168 1931 450 1984 inhaeseris
479 1940 635 2001 atque
665 1936 1035 2000 perm-anseris,
1067 1937 1220 1991 linem
1246 1939 1382 1994 inea
1414 1956 1612 2010 ponens
1634 1943 1726 1996 lte-

166 2025 302 2077 titite
334 2035 455 2084 tuae,
482 2033 603 2079 tunc
622 2040 747 2079 vere
770 2034 820 2078 ιι
845 2027 1051 2094 proprie
1077 2027 1172 2081 frui
1197 2029 1449 2085 dicendus
1473 2050 1526 2086 es
1548 2050 1561 2096 ;
1586 2034 1722 2101 quod

165 2131 275 2167 non
330 2115 622 2171 faciendum
670 2128 766 2180 eat,
813 2117 911 2172 nisi
962 2121 1014 2172 in
1077 2121 1164 2174 illa
1204 2121 1488 2187 Trinitate,
1545 2125 1594 2177 id
1646 2135 1724 2179 est

168 2219 385 2257 summo
405 2216 459 2259 et
483 2207 898 2260 incommutabili
937 2210 1094 2262 bono.
1125 2210 1256 2265 Vide
1287 2214 1723 2280 quemadmodum

163 2308 288 2347 cum
329 2294 440 2362 ipsa
468 2295 674 2348 Veritas
720 2305 773 2349 et
817 2296 1067 2359 Verbum,
1130 2313 1222 2366 per
1260 2302 1400 2368 quod
1433 2302 1563 2354 facta
1604 2313 1725 2356 sunt

168 2387 373 2447 omnia,
405 2399 529 2437 caro
559 2385 746 2438 factum
773 2397 857 2440 est
881 2386 1234 2442 ut'habitaret
1261 2390 1312 2441 in
1341 2391 1512 2451 nobis,
1550 2401 1722 2444 tamen

166 2475 241 2525 ait
272 2475 558 2540 Apostolus
588 2493 598 2525 :
628 2476 684 2528 Et
717 2477 758 2528 si
786 2490 1098 2529 noveramus
1138 2460 1405 2532 Christum
1435 2483 1721 2535 secundum

164 2575 406 2621 carnem,
439 2563 529 2615 sed
555 2577 690 2615 nunc
713 2562 820 2626 jam
851 2578 951 2616 non
987 2566 1257 2628 novimus;
1296 2568 1383 2620 ille
1416 2569 1606 2634 quippe
1634 2571 1721 2636 qui

168 2665 274 2703 non
307 2652 477 2704 solum
527 2654 949 2718 pervenientibus
989 2660 1417 2734 possessionem,
1444 2660 1534 2712 sed
1566 2661 1721 2714 etiam

168 2742 308 2796 viam
339 2758 396 2798 se
438 2745 672 2811 prazbere
700 2745 864 2798 voluit
899 2745 1250 2808 venientibus,
1298 2748 1359 2798 ad
1391 2747 1489 2818 [se]
1527 2747 1721 2814 print-i-

168 2835 318 2902 pium
371 2835 570 2888 viarum
622 2836 787 2889 voluit
832 2851 1045 2891 carnem
1089 2850 1376 2890 assumere.
1440 2837 1587 2891 Unde
1642 2848 1723 2891 est

168 2926 328 2976 etiam
357 2924 487 2977 illud
515 2943 526 2974 :
554 2925 802 2977 Dominus
837 2925 1032 2978 ereavit
1059 2941 1141 2979 me
1177 2926 1488 2993 principium
1515 2928 1717 2981 viarum

168 3026 418 3077 suarum;
445 3022 497 3065 ut
529 3014 646 3068 inde
676 3015 966 3078 inciperent
996 3015 1080 3081 qui
1115 3016 1308 3068 vellent
1349 3018 1545 3069 venire.
1582 3016 1719 3084 Apo-

167 3105 338 3156 stolus
368 3105 542 3170 igitur,
571 3104 804 3172 quamvis
846 3105 1017 3159 adhuc
1046 3107 1334 3159 ambularet
1363 3109 1408 3158 in
1442 3108 1542 3170 via,
1573 3120 1622 3160 et
1651 3109 1712 3161 ad

169 3193 399 3259 palmam
458 3209 699 3262 supernae
747 3197 1034 3248 vocationis
1093 3207 1398 3261 sequeretur
1447 3205 1717 3251 vocantem

167 3281 358 3348 Deum,
396 3290 568 3336 tamen
600 3298 660 3336 ea
694 3300 808 3352 quze
837 3294 978 3338 retro
1001 3294 1121 3337 sunt
1143 3287 1479 3349 obliviscens,
1505 3290 1628 3340 etin
1661 3305 1717 3340 ra

168 3383 286 3434 quae
342 3372 464 3423 ante
508 3379 630 3423 sunt
671 3380 936 3434 extentus,
989 3373 1096 3437 jam
1153 3375 1466 3441 principium
1519 3378 1717 3429 viarum

171 3457 480 3519 transierat,
515 3459 612 3510 hoc
659 3468 741 3512 est
771 3475 836 3513 eo
884 3475 984 3513 non
1025 3461 1284 3530 indigebat
1325 3478 1351 3515 a
1400 3479 1502 3530 quo
1546 3474 1717 3520 tamen

168 3548 578 3615 aggrediendnm
621 3560 670 3604 et
701 3551 1078 3604 exordiendum
1108 3551 1205 3606 iter
1232 3567 1308 3606 εει
1349 3557 1591 3609 omnibus
1633 3558 1717 3624 qui

168 3639 233 3690 ad
272 3640 545 3692 veritatem
578 3641 852 3707 pervenire
879 3653 931 3695 et
967 3645 1016 3695 in
1048 3644 1148 3695 vita
1181 3655 1376 3696 aeterna
1410 3660 1717 3712 permanere

169 3726 508 3791 desiderant;
538 3731 611 3781 sic
634 3731 772 3783 enim
798 3731 906 3782 ait:
937 3732 1043 3798 Ego
1071 3747 1182 3785 sum
1209 3736 1308 3794 via,
1339 3745 1392 3787 et
1425 3737 1634 3799 veritas,
1666 3746 1717 3788 et

168 3815 270 3867 vita
295 3833 308 3866 :
338 3817 434 3869 hoc
469 3827 570 3881 cst,
601 3819 703 3871 Per
727 3835 809 3872 me
833 3822 1058 3885 venitur,
1096 3824 1159 3873 ad
1186 3838 1266 3874 me
1304 3827 1625 3889 pervenitur,
1667 3826 1715 3878 in

169 3919 255 3956 me
318 3917 682 3970 permanetur.
739 3909 868 3960 Cum
908 3910 1045 3961 enim
1087 3910 1150 3962 ad
1200 3911 1366 3977 ipsum
1420 3915 1718 3978 pervenitur

165 3989 347 4057 {etiam
370 3992 433 4042 ad
458 3992 628 4056 ipsum
663 3994 870 4047 Patrem
901 3997 1246 4066 pervenitur],
1280 4001 1397 4064 quia
1433 4017 1524 4067 per
1545 4017 1717 4068 (equa-

167 4081 269 4132 lem
302 4081 388 4134 ille
414 4082 496 4134 cui
526 4092 605 4134 est
636 4085 852 4151 aequalis
885 4088 1209 4151 agnoscitur,
1242 4089 1502 4142 t'ittcicnte
1526 4099 1578 4142 et
1602 4100 1715 4141 tan-

166 4183 324 4233 quam
354 4171 713 4237 agglutinante
741 4187 833 4225 nos
859 4185 1043 4227 sancto
1066 4177 1278 4242 Spiritu,
1305 4193 1405 4244 quo
1436 4179 1483 4230 in
1513 4195 1717 4232 summo

165 4267 329 4323 atque
373 4260 782 4313 incommutabili
815 4263 951 4316 bono
983 4280 1291 4329 permanere
1339 4269 1613 4335 possimus.
1645 4272 1713 4321 Ex

165 4359 274 4412 quo
305 4347 617 4416 intelligitur
641 4351 760 4417 quia
808 4352 950 4403 nulla
995 4368 1076 4406 res
1110 4355 1160 4406 in
1192 4358 1268 4405 via
1301 4367 1474 4409 tenere
1506 4373 1597 4409 nos
1628 4359 1717 4410 de-

166 4434 327 4498 beat,
360 4438 481 4504 quia
518 4437 785 4509 {Quando}
818 4455 911 4494 nec
943 4443 1054 4509 ipse
1098 4445 1348 4497 Dominus
1385 4449 1432 4497 in
1467 4460 1713 4512 quantum

1826 1934 1954 1989 Cum
1988 1936 2148 2007 igitur
2197 1935 2299 1990 hoc
2340 1937 2516 1990 sciens
2563 1936 2720 1988 homo
2751 1935 2924 1997 faciat,
2961 1936 3085 1988 illud
3133 1937 3375 1989 nesciens

1827 2027 2079 2092 patiatur,
2129 2027 2258 2079 satis
2286 2035 2504 2094 apparet
2547 2026 2596 2078 in
2630 2039 2732 2078 una
2784 2027 3075 2093 eidemque
3119 2041 3192 2087 re,
3229 2027 3374 2078 illum

1825 2116 1912 2183 qui
1944 2115 2138 2169 fallitur
2165 2130 2228 2169 eo
2256 2115 2342 2184 qui
2372 2115 2623 2168 mentitur
2655 2129 2770 2167 esse
2799 2116 3102 2175 meliorem;
3141 2115 3372 2181 quando-

1825 2205 2036 2272 quidem
2080 2205 2186 2274 pati
2239 2207 2430 2260 melius
2477 2213 2560 2260 est
2609 2207 2937 2273 iniquitatem
2981 2221 3134 2273 quam
3177 2206 3370 2258 facere.

1825 2296 2006 2349 Omnis
2048 2309 2224 2350 autem
2265 2296 2353 2365 qui
2403 2299 2672 2360 mentitur,
2725 2299 2898 2364 inique
2926 2298 3065 2361 ῐ.ιείι,
3099 2308 3148 2350 ει
3181 2299 3223 2349 si
3258 2297 3372 2350 cui-

1825 2400 1978 2452 quam
2007 2386 2213 2440 videtur
2245 2388 2372 2442 utile
2418 2389 2698 2456 aliquando
2738 2405 2855 2443 esse
2888 2390 3239 2452 mendacium,
3275 2405 3371 2458 po-

1827 2484 1927 2528 test
1958 2477 2121 2529 videri
2154 2477 2334 2531 utilem
2364 2472 2654 2546 aliquando
2675 2494 2794 2533 esse
2827 2481 3171 2547 iniquitatem.
3210 2482 3371 2537 Nemo

1825 2565 1961 2616 enim
2000 2570 2278 2630 mentiens,
2311 2568 2361 2619 in
2411 2581 2477 2620 eo
2507 2571 2646 2635 quod
2677 2571 2931 2622 mentitur
2959 2582 3134 2624 servat
3171 2572 3320 2624 fidem
3356 2588 3369 2625 :

1827 2667 1946 2704 nam
1998 2653 2098 2706 hoc
2143 2654 2320 2722 utique
2351 2655 2458 2708 vult
2487 2664 2542 2708 ut
2562 2657 2644 2709 cui
2678 2659 2929 2710 mentitur
2961 2659 3114 2712 ﬁdem
3145 2662 3242 2713 sibi
3277 2661 3373 2713 ha-

1826 2744 1964 2806 heat,
1996 2759 2151 2810 quam
2185 2756 2357 2798 tamen
2387 2747 2434 2798 ei
2468 2746 2768 2800 mentiendo
2811 2764 2913 2801 non
2957 2759 3126 2802 servat
3195 2751 3372 2804 Omnis

1825 2845 1998 2887 autem
2033 2835 2152 2887 fidei
2189 2837 2410 2888 violator
2448 2837 2658 2903 iniquus
2702 2848 2800 2891 est.
2846 2841 2948 2891 Aut
2980 2843 3136 2909 igitur
3181 2845 3373 2909 iniqui-

1828 2931 1905 2974 tas
1935 2923 2212 2990 aliquando
2262 2933 2343 2977 est
2373 2927 2535 2987 utilis,
2577 2927 2714 2993 quod
2760 2929 2869 2980 fieri
2917 2946 3016 2982 non
3053 2940 3240 2998 potest,
3285 2942 3372 2985 aut

1824 3014 2154 3067 mendacium
2178 3028 2386 3083 semper
2416 3016 2595 3068 inutile
2626 3027 2727 3070 est.
2761 3019 2861 3072 Sed
2891 3024 3124 3087 quisquis
3155 3023 3203 3074 in
3233 3024 3372 3077 Scri-

1825 3103 1990 3169 pturis
2032 3104 2173 3156 aliud
2217 3104 2377 3158 sentit
2423 3120 2577 3171 quam
2623 3107 2712 3161 ille
2749 3109 2833 3175 qui
2879 3112 3085 3177 scripsit
3135 3113 3234 3166 illis
3265 3129 3369 3166 non

1751 3170 1794 3230 (ἶ
1825 3193 2218 3255 mentientibus,
2255 3170 2470 3245 fallitur.
2525 3194 2626 3246 Sed
2676 3170 2869 3258 tamen,
2905 3207 2958 3249 ut
2989 3170 3165 3253 dicere
3203 3215 3370 3268 caepe-

1823 3297 1956 3345 ram,
1985 3283 2031 3334 si
2056 3297 2114 3333 ea
2139 3283 2397 3336 sententia
2432 3283 2628 3337 fallitur
2656 3301 2755 3351 qua
2783 3288 3009 3341 azdiﬁcet
3033 3290 3365 3359 cltaritatem,

1821 3386 1938 3438 qua?
1984 3374 2102 3425 linis
2135 3375 2380 3440 prmccpti
2427 3384 2527 3437 est,
2585 3375 2651 3427 ita
2701 3376 2890 3430 fallitur
2921 3393 2982 3431 ac
3021 3380 3061 3432 si
3095 3384 3368 3450 quisquam

1821 3475 1999 3515 err0re
2029 3462 2280 3516 deserens
2320 3465 2485 3525 viam,
2517 3479 2579 3517 eo
2613 3475 2784 3519 tamen
2814 3483 2908 3533 per
2950 3485 3129 3537 agrum
3164 3484 3366 3542 pergat,

1819 3566 1922 3618 quo
1958 3554 2116 3604 etiam
2151 3553 2230 3604 via
2259 3552 2344 3604 illa
2377 3554 2617 3620 perducit
2647 3572 2660 3609 :
2687 3558 3035 3624 corrigendus
3062 3573 3140 3613 est
3171 3574 3364 3625 tamen,

1821 3650 1875 3692 et
1910 3654 2064 3706 quam
2116 3639 2184 3692 sit
2210 3640 2355 3692 utilis
2395 3641 2533 3693 viam
2581 3657 2683 3694 non
2722 3643 2969 3698 deserere
3001 3647 3369 3701 demonstran—

1818 3727 1936 3778 dum
1963 3738 2066 3790 est,
2099 3743 2166 3779 ne
2208 3729 2587 3782 consuetudine
2613 3731 2879 3796 deviandi,
2915 3736 3070 3787 ctiam
3111 3737 3161 3788 in
3192 3746 3368 3792 trans-

1819 3833 2027 3870 versum
2061 3829 2150 3871 aut
2181 3834 2484 3886 perversum
2526 3823 2603 3875 ire
2629 3835 2865 3892 cogatur.
2899 3829 3195 3883 Asserendo
3224 3836 3364 3888 enim

1820 3916 2019 3961 temere
2047 3911 2183 3975 quod
2217 3911 2304 3962 ille
2348 3926 2453 3963 non
2486 3914 2652 3965 sensit
2693 3930 2847 3981 quem
2888 3918 3029 3985 iegit,
3064 3921 3368 3991 plerumque

1821 3997 2039 4050 ineitrrit
2065 3998 2118 4048 in
2143 3998 2241 4050 alia
2267 4013 2381 4063 qua:
2404 3999 2477 4051 illi
2502 4004 2780 4053 sementim
2812 4015 3095 4059 contexere
3118 4025 3364 4075 nequeat.

1819 4086 1944 4148 Quae
1967 4087 2010 4138 si
2037 4102 2154 4139 vera
2187 4097 2240 4140 et
2269 4099 2412 4141 certa
2443 4103 2560 4142 esse
2591 4093 2870 4156 consentit,
2909 4095 3034 4147 illud
3069 4112 3168 4149 non
3201 4103 3370 4165 possit

1819 4191 1999 4228 verum
2025 4190 2143 4230 e~se
2173 4179 2309 4245 quod
2339 4188 2599 4242 senserat,
2643 4181 2806 4248 fitque
2834 4185 2880 4235 in
2909 4200 2972 4238 eo
3021 4190 3197 4239 nescio
3237 4206 3369 4255 quo-

1821 4263 1977 4315 modo
2013 4273 2067 4316 ut
2093 4266 2320 4319 amando
2365 4269 2682 4320 sententiam
2723 4284 2889 4333 suam,
2927 4273 3210 4339 Scriptum
3239 4279 3368 4330 inci-

1821 4353 1924 4417 piat
1960 4350 2212 4404 offensior
2256 4367 2376 4407 esse
2411 4369 2566 4422 quam
2607 4355 2708 4407 sibi
2738 4373 2748 4405 :
2773 4359 2909 4424 quod
2943 4361 3133 4413 malum
3165 4365 3205 4414 si
3248 4379 3365 4417 ser-

1823 4455 1946 4506 pere
1968 4441 2166 4503 siverit,
2198 4453 2470 4496 evertetur
2500 4461 2561 4497 ex
2587 4459 2648 4498 eo
2677 4463 2688 4508 ;
2716 4461 2807 4513 per
2838 4449 2992 4502 fidem
3019 4451 3161 4505 enim
3185 4455 3368 4507 ambu-

168 4527 249 4577 via
303 4538 485 4578 nostra
517 4542 635 4583 esse
684 4530 929 4598 dignatus
977 4542 1076 4596 est,
1114 4542 1291 4586 tenere
1333 4552 1427 4586 ηιιε
1470 4539 1710 4600 volttetit,

1825 4528 2004 4592 lamus,
2033 4546 2134 4583 non
2168 4546 2258 4597 per
2278 4532 2540 4598 speciem;
2565 4506 2802 4587 titubahit
2827 4546 2998 4590 autem
3029 4541 3177 4606 ﬁdes,
3211 4544 3254 4594 si
3284 4544 3366 4595 di-

167 4617 259 4669 sed
294 4618 540 4679 transite,
571 4634 632 4671 nc
662 4620 820 4673 rebus
844 4623 1239 4688 temporalibus,
1271 4627 1505 4691 quamvis
1537 4627 1602 4677 ab
1629 4629 1716 4681 illo

171 4717 267 4770 pro
300 4704 468 4755 salute
498 4713 674 4757 nostra
706 4710 966 4774 susceptis
996 4718 1048 4761 et
1080 4713 1261 4777 gestis,
1311 4715 1603 4765 btervamus
1636 4714 1715 4765 in-

171 4796 416 4856 firmiter,
447 4795 538 4847 sed
572 4811 663 4863 per
691 4811 780 4851 eas
831 4802 1004 4865 potius
1052 4817 1323 4855 curramus
1365 4805 1629 4867 alacriter,
1665 4814 1719 4858 ut

167 4882 232 4934 ad
253 4897 372 4934 eum
395 4882 563 4950 ipsum
581 4885 667 4948 qui
693 4896 923 4938 nostram
953 4897 1189 4941 naturam
1213 4905 1238 4940 a
1263 4892 1639 4956 temporalibus
1662 4893 1716 4944 li-

168 4972 374 5027 beravit
405 4985 456 5027 et
474 4977 779 5038 collocavit,
812 4977 875 5027 ad
898 4977 1167 5031 dexteram
1199 4979 1369 5032 Patris
1400 4982 1616 5048 provehi
1641 4990 1717 5034 at-

170 5078 272 5130 que
305 5066 585 5130 pervenire
628 5081 940 5120 mereamur.
976 5069 1222 5122 Omnium
1256 5071 1408 5137 igitur
1436 5087 1551 5139 qua
1581 5089 1716 5140 pra:-

167 5155 310 5207 dieta
343 5163 486 5216 sunt,
513 5169 578 5208 ex
605 5171 710 5222 quo
735 5157 802 5210 de
847 5158 1002 5211 rebus
1032 5168 1340 5219 tractamus.
1373 5162 1488 5215 lnrc
1515 5177 1716 5216 summa

170 5254 271 5308 est,
294 5253 350 5297 ut
390 5245 713 5312 intelligatur
740 5245 892 5313 Legis
922 5256 974 5300 et
1001 5249 1232 5300 omnium
1263 5250 1555 5303 divinarum
1579 5252 1719 5306 Scri-

169 5346 441 5400 pturarum
493 5334 762 5400 plenitudo
806 5344 860 5389 et
909 5336 1026 5390 ﬁnis
1074 5351 1193 5390 esse
1238 5338 1452 5392 dilectio
1499 5342 1574 5392 rei
1617 5355 1717 5406 qua

169 5421 447 5487 fruendum
498 5430 598 5487 est,
628 5431 682 5476 et
724 5424 801 5477 rei
833 5439 949 5492 quae
1003 5425 1274 5479 nobiscum
1314 5441 1373 5480 ea
1413 5443 1470 5480 re
1496 5426 1593 5480 l’rui
1625 5442 1716 5494 po-

166 5516 302 5563 test:
330 5510 450 5576 quia
482 5517 540 5562 ttt
566 5525 625 5564 se
653 5512 875 5580 quisque
905 5513 1110 5582 diligat,
1139 5526 1404 5583 praecepto
1452 5531 1554 5568 non
1583 5527 1714 5583 opus

164 5607 266 5651 est.
310 5597 420 5651 Hoc
466 5612 592 5667 ergo
640 5610 696 5654 ut
727 5615 1004 5655 nossemus
1035 5614 1191 5672 atque
1237 5619 1533 5673 possemus,
1578 5604 1712 5659 facta

167 5696 248 5742 est
269 5697 374 5742 tota
413 5701 512 5758 pro
534 5698 711 5745 nostra
747 5693 914 5749 salute
944 5707 1038 5761 per
1066 5692 1294 5748 divinam
1325 5694 1706 5763 providentiam

1821 4619 2054 4670 vinarum
2087 4620 2471 4688 Seripturarum
2502 4624 2709 4676 vacillat
2736 4629 3038 4680 auctoritas.
3070 4629 3231 4683 Porro
3261 4634 3362 4688 fide

1820 4705 2095 4771 titubante,
2128 4707 2357 4761 Charitas
2394 4711 2551 4762 etiam
2585 4712 2692 4778 ipsa
2732 4713 3040 4781 languescit.
3077 4718 3207 4770 Nam
3249 4722 3292 4773 si
3331 4737 3361 4774 a

1821 4796 1922 4849 fide
1943 4799 2061 4863 quis
2088 4799 2357 4863 ceciderit,
2391 4815 2418 4850 a
2452 4800 2705 4855 charitate
2739 4804 2894 4857 etiam
2931 4820 3149 4861 necesse
3177 4820 3255 4862 est
3284 4826 3369 4864 ca-

1820 4887 1927 4940 dat.
1958 4890 2069 4941 Non
2100 4890 2238 4943 enim
2271 4900 2442 4959 potest
2467 4891 2686 4959 diligere
2716 4894 2852 4960 quod
2884 4909 3001 4949 esse
3031 4913 3136 4951 non
3173 4900 3360 4952 credit.

1822 4979 1986 5032 Porro
2021 4981 2067 5032 si
2099 4989 2151 5033 et
2175 4981 2364 5043 credit,
2398 4989 2450 5033 et
2477 4980 2648 5048 diligit
2679 4982 2810 5036 bene
2837 4987 3057 5052 agendo,
3086 4995 3140 5039 et
3167 5001 3364 5052 praece-

1822 5073 1923 5140 ptis
1953 5087 2158 5126 morum
2185 5073 2444 5128 bonorum
2475 5074 2911 5139 obtemperando,
2932 5076 3093 5129 efficit
3127 5089 3182 5132 ut
3201 5081 3362 5134 etiam

1820 5172 1996 5231 speret
2024 5179 2082 5218 se
2111 5164 2175 5217 ad
2197 5163 2246 5217 id
2270 5164 2408 5232 quod
2447 5164 2618 5232 diligit
2645 5178 2764 5218 esse
2787 5175 3077 5218 venturum.

2323 5263 2549 5318 CAPUT
2587 5262 2846 5316 CCLVIII.

1823 5352 1972 5417 Quod
1998 5354 2100 5420 ﬁde
2128 5363 2172 5404 et
2199 5369 2285 5418 spe
2314 5353 2580 5404 decedente
2625 5353 2843 5404 charitar
2888 5361 3108 5414 maneat,
3154 5362 3199 5406 et
3228 5357 3371 5419 quod

1892 5421 2161 5490 temporale
2187 5422 2310 5488 quid
2345 5423 2541 5473 vilescat
2587 5437 2702 5472 cum
2738 5421 2936 5490 verterit,
2963 5431 3204 5474 (sternam
3249 5440 3368 5476 uero

1888 5489 2145 5544 ardentius
2174 5490 2454 5558 diligatur;
2475 5505 2543 5542 ea:
2563 5490 2737 5542 eodem
2763 5489 2912 5541 libro.

1887 5599 2062 5670 Itaque
2090 5599 2184 5653 tria
2225 5599 2336 5654 hate
2375 5609 2498 5654 sunt
2541 5599 2727 5669 quibus
2765 5606 2817 5652 et
2856 5599 3075 5652 scientia
3107 5599 3276 5654 omnis
3313 5612 3365 5657 et

1815 5693 2093 5763 prephetia
2137 5691 2366 5747 militat:
2399 5691 2550 5760 fides,
2600 5703 2742 5759 spes,
2787 5690 3038 5745 eharitas.
3091 5690 3193 5746 Sed
3241 5690 3363 5748 ﬁdei
