3904 6224
458 312 563 368 953

1535 306 1597 360 Β.
1642 303 1959 361 ΕυϐἴΡΡΙΙ
2000 299 2291 359 ABBATIS
2331 300 2649 360 AFRICANI
3597 313 3678 367 9“

453 423 693 478 succedit
734 422 941 492 species
971 435 1128 493 quam
1161 419 1482 485 videbimus,
1527 427 1585 474 et
1629 420 1745 488 spei
1799 418 2041 475 succedit
2069 423 2116 483 Α
2146 416 2340 470 mantis
2376 416 2579 481 audita,
2608 408 2947 470 aﬁ’éctionem
2987 416 3150 472 animi
3193 417 3316 488 ejus
3340 419 3670 490 advertimus;

457 515 728 574 beatitudo
757 519 870 587 ipsa
910 517 977 571 ad
1005 531 1163 585 quam
1213 514 1518 584 perventuri
1548 527 1732 567 sumus
1763 527 1775 565 :
1802 510 2034 566 charitas

458 615 636 660 autem
666 608 829 661 etiam
857 606 975 661 istis
1006 605 1386 660 decedentibus
1421 603 1705 673 augebitur
1753 602 1947 670 potius.
1981 601 2037 656 Si

467 695 612 749 enim
663 695 931 751 credendo
978 695 1251 766 diligimus
1300 695 1442 766 quod
1490 694 1724 748 nondum
1773 691 2033 759 videmus,

464 797 664 856 quanto
706 786 875 858 magis
925 800 1049 844 cum
1099 786 1279 841 videre
1321 783 1680 855 ceperimus?
1722 783 1786 836 Et
1833 783 1877 836 si
1919 797 2042 851 spe-

474 879 643 933 rando
686 879 957 950 diligimus
1004 892 1111 947 quo
1165 877 1399 932 nondum
1450 876 1807 947 pervenimus,
1840 884 2041 944 quanto

475 967 646 1037 magis
675 983 795 1030 cum
847 966 1285 1035 pervenerimus?
1323 967 1464 1022 inter
1488 965 1805 1034 temporalia
1845 964 2040 1034 quippe

465 1071 628 1130 atque
657 1070 852 1114 mterna
901 1059 1003 1113 hoc
1050 1058 1293 1121 interest,
1335 1056 1476 1126 quod
1515 1057 1808 1135 temporale
1835 1056 2036 1124 aliquid

465 1154 586 1224 plus
639 1150 876 1220 diligitur
919 1158 1204 1220 aanuam
1258 1152 1553 1218 habeatur,
1604 1150 1809 1206 vilescit
1860 1159 2038 1205 autem

463 1257 584 1297 cum
615 1240 914 1310 advenerit,
969 1255 1076 1294 non
1124 1242 1268 1297 enim
1306 1242 1466 1296 satiat
1502 1244 1734 1296 animam
1761 1256 1880 1295 cum
1909 1239 2036 1311 [cui]

474 1347 600 1387 vera
641 1339 805 1386 estet
842 1340 988 1385 certa
1034 1330 1192 1386 sedes
1221 1332 1531 1394 aeternitas;
1580 1340 1836 1386 aeternum
1862 1339 2040 1385 autem

469 1427 750 1480 ardentius
771 1416 1012 1494 diligitur
1035 1423 1285 1493 adeptum
1309 1438 1464 1491 quam
1490 1423 1872 1477 desideratum.
1901 1421 2042 1476 Nulli

464 1519 611 1570 enim
642 1514 966 1568 desideranti
992 1513 1308 1568 conceditur
1349 1514 1468 1582 plus
1499 1511 1565 1567 de
1593 1512 1688 1566 illo
1731 1512 2043 1571 existimare

468 1621 629 1674 quam
667 1619 726 1658 se
755 1603 937 1669 h.-.bet,
977 1611 1033 1657 ut
1057 1603 1106 1656 ei
1135 1601 1358 1657 vilescat
1386 1616 1506 1656 cum
1554 1602 1733 1656 minus
1756 1603 2040 1670 invenerit,

474 1695 570 1749 sed
615 1705 870 1764 quantum
901 1692 1125 1760 quisque
1174 1691 1396 1746 veniens
1442 1692 1750 1746 existimare
1789 1694 2038 1761 potuerit,

2137 516 2188 561 et
2222 507 2345 560 tuba
2373 513 2618 571 sonante,
2648 505 2842 560 milites
2873 504 2956 561 vel
2981 508 3254 576 progredi,
3293 505 3376 564 vel
3399 512 3611 579 regredi,
3633 524 3675 568 et

2137 597 2332 667 siquid
2358 597 2500 650 aliud
2535 611 2710 666 pugna
2745 596 3000 666 postulat,
3025 607 3278 668 oportere
3310 609 3579 656 noverunt.
3609 604 3674 659 Si-

2137 703 2362 757 gnorum
2390 689 2550 758 igitur
2574 688 2674 742 alia
2699 698 2825 742 sunt
2849 690 3128 758 naturalia,
3169 692 3274 745 alia
3309 692 3430 746 data
3457 710 3469 747 :
3494 705 3673 747 natura-

2139 778 2206 830 lia
2240 787 2384 841 sunt,
2416 793 2536 847 qua:
2565 779 2684 832 sine
2721 779 2994 835 voluntate
3022 791 3184 850 atquc
3223 783 3335 837 ullo
3361 785 3589 852 appetitu
3617 786 3675 838 si-

2140 866 2427 935 gniﬁcandi
2453 877 2647 936 praeter
2674 873 2733 922 se
2756 868 2954 938 aliquid
2988 870 3130 923 aliud
3161 884 3227 924 ex
3266 884 3327 924 se
3358 873 3592 940 cognosci
3618 871 3676 924 ia-

2140 961 2289 1013 ciunt
2317 977 2329 1012 :
2359 958 2515 1013 sicuti
2546 970 2629 1013 est
2658 958 2854 1026 fumus,
2881 961 3190 1030 signiﬁcans
3213 962 3423 1031 ignem;
3448 979 3544 1016 non
3560 963 3674 1016 enirn

2142 1048 2330 1103 volens
2359 1048 2647 1118 signiﬁcari
2669 1049 2721 1102 id
2745 1049 2894 1113 facit,
2918 1050 3012 1104 sed
3037 1066 3214 1106 rerum
3240 1056 3567 1118 expertarum
3585 1054 3677 1104 ani-

2142 1136 2515 1192 madversione
2538 1146 2592 1192 et
2618 1141 2891 1194 notatione
2921 1142 3262 1210 cognoscitur
3283 1144 3454 1211 ignem
3471 1144 3673 1207 subesse,

2143 1227 2352 1281 etiamsi
2405 1228 2582 1283 fumus
2631 1230 2778 1283 solus
2833 1241 3089 1300 appareat
3130 1249 3144 1285 :
3183 1234 3276 1287 sed
3331 1243 3385 1288 et
3434 1236 3673 1303 vestigium

2145 1320 2488 1374 transeuntis
2510 1321 2797 1374 animantis
2825 1323 2890 1375 ad
2925 1323 3024 1378 hoc
3049 1339 3218 1393 genus
3247 1327 3492 1392 pertinet,
3525 1328 3675 1378 etvul-

2145 1415 2229 1461 tus
2281 1408 2400 1463 irati
2452 1423 2546 1464 seu
2601 1412 2770 1476 tristis
2824 1412 3162 1468 aﬁ‘ectionem
3215 1415 3375 1468 animi
3429 1416 3673 1484 signiﬁcat,

2144 1495 2304 1549 etiam
2331 1498 2473 1550 nulla
2505 1498 2620 1566 ejus
2653 1500 2921 1555 voluntate
2960 1504 3048 1570 qui
3081 1515 3171 1556 aut
3215 1504 3380 1558 iratus
3410 1518 3492 1559 aut
3535 1507 3674 1559 tristis

2145 1595 2226 1638 est
2251 1601 2264 1650 ;
2296 1596 2384 1638 aut
2421 1588 2463 1639 si
2492 1587 2612 1654 quis
2640 1588 2778 1642 alius
2807 1600 2983 1645 motus
3007 1592 3167 1646 animi
3215 1594 3366 1647 vultu
3396 1595 3553 1648 indice
3577 1610 3673 1661 pro-

2145 1676 2309 1742 ditur,
2339 1680 2496 1732 etiam
2521 1680 2673 1733 nobis
2699 1695 2801 1734 non
2829 1680 2878 1734 id
2903 1683 3181 1751 agentibus
3207 1693 3265 1737 ut
3288 1685 3540 1753 prodatur.
3568 1685 3671 1737 Data

472 1790 594 1857 plus
612 1786 929 1856 perveniens
955 1787 1265 1838 inventurus
1297 1793 1399 1838 est.
1419 1783 1588 1836 llomo
1601 1784 1778 1852 itaque
1791 1781 1900 1854 55
1917 1783 2042 1847 ﬁde,

2158 1782 2277 1821 vero
2306 1767 2459 1836 signa
2488 1777 2632 1835 sunt,
2665 1785 2782 1838 quae
2817 1771 2918 1825 sibi
2961 1787 3190 1842 qumque
3220 1776 3445 1828 viventia
3485 1776 3675 1828 invicem

471 1895 590 1946 spe,
641 1887 696 1932 et
739 1876 1001 1931 cbaritste
1031 1874 1317 1940 subnixus,
1361 1889 1529 1941 eaque
1575 1873 1890 1928 inconcusse
1921 1874 2046 1929 reti-

471 1982 628 2032 nens,
666 1982 771 2020 non
801 1965 999 2031 indiget
1039 1964 1350 2030 Scripturis,
1385 1963 1485 2017 nisi
1516 1963 1583 2016 ad
1611 1963 1745 2017 alios
1772 1963 2044 2017 instruen-

475 2059 572 2111 dos
603 2074 614 2106 :
651 2056 826 2124 itaque
865 2053 1019 2108 multi
1070 2069 1164 2123 per
1190 2053 1304 2106 huic
1342 2054 1438 2106 tria
1480 2054 1644 2106 etiam
1675 2052 1730 2106 in
1759 2053 2048 2109 solitudine

475 2148 592 2202 sine
624 2146 895 2201 codicibus
928 2146 1138 2208 vivunt;
1173 2144 1314 2197 unde
1333 2143 1394 2198 in
1431 2142 1535 2196 illis
1557 2143 1788 2197 arbitror
1809 2144 1918 2211 jam
1950 2145 2048 2197 im-

481 2239 682 2307 pletum
735 2252 852 2290 esse
886 2235 1026 2304 quod
1062 2235 1273 2288 dictum
1309 2243 1410 2299 est,
1453 2239 1564 2287 sive
1596 2235 1892 2303 prophetia:
1921 2250 2048 2290 eva-

474 2307 798 2386 cuubuntur,
828 2327 940 2380 sive
972 2326 1165 2394 lingua:
1190 2318 1494 2390 cessabun',
1531 2325 1644 2379 sive
1671 2327 1893 2380 scientia
1922 2341 2045 2381 eva-

470 2421 722 2475 cuabitur
745 2413 1092 2488 [destruetur]
1121 2433 1132 2467 :
1162 2414 1351 2482 quibus
1378 2425 1550 2468 tamen
1583 2417 1732 2482 quasi
1762 2416 2044 2481 machinis,

475 2519 622 2566 tanta
659 2510 801 2573 ﬁdei,
834 2518 883 2563 et
924 2509 1060 2576 spei,
1100 2515 1151 2561 et
1184 2505 1460 2560 charitatis
1498 2505 1551 2558 in
1578 2505 1654 2558 eis
1697 2508 1930 2562 surrexit
1970 2507 2049 2562 in-

477 2605 729 2669 structio,
761 2613 816 2656 ut
849 2601 1138 2672 perlectum
1169 2597 1366 2667 aliquid
1399 2606 1664 2664 tenentes,
1687 2613 1747 2652 ea
1775 2613 1897 2668 qua:
1925 2609 2051 2654 sunt

375 2719 384 2726 ·
473 2711 545 2750 ex
579 2705 727 2764 parte
759 2711 863 2749 non
896 2701 1170 2764 qna-rant:
1203 2690 1496 2762 perfectum
1519 2704 1668 2756 sane,
1695 2701 1952 2760 quantum
1995 2694 2046 2747 in

477 2789 579 2842 hac
608 2786 710 2840 vita
742 2795 946 2855 potest;
990 2800 1110 2838 nam
1156 2782 1209 2836 in
1241 2781 1640 2848 comparatione
1673 2781 1867 2838 futura:
1899 2786 2044 2849 vitaz,

478 2876 823 2945 nulliusjusti
855 2885 909 2928 et
937 2874 1104 2928 sancti
1134 2881 1217 2927 est
1238 2872 1342 2924 vita
1374 2872 1472 2925 ista
1503 2871 1768 2941 perfecta;
1796 2873 1915 2927 ideo
1939 2890 2051 2927 ma-

478 2975 627 3031 nent,
678 2969 867 3034 inquit,
900 2964 1053 3030 ﬁdes,
1082 2977 1227 3032 Spes,
1271 2961 1525 3027 charitas,
1558 2961 1654 3015 tria
1705 2962 1840 3026 hac,
1880 2964 2050 3032 major

477 3069 656 3114 autem
703 3060 890 3112 horum
920 3057 1172 3120 charitas,
1224 3056 1346 3123 quia
1393 3062 1446 3107 et
1474 3068 1591 3106 cum
1624 3054 1847 3123 quisque
1882 3055 1947 3109 ad
1977 3072 2056 3128 re:

2150 1856 2301 1921 dant,
2355 1857 2421 1910 ad
2470 1857 2922 1914 demonstrandos
2965 1872 3224 1930 quantum
3275 1875 3488 1931 possunt
3532 1875 3680 1917 motus

2146 1950 2308 2002 animi
2332 1950 2436 2014 sui,
2469 1950 2550 2003 vel
2577 1965 2734 2004 sensa
2765 1962 2856 2005 aut
2878 1953 3145 2010 intellecta
3176 1958 3441 2024 qualibet.
3468 1956 3561 2012 Nec
3588 1958 3680 2010 ulla

2149 2056 2306 2108 causa
2335 2051 2413 2096 est
2449 2043 2604 2097 nobis
2633 2045 2990 2113 signiﬁcandi,
3021 2046 3071 2100 id
3112 2057 3194 2101 est
3223 2047 3359 2116 signi
3395 2049 3557 2110 dandi,
3593 2048 3680 2101 nisi

2149 2133 2214 2187 ad
2240 2133 2660 2203 depromendum
2688 2147 2738 2190 ct
2761 2137 3130 2205 trajiciendum
3165 2141 3214 2192 in
3249 2141 3460 2194 alterius
3480 2142 3679 2194 animum

2151 2223 2200 2276 id
2241 2224 2381 2290 quod
2429 2225 2609 2277 animo
2638 2228 2774 2295 gerit
2816 2228 2903 2296 qui
2936 2229 3143 2296 signum
3189 2230 3300 2283 dat.
3335 2230 3518 2284 Horum
3549 2232 3681 2299 igitur

2152 2313 2426 2382 signorum
2456 2329 2642 2382 genus,
2670 2327 2923 2383 quantum
2950 2320 3014 2372 ad
3043 2320 3287 2376 homines
3309 2321 3506 2387 attinet,
3534 2323 3683 2376 consi-

2150 2402 2338 2458 derare
2370 2415 2527 2474 atque
2562 2416 2792 2462 tractare
2814 2411 3098 2464 statuimus
3127 2429 3138 2462 :
3173 2413 3295 2479 quia
3323 2423 3375 2466 et
3403 2413 3537 2481 signa
3567 2413 3683 2465 divi-

2154 2494 2294 2547 nitus
2329 2494 2468 2559 data,
2505 2511 2624 2563 qua:
2673 2497 2963 2566 Scripturis
3001 2501 3200 2554 sanctis
3231 2501 3566 2560 continentur,
3605 2517 3684 2569 per

2152 2582 2394 2637 homines
2427 2585 2579 2638 nobis
2619 2585 2852 2639 indicata
2883 2598 3008 2642 sunt
3047 2589 3136 2657 qui
3181 2591 3680 2661 ea'conscripserunt.

2712 2699 2937 2756 CAPUT
2964 2702 3165 2757 CCLX.

2156 2809 2304 2875 Quod
2352 2810 2485 2862 inter
2526 2811 2696 2863 omnia
2735 2812 2878 2880 signa
2923 2814 3072 2867 uerba
3115 2824 3314 2869 teneant
3360 2817 3680 2885 principatum,

2221 2895 2332 2955 quia
2363 2891 2562 2955 propter
2593 2893 2849 2943 peccatum
2875 2885 3126 2955 superbire
3155 2903 3257 2939 non
3285 2897 3540 2955 potuerunt
3577 2904 3685 2937 cun-

2221 2950 2313 3002 ctis
2339 2950 2566 3018 gentibus
2591 2965 2694 3004 esse
2717 2954 3040 3018 communia;
3067 2970 3130 3008 ea:
3151 2950 3324 3009 eodem
3347 2956 3493 3009 libro.

2223 3067 2410 3120 Omnia
2445 3068 2592 3140 signa
2640 3070 2814 3123 verbis
2852 3081 3170 3141 comparata
3208 3075 3516 3143 paucissima
3542 3087 3682 3131 sunt:

480 3161 631 3207 terna
661 3151 983 3221 pervenerit,
1010 3148 1218 3203 duobus
1243 3148 1357 3201 istis
1386 3145 1791 3212 decedentibus,
1815 3148 2050 3202 charitas
2081 3134 2125 3195 C
2158 3156 2314 3210 verba
2340 3157 2479 3212 enim
2499 3134 2732 3227 prorsus
2763 3161 2900 3215 inter
2929 3134 3174 3218 homines
3198 3134 3532 3221 obtinuerunt
3566 3167 3686 3235 prin-

480 3246 687 3298 auctior
713 3251 766 3297 et
788 3242 985 3296 certior
1010 3237 1361 3308 permanebit.
1393 3237 1727 3305 Quapropter
1756 3252 1874 3291 cum
1903 3241 2051 3308 quis-

385 3368 389 3372 -
481 3351 587 3406 que
623 3334 929 3404 cognoverit
959 3332 1117 3386 ﬁnem
1161 3329 1413 3399 praecepti
1455 3341 1574 3382 esse
1615 3328 1949 3393 charitatem,
1987 3330 2054 3384 de

483 3423 648 3478 cordo
679 3437 811 3495 puro
851 3431 905 3476 et
934 3420 1259 3474 conscientia
1307 3420 1466 3484 bona,
1517 3431 1571 3476 et
1615 3421 1719 3475 ﬁde
1758 3436 1864 3474 non
1909 3420 2052 3482 ﬁcta,

484 3529 698 3569 omnem
729 3512 1053 3568 intellectum
1091 3511 1391 3565 divinarum
1421 3512 1817 3585 Scripturarum
1857 3511 1922 3565 ad
1954 3513 2075 3565 ista.-

399 3613 406 3616 ’
487 3609 587 3661 tria
618 3607 903 3666 relaturus,
938 3605 1002 3656 ad
1045 3603 1414 3668 traCIationem
1445 3602 1658 3657 illorum
1687 3604 1944 3658 librorum
1973 3618 2057 3658 se.

485 3713 647 3753 curus
672 3695 887 3751 accedat
918 3710 1072 3748 :cum
1103 3695 1247 3748 enim
1270 3694 1492 3759 diceret,
1523 3695 1776 3756 cbaritas,
1827 3697 2057 3760 addidit,

487 3787 554 3841 de
583 3787 744 3841 corde
781 3799 933 3852 puro,
974 3793 1032 3836 ut
1072 3783 1203 3836 nihil
1237 3784 1380 3837 aliud
1404 3800 1562 3853 quam
1587 3785 1638 3839 id
1665 3785 1804 3852 quod
1836 3785 2059 3853 diligen-

489 3880 614 3935 dum
662 3888 745 3933 est
777 3877 1049 3945 dingatur.
1085 3875 1482 3930 Conscientiam
1524 3891 1650 3930 vero
1697 3878 1887 3929 bonam
1932 3877 2049 3930 sub-

486 3968 663 4040 junxit
700 3977 916 4035 propter
943 3979 1091 4034 spem
1121 3983 1132 4015 :
1159 3965 1250 4018 ille
1278 3965 1418 4018 enim
1449 3980 1507 4020 se
1536 3965 1600 4018 ad
1639 3965 1689 4043 id
1721 3965 1860 4035 quod
1888 3968 2060 4022 credit

485 4068 542 4113 et
569 4057 736 4126 diligit
779 4067 1151 4124 perventurum
1179 4069 1298 4110 esse
1319 4054 1587 4124 desperat,
1619 4055 1705 4109 cui
1744 4057 1899 4110 mala:
1929 4071 2071 4116 con-,

487 4148 729 4204 scientia:
774 4146 1056 4216 scrupulus
1107 4146 1265 4199 inest.
1319 4146 1547 4200 Tertio:
1583 4146 1648 4200 Et
1684 4147 1819 4211 ﬁde,
1866 4149 2056 4218 inquit,

489 4256 599 4297 non
639 4240 762 4295 ﬁcta
790 4256 803 4294 :
827 4240 871 4295 ai
912 4239 1053 4293 enim
1102 4239 1234 4294 ﬁdes
1267 4250 1446 4294 nostra
1490 4241 1769 4295 mendacio
1809 4244 2057 4311 caruerit,

488 4339 616 4385 tunc
644 4341 698 4385 et
741 4322 1160 4398 non'diligimus
1191 4329 1333 4398 quod
1373 4343 1476 4384 non
1511 4340 1595 4385 est
1623 4331 1976 4400 diligendum,
2010 4342 2064 4387 ct

489 4430 637 4477 recte
660 4419 886 4476 vivendo
913 4418 966 4472 id
989 4432 1264 4488 speramus
1288 4427 1344 4472 ut
1364 4418 1511 4474 nullo
1537 4420 1695 4475 modo
1731 4435 1857 4490 spes
1879 4436 2060 4477 nostra

488 4509 610 4566 talia
620 4517 722 4570 tur.

1033 4598 1256 4654 CAPUT
1293 4600 1516 4657 CCLIX.

491 4689 571 4747 De
600 4690 755 4761 signis
788 4691 1129 4765 naturalibus,
1162 4698 1209 4742 et
1225 4691 1522 4765 ineuntis;
1547 4687 1608 4746 ex
1637 4694 1767 4748 libro
1799 4710 1836 4749 ιι·
1866 4697 1930 4765 de
1963 4699 2065 4752 Do-

1027 4761 1188 4813 ctrina
1217 4759 1526 4815 Christiana.

565 4873 828 4941 Quoniam
852 4871 918 4927 de
947 4868 1101 4928 'ebus
1130 4887 1249 4927 cum
1293 4867 1628 4940 scriberem,
1651 4879 1887 4945 prmmisi
1913 4893 2065 4933 coms

487 4977 720 5023 monens
759 4979 827 5018 ne
855 4965 974 5034 quis
1019 4965 1070 5017 in
1123 4964 1202 5018 eis
1242 4967 1565 5029 attenderet,
1599 4968 1698 5021 nisi
1730 4969 1872 5037 quod
1917 4979 2064 5038 sunt,

492 5051 780 5108 nonetiam
810 5050 855 5104 si
895 5050 1017 5120 quid
1051 5051 1190 5105 aliud
1225 5046 1416 5118 praeter
1445 5068 1506 5108 se
1526 5055 1869 5124 signiﬁcant;
1913 5059 2065 5114 vicis-

493 5142 595 5198 sim
625 5141 692 5195 de
717 5139 896 5210 signis-
919 5141 1210 5207 disserens,
1247 5141 1346 5196 hoc
1380 5143 1523 5207 dico,
1558 5159 1624 5198 ne
1657 5147 1778 5214 quis
1803 5149 1853 5202 in
1885 5150 1964 5204 eis
1987 5158 2068 5203 at-

495 5225 678 5287 tendat
700 5231 839 5299 quod
866 5240 1009 5297 sunt,
1038 5231 1129 5284 sed
1159 5234 1332 5300 potius
1359 5235 1500 5302 quod
1528 5235 1685 5306 signa
1716 5248 1864 5306 sunt,
1904 5241 1958 5297 id
1984 5251 2066 5298 est

483 5320 638 5393 quod
680 5320 999 5390 signiﬁcant.
1033 5321 1252 5390 Signum
1283 5333 1364 5379 est
1403 5326 1546 5381 enim
1590 5342 1679 5384 res
1707 5340 1902 5396 preter
1937 5347 2062 5401 spe-

491 5413 632 5468 ciem
655 5426 812 5480 quam
856 5412 1051 5481 ingerit
1087 5413 1357 5482 sensibus,
1388 5415 1528 5485 aliud
1569 5418 1767 5489 aliquid
1801 5436 1868 5477 ex
1902 5436 1961 5477 se
1990 5422 2071 5477 l'a-

491 5502 643 5559 ciens
686 5502 736 5555 in
784 5503 1155 5570 cogitationem
1186 5503 1374 5558 venire
1399 5543 1416 5569 ,
1449 5505 1590 5561 sicut
1639 5509 1869 5580 vestigio
1921 5511 2064 5578 viso,

489 5591 751 5645 transisse
775 5591 969 5645 animal
1010 5593 1160 5659 cujus
1184 5593 1466 5662 vestigium
1498 5603 1602 5660 est,
1643 5599 1979 5668 cogitamus;
2011 5611 2067 5659 et

493 5680 640 5736 tumo
670 5679 803 5749 viso,
832 5683 1006 5750 ignem
1030 5681 1247 5737 subesse
1270 5682 1647 5753 cognoscimus
1677 5703 1687 5737 :
1716 5695 1768 5742 et
1789 5695 1920 5744 vace
1951 5691 2065 5745 ani-

2092 4486 2142 4545 D

2157 3249 2389 3314 cipatum
2423 3249 2755 3319 signiﬁcandi
2802 3267 3133 3324 quaecunque
3186 3259 3368 3313 animo
3417 3259 3686 3327 concipiun-

2160 3346 2266 3399 tur.
2296 3339 2340 3391 si
2373 3354 2432 3393 ea
2479 3340 2704 3409 quisque
2733 3343 2959 3410 prodere
2989 3345 3139 3402 velit.
3165 3345 3300 3402 Nam
3348 3357 3406 3404 et
3431 3349 3579 3405 odora
3609 3363 3688 3402 un-

2157 3428 2338 3497 guenti
2373 3429 2625 3484 Dominus
2649 3445 2758 3499 quo
2785 3431 2983 3498 perfusi
3005 3443 3131 3508 sunt
3158 3420 3321 3503 pedes
3348 3438 3484 3508 eius,
3512 3439 3686 3508 signata

2159 3513 2573 3589 aliquod'dedit,
2614 3534 2669 3578 et
2700 3535 3052 3604 sacramento
3095 3530 3342 3597 corporis
3370 3542 3424 3586 et
3459 3531 3690 3599 sanguinis

2158 3613 2238 3666 sui
2273 3625 2577 3682 pergustato
2609 3615 2979 3688 [prmgustato]
3021 3619 3344 3688 signiﬁcavit
3367 3623 3500 3690 quod
3533 3621 3688 3681 voluit,

2159 3709 2350 3758 etcum
2366 3705 2558 3759 mulier
2577 3707 2839 3775 tangendo
2857 3707 3122 3765 ﬁmbriam
3137 3711 3437 3766 vestimenti
3457 3713 3560 3780 eius
3573 3711 3688 3766 salta

2162 3793 2294 3846 facta
2330 3802 2432 3856 est,
2465 3779 2708 3850 nonnihil
2737 3796 3019 3864 signiﬁcat.
3041 3798 3145 3855 Sed
3174 3779 3564 3857 innumerabilis
3585 3799 3691 3852 mul-

2163 3881 2335 3936 titudo
2366 3885 2667 3951 signorum,
2706 3886 2902 3953 quibus
2940 3901 3066 3943 suas
3092 3888 3446 3958 cogitationes
3487 3889 3692 3945 homines

2161 3978 2408 4039 exerunt,
2443 3974 2494 4027 in
2513 3976 2686 4031 verbis
2713 3979 3000 4032 constituta
3027 3988 3110 4039 est
3129 3996 3149 4050 ς,
3167 3995 3292 4036 nam
3325 3981 3415 4039 illa
3445 3982 3694 4050 signa»

2163 4062 2270 4126 nia,
2331 4080 2556 4128 quorum
2621 4081 2814 4134 genera
2863 4068 3098 4123 breviter
3143 4070 3319 4140 attigi,
3376 4070 3514 4140 potui
3543 4070 3695 4124 verbis

2162 4157 2463 4220 enuntiare,
2500 4159 2656 4212 verba
2699 4172 2824 4212 vero
2876 4159 2983 4213 illis
3031 4159 3200 4230 signia
3242 4162 3390 4220 nullo
3431 4163 3576 4217 modo
3603 4173 3695 4229 pol-

2162 4259 2276 4298 sem
2312 4263 2323 4298 :
2350 4249 2443 4300 sed
2487 4247 2608 4316 quia
2642 4248 2918 4305 verberato
2945 4265 3071 4306 aere
3100 4255 3282 4309 statim
3311 4263 3590 4317 transeunt,
3618 4264 3695 4304 nec

2165 4336 2366 4392 diutius
2393 4345 2613 4390 manent
2639 4355 2796 4406 quam
2827 4343 3042 4407 sonant.
3065 4327 3306 4398 instituta
3333 4355 3456 4397 sunt
3476 4359 3562 4412 par
3586 4344 3698 4395 litte-

2166 4437 2254 4477 ras
2281 4425 2427 4494 signa
2487 4427 2790 4480 verborum.
2834 4429 2905 4481 lta
2949 4445 3106 4484 voces
3147 4433 3317 4486 oculis
3363 4430 3695 4490 ostenduntur,

2168 4527 2274 4568 non
2320 4529 2418 4582 per
2462 4515 2692 4584 seipsas,
2725 4517 2816 4571 sed
2867 4533 2960 4585 per
2995 4521 3142 4588 signa
3186 4517 3430 4588 quidam
3475 4535 3582 4574 sua.
3615 4517 3697 4570 ista

2170 4607 2318 4673 signa
2353 4604 2513 4674 igitur
2540 4621 2662 4661 non-
2678 4618 2959 4676 potuerunt
2989 4613 3292 4666 communia
3332 4627 3450 4667 esse
3491 4611 3698 4666 onibut

2170 4692 2436 4761 gentibus,
2464 4705 2681 4764 peccato
2701 4698 2928 4764 quodam
2953 4698 3305 4754 dissensionis
3330 4700 3582 4764 humanae,
3603 4714 3698 4753 cum

2172 4783 2236 4835 ad
2267 4797 2324 4836 se
2352 4784 2579 4854 quisque
2614 4787 2967 4857 principatum
3006 4790 3162 4858 rapit.
3196 4792 3353 4860 cujus
3375 4792 3616 4860 superbit
3639 4790 3720 4844 si»

2173 4886 2336 4940 gnum
2380 4883 2464 4927 cst
2491 4885 2664 4929 erecta
2709 4878 2797 4940 illa
2828 4879 2986 4932 turris
3022 4880 3076 4933 in
3099 4881 3338 4947 .emlum,
3369 4882 3456 4936 ubi
3497 4881 3701 4935 homine

2176 4963 2324 5032 impii
2357 4980 2463 5018 non
2493 4967 2666 5020 solum
2708 4968 2937 5034 animos,
2963 5012 2968 5016 .
2990 4971 3086 5024 sed
3123 4973 3282 5030 etiam
3314 4987 3470 5028 voces
3496 4972 3701 5026 dissonas

2177 5054 2374 5109 habere
2416 5066 2747 5115 meruerunt.
2802 5057 2879 5112 Ex
2935 5074 3042 5128 quo
3089 5061 3287 5118 factum
3325 5073 3430 5130 est,
3481 5062 3698 5118 utetiam

2174 5147 2456 5216 Scriptura
2484 5149 2680 5216 divina,
2703 5167 2806 5221 qua
2831 5154 2992 5210 tantis
3019 5155 3224 5213 morbis
3259 5159 3594 5214 humanarum
3623 5171 3699 5209 ην

2175 5239 2437 5295 luntatum
2490 5240 2822 5309 subvenitur,
2871 5246 2938 5300 ab
2982 5261 3086 5312 una
3131 5249 3312 5318 lingua
3349 5249 3701 5318 profectu“:

2175 5340 2480 5400 opportune
2529 5334 2698 5401 potuit
2727 5350 2822 5403 per
2847 5337 3032 5393 orbem
3079 5349 3344 5395 terrarum
3384 5337 3698 5412 dissentiant.

2172 5435 2272 5491 per
2298 5420 2478 5476 varias
2513 5424 2862 5494 interpretum
2893 5427 3102 5497 linguas
3131 5431 3287 5500 longe
3317 5431 3520 5500 lateque
3545 5427 3700 5483 ώσω

2174 5514 2809 5585 innotesceretgentibus
2831 5519 2897 5576 ad
2927 5521 3177 5582 salutem,
3209 5537 3367 5591 quam
3399 5523 3617 5592 legentes
3639 5519 3695 5571 ai-

2175 5603 2250 5658 hil
2274 5603 2418 5657 aliud
2445 5615 2722 5675 appetunt,
2754 5623 2912 5676 quam
2940 5624 2984 5664 cc
3005 5611 3294 5680 gitationes
3315 5614 3700 5674 voluntatemque

2173 5691 2386 5750 illorum
2420 5709 2447 5750 a
2476 5696 2668 5766 quibus
2690 5699 2992 5770 conscripta
3022 5711 3104 5759 est
3133 5702 3395 5768 invenire,
3421 5712 3471 5758 et
3501 5715 3587 5770 per
3607 5697 3702 5751 illas
