3904 6224
248 192 364 249 9⁸5

1437 181 1862 237 TllESAURUS.
1905 180 2052 236 CAP.
2094 180 2357 241 CCLXIII.

3380 169 3488 228 936

249 307 582 359 voluntatem
625 303 740 366 Dei,
786 299 1077 356 secundum
1108 280 1264 368 quam
1299 297 1430 351 tales
1463 296 1705 351 homines
1744 296 1820 348 lo-
1847 295 1895 359 Α
1925 292 2238 364 gitationem
2270 292 2338 347 de
2367 299 2548 346 nostra
2575 289 2902 368 mortalitate
2927 296 2984 344 et
3001 288 3068 343 de
3098 283 3272 340 futura
3313 295 3499 341 morte

248 403 410 447 culos
437 390 602 464 [esse]
631 390 919 446 credimus.
975 388 1079 442 Sed
1123 387 1304 441 multis
1345 396 1395 439 et
1441 383 1820 451 multiplicibus

253 482 682 538 obscuritatibus
709 487 764 533 et
792 477 1220 548 ambiguitatibus
1249 475 1601 545 decipiuntur,
1635 474 1721 543 qui
1744 483 1824 528 te-

248 588 410 628 mere
452 565 634 640 legunt
677 570 816 623 aliud
859 584 954 638 pro
993 568 1098 622 alio
1147 566 1817 637 sentientes:quibusdam

247 672 440 716 autem
485 660 633 724 locis,
685 659 812 729 quid
853 659 932 713 vel
964 658 1094 712 falso
1142 656 1480 724 suspicentur
1529 670 1634 710 non
1677 655 1821 709 inve-

249 752 440 814 niunt,
473 750 542 802 ita
570 751 792 805 obscura
832 750 971 803 dicta
1011 747 1250 818 quaedam
1289 746 1660 800 densissimam
1690 745 1820 800 cali-

247 842 435 909 ginem
467 840 754 905 obducunt,
783 838 926 909 quod
965 847 1129 893 totum
1163 837 1433 907 provisum
1481 851 1601 892 esse
1629 835 1822 889 divini-

249 938 344 983 tus
373 946 477 984 non
501 930 706 997 dubito,
732 931 798 982 ad
821 928 1169 989 edomandam
1192 929 1373 986 labore
1410 927 1738 1012 superbiam,
1769 933 1823 979 et

248 1021 585 1077 intellectum
642 1038 672 1077 a
722 1021 935 1077 fastidio
988 1020 1378 1091 revocandum,
1423 1019 1507 1075 cui
1544 1018 1698 1075 facile
1743 1018 1824 1098 in-

249 1111 521 1182 vestigata
545 1111 858 1183 plerumque
883 1112 1166 1168 vilescunt.

797 1220 1023 1286 CAPUT
1061 1219 1282 1277 CCLXI.

251 1330 411 1400 Quod
440 1349 501 1386 es;
529 1335 704 1401 aliqua
732 1334 1062 1388 similitudine
1105 1333 1372 1399 Scriptura
1395 1333 1602 1386 suavius
1639 1332 1822 1386 excitet

323 1403 574 1473 animum,
607 1413 658 1456 ut
689 1405 816 1457 illud
847 1405 1060 1473 exempli
1081 1419 1238 1456 causa
1267 1403 1329 1455 de
1353 1402 1576 1457 Canticis
1596 1401 1823 1473 cantico-

322 1488 442 1595 t‘rubm
469 1487 488 1524 :
515 1471 700 1527 Dentes
737 1476 808 1534 tui
835 1476 968 1532 sicut
989 1470 1119 1545 ὀι-ιω
1154 1473 1513 1537 detonsarum;
1557 1486 1619 1525 ea:
1645 1470 1822 1525 eodem

354 1559 370 1592 τ
408 1557 483 1593 ro.

1925 399 2145 440 necesse
2166 395 2246 440 est
2278 385 2521 449 incutiat,
2551 392 2606 440 et
2633 383 2781 452 quasi
2813 368 3033 438 clavatis
3065 382 3334 441 carnibus.
3363 395 3485 434 om-

1925 490 2019 529 nes
2068 476 2331 541 superbia:
2384 482 2559 530 motus
2605 474 2746 547 ligno
2803 473 2976 548 crucis
3026 467 3212 541 affigat
3283 471 3488 527 Deinde

1925 567 2205 621 mitescere
2233 580 2367 635 opus
2396 574 2477 621 est
2507 565 2722 636 pietate,
2755 579 2928 634 neque
2952 564 3318 618 contradicere
3343 563 3486 618 Scri-

1923 665 2116 725 pturze,
2151 656 2263 711 sive
2289 655 2591 722 intellecta,
2625 655 2671 712 si
2700 655 2874 725 aliqua
2903 655 3031 708 vitia
3074 663 3252 708 nostra
3295 667 3486 722 percu-

1924 745 2024 807 tit,
2063 744 2182 799 sive
2231 758 2336 800 non
2380 744 2679 807 intellectae,
2725 741 2880 814 quasi
2920 755 3019 795 nos
3070 741 3261 794 melius
3297 756 3489 808 sapere

1923 834 2222 902 meliusque
2271 833 2561 902 praecipere
2590 832 2894 900 possimus:
2921 830 3012 884 sed
3052 830 3285 898 cogitare
3313 828 3487 897 potius

1922 929 1977 975 et
2015 919 2235 975 credere
2281 918 2331 972 id
2376 921 2494 972 esse
2536 916 2727 971 melius
2764 924 2819 970 et
2846 915 3042 979 verius,
3089 914 3229 985 quod
3257 914 3329 969 ibi
3357 913 3488 969 seri.

1925 1018 2071 1078 ptum
2098 1020 2199 1075 est,
2230 1010 2437 1064 etiamsi
2469 1008 2649 1074 lateat,
2680 1022 2834 1076 quam
2859 1007 2910 1060 id
2937 1007 3075 1076 quod
3109 1020 3332 1076 nos-per
3353 1019 3487 1060 nos-

1925 1101 2071 1171 ipsos
2114 1115 2306 1170 sapere
2345 1113 2651 1169 possumus.
2682 1097 2811 1154 Post
2839 1097 2969 1152 istos
3009 1095 3142 1151 duos
3188 1095 3384 1164 gradus
3424 1095 3489 1149 ti-

1926 1185 2091 1245 moris
2142 1200 2299 1258 atque
2348 1190 2580 1259 pietatis,
2632 1187 2699 1242 ad
2748 1188 2960 1242 tertium
3007 1187 3220 1241 venitur
3253 1185 3488 1240 scientia

1926 1281 2169 1352 gradum,
2195 1281 2262 1335 de
2290 1296 2394 1349 quo
2426 1280 2566 1341 nunc
2610 1293 2768 1349 agere
2796 1277 3000 1332 institui
3030 1293 3044 1330 :
3074 1292 3193 1331 nam
3238 1276 3291 1330 in
3335 1288 3400 1330 eo
3430 1289 3490 1330 se

1926 1382 2137 1428 exercet
2177 1371 2354 1425 omnis
2401 1370 2700 1424 divinarqu
2753 1367 3146 1437 Scriptursrum
3197 1365 3489 1425 studiosus.

1928 1459 2058 1513 nihil
2091 1459 2142 1513 in
2171 1461 2250 1514 eis
2280 1457 2422 1512 aliud
2451 1456 2763 1513 inventurus
2803 1455 3151 1527 [inveniens],
3179 1469 3337 1525 quam
3371 1454 3490 1509 dili-

1927 1550 2156 1620 gendum
2185 1563 2304 1603 esse
2352 1549 2538 1609 Deum,
2592 1555 2811 1616 propter
2859 1549 3042 1610 Deum,
3088 1553 3144 1600 et
3188 1545 3484 1614 proximum

333 1649 477 1717 Quid
504 1659 608 1716 est,
646 1665 853 1723 quaeso,
879 1652 1019 1723 quod
1050 1653 1094 1707 si
1127 1652 1403 1721 quisquam
1433 1650 1576 1706 dicat
1605 1657 1818 1705 sanctos
1851 1644 1898 1702 B
1926 1648 2142 1709 propter
2172 1638 2360 1705 Deum,
2389 1647 2445 1692 et
2475 1639 2623 1691 illum
2648 1638 2857 1706 quidem
2885 1653 2948 1690 ex
2981 1645 3092 1689 ιοιο
3120 1634 3302 1699 corde,
3342 1643 3396 1689 et
3425 1648 3492 1688 ex

253 1753 382 1795 esse
406 1740 650 1797 homines
686 1749 847 1810 atque
869 1742 1156 1812 perfectos,
1185 1756 1408 1812 quorum
1437 1744 1540 1802 vita
1571 1750 1626 1795 et
1654 1739 1821 1794 mori-

255 1831 364 1886 bus
389 1831 589 1887 Christi
633 1833 869 1889 Ecclesia
896 1832 965 1890 de
1003 1817 1331 1903 quibuslibet
1359 1830 1822 1902 superstitionibus

253 1921 501 1992 praecidit
522 1937 614 1977 eos
656 1922 746 1993 qui
777 1923 844 1978 ad
876 1938 936 1978 se
966 1924 1208 1989 veniunt,
1252 1931 1307 1992 et
1336 1923 1631 1977 imitatione
1659 1920 1825 1976 bono—

226 1997 228 2000 .
254 2027 378 2066 rum
409 2011 625 2066 sibimet
652 2013 1044 2082 quodammodo
1072 2009 1399 2080 incorporat,
1428 2012 1516 2081 qui
1544 2011 1667 2066 boni
1695 2009 1826 2065 fide-

253 2101 332 2156 les
363 2110 419 2156 et
442 2103 556 2157 veri
587 2103 679 2157 Dei
727 2103 888 2172 servi,
944 2097 1271 2171 depdnentes
1313 2118 1476 2158 onera
1523 2102 1726 2168 saeculi,
1757 2102 1824 2157 ad

253 2185 504 2247 sanctum
552 2191 802 2261 baptismi
856 2195 1124 2248 lavacrum
1164 2201 1448 2258 venerunt,
1495 2201 1652 2259 atque
1703 2191 1827 2246 inde

255 2282 633 2349 ascendentes,
684 2283 1040 2351 conceptione
1083 2282 1254 2337 sancti
1299 2282 1548 2352 Spiritus,
1600 2283 1826 2361 fructum

255 2374 387 2429 dant
411 2374 637 2445 geminas
670 2374 972 2438 charitatis,
1002 2373 1054 2428 id
1090 2384 1171 2430 est
1199 2374 1294 2430 Dei
1325 2383 1380 2429 et
1411 2372 1654 2442 praximi‘.
1689 2371 1826 2450 Quid

256 2473 341 2520 est
363 2472 516 2534 ergo,
548 2464 687 2534 quod
713 2464 757 2518 si
802 2464 915 2520 haec
940 2465 1164 2538 quisque
1190 2464 1356 2531 dicat,
1386 2466 1562 2531 minus
1597 2463 1828 2519 delectat

257 2558 591 2632 audientem,
617 2573 776 2628 quam
826 2559 869 2613 si
900 2557 966 2610 ad
988 2558 1235 2612 eumdem
1281 2572 1495 2612 sensum
1542 2558 1718 2624 locum
1765 2557 1828 2611 il-

257 2635 367 2701 lum
397 2657 630 2716 exponat
656 2648 725 2702 do
750 2646 981 2702 Cauticis
1009 2649 1362 2714 canticorum,
1393 2648 1483 2703 ubi
1513 2648 1714 2702 dictum
1747 2655 1829 2702 est

260 2739 533 2802 Ecclesiae,
564 2739 673 2811 46
700 2754 819 2794 cum
851 2748 1101 2810 tanquam
1125 2741 1344 2811 pulchra
1366 2741 1606 2811 quedam
1632 2741 1828 2796 femina

260 2833 570 2889 laudaretur
591 2849 605 2886 π
625 2832 818 2887 Dentes
843 2834 937 2898 tui,
966 2834 1102 2887 sicut
1121 2848 1250 2913 grex
1269 2835 1610 2899 detonsarum
1640 2848 1828 2888 ascen-

258 2928 397 2986 dens
428 2926 495 2981 de
524 2926 756 2991 lavacro,
787 2939 903 2995 quin
932 2939 1118 2979 omnes
1147 2925 1386 2996 geminos
1413 2934 1617 2989 creant,
1649 2932 1703 2980 et
1724 2912 1858 2979 ste-5

1926 1741 2032 1786 tota
2063 1731 2261 1795 anima,
2291 1739 2344 1785 et
2384 1743 2448 1784 ex
2495 1739 2603 1784 tota
2635 1739 2833 1796 mente,
2877 1731 3175 1798 proximum
3213 1743 3340 1783 vero
3368 1735 3488 1782 tan-

1926 1835 2083 1890 quam
2109 1821 2364 1890 seipsum,
2390 1819 2439 1872 id
2466 1830 2547 1875 est
2571 1829 2628 1873 ut
2654 1806 2760 1874 tota
2791 1819 3017 1888 proximi
3049 1817 3364 1874 sicutetiam
3393 1832 3512 1873 no-.

1926 1912 2023 1966 stri
2068 1911 2280 1965 di'ectio
2323 1910 2581 1965 referatur
2608 1912 2658 1963 in
2699 1909 2903 1963 Deum:
2938 1910 3005 1963 de
3047 1909 3239 1976 quibus
3281 1907 3488 1961 duobus

1926 2003 2228 2071 praeceptis,
2258 2016 2377 2056 cum
2407 2001 2472 2055 de
2507 2000 2665 2054 rebus
2705 2011 3002 2067 ageremus,
3034 1997 3171 2050 libro
3209 1995 3490 2065 superiore

1927 2093 2289 2147 tractavimus.
2320 2092 2548 2146 Necesse
2591 2100 2671 2146 est
2700 2105 2846 2158 ergo,
2882 2096 2938 2143 ut
2969 2089 3139 2157 primo
3169 2102 3228 2142 se
3261 2088 3490 2156 quisque

1928 2185 1979 2238 in
2009 2186 2298 2254 Scripturis
2339 2186 2571 2241 inveniat
2610 2197 2790 2237 amore
2827 2182 2982 2250 hujus
3027 2178 3232 2244 siticuli,
3279 2179 3378 2233 hoc
3409 2187 3491 2234 est

1930 2276 2298 2344 temporalium
2352 2290 2527 2330 rerum
2579 2274 2931 2341 implicatum,
2984 2272 3139 2339 longe
3187 2269 3490 2337 seiunctum

1930 2380 2048 2420 esse
2089 2382 2117 2419 a
2165 2374 2312 2419 tanto
2357 2381 2539 2420 amore
2572 2366 2686 2429 Dei,
2713 2374 2767 2418 ει
2818 2371 2962 2416 tanto
3008 2374 3193 2415 amore
3236 2358 3489 2428 proxini,

1928 2465 2182 2524 quantum
2237 2448 2505 2524 Scriptura
2552 2453 2664 2522 ipsa
2705 2450 3003 2521 praescribit
3037 2467 3050 2504 :
3079 2461 3188 2501 tum
3239 2438 3366 2503 vero
3401 2447 3500 2506 ille

1930 2547 2089 2599 timor
2119 2560 2224 2615 quo
2251 2546 2446 2614 cogitat
2485 2545 2552 2600 de
2577 2545 2777 2615 judicio
2822 2543 2938 2609 Dei,
2979 2553 3035 2597 et
3064 2542 3149 2595 illa
3182 2541 3491 2609 pietas'qua
3537 2578 3540 2582 λ

1931 2653 2034 2692 non
2059 2649 2233 2707 potest
2264 2639 2360 2693 nisi
2386 2637 2605 2692 credere
2646 2648 2698 2692 et
2726 2636 2919 2691 cedere
2949 2633 3252 2689 auctoritati
3281 2643 3493 2687 sancto—

1930 2744 2046 2796 rum
2074 2729 2353 2794 librorum,
2386 2731 2524 2800 cogit
2561 2745 2680 2784 eum
2723 2730 2958 2799 seipsum
2992 2728 3172 2795 lugere
3199 2742 3209 2777 :
3239 2738 3360 2779 nam
3391 2723 3493 2777 ista

1931 2820 2152 2875 scientia
2181 2821 2330 2875 bonae
2360 2823 2473 2890 spei
2509 2819 2776 2876 hominem
2820 2834 2924 2873 non
2974 2832 3032 2872 se
3057 2814 3369 2887 iactantem,
3400 2813 3495 2869 sed

1930 2902 2311 2969 lamentantem
2345 2914 2497 2980 facit;
2527 2930 2631 2984 quo
2659 2914 2849 2969 affectu
2880 2917 3129 2987 impetrat
3152 2911 3348 2966 sedulis
3369 2923 3496 2979 pro.

261 3015 379 3073 ritis
412 3029 516 3074 non
547 3015 705 3071 estin
734 3014 869 3079 illis;
900 3030 1023 3068 num
1070 3015 1213 3069 aliud
1246 3015 1405 3070 homo
1449 3015 1625 3080 discit,
1667 3030 1826 3083 quam

1936 3003 2081 3058 cibus
2131 3005 2550 3060 consolationem
2598 3005 2764 3060 divini
2807 3002 3080 3075 adjutorii,
3125 3016 3200 3058 ne
3242 3001 3495 3071 despera~

259 3115 386 3165 cum
427 3099 555 3154 illud
587 3100 910 3169 planissimis
942 3101 1136 3164 verbis,
1169 3102 1286 3158 sine
1332 3102 1696 3156 similitudinis
1732 3102 1829 3156 hu-

258 3192 352 3264 jus
393 3189 714 3256 adminiculo
742 3190 994 3257 audiret?
1031 3200 1084 3246 et
1131 3201 1307 3247 tamen
1340 3194 1519 3247 nescio
1563 3195 1832 3262 quomodo

262 3279 483 3335 suavius
510 3280 719 3334 intueor
758 3287 988 3344 sanctos,
1023 3293 1141 3333 cum
1195 3295 1290 3334 eos
1328 3283 1480 3350 quasi
1512 3281 1698 3335 dentes
1735 3282 1834 3336 Ec-

263 3369 448 3433 clesia:
476 3367 628 3424 video
663 3355 813 3440 quasi
842 3369 1134 3438 praecidere
1171 3371 1240 3424 ab
1267 3371 1539 3435 erroribus
1569 3374 1830 3441 homines,

265 3467 446 3527 atque.
480 3459 530 3523 in
587 3457 704 3526 ejus
757 3472 953 3526 corpus
1005 3457 1299 3532 [corpore]
1348 3463 1580 3518 emollita
1617 3450 1829 3530 duritia,

265 3546 416 3614 quasi
451 3544 727 3616 demorsos
774 3560 1094 3617 mansosque
1125 3551 1437 3616 transferre.
1492 3553 1634 3609 Oves
1674 3555 1833 3610 etiam

268 3635 648 3706 iucundissime
669 3651 899 3706 agnosco
921 3638 1173 3693 detonsas
1188 3642 1439 3696 oneribus
1463 3643 1833 3712 saecularibus,

275 3737 528 3794 tanquam
557 3726 841 3783 velleribus
871 3728 1076 3800 positis,
1124 3739 1174 3783 et
1203 3732 1551 3787 ascendentes
1589 3733 1654 3788 de
1683 3734 1838 3787 lava-

269 3831 386 3887 cro,
419 3817 470 3869 id
499 3827 581 3870 est
619 3805 690 3871 ile
729 3817 1076 3886 baptismate,
1124 3836 1310 3875 creare
1354 3838 1540 3878 omnes
1568 3825 1831 3893 geminos,

268 3906 376 3959 duo
429 3915 691 3974 pra-cepta
740 3905 1061 3974 dilectionis,
1105 3919 1159 3964 et
1196 3911 1394 3964 nullam
1447 3928 1567 3968 esse
1618 3915 1685 3967 ab
1733 3915 1836 3970 isto

267 4003 456 4048 sancto
498 3993 667 4047 fructu
699 3996 933 4049 sterilem
971 3996 1149 4051 video.
1183 3999 1286 4052 Sed
1327 4016 1492 4069 quare
1522 4005 1738 4058 suavius
1761 4004 1838 4058 vi-

267 4086 449 4154 deam,
480 4101 635 4154 quam
666 4085 710 4141 si
740 4088 879 4140 nulla
904 4087 970 4141 de
999 4087 1191 4142 divinis
1222 4090 1369 4144 libris
1397 4092 1513 4145 talis
1542 4093 1835 4154 similitudo
1861 4124 1880 4148 .-

268 4185 632 4243 promeretur,
663 4191 781 4232 cum
814 4191 899 4231 res
938 4177 1124 4232 eadem
1156 4179 1226 4232 sit
1253 4179 1547 4248 eademque
1581 4183 1832 4252 cegnitio,

268 4263 491 4317 difficile
524 4273 606 4317 est
633 4265 833 4330 dicere,
866 4277 921 4320 et
957 4267 1057 4320 alia
1087 4271 1312 4336 quaestio
1341 4279 1441 4325 est.
1475 4271 1622 4325 Nunc
1658 4282 1834 4328 tamen

1933 3094 2075 3150 tione
2101 3094 2392 3166 frangatur.

2457 3205 2680 3262 CAPUT
2721 3205 2966 3262 CCLXII.

1934 3296 2010 3350 De
2037 3297 2192 3375 riguis
2222 3299 2463 3375 ριὀρνὶἰε⁸
2489 3309 2535 3354 et
2577 3301 2835 3354 translatis
2859 3317 3038 3375 agens,
3068 3303 3155 3355 dat
3183 3304 3491 3375 exemplum,

2002 3369 2140 3432 quod
2175 3368 2261 3420 bos
2289 3368 2493 3442 proprie
2523 3386 2674 3442 pecus
2707 3368 2950 3424 translate
2984 3368 3496 3442 Evangelista'n'ton;

2004 3445 2226 3502 stretnr;
2257 3452 2320 3490 ex
2339 3437 2689 3492 eodem'libro.

2008 3545 2220 3600 Duabus
2258 3557 2432 3600 autem
2470 3549 2644 3604 causis
2672 3564 2776 3604 non
2805 3550 3172 3624 intelliguntur
3214 3570 3334 3623 qua:
3363 3557 3498 3611 scri-

1935 3649 2023 3706 pta
2054 3647 2196 3703 sunt,
2226 3639 2269 3693 si
2299 3649 2391 3693 aut
2417 3641 2608 3710 igtmtis
2637 3651 2726 3696 aut
2755 3643 3017 3713 ambiguis
3047 3647 3215 3714 signis
3240 3648 3496 3717 obtegun-

1891 3747 1894 3750 '
1938 3737 2047 3783 tur.
2088 3731 2224 3786 Sunt
2273 3739 2451 3785 autem
2502 3732 2650 3800 signa
2681 3735 2761 3788 vel
2811 3736 3046 3806 propria,
3087 3737 3169 3791 vel
3200 3739 3498 3792 translata:

1937 3822 2152 3891 pr0pria
2198 3821 2466 3888 dicuntur,
2493 3839 2613 3878 cum
2649 3825 2730 3878 his
2773 3827 2931 3881 rebus
2965 3828 3326 3897 significandis
3351 3827 3500 3881 adbi-

1941 3909 2150 3974 bentur,
2178 3925 2394 3982 propter
2421 3929 2552 3982 quas
2579 3924 2700 3968 sunt
2731 3916 2965 3970 instituta
3002 3935 3016 3971 :
3047 3919 3184 3973 sicut
3217 3933 3338 3972 cum
3370 3917 3506 3983 dici~_

1941 4001 2057 4056 mus
2087 4005 2298 4070 bovem,
2339 4005 2680 4076 intelligimus
2713 4023 2895 4077 pecus,
2927 4011 3067 4080 quod
3109 4026 3295 4067 omnes
3326 4010 3500 4067 nobis-
3601 4064 3604 4069 .

1939 4106 2061 4146 cum
2109 4094 2312 4149 Latina:
2351 4097 2540 4165 lingua:
2596 4091 2837 4154 homines
2887 4102 2988 4154 hoc
3034 4101 3252 4163 nomine
3290 4115 3500 4160 vocant.

1939 4182 2214 4238 Translata
2247 4196 2389 4252 sunt,
2420 4201 2537 4241 cum
2566 4197 2621 4243 et
2643 4189 2770 4258 ipsae
2800 4204 2887 4245 res
2908 4206 3038 4260 quas
3067 4194 3295 4260 propriis
3324 4195 3500 4250 verbis

1942 4276 2324 4343 significamus,
2365 4278 2431 4331 ad
2480 4280 2679 4349 aliquid
2728 4281 2872 4335 aliud
2906 4281 3308 4352 significandum
3356 4301 3501 4345 usur-

270 4367 430 4408 netno
459 4353 699 4424 ambigit,
731 4367 780 4408 et
808 4372 903 4426 per
937 4357 1307 4414 similitudines
1331 4360 1578 4418 libentius
1615 4378 1838 4433 quisque
1871 4339 1919 4399 θ
1948 4339 2138 4433 pantur
2165 4383 2176 4419 :
2205 4339 2344 4422 sicut
2368 4339 2594 4424 dicimus
2616 4371 2832 4437 bovem,
2861 4380 2916 4424 et
2940 4339 3032 4440 per
3063 4373 3160 4428 has
3181 4374 3315 4428 duas
3341 4339 3502 4445 sylla-

267 4445 544 4512 cognosci,
594 4455 794 4498 etcum
844 4447 1018 4513 aliqua
1047 4450 1354 4505 difficultate
1395 4455 1617 4522 quaesita
1667 4457 1836 4511 multo

266 4535 474 4602 gratius
520 4533 767 4589 inveniri.
809 4537 908 4601 Qui
962 4541 1102 4592 enim
1146 4555 1363 4609 prorsus
1415 4559 1519 4598 non
1559 4545 1835 4601 inveniunt

267 4623 408 4692 quod
438 4633 703 4692 quaerunt,
749 4627 885 4680 fame
916 4628 1155 4684 laborant
1183 4650 1194 4683 ε
1226 4634 1313 4702 qui
1341 4645 1516 4688 autem
1541 4651 1644 4690 non
1682 4654 1830 4708 qua:-

268 4724 414 4778 runt,
449 4716 570 4781 quia
604 4717 656 4768 in
691 4725 935 4783 promptu
967 4720 1184 4785 habent,
1217 4721 1427 4778 fastidio
1456 4741 1597 4794 saepe
1626 4743 1830 4787 marce-

267 4815 456 4860 scunt:
491 4806 542 4859 in
573 4815 795 4875 utroque
826 4819 998 4862 autem
1032 4810 1250 4880 languor
1279 4816 1544 4868 cavendus
1583 4827 1686 4872 est.
1719 4818 1829 4872 Ma-

265 4896 457 4963 gnifice
483 4895 639 4964 igitur
665 4905 718 4951 et
755 4898 1040 4953 salubriter
1069 4901 1297 4970 Spiritus
1327 4914 1541 4959 sanctus
1575 4907 1644 4959 ita
1682 4907 1829 4962 Scri-

269 4993 450 5049 pturas
499 4995 710 5041 sanctas
759 4989 1127 5058 modifiravit,
1184 5000 1242 5044 ut
1307 4992 1434 5047 locis
1473 4996 1830 5063 apertioribus

266 5072 393 5126 fami
419 5088 745 5140 occurreret,
779 5078 1175 5133 obscurioribus
1204 5090 1379 5135 autem
1413 5081 1616 5139 fastidia
1646 5073 1828 5140 deter-

265 5175 413 5232 geret
442 5183 454 5215 :
480 5165 612 5218 nihil
667 5167 808 5220 enim
843 5168 951 5221 fere
998 5169 1064 5221 de
1094 5169 1202 5223 illis
1238 5171 1642 5228 obscuritatibus
1681 5178 1826 5230 erui-

266 5264 374 5319 tur,
420 5256 561 5322 quod
612 5270 716 5310 non
765 5257 1073 5325 planissime
1108 5259 1306 5313 dictum
1352 5261 1477 5315 alibi
1511 5265 1825 5332 reperiatur.

264 5346 401 5399 Ante
429 5346 606 5399 omnia
640 5346 796 5416 igitur
834 5361 965 5415 opus
1013 5356 1095 5402 est
1126 5348 1218 5403 Dei
1254 5352 1444 5405 timore
1488 5356 1726 5410 converti
1762 5356 1828 5411 ad

264 5443 690 5511 cognoscendam
722 5445 838 5514 ejus
871 5446 1218 5514 voluntatem,
1253 5450 1376 5520 quid
1402 5451 1551 5505 nobis
1574 5459 1828 5518 appeten-

265 5533 389 5591 dutn
412 5535 825 5607 fugiendumque
853 5539 1148 5608 praecipiat.
1185 5541 1364 5598 Timor
1392 5552 1570 5600 autem
1606 5542 1708 5599 iste
1737 5557 1825 5598 co-

1945 4456 2040 4510 bas
2088 4457 2432 4525 intelligimus
2475 4474 2660 4529 pecus,
2694 4461 2834 4530 quod
2865 4463 2966 4517 isto
3007 4464 3222 4518 nomine
3250 4466 3502 4534 appellari

1942 4547 2116 4600 solet:
2149 4547 2242 4601 sed
2274 4562 2461 4602 rursus
2493 4564 2588 4617 per
2618 4551 2743 4604 illud
2776 4565 2938 4617 pecus
2969 4553 3312 4623 intelligimus
3337 4571 3504 4611 ovan-

1940 4635 2208 4704 gelistam,
2238 4653 2398 4705 quem
2435 4640 2758 4707 significavit
2798 4640 3071 4709 Scriptura
3115 4644 3499 4714 interpretante

1941 4727 2198 4794 Apostolo
2244 4727 2731 4799 [dicens]:liovem
2785 4730 3126 4787 triturantem
3175 4751 3280 4787 nou
3338 4736 3502 4791 infre-

1937 4817 2109 4871 nabis.

2455 4908 2675 4964 CAPUT
2712 4907 2983 4966 CCLXIII.

1939 5019 2014 5071 De
2051 5036 2216 5100 rerum
2244 5022 2557 5100 ignorantia,
2583 5037 2695 5091 quc
2732 5023 2857 5100 facit
2882 5024 3120 5100 obscuras
3147 5028 3396 5098 ﬁguratas
3425 5033 3505 5084 lo~

2007 5093 2254 5170 elationes,
2287 5107 2400 5170 cum
2445 5093 2739 5160 ignoramus
2782 5093 2857 5146 vel
2901 5093 3222 5160 animalium,
3259 5103 3334 5152 vel
3379 5103 3504 5170 lapi-

2007 5161 2152 5226 dum,
2183 5167 2258 5213 vet
2285 5161 2548 5213 Inrbarum
2577 5172 2812 5226 naturas;
2840 5180 2902 5216 ea:
2930 5167 3105 5218 eodem
3141 5168 3288 5222 libro.

2007 5271 2201 5324 lterum
2246 5279 2424 5325 autem
2467 5272 2764 5340 ignorantia
2811 5274 2935 5330 facit
2965 5277 3216 5334 obscuras
3253 5283 3504 5352 figuratas

1933 5358 2247 5425 locutiones,
2281 5375 2398 5415 cum
2433 5362 2743 5431 ignoramus
2787 5366 2867 5419 vel
2907 5367 3282 5435 animantium,
3317 5375 3393 5426 vel
3425 5363 3503 5427 la;

1934 5453 2135 5521 pidum,
2167 5455 2245 5508 vel
2272 5455 2552 5510 herbarum
2586 5468 2818 5523 naturas,
2849 5461 3143 5518 aliorumve
3175 5481 3349 5520 rerum
3383 5485 3500 5536 qua:

1932 5543 2242 5615 plerumque
2273 5544 2324 5601 in
2352 5545 2644 5617 Scripturis
2671 5551 3038 5608 similitudinis
3073 5554 3293 5626 alicajus
3326 5563 3491 5627 gratia

3499 2905 3531 2920 α
