3904 6224
488 119 592 174 947
979 121 983 124 ’
1562 124 1624 179 D.
1668 122 1984 183 EUGYPPH
2023 130 2311 188 ABDATIS
2347 133 2665 191 AFRICANI
3621 144 3706 201 9η

489 241 777 301 ponuntur.
827 231 954 297 Nam
983 238 1038 285 et
1065 231 1134 286 de
1163 239 1411 300 serpente
1441 233 1581 302 quod
1623 246 1805 290 notum
1838 247 1940 298 est,
1974 247 2054 290 to-
2081 245 2126 301 Α
2157 247 2273 308 pter
2304 241 2463 296 vitam
2495 252 2547 298 et
2573 258 2806 315 corpus;
2850 261 2969 301 nam
2998 257 3053 304 et
3081 249 3132 303 in
3164 247 3249 304 illa
3283 250 3388 305 tria
3420 261 3560 317 sunt,
3587 255 3705 310 unde

489 335 602 379 tum
650 337 840 392 corpus
884 338 1004 377 eum
1063 338 1162 393 pro
1216 324 1392 390 capite
1441 326 1675 394 objicere
1719 327 2054 395 ferientibus,

487 425 739 485 quantum
769 415 996 469 illustrat
1019 427 1237 468 sensum
1269 415 1417 469 illum
1441 418 1580 484 quod
1607 416 1865 474 Dominus
1876 419 2051 490 jubet,

486 517 692 562 astutos
723 521 819 562 nos
856 521 975 562 esse
1005 507 1143 560 sicut
1168 517 1448 576 serpentes
1477 526 1490 562 :
1515 521 1572 563 ut
1597 510 1803 566 scilicet
1838 527 1930 580 pro
1957 526 2049 565 ca-

485 599 594 665 pite
617 607 821 662 nostro,
853 597 992 666 quod
1025 606 1106 652 est
1143 597 1410 662 Christus,
1443 613 1637 667 corpus
1667 603 1839 669 potius
1867 617 2051 672 perse-

480 691 762 758 quentibus
805 688 1108 755 offeramus,
1167 706 1233 746 ne
1283 692 1413 747 ﬁdes
1446 691 1747 748 Christiana
1796 703 2045 764 tanquam

479 789 702 848 negetur
741 779 1014 852 [tanquam
1045 793 1202 851 caput
1253 781 1492 852 necetur]
1540 783 1593 837 in
1626 783 1801 850 nobis,
1843 784 1889 838 si
1922 801 2045 853 par-

477 878 659 923 centes
706 871 915 937 corpori
956 885 1207 940 negemus
1234 870 1400 924 Dcum
1429 873 1441 922 !
1478 872 1568 924 Vel
1604 871 1735 926 illud
1762 874 1907 943 quod
1948 889 2046 944 per

475 972 720 1013 cavernae
743 962 1011 1029 angustias
1031 969 1351 1024 coarctatus,
1377 961 1619 1028 deposita
1639 973 1818 1018 vetere
1841 967 2041 1032 tunica,

472 1049 619 1104 vires
667 1065 832 1104 novas
862 1051 1104 1116 accipere
1141 1050 1356 1116 dicitur,
1395 1058 1652 1120 quantum
1706 1054 1938 1108 concinit
1975 1056 2041 1110 ad

473 1137 783 1192 imitandam
827 1137 1033 1209 [ipsius]
1064 1139 1333 1206 serpentis
1379 1143 1652 1208 astutiam,
1701 1135 2036 1200 eruendum;

469 1243 572 1295 que
600 1229 767 1298 ipsum
798 1239 1028 1281 veterem
1054 1227 1346 1296 hominem,
1377 1229 1515 1284 sicut
1547 1233 1838 1302 Apostolus
1871 1235 2031 1303 dicit,

469 1329 526 1369 ut
562 1317 838 1370 induamur
880 1330 1038 1381 novo,
1069 1325 1122 1370 et
1153 1317 1454 1371 exuendum
1487 1332 1585 1387 per
1623 1323 1916 1390 angustias,
1950 1325 2035 1378 di-

465 1417 618 1462 cente
675 1408 931 1463 Domino:
960 1408 1155 1464 Intrate
1207 1425 1300 1478 per
1344 1422 1622 1480 anguStam
1675 1417 1925 1483 portam!
1971 1416 2036 1472 Ut

461 1513 591 1567 ergo
621 1499 808 1553 notitia
841 1512 1043 1554 natura:
1069 1502 1336 1570 serpentis
1365 1503 1594 1559 illustrat
1627 1506 1822 1562 multas
1851 1508 2033 1563 simili-

2156 327 2316 381 etiam
2339 338 2451 384 toto
2480 335 2658 398 corde,
2695 344 2802 390 tota
2835 337 3031 403 anima,
3083 349 3188 393 tota
3221 350 3413 395 mente
3439 341 3704 411 diligendus

2154 426 2237 472 est
2263 417 2400 474 Deus
2425 439 2438 473 :
2472 422 2524 476 in
2553 438 2780 493 corpore
2804 440 3003 496 autem,
3045 431 3480 488 manifestissima
3508 447 3704 502 quatuor

2151 520 2431 576 apparent.
2462 512 2653 583 qllibus
2684 528 2917 587 constat,
2945 522 3228 578 elementa.
3259 524 3314 579 ln
3345 525 3451 579 hoc
3482 539 3600 596 ergo
3627 527 3701 580 dr-

2150 599 2323 665 nario,
2348 599 2472 656 dum
2501 607 2868 674 temporaliter
2889 612 3044 668 nobis
3070 614 3390 681 insinuatur,
3415 616 3466 671 id
3487 625 3563 670 est
3585 632 3697 685 qua-

2149 695 2230 743 ter
2257 690 2490 760 ducitur,
2525 705 2672 753 caste
2702 706 2752 752 et
2784 702 3122 758 continenter
3149 720 3178 757 a
3218 707 3584 774 temporalium
3610 706 3696 760 de-

2146 777 2430 839 lectatione
2454 785 2657 852 vivere,
2703 788 2806 845 hoc
2854 801 2939 846 est
2980 795 3329 866 quadraginta
3356 796 3544 851 diebus
3576 797 3693 866 jeju-

2144 884 2276 925 nare
2296 872 2650 948 [monemur]:
2678 878 2778 933 hoc
2800 879 2882 935 lex
2905 882 3056 950 cuius
3077 898 3305 951 persona
3333 894 3418 939 est
3441 885 3496 938 in
3515 885 3688 953 Moyse.

2144 955 2246 1011 ltoc
2289 963 2563 1029 pr0phetia
2609 963 2764 1034 cujus
2809 981 3090 1036 personam
3133 971 3272 1039 gerit
3317 972 3480 1036 Elias,
3523 972 3614 1027 hoc
3648 983 3692 1029 et

2144 1042 2300 1116 [ipse]
2335 1047 2588 1106 Dominus
2619 1062 2822 1120 monet,
2848 1055 2938 1123 qui
2968 1065 3216 1126 tanquam
3243 1059 3592 1113 testimonium
3613 1062 3690 1113 ha-

2140 1134 2272 1191 bens
2300 1151 2362 1192 ex
2393 1140 2508 1209 lege
2537 1151 2591 1197 et
2615 1145 2914 1215 prophetis,
2949 1146 3154 1201 medius
3176 1147 3320 1202 inter
3347 1149 3462 1202 illos
3485 1150 3533 1202 in
3562 1165 3686 1203 mou-

2142 1233 2217 1293 te,
2273 1229 2442 1286 tribus
2489 1232 2765 1303 discipulis
2813 1236 3322 1308 videntibusatque
3357 1239 3682 1307 stupentiblﬂ.

2137 1317 2348 1372 claruit.
2400 1320 2600 1377 Deinde
2642 1327 2899 1393 quaeritur
2929 1327 3196 1396 quomodo
3236 1328 3684 1399 quinquagenarius

2135 1407 2203 1462 de
2246 1410 2672 1482 quadragenario
2705 1431 2930 1472 numero
2979 1419 3173 1472 existat
3198 1457 3214 1482 ,
3258 1421 3348 1488 qui
3380 1417 3481 1474 non
3508 1419 3682 1473 medio-

2134 1498 2302 1552 criter
2333 1500 2386 1554 in
2415 1511 2593 1557 nostra
2626 1504 2883 1574 religione
2908 1520 3148 1564 sacratus
3175 1517 3259 1563 est
3287 1519 3498 1580 propter
3517 1510 3680 1566 Pente-

462 1593 671 1647 tudines
698 1609 814 1662 quze
846 1591 1019 1664 [quas]
1051 1593 1117 1648 de
1143 1597 1240 1648 hoc
1279 1597 1549 1651 animante
1594 1596 1867 1666 Scriptura
1898 1600 2015 1656 dare

2137 1594 2321 1642 costen
2338 1589 2364 1642 ?
2382 1600 2434 1645 et
2456 1594 2728 1660 quomodo
2759 1604 2840 1649 ter
2866 1596 3058 1651 ductus
3086 1609 3301 1667 propter
3327 1599 3424 1652 tria
3446 1607 3675 1668 tempora,

459 1684 759 1748 consuevit,
815 1684 892 1737 sic
935 1684 1227 1752 ignorantia
1279 1688 1650 1742 nonnullorum
1693 1690 2026 1756 animalium,

458 1792 576 1844 qum
607 1791 714 1829 non
757 1777 929 1830 minus
960 1791 1055 1845 per
1078 1776 1456 1833 similitudines
1485 1790 1898 1849 commemorat,
1928 1783 2027 1837 im-

457 1867 600 1931 pedit
632 1866 915 1934 plurimum
957 1867 1338 1922 intellectorem
1366 1886 1379 1921 :
1406 1868 1482 1924 sic
1508 1871 1768 1940 lapidum,
1798 1873 1878 1927 sic
1906 1872 2029 1928 ber-

457 1958 664 2021 barum,
699 1959 781 2012 vel
811 1973 1033 2028 qumque
1061 1958 1431 2031 [quaecunque]
1457 1969 1707 2015 tenentur
1732 1963 2022 2018 radicibus.

454 2047 585 2101 Nam
626 2056 680 2102 et
733 2047 1037 2102 carbunculi
1092 2047 1300 2110 notitia.
1326 2047 1467 2116 quod
1510 2039 1653 2105 lucet
1697 2049 1750 2104 in
1791 2052 2026 2108 tenebris

453 2137 616 2193 multa
647 2135 914 2190 illuminat
943 2138 1104 2191 etiam
1132 2137 1356 2193 obscura
1391 2139 1680 2207 librorum,
1721 2143 2023 2214 ubicunque

450 2238 672 2298 propter
691 2228 1092 2284 similitudinem
1136 2230 1351 2296 ponitur
1376 2250 1387 2283 :
1419 2241 1474 2286 et
1503 2232 1802 2304 ignorantia
1832 2237 2022 2308 berylli

450 2320 533 2375 vel
558 2320 859 2374 adamantis
886 2321 1084 2374 claudit
1116 2322 1428 2391 plerumque
1457 2321 1828 2393 intelligentia
1853 2327 2018 2383 fores.

448 2407 555 2463 Nec
585 2409 739 2461 ali-tn
785 2410 852 2463 ob
907 2423 1124 2463 causam
1156 2409 1310 2465 facile
1357 2419 1442 2465 est
1473 2413 1797 2484 intelligere,
1832 2432 2016 2485 pacem

448 2509 758 2566 perpetuam
784 2502 1066 2568 signiﬁcari
1094 2501 1226 2555 olea:
1255 2504 1482 2568 ramulo,
1514 2519 1673 2574 quem
1711 2508 1926 2564 rediens
1951 2511 2017 2566 ad

446 2605 626 2644 arcam
657 2592 901 2646 columba
939 2594 1176 2661 pertulit,
1224 2595 1322 2648 nisi
1353 2597 1474 2666 quia
1521 2602 1783 2663 novimus,
1816 2609 1872 2655 et
1910 2602 2014 2657 olei

445 2682 624 2736 lenem
648 2691 951 2735 contactum
970 2699 1073 2737 non
1099 2684 1251 2739 facile
1274 2685 1450 2740 alieno
1474 2686 1697 2744 humore
1719 2693 2012 2762 corrumpi,

443 2784 498 2827 et
524 2773 770 2829 arborem
813 2775 980 2842 ipsam
1013 2776 1264 2831 frondere
1297 2780 1621 2846 perenniter.
1657 2781 1803 2836 Multi
1835 2793 2013 2840 autem

442 2874 663 2935 propter
717 2867 1068 2935 ignorantiam
1116 2869 1354 2938 hysSOpi,
1402 2870 1528 2937 dum
1577 2873 1821 2928 nesciunt
1850 2889 2008 2946 quam

2132 1685 2257 1731 ante
2285 1675 2480 1749 legem,
2510 1683 2614 1738 sub
2641 1684 2776 1753 lege,
2808 1684 2908 1739 sub
2936 1687 3126 1755 gratia,
3161 1687 3246 1742 vel
3272 1697 3483 1757 propter
3508 1703 3677 1744 nomen

2131 1768 2327 1840 Patris,
2356 1782 2409 1827 et
2451 1774 2593 1839 Filii,
2619 1788 2670 1830 et
2699 1776 2927 1845 Spiritus
2957 1778 3150 1843 sancti,
3177 1778 3427 1846 adjuncta
3457 1780 3672 1836 eminen-

2112 1863 2234 1918 tius
2258 1863 2371 1932 ipsa
2402 1865 2684 1931 Trinitate,
2713 1867 2783 1922 ad
2811 1869 3200 1937 purgatissima
3232 1871 3477 1926 Ecclesia
3501 1882 3672 1942 myste-

2135 1953 2276 2007 rium
2307 1956 2607 2011 referatur?
2649 1958 3026 2028 perveniatque
3073 1959 3138 2013 ad
3185 1971 3400 2014 centum
3442 1961 3670 2030 quinqua-

2126 2042 2271 2111 ginta
2303 2055 2409 2100 tres
2447 2046 2635 2113 pisces,
2676 2063 2810 2118 quos
2861 2049 3029 2114 retia,
3084 2059 3205 2120 post
3256 2052 3669 2106 resurrectionem

2131 2132 2358 2201 Domini,
2413 2137 2466 2191 in
2512 2137 2788 2194 dexteram
2835 2147 3041 2208 partem
3090 2143 3247 2195 missa
3293 2151 3575 2211 eruperunt.
3604 2135 3668 2196 lfa

2125 2225 2308 2298 multis
2338 2227 2458 2282 aliis
2491 2237 2652 2298 atque
2687 2230 2804 2284 aliis
2836 2246 3174 2286 numerorum
3207 2231 3416 2297 formis,
3454 2233 3666 2303 quedam

2125 2315 2530 2373 similitudinum
2558 2321 2610 2374 in
2632 2323 2833 2377 sanctis
2863 2322 3011 2376 libris
3038 2333 3244 2378 secreta
3270 2333 3542 2393 ponuntur,
3563 2337 3663 2391 qua

2125 2416 2341 2472 propter
2391 2421 2733 2463 numerorum
2791 2411 3114 2479 imperitiam
3166 2410 3462 2483 legentibus
3505 2409 3662 2468 clausa

2122 2501 2266 2545 sunt.
2588 2523 2592 2527 -

2652 2566 2879 2625 CAPUT
2915 2566 3168 2625 CCLXV.

2192 2671 2270 2729 De
2293 2691 2459 2730 rerum
2487 2679 2800 2734 musicorum
2823 2682 3115 2752 ignorantia
3137 2701 3155 2748 ;
3183 2698 3247 2737 ea:
3272 2683 3445 2737 eodem
3468 2683 3600 2737 fibra.

2189 2785 2304 2840 Non
2339 2802 2503 2856 pauca
2533 2792 2694 2846 etiam
2725 2793 2920 2848 claudit
2963 2803 3124 2863 atque
3163 2794 3364 2865 obtegit
3407 2795 3654 2850 nonnulla-

2117 2890 2235 2931 rum
2288 2893 2463 2942 rerum
2513 2882 2834 2938 musicarum
2869 2885 3181 2954 ignorantia.
3216 2885 3347 2941 Nam
3374 2896 3426 2940 et
3449 2886 3508 2940 de
3536 2884 3652 2954 psal-

439 2958 544 3009 vim
578 2956 789 3020 haheat,
825 2957 905 3011 vel
955 2957 1021 3010 ad
1053 2957 1377 3028 purgandum
1431 2960 1760 3028 pulmonem,
1808 2939 1914 3030 vel,
1956 2975 2012 3020 ut
2037 2939 2084 3004 Ο
2123 2969 2239 3023 terii
2272 2980 2326 3025 et
2354 2973 2575 3028 cithara:
2613 2939 2914 3031 differenti;
2963 2978 3175 3047 quidem
3221 2993 3326 3033 non
3375 2939 3652 3034 inconcinne

438 3047 652 3112 dicitur,
682 3049 746 3101 ad
776 3062 901 3102 saxa
934 3048 1201 3101 radit-ibus
1229 3050 1573 3115 penetranda,
1600 3066 1720 3106 cum
1751 3053 1820 3107 sit
1847 3053 2008 3109 herba

438 3139 618 3192 brevis
649 3148 807 3207 atque
840 3139 1079 3203 humilis,
1122 3141 1342 3193 omnino
1367 3141 1610 3196 invenire
1651 3158 1757 3197 non
1790 3153 2012 3213 possunt

436 3248 599 3299 quare
639 3234 706 3287 sit
747 3233 948 3288 dictum
982 3235 1284 3305 :Asperges
1324 3251 1408 3291 me
1458 3236 1711 3307 byssopo,
1760 3249 1812 3293 et
1853 3255 2009 3294 mun-

435 3326 621 3381 dabor.

889 3439 991 3510 (.1
1031 3437 1254 3495 CAPUT
1292 3403 1556 3495 CCLXIV.

435 3530 509 3585 De
530 3547 852 3584 numerarunt
881 3533 1152 3599 imperitia.
1173 3533 1480 3608 omentum
1504 3535 1627 3600 facit
1648 3552 1746 3590 non
1771 3537 2006 3608 intelligi;

998 3619 1062 3654 ea:
1089 3605 1262 3654 eodem
1290 3604 1440 3657 libro.

504 3709 852 3763 Numerorum
884 3711 1041 3763 etiam
1074 3711 1334 3779 imperitia
1364 3713 1526 3765 multa
1559 3712 1682 3766 facit
1715 3730 1818 3768 non
1852 3715 2006 3768 intel-

432 3805 518 3873 ligi
548 3806 803 3859 translate
829 3821 889 3857 ac
929 3807 1149 3876 mystice
1200 3807 1365 3874 posita
1410 3809 1463 3858 in
1507 3805 1817 3875 Scripturis.
1862 3809 2007 3876 lnge-

431 3897 574 3950 uium
606 3899 830 3967 quippe,
875 3910 928 3950 ut
963 3899 1033 3951 ita
1065 3898 1311 3967 dixerim,
1356 3900 1642 3969 ingenuum
1686 3916 1790 3954 non
1833 3911 2006 3968 potest

432 4004 536 4042 non
567 3989 766 4042 moveri
807 3991 934 4057 quid
968 3989 1063 4042 sibi
1107 3989 1229 4043 velit
1263 3989 1403 4058 quod
1444 3999 1496 4043 et
1531 3990 1740 4060 Moyses
1774 4003 1827 4045 et
1859 3992 2005 4047 Elias

429 4088 480 4132 et
522 4078 633 4146 ipse
681 4079 933 4132 Dominus
982 4081 1328 4150 quadraginta
1377 4081 1563 4135 diebus
1601 4083 2002 4151 jejunaverunt,

426 4171 579 4239 enjus
602 4170 824 4224 actionis
857 4171 1111 4239 ﬁguratus
1137 4172 1351 4238 quidam
1378 4171 1569 4240 nodus,
1596 4173 1694 4225 nisi
1723 4172 1885 4240 hujus
1908 4188 2004 4226 nu-

426 4261 559 4313 tueri
580 4260 882 4326 cognitione
901 4268 952 4313 et
983 4259 1410 4314 consideratione
1438 4275 1541 4313 non
1565 4261 1818 4315 solvitur:
1844 4263 2002 4316 habet

423 4351 567 4405 enim
590 4352 865 4405 denarium
897 4361 1086 4419 quater
1113 4362 1358 4418 tanquam
1379 4351 1733 4420 cognitionem
1760 4352 1996 4406 omnium

424 4458 600 4495 rerum
648 4443 902 4496 intextam
959 4443 1308 4508 temporibus.
1367 4441 1714 4506 Quaternario
1770 4458 1997 4509 namque

424 4527 662 4604 [quippe]
706 4547 946 4596 numero,
981 4541 1035 4585 et
1056 4533 1266 4594 diurna,
1299 4541 1350 4584 et
1378 4547 1547 4583 annua
1581 4531 1844 4584 curticula
1877 4547 1997 4598 per-

420 4633 683 4693 aguntur:
712 4623 918 4682 diurna,
947 4627 1217 4677 matutinis
1240 4633 1294 4676 et
1321 4622 1650 4686 meridianis,
1676 4623 1995 4689 vespertinis

422 4717 803 4784 nocturnisque
849 4717 1094 4770 horarum
1133 4718 1348 4782 spatiis;
1395 4731 1588 4778 annua,
1619 4715 1817 4777 vernis,
1846 4715 1989 4768 πελί-

422 4811 533 4874 vis,
569 4808 966 4862 autumnalibus
995 4808 1417 4874 hiemalibusque
1449 4806 1742 4859 mensibus.
1777 4806 1820 4857 A
1867 4815 1996 4857 tem-

420 4915 605 4971 porum
639 4908 817 4953 autcm
851 4898 1221 4963 delectatione,
1265 4898 1390 4950 dum
1430 4896 1480 4949 in
1514 4896 1838 4963 temporibus
1869 4895 1996 4948 vivi-

421 5009 560 5057 mus,
595 5005 810 5062 pt0pter
841 4995 1215 5054 aeternitatem,
1263 4992 1312 5044 in
1351 5005 1453 5058 qua
1504 4988 1686 5042 vivere
1728 4990 1993 5049 volumus,

421 5085 792 5138 abstinendum
823 5091 877 5134 et
902 5083 1242 5148 jejunandum
1273 5089 1353 5134 est
1379 5097 1390 5131 :
1424 5078 1667 5147 quamvis
1694 5086 1993 5144 temporum

422 5176 666 5228 cursibus
700 5174 807 5239 ipsa
857 5173 1008 5225 nobis
1053 5171 1346 5222 insinuetur
1377 5169 1613 5221 doctrina
1646 5180 1992 5220 contemnen—

422 5268 608 5322 (lorum
627 5274 920 5330 temporum
951 5272 1001 5314 et
1028 5259 1443 5328 appetendarum
1465 5267 1807 5310 mternorum.
1827 5255 1992 5308 Porro

422 5373 597 5412 autem
645 5356 892 5408 denarios
943 5364 1194 5406 numerus
1243 5349 1513 5402 Creatoris
1550 5355 1706 5416 atque
1733 5356 1990 5400 creaturas

421 5449 680 5518 signiﬁcat
729 5447 1025 5499 scientiam.
1095 5442 1224 5497 Nam
1281 5439 1515 5494 Trinitas
1562 5438 1831 5511 Creatoris
1883 5446 1985 5500 est,

424 5540 752 5611 septenarius
783 5549 953 5593 autem
986 5549 1238 5592 numerus
1269 5543 1566 5592 creaturam
1597 5529 1812 5597 iudicat,
1863 5544 1988 5603 pro.

2117 3061 2324 3129 aliquas
2354 3079 2528 3119 rerum
2561 3066 2754 3135 ﬁguras
2792 3070 3027 3136 aperuit,
3073 3078 3127 3122 et
3154 3070 3339 3124 decem
3368 3070 3651 3124 chordarum

2118 3152 2449 3220 psalterium,
2494 3171 2597 3208 non
2649 3159 2948 3225 importune
2996 3161 3135 3213 inter
3181 3160 3365 3215 doctos
3409 3161 3647 3230 queritur,

2117 3251 2293 3298 utrum
2327 3244 2519 3300 habeat
2548 3247 2777 3318 aliquam
2816 3250 3032 3304 musica:
3060 3251 3251 3321 legem,
3296 3267 3410 3320 quae
3452 3251 3510 3304 ad
3546 3263 3647 3305 tan-

2115 3345 2225 3391 tum
2258 3352 2543 3392 nervorum
2579 3354 2860 3395 numerum
2901 3353 3074 3411 cogat.
3106 3342 3186 3396 An
3220 3357 3345 3397 vero
3374 3343 3415 3396 si
3444 3358 3537 3396 non
3565 3343 3647 3396 ba.

2113 3429 2222 3492 bet,
2255 3443 2321 3484 eo
2349 3428 2465 3497 ipso
2493 3432 2658 3500 magis
2689 3441 2895 3486 sacrate
2921 3432 3260 3501 accipiendos
3303 3434 3369 3487 sit
3413 3434 3517 3502 ipse
3560 3445 3642 3486 na-

2114 3532 2312 3583 merus,
2343 3519 2424 3572 vel
2463 3530 2682 3588 propter
2714 3519 3022 3590 decalogum
3071 3522 3218 3590 legis.
3273 3523 3346 3576 De
3393 3537 3488 3592 quo
3537 3523 3643 3574 item

2114 3623 2337 3664 numero
2364 3611 2408 3662 si
2439 3621 2726 3678 quzeratur,
2764 3626 2866 3664 non
2898 3612 2996 3664 nisi
3028 3613 3092 3664 ad
3123 3612 3424 3666 Creatorem
3465 3621 3642 3666 creatu-

2111 3713 2332 3768 ramque
2361 3699 2673 3753 referendus
2704 3711 2801 3762 est,
2838 3702 2917 3754 vel
2949 3710 3164 3769 propter
3194 3703 3430 3771 superius
3457 3700 3640 3766 exposi-

2113 3799 2219 3842 tum
2255 3791 2423 3857 ipsum
2455 3791 2747 3845 denarium.
2785 3793 2848 3845 Et
2887 3793 2976 3846 ille
3019 3807 3270 3848 numerus
3315 3793 3640 3847 :cdilicationis

2112 3879 2312 3946 templi,
2348 3881 2585 3946 quicum
2636 3892 2956 3934 memoratur
3001 3882 3049 3934 in
3092 3881 3400 3953 Evangelio,
3442 3883 3639 3951 quadra-

2110 3969 2256 4037 ginta
2287 3971 2489 4025 scilicet
2517 3983 2568 4024 et
2593 3989 2681 4027 sex
2716 3988 2995 4035 annorum,
3042 3975 3220 4028 nescio
3257 3977 3376 4043 quid
3417 3976 3636 4028 musicum

2110 4071 2284 4124 sunat,
2308 4071 2360 4115 et
2385 4043 2582 4116 relaius
2601 4066 2672 4115 ad
2703 4063 2953 4116 fabricam
2990 4066 3241 4118 Dt-miuici
3274 4067 3496 4131 corporis
3517 4067 3636 4131 (pro-

2112 4160 2228 4218 pter
2257 4169 2412 4217 quam
2446 4155 2626 4219 templi
2652 4154 2850 4206 mentio
2880 4155 3014 4207 farta
3046 4156 3172 4223 est),
3213 4159 3355 4225 cogit
3390 4156 3634 4209 noonullos

2111 4244 2387 4299 haereticos
2412 4246 2653 4298 conﬁteri
2687 4244 2874 4299 Filium
2906 4245 3015 4310 Dei,
3047 4261 3149 4300 non
3180 4246 3313 4301 falso
3342 4247 3428 4301 sed
3455 4260 3562 4298 vero
3593 4252 3635 4296 et

2032 4307 2081 4366 D
2110 4333 2340 4386 humano
2368 4348 2590 4401 corpore
2643 4334 2899 4389 indutum.
2949 4335 3012 4389 Et
3057 4351 3332 4388 numerum
3383 4337 3554 4405 quippe
3591 4344 3632 4387 et

2109 4424 2364 4476 musicam
2397 4425 2661 4493 plerisque
2692 4426 2816 4478 locis
2846 4426 2895 4480 in
2928 4427 3093 4479 sacris
3122 4425 3407 4492 Scripturis
3440 4426 3631 4478 honora-

2107 4515 2282 4569 biliter
2305 4521 2470 4582 posita
2505 4516 2832 4577 invenimus;
2859 4531 2961 4569 non
2992 4517 3129 4569 enim
3157 4516 3403 4570 audiendi
3431 4525 3542 4571 sunt
3563 4530 3631 4569 εῖ-

2106 4621 2255 4659 rores
2292 4606 2566 4673 gentilium
2600 4606 3032 4673 superstitimmm
3056 4647 3069 4669 ,
3103 4607 3194 4675 qui
3227 4623 3414 4661 novem
3445 4607 3628 4672 Musas,

2102 4697 2250 4752 .lovis
2279 4709 2330 4752 et
2361 4698 2626 4751 Memoriae
2662 4698 2791 4749 ﬁlias
2839 4712 2957 4751 esse
3004 4701 3336 4758 finxerunt;
3352 4697 3528 4751 refellit
3553 4708 3628 4749 eos

2106 4791 2301 4855 Varro,
2334 4806 2436 4857 quo
2468 4791 2645 4842 nescio
2679 4801 2850 4840 utrum
2881 4789 3016 4852 apud
3048 4803 3139 4841 eos
3163 4789 3433 4857 quisquam
3471 4787 3623 4839 talum

2105 4898 2280 4935 rerum
2309 4881 2512 4933 doctior
2544 4881 2621 4931 vel
2651 4878 2910 4933 curiosior
2940 4892 3058 4930 esse
3108 4879 3291 4946 possit.
3347 4878 3467 4930 Dicit
3508 4875 3624 4928 enim

2103 4973 2365 5027 civitatem
2394 4972 2567 5023 nescio
2594 4986 2769 5038 quam,
2804 4985 2904 5022 non
2937 4970 3077 5021 enim
3118 4985 3309 5024 nomen
3339 4971 3520 5028 recolo,
3563 4966 3626 5017 lo-

2103 5076 2253 5116 casse
2297 5062 2430 5128 apud
2463 5072 2568 5113 tres
2601 5059 2826 5111 artiﬁces
2877 5066 3022 5110 tevna
3061 5059 3340 5112 simulacra
3373 5059 3622 5114 Musarum,

2103 5170 2220 5222 quae
2251 5154 2300 5206 in
2334 5154 2528 5217 templo
2555 5152 2814 5218 Apollinis
2845 5150 3038 5202 donum
3071 5161 3311 5217 poneret,
3347 5163 3396 5203 ut
3423 5148 3623 5216 quisnuia

2099 5244 2357 5298 artiﬁcum
2397 5242 2693 5310 pu‘chriora
2754 5243 3063 5302 lormasset,
3109 5242 3177 5295 ab
3217 5241 3303 5294 illo
3334 5240 3484 5308 poti~s
3506 5251 3622 5288 mum

2099 5340 2263 5393 eleCta
2294 5347 2535 5390 emeret:
2582 5336 2650 5388 ita
2688 5333 2992 5402 εοηιὶεἱκεθ,
3033 5342 3091 5385 ut
3127 5348 3286 5400 opera
3327 5346 3414 5385 sua
3445 5319 3654 5396 quoque

2098 5429 2170 5484 illi
2211 5428 2442 5482 artiﬁces
2489 5440 2635 5495 aeque
2670 5424 2882 5492 pulchra
2930 5425 3260 5492 explicarent
3301 5433 3354 5478 et
3397 5422 3621 5489 placuisse

2096 5522 2293 5581 civitati
2325 5535 2509 5578 omnes
2541 5533 2753 5585 novem,
2782 5527 2941 5589 atque
2971 5532 3158 5574 omnes
3189 5532 3303 5572 esse
3330 5524 3534 5582 emptas,
3577 5520 3620 5563 ut
