3904 6224
181 279 301 347 9ι9
338 286 345 292 ’

1347 297 1776 356 TIIESAURUS.
1816 298 1967 354 CAP.
2006 295 2271 357 CCLXVI.

3225 319 3228 322 ’
3307 316 3421 371 955’

181 403 248 513 in
289 404 547 513 apollinis
577 409 1185 512 templodedicarcutur,
1216 413 1406 513 quibus
1431 424 1611 513 postea
1633 413 1758 470 die“
1786 416 1830 473 Α
1861 435 2122 507 gultieuti,
2146 448 2204 493 ut
2231 438 2416 494 dextra
2448 452 2605 493 manu
2634 439 2906 497 sinistrum
2927 444 3177 513 pollicem
3202 456 3403 505 teneas.

179 494 489 551 Hesiodum
530 511 737 568 poetam
788 501 1108 569 imposuisse
1145 504 1422 558 vocabula.
1471 504 1583 558 Non
1632 511 1758 571 ergo

178 584 407 652 Jupiter
436 604 625 642 novem
654 589 827 643 Musas
851 590 1071 658 genuit,
1114 591 1207 647 sed
1252 595 1359 647 tres
1402 592 1533 647 l’abri
1580 601 1758 646 ternas

176 687 543 731 creaverunt:
578 688 685 733 tres
711 688 884 734 autem
913 696 1017 734 non
1048 693 1322 752 propterea
1352 684 1438 738 illa
1468 685 1653 738 civitas
1679 686 1757 738 io-

184 756 439 828 Caverat,
466 766 588 834 quia
619 766 669 820 in
695 769 898 825 somnis
921 784 1013 823 eas
1037 770 1258 838 viderat,
1285 780 1376 826 aut
1404 781 1479 828 tot
1501 790 1560 829 se
1582 774 1759 845 cujus-

177 864 359 917 quam
385 852 593 906 illarum
622 856 787 909 oculis
813 856 1322 926 demonstraveram,
1344 862 1436 916 sed
1458 864 1580 932 quia
1602 864 1756 917 facile

177 946 318 993 erat
360 940 801 1009 animadvertere,
846 961 1056 1001 omnem
1106 963 1318 1015 sonum,
1364 966 1478 1020 quas
1506 954 1755 1007 materies

174 1035 579 1089 cantilenarum
609 1047 709 1101 est,
736 1039 1026 1095 triformem
1047 1055 1165 1095 esse
1191 1049 1469 1109 naturam;
1497 1050 1588 1096 aut
1612 1044 1752 1097 enim

177 1138 331 1179 voce
357 1125 555 1192 editur,
580 1128 732 1183 sicuti
762 1144 942 1184 eorum
972 1140 1054 1185 est
1094 1131 1182 1200 qui
1228 1131 1465 1187 lancibus
1511 1125 1627 1188 sine
1666 1147 1755 1187 or-

171 1229 333 1283 gano
352 1227 575 1284 canunt,
596 1228 685 1273 aut
714 1220 835 1274 llatu
858 1222 991 1275 sicut
1026 1222 1267 1277 tubarum
1297 1232 1352 1278 et
1375 1224 1641 1290 tibiarum,
1663 1235 1756 1281 aut

172 1308 348 1378 pulsu
393 1311 531 1366 sicut
572 1313 625 1366 in
667 1313 900 1383 cytbaris
926 1325 977 1369 et
1009 1317 1294 1384 tympanis,
1334 1324 1390 1370 et
1433 1318 1755 1385 quibuslibet

170 1401 312 1456 aliis
344 1416 467 1471 qua
512 1404 856 1471 percutiendo
884 1420 1075 1458 canora
1106 1414 1265 1470 sunt;
1305 1406 1399 1461 sed
1427 1404 1537 1483 sive
1582 1407 1655 1462 ita
1694 1423 1754 1463 se

170 1489 389 1544 habent
412 1492 549 1559 quod
579 1492 748 1547 Varro
776 1494 976 1559 retulit,
1014 1494 1125 1551 sive
1162 1510 1267 1549 non
1311 1496 1405 1570 ita,
1446 1511 1543 1551 nos
1574 1506 1751 1553 tamen

171 1591 293 1631 non
353 1588 570 1647 propter
625 1582 1055 1650 superstitionem
1110 1584 1447 1652 profanorum
1500 1586 1752 1642 debemus

169 1669 445 1721 musicam
480 1667 678 1739 iugere,
720 1669 764 1724 si
794 1670 920 1739 quid
963 1671 1085 1726 inde
1121 1673 1247 1726 utile
1284 1674 1348 1725 ad
1385 1673 1751 1744 intelligendas

1856 526 1948 581 His
1968 528 2323 598 adiunguntur
2338 529 2501 583 millia
2519 528 2940 587 iuanissimarum
2955 534 3403 605 obseritationum,

1856 616 1900 669 si
1930 618 2223 672 membrum
2270 619 2482 687 aliquod
2512 619 2738 686 salierit,
2770 621 2813 674 si
2838 621 3060 689 junctim
3088 623 3405 678 ambulanti-

1856 703 1954 758 bus
1980 705 2163 760 amicis
2184 706 2338 775 lapis,
2366 716 2456 760 aut
2480 706 2646 771 cauis,
2690 721 2781 761 aut
2810 722 2939 777 puer
2967 711 3171 766 medius
3222 712 3395 766 inter.

1854 794 2076 858 venerit,
2105 802 2265 863 atque
2289 795 2416 849 illud
2447 795 2588 865 quod
2616 795 2841 864 lapidem
2882 797 3108 865 calcant,
3153 808 3405 869 tanquam

1853 881 2235 953 diremptorem
2268 882 2639 955 [direptoreut]
2686 885 2955 953 amicitiae,
2985 888 3157 940 minus
3206 889 3403 944 moles-

1854 978 1965 1025 tum
1987 982 2071 1026 est
2099 987 2256 1041 quam
2277 987 2398 1026 cum
2441 976 2776 1029 innocentem
2804 988 3021 1042 puerum
3042 974 3262 1043 colapho
3282 991 3403 1045 per-

1853 1060 2075 1124 cutiunt,
2129 1060 2175 1114 si
2223 1060 2421 1129 pariter
2483 1062 2877 1117 ambulantibus
2910 1062 3279 1118 intercurrit:
3309 1062 3404 1119 sed

1854 1148 2049 1203 bellum
2073 1158 2173 1211 est,
2204 1149 2344 1219 quod
2369 1150 2649 1219 aliquando
2687 1152 2834 1219 pueri
2887 1149 3223 1205 vindicantur
3249 1165 3280 1205 a
3308 1164 3400 1205 ca-

1854 1239 2045 1302 nibus;
2075 1251 2195 1292 nam
2225 1238 2536 1307 plerumque
2576 1247 2682 1292 tam
2734 1237 3083 1308 superstitiosi
3114 1246 3240 1294 sunt
3290 1239 3407 1307 qui-

1852 1330 1996 1397 dam,
2024 1339 2079 1384 ut
2108 1328 2267 1384 etiam
2302 1345 2486 1385 canem
2507 1330 2595 1398 qui
2626 1329 2830 1384 medius
2857 1328 3200 1384 intervenerit
3242 1325 3407 1384 ferire

1854 1422 2081 1476 audeant
2113 1437 2216 1476 non
2251 1422 2485 1489 impune,
2538 1435 2768 1490 namque
2799 1436 2828 1474 a
2861 1419 3249 1474 vanoremedio
3298 1418 3405 1472 cito

1856 1511 1947 1564 ille
1974 1511 2236 1565 interdum
2268 1525 2634 1579 percussorem
2659 1525 2809 1564 suum
2832 1508 2897 1564 ad
2930 1524 3112 1564 verum
3141 1508 3403 1562 medicum

1855 1603 2035 1656 mittit.
2078 1602 2201 1657 llaec
2228 1611 2352 1656 sunt
2378 1602 2537 1655 etiam
2566 1602 2685 1666 illa;
2716 1601 2872 1655 limen
2901 1601 3106 1655 calcare
3133 1614 3252 1653 cum
3282 1605 3405 1652 ante

1854 1692 2068 1746 domum
2098 1705 2244 1746 suam
2270 1694 2487 1757 transit;
2521 1691 2694 1751 redire
2719 1690 2784 1743 ad
2816 1691 3029 1754 lectum,
3060 1690 3104 1743 si
3132 1688 3250 1757 quis
3278 1687 3403 1742 dum

170 1764 404 1810 sanctas
422 1756 723 1825 Scripturas
746 1773 932 1824 rapere
961 1761 1303 1828 potuerimus,
1329 1776 1427 1815 nec
1451 1762 1517 1815 ad
1540 1762 1746 1817 illorum

1851 1794 1910 1834 se
1939 1778 2154 1843 coiciat,
2193 1756 2601 1843 sternutaverit;
2634 1778 2809 1832 redire
2855 1778 3091 1844 domum,
3139 1777 3181 1829 ιιὶ
3216 1791 3404 1844 proce-

169 1845 484 1901 tltezttricas
514 1861 676 1917 uugas
696 1848 959 1914 converti,
989 1848 1033 1902 si
1056 1849 1250 1914 aliquid
1278 1851 1344 1903 de
1368 1849 1585 1903 citharis
1606 1862 1659 1904 et
1683 1849 1751 1906 de

171 1936 425 2004 organis,
461 1936 601 2002 quod
625 1936 688 1988 ad
711 1935 969 2003 spiritalia
997 1937 1251 2005 capienda
1288 1938 1478 2000 valeat,
1508 1939 1751 2007 dispute-

172 2039 325 2077 mus.
360 2022 545 2090 Neque
574 2024 715 2078 enim
745 2029 801 2079 et
828 2026 1030 2079 litteras
1067 2026 1275 2080 discere
1302 2040 1406 2079 nou
1448 2026 1747 2091 debuimus,

172 2116 307 2184 quia
336 2128 518 2168 earum
550 2115 712 2169 Deum
755 2116 937 2171 dicunt
972 2131 1089 2171 esse
1122 2117 1467 2182 Mercurium,
1505 2128 1595 2173 aut
1626 2120 1748 2186 quia

172 2203 418 2264 iustitia
449 2204 744 2275 Virtutique
772 2207 964 2274 templa
995 2207 1327 2272 dcdicaruut,
1369 2217 1422 2261 et
1451 2223 1569 2276 qua:
1590 2210 1750 2265 corde

170 2293 441 2362 gestanda
470 2303 592 2348 sunt
622 2295 672 2348 in
703 2296 962 2364 lapidibus
982 2295 1207 2369 adorare
1234 2297 1557 2362 maluerunt,
1591 2312 1751 2368 prop-

172 2392 329 2437 terea
362 2384 517 2437 nobis
540 2384 746 2452 justitia
774 2386 1045 2454 virtusque
1083 2386 1324 2455 fugienda
1355 2396 1456 2441 est.
1490 2387 1598 2441 imo
1625 2402 1750 2443 vero

171 2473 429 2543 quisquis
451 2475 620 2528 bonus
648 2489 907 2544 verosque
935 2474 1257 2530 christianos
1280 2486 1393 2541 est,
1430 2476 1637 2531 Domini
1665 2477 1748 2532 sui

172 2575 301 2615 esse
330 2561 588 2627 intelligat
620 2562 916 2632 ubicunque
948 2563 1207 2617 invenerit
1244 2564 1544 2633 veritatem,
1590 2580 1747 2635 quam

174 2650 476 2704 con'ereus
500 2658 554 2703 et
574 2658 883 2718 agnosCens,
908 2652 1066 2705 etiam
1091 2654 1140 2705 in
1164 2652 1351 2707 litteris
1373 2654 1536 2706 sacris
1563 2640 1751 2723 supcr-

174 2739 392 2793 stitiosa
420 2739 666 2808 ﬁgmenta
698 2741 960 2808 repudiet,
1004 2741 1284 2811 dolealque
1329 2741 1571 2797 homines
1592 2752 1750 2812 atque

173 2837 374 2901 caveat
400 2830 491 2897 qui
518 2840 896 2897 cognoscentes
935 2831 1123 2899 Deum,
1166 2846 1271 2885 non
1305 2841 1361 2887 ut
1393 2833 1554 2887 Deum
1593 2831 1749 2902 glori-

175 2916 502 2985 ﬁcaverunt,
532 2927 578 2971 et
608 2928 811 2972 cetera.

711 3023 934 3084 CAPUT
970 3028 1237 3083 CCLXVI.

1856 1868 1988 1923 dens
2017 1866 2339 1929 oli'enderit;
2369 1883 2488 1921 cum
2520 1868 2683 1923 vestis
2708 1883 2738 1920 a
2768 1868 3025 1921 soricihus
3043 1866 3262 1930 roditur,
3288 1865 3403 1933 plus

1857 1968 2083 2011 tremere
2113 1957 2417 2024 suspicione
2448 1956 2607 2011 futuri
2640 1958 2783 2019 mali,
2810 1972 2964 2026 quam
2998 1972 3229 2023 pra'scns
3255 1956 3403 2009 dam-

1852 2060 1979 2100 num
2010 2045 2208 2100 dolere.
2230 2044 2380 2101 Unde
2402 2044 2529 2098 illud
2552 2044 2820 2113 eleganter
2838 2047 3034 2098 dictum
3056 2056 3135 2099 est
3156 2044 3399 2097 Catonis:

1850 2136 2090 2205 Quicum
2118 2146 2260 2192 esset
2276 2137 2547 2191 consultus
2577 2148 2607 2188 a
2634 2136 2862 2204 quodam
2894 2136 2979 2204 qui
3012 2135 3155 2207 [sibi]
3204 2150 3231 2188 a
3263 2134 3401 2187 sori-

1850 2231 2001 2284 cibus
2029 2242 2213 2284 erosas
2239 2227 2436 2297 caligas
2482 2226 2702 2290 diceret,
2729 2228 3019 2297 respondit,
3049 2227 3160 2281 Non
3186 2242 3304 2280 esse
3332 2227 3401 2277 il-

1852 2321 1938 2375 Iud
1962 2331 2277 2388 monstrum,
2302 2320 2396 2374 sed
2414 2334 2538 2374 vere
2560 2328 2851 2374 monstrum
2882 2321 3179 2374 habendum
3212 2320 3395 2381 fuisse,

1850 2413 1892 2466 si
1922 2412 2124 2466 sorices
2153 2425 2183 2464 a
2210 2410 2391 2479 caligis
2412 2410 2748 2475 roderentur.
2795 2411 2973 2479 Neque
2997 2410 3067 2464 illi
3098 2411 3161 2463 ab
3192 2411 3289 2463 hoc
3314 2426 3403 2479 ge-

1850 2517 1980 2558 nere
2008 2503 2320 2572 perniciosce
2351 2502 2745 2572 superstitionis
2780 2501 3093 2572 segregandi
3142 2510 3286 2567 sunt,
3316 2498 3401 2566 qui

1848 2591 2186 2661 genethliaci,
2234 2599 2450 2660 propter
2481 2591 2734 2645 natalium
2769 2591 2971 2645 dierum
3028 2589 3405 2644 consideratio.

1851 2695 2015 2749 nem,
2077 2695 2217 2734 nunc
2266 2688 2438 2734 autem
2490 2681 2647 2749 vulgo
2698 2681 3057 2734 mathematici
3110 2687 3404 2733 vocantur:

1851 2785 2015 2840 quare
2046 2771 2158 2825 istm
2184 2786 2395 2839 quoque
2438 2771 2737 2840 opiniones,
2771 2771 3080 2837 quihusdam
3132 2784 3304 2823 rerum
3338 2768 3410 2821 δία

1849 2860 1989 2929 guis,
2011 2860 2237 2914 humana
2257 2861 2667 2929 praesumptione
2691 2860 2966 2925 institutis,
2992 2858 3055 2912 ad
3081 2858 3262 2911 eadem
3293 2856 3403 2919 illa,

1850 2949 1999 3019 quasi
2021 2948 2261 3018 quaedam
2282 2964 2401 3001 cum
2424 2949 2754 3002 dmmonibus
2777 2963 2923 3017 pacta
2951 2956 3005 3002 et
3025 2954 3299 3010 conventa,
3328 2961 3409 2999 re»

1854 3035 2085 3091 ferendae
2113 3045 2254 3091 sunt.
2287 3037 2421 3091 Hinc
2450 3038 2588 3091 enim
2621 3038 2679 3090 iit
2702 3038 3002 3102 ut,occulto
3024 3037 3249 3105 quodam
3271 3036 3410 3100 judi-

179 3115 261 3172 De
308 3118 471 3189 signis
517 3118 896 3195 superstitiosis,
927 3119 1121 3185 quibus
1146 3119 1422 3195 perniciose
1460 3119 1748 3195 diametrum

1851 3128 1935 3182 cio
1960 3127 2159 3192 divino,
2190 3127 2364 3195 cupidi
2387 3128 2641 3182 malarum
2665 3144 2839 3181 rerum
2867 3128 3105 3181 homines
3135 3125 3409 3179 tradantur
3458 3148 3479 3158 -

452 3188 661 3241 societas
688 3198 1010 3254 comparatur
1030 3206 1046 3253 ,-
1068 3203 1129 3241 ea:
1153 3190 1326 3241 eodem
1353 3190 1499 3241 libro".

262 3298 382 3353 Duo
398 3311 515 3352 sunt
529 3314 720 3368 genera
734 3299 1086 3353 doctrinarum
1100 3316 1213 3368 qua:
1229 3302 1276 3352 in
1296 3300 1574 3369 gentilibus
1589 3300 1748 3356 etiam

176 3378 773 3445 moribusexercentur:
792 3406 975 3456 unum,
990 3407 1170 3445 earum
1186 3409 1358 3446 rerum
1371 3408 1499 3461 quas
1519 3396 1753 3449 institue-

177 3490 309 3533 runt
339 3479 611 3542 homines;
634 3481 879 3544 alterum,
902 3494 1080 3535 eorum
1110 3497 1238 3549 quas
1265 3483 1753 3538 animadverterunt

178 3569 289 3637 iam
328 3580 593 3636 peractas,
624 3580 713 3623 aut
747 3572 996 3625 divinitus
1025 3572 1309 3627 institutas.
1341 3573 1468 3626 illud
1498 3575 1635 3643 quod
1668 3584 1751 3629 est

176 3660 483 3713 secundum
536 3662 896 3715 institutiones
926 3662 1219 3725 hominum,
1262 3664 1450 3729 partim
1496 3666 1751 3731 supersti—

180 3748 385 3802 tiosum
417 3757 514 3813 est,
550 3750 739 3817 pmim
774 3766 880 3804 non
906 3760 985 3803 est
1010 3753 1453 3818 superstitiosum.
1483 3755 1749 3821 Supersti-

180 3838 385 3893 tiosum
416 3845 514 3901 est,
558 3839 809 3907 quidquid
855 3825 1148 3892 institutum
1199 3853 1274 3893 est
1305 3841 1369 3895 ab
1423 3843 1748 3908 hominibus,

180 3927 249 3980 ad
283 3927 522 3980 facienda
554 3937 610 3981 et
635 3927 851 3981 COiCitd-t
886 3928 1021 3980 idola
1055 3930 1342 3997 pertinens,
1370 3931 1450 3982 vel
1484 3931 1545 3983 ad
1571 3932 1748 3985 colen-

180 4016 316 4069 dum
347 4018 484 4070 sicut
515 4016 680 4088 Deum
708 4026 1019 4082 Creaturam,
1050 4030 1313 4085 partemve
1348 4021 1503 4072 ullam
1540 4030 1747 4073 creatu-

180 4120 281 4167 περ.
314 4105 399 4158 νισι
444 4105 509 4158 ad
550 4106 966 4159 consultationes
1008 4115 1059 4160 et
1091 4119 1235 4174 pacta
1271 4109 1505 4176 quaedam
1548 4111 1746 4179 signéli-

178 4196 455 4247 cationum
481 4209 598 4247 cum
645 4195 975 4248 daemonibus
1019 4196 1207 4263 placita
1254 4207 1408 4261 attue
1464 4198 1740 4267 foederata,

179 4285 361 4353 qualia
378 4294 501 4339 sunt
520 4286 783 4339 molimina
808 4287 1127 4353 magicorum
1151 4288 1361 4351 artium,
1392 4305 1506 4356 quae
1528 4291 1740 4357 quidem

178 4375 292 4447 48
340 4391 760 4429 commemorare
808 4378 1007 4446 potius,
1060 4392 1213 4443 quam
1270 4378 1462 4430 docere
1508 4379 1743 4432 assolent

1852 3216 2104 3270 illudendi
2118 3225 2171 3271 et
2188 3217 2479 3287 decipiendi
2500 3233 2593 3286 pro
2611 3218 2812 3272 meritis
2828 3218 3151 3272 voluntatum
3169 3231 3405 3283 suarum,

1852 3306 2195 3361 illudenlibus
2216 3322 2313 3362 eos
2335 3318 2491 3379 atque
2512 3309 2893 3376 decipientibus
2914 3309 3408 3375 praevaricatoribus

1851 3397 2076 3464 angelis,
2107 3398 2298 3464 quibus
2327 3398 2425 3452 ista
2481 3394 2661 3453 mundi
2699 3415 2820 3467 pars
2862 3402 3062 3464 intima,
3111 3401 3405 3454 secundum
3473 3392 3477 3396 ”

1853 3486 2263 3553 pulcherrimum
2310 3488 2548 3543 ordinem
2581 3505 2779 3555 rerum,
2824 3490 3021 3543 divina:
3068 3492 3410 3558 providentia:

1854 3577 1989 3645 iege,
2016 3576 2251 3645 subjecta
2282 3587 2365 3631 est
2392 3597 2403 3630 :
2434 3580 2623 3646 quibus
2653 3579 2985 3635 illusiooibus
3014 3588 3065 3635 et
3087 3577 3413 3650 deceptioni-

1851 3664 1950 3719 bus
1974 3666 2170 3733 evenit,
2198 3676 2254 3719 ut
2280 3666 2393 3720 istis
2440 3668 2819 3736 superstitiosis
2846 3679 2899 3722 et
2922 3670 3230 3738 perniciosis
3276 3672 3409 3725 divi-

1850 3755 2121 3809 nationum
2190 3757 2517 3824 generibus,
2592 3758 2755 3813 multa
2806 3763 3067 3828 prmterita
3132 3772 3185 3816 et
3239 3764 3412 3818 futura

1851 3844 2115 3909 dicantur,
2142 3860 2241 3899 nec
2264 3846 2416 3901 aliter
2452 3848 2692 3902 accidant
2743 3866 2897 3917 quam
2929 3852 3192 3918 dicuntur,
3224 3855 3413 3906 multa-

1850 3952 1954 4005 que
2026 3937 2432 3993 observantibus
2491 3943 2780 3994 secundum
2836 3943 3231 3999 observationes
3285 3961 3410 3998 suas

1850 4026 2120 4091 eveniant,
2147 4028 2337 4095 quibus
2385 4028 2636 4096 implicati
2685 4033 3004 4085 curiosiores
3038 4035 3181 4099 ﬁant,
3208 4047 3259 4087 et
3288 4053 3408 4090 sese

1848 4112 2015 4183 magis
2047 4115 2320 4183 magisque
2359 4115 2603 4168 inserant
2660 4118 3035 4185 multiplicibus
3064 4122 3263 4189 laqueis
3294 4139 3411 4190 per-

1850 4202 2191 4257 uiciosissimi
2220 4203 2435 4257 erroris.
2469 4205 2577 4259 Hoc
2614 4222 2777 4274 genus
2804 4201 3167 4263 fornicationis
3219 4214 3409 4265 animae

1847 4292 2133 4346 salubriter
2161 4292 2337 4346 divina
2371 4295 2639 4363 Scriptura
2688 4313 2790 4351 nou
2834 4301 3012 4362 tacuit,
3047 4316 3216 4367 neque
3253 4303 3317 4355 ab
3348 4319 3408 4356 ea

1848 4383 1924 4436 sic
1979 4384 2240 4437 deterruit
2294 4378 2547 4452 animam,
2609 4398 2665 4441 ut
2718 4402 2993 4457 pr0pterca
3030 4394 3151 4446 talia
3193 4406 3411 4464 negaret

178 4478 356 4534 poeta:
391 4483 403 4516 :
436 4480 501 4519 ex
550 4481 652 4533 quo
704 4480 897 4532 genere
934 4477 1077 4530 sunt,
1125 4468 1213 4518 sed
1271 4468 1416 4533 quasi
1474 4468 1745 4523 licentiore
1779 4467 2282 4541 Dessehsectanda,
2313 4477 2434 4545 quia
2469 4478 2598 4529 falsa
2652 4481 2897 4533 dieuntur
2944 4496 2972 4533 a
3022 4483 3409 4549 professoribus

176 4555 433 4619 vanitate,
482 4555 777 4621 aruspicum
806 4562 858 4607 et
880 4571 1133 4625 augurum
1167 4556 1277 4609 libri
1316 4574 1327 4607 :
1354 4557 1416 4607 ad
1449 4558 1547 4611 hoc
1576 4573 1743 4625 genus

178 4648 456 4714 pertinent
484 4660 670 4699 omnes
697 4645 851 4698 etiam
896 4645 1129 4711 ligatum
1160 4656 1315 4713 atque
1341 4648 1596 4711 remedia,
1624 4663 1742 4715 quae

176 4737 511 4791 medicorum
553 4751 761 4803 quoque
801 4734 1073 4801 disciplina
1122 4736 1475 4799 condemnat,
1528 4738 1640 4790 sive
1688 4737 1743 4790 in

177 4824 733 4893 prmcantationibus,
789 4825 902 4877 sive
956 4825 1005 4875 in
1060 4824 1367 4891 quibusdam
1402 4826 1558 4887 notis,
1612 4839 1742 4894 quas

174 4917 521 4969 characteres
551 4925 758 4976 vocant,
791 4914 902 4966 sive
945 4916 995 4967 in
1028 4915 1316 4984 quibusque
1342 4917 1498 4969 rebus
1521 4932 1745 4982 suspen-

176 5005 369 5060 deudis
400 5015 558 5072 atque
588 5003 873 5072 illigandis,
902 5004 985 5057 vel
1017 5004 1175 5057 etiam
1207 5007 1462 5058 saltandis
1490 5008 1744 5073 quodam-

180 5098 366 5157 modo.
423 5111 528 5148 non
582 5095 646 5147 ad
702 5096 1138 5162 temperatiouem
1195 5097 1619 5162 corpurum,sed
1675 5096 1740 5151 ad

182 5185 446 5254 quasdam
475 5184 903 5253 signiﬁcationes,
936 5197 1025 5237 aut
1048 5186 1297 5253 occultas,
1323 5196 1410 5237 aut
1440 5187 1593 5240 etiam
1624 5203 1739 5239 ma-

179 5276 443 5339 nifestas,
492 5291 608 5343 qua:
662 5278 872 5331 mitiore
917 5276 1130 5331 nomine
1184 5279 1395 5346 physica
1431 5292 1652 5332 vocant:
1685 5288 1741 5332 ut

177 5368 324 5431 quasi
360 5380 467 5418 non
490 5367 868 5433 superstitione
918 5368 1213 5435 implicare,
1241 5368 1331 5421 sed
1384 5380 1567 5423 natura
1619 5386 1739 5438 pro-

178 5456 333 5508 desse
365 5454 662 5521 videantur,
694 5458 829 5511 sicut
853 5467 977 5511 sunt
1023 5462 1232 5512 inaures
1284 5461 1332 5513 in
1392 5474 1601 5514 summ‘o
1642 5477 1738 5515 au-

177 5548 312 5599 rium
340 5545 1222 5614 singularum:autdestructionum
1253 5552 1338 5623 [lie
1364 5553 1739 5623 struthionum]

180 5637 391 5691 ossibus
436 5639 632 5693 ansulae
662 5642 713 5694 in
744 5640 925 5711 digitis
958 5658 971 5698 :
1000 5652 1093 5697 aut
1125 5656 1242 5695 cum
1277 5642 1367 5696 tibi
1395 5642 1584 5701 dicitur
1632 5644 1741 5698 εἰσι-

1846 4577 2053 4625 eorum,
2084 4564 2174 4617 sed
2205 4571 2363 4618 etiam
2397 4584 2409 4618 :
2443 4568 2496 4620 Si
2527 4568 2755 4621 dixerint
2796 4572 2963 4636 vobis,
2997 4573 3183 4639 inquit,
3230 4583 3285 4627 et.
3338 4575 3406 4626 ita

1844 4654 2102 4717 evenerit,
2154 4669 2221 4708 ne
2291 4657 2517 4711 credatis
2550 4658 2625 4711 eis
2660 4676 2669 4711 :
2703 4676 2807 4715 non
2854 4664 3007 4715 enim,
3065 4664 3183 4730 quia
3235 4668 3406 4733 imago

1848 4744 2111 4799 Samuelis
2142 4749 2333 4801 mortui
2376 4749 2502 4803 Sani
2535 4752 2639 4819 regi
2670 4768 2793 4805 vera
2853 4757 3231 4819 pronuntiavit,
3284 4773 3406 4824 pro-

1846 4843 2028 4904 pterca
2054 4836 2177 4887 talia
2212 4839 2511 4909 sacrilegia,
2546 4844 2733 4909 quibus
2788 4843 2960 4913 imago
3019 4845 3107 4898 illa
3170 4862 3403 4915 ptmseu-

1851 4932 1955 4975 tata
1982 4933 2082 4988 est,
2111 4925 2283 4979 minus
2313 4930 2637 4982 exsecranda
2665 4940 2813 4993 sunt;
2835 4943 2925 4985 aut
2949 4934 3071 5001 quia
3102 4938 3151 4988 in
3187 4941 3403 4992 Actibus

1849 5014 2210 5077 apostolorum
2243 5018 2569 5085 ventriioqua
2601 5018 2793 5072 femina
2827 5038 3009 5076 verum
3043 5028 3403 5079 testimonium

1849 5104 2112 5172 perhibuit
2156 5109 2413 5174 aposwlis
2454 5110 2679 5175 Domini,
2732 5110 2850 5167 ideo
2886 5114 3079 5168 Paulus
3131 5119 3405 5185 apostolus

1850 5193 2183 5261 pcpercitilli
2219 5198 2446 5264 spiritui,
2487 5214 2549 5252 ac
2602 5216 2704 5253 non
2764 5205 2935 5271 potius
2967 5204 3214 5259 feminam
3263 5209 3404 5261 illius

1849 5282 2095 5336 dmmonii
2146 5289 2484 5352 correptione
2530 5299 2687 5359 atque
2750 5293 3049 5351 exclusione
3114 5299 3401 5351 ειιιιιιιΙίινιι.

1846 5372 2043 5426 Omnes
2092 5372 2250 5442 igitur
2286 5386 2428 5433 artes
2462 5378 2781 5448 huiusmodi,
2836 5383 2919 5438 vel
2973 5390 3285 5454 nttgalortze,
3319 5389 3405 5442 vel

1847 5466 2018 5519 notia:
2066 5466 2490 5537 superstitionis,
2540 5487 2604 5523 ex
2660 5472 2884 5539 quadam
2930 5474 3177 5541 pestifera
3246 5480 3409 5531 socie—

1854 5562 1963 5609 tate
1991 5553 2263 5610 hominum
2294 5568 2346 5612 et
2375 5558 2698 5626 dit-menum,
2732 5565 2880 5628 quasi
2908 5572 3053 5632 pacta
3106 5564 3331 5617 inlittelis
3356 5572 3409 5616 et

1849 5646 2050 5703 dolosa:
2081 5649 2327 5706 amicitia:
2358 5653 2665 5719 constituta,
2698 5654 2908 5722 penitus
2934 5664 3051 5709 sunt
3081 5652 3407 5723 repudianda
