3904 6224
502 239 601 292 931

500 441 578 496 ait
601 444 909 513 Apostolus,
936 448 1029 503 sed
1055 448 1174 517 quia
1203 465 1320 519 qua:
1348 452 1645 521 immolant,
1673 456 1951 512 daamoniis
1973 460 2071 513 im-

502 532 725 599 molant,
751 545 930 589 etnon
961 537 1070 590 Deo
1100 555 1111 591 :
1140 538 1263 593 nolo
1295 539 1515 613 [autem]
1547 558 1644 599 vos
1673 545 1849 600 socios
1873 546 2070 600 datmo—

499 621 711 675 niorum
745 624 879 678 ﬁeri.
911 625 1061 692 Quod
1091 637 1268 683 autem
1292 632 1359 685 de
1381 633 1538 689 idolis
1560 645 1613 690 et
1650 635 1718 690 de
1749 637 2068 699 immolatio-

497 709 654 763 nihus
672 726 789 776 quin
811 711 1002 769 honori
1023 733 1208 773 eorum
1233 721 1579 789 exhibentur,
1602 725 1734 780 dixit
1759 728 2066 796 Apostolus,

497 797 599 852 hoc
625 798 701 863 de.
733 803 980 859 omnibus
1011 806 1339 877 imaginariis
1366 811 1530 882 signis
1582 814 1914 872 sentiendum
1963 823 2068 880 est,

494 903 615 956 qua:
646 889 728 943 vel
759 891 824 944 ad
854 895 1054 950 cultum
1085 898 1373 970 idolorum,
1401 903 1482 956 vel
1506 902 1570 956 ad
1594 913 1890 958 creaturam
1921 904 2066 973 ejus-

496 995 600 1048 que
643 991 820 1048 partes
845 994 1095 1055 tanquam
1131 990 1294 1046 Deum
1337 993 1590 1048 colendas
1622 998 1859 1061 trahunt,
1892 996 1976 1050 vel
2000 995 2068 1050 ad

497 1071 862 1129 remediorum
893 1077 1224 1148 aliarumque
1263 1082 1693 1136 observationum
1733 1097 1915 1137 curam
1943 1098 2067 1152 per-

496 1163 689 1231 tinent,
719 1179 839 1233 qure
867 1183 972 1224 non
1003 1180 1127 1225 sunt
1149 1171 1399 1226 divinitus
1423 1172 1486 1226 ad
1517 1173 1858 1228 dilectionem
1891 1174 1983 1229 Dei
2014 1183 2069 1230 et

494 1259 729 1324 proximi
753 1271 1020 1330 tamquam
1061 1261 1266 1330 publice
1309 1262 1619 1328 constituta,
1650 1264 1744 1319 sed
1771 1280 1864 1332 per
1895 1265 2068 1331 priva-

493 1353 578 1402 tas
601 1335 960 1419 appetitiones
989 1367 1163 1408 rerum
1209 1355 1575 1423 temporalium
1604 1355 1765 1410 corda
1805 1356 2069 1426 dissipant

492 1430 836 1498 miserot‘um.
862 1445 916 1498 In
941 1443 1189 1498 omnibus
1213 1459 1340 1514 ergo
1378 1445 1493 1502 istis
1523 1447 1804 1514 doctrinis,
1836 1449 2068 1505 societas

498 1533 801 1591 daemonum
865 1538 1190 1594 formidanda
1223 1547 1381 1609 atque
1417 1541 1629 1595 vitanda
1656 1550 1759 1607 est,
1786 1541 1877 1612 qui
1933 1542 2065 1598 nihil

493 1641 613 1682 cum
633 1630 872 1698 principe
899 1645 996 1684 suo
1018 1629 1252 1696 diabolo,
1277 1632 1387 1688 nisi
1408 1633 1633 1687 reditum
1658 1642 1899 1689 nostrum
1919 1633 2064 1688 clau-

1569 253 1634 306 D.‘
1679 252 1997 309 EUGYPNI
2047 255 2336 312 ABBATIS
2375 258 2692 314 AFRICANI

498 364 555 408 et
588 354 836 423 fugienda
863 357 1004 412 Cbri:
1026 361 1168 415 tiano
1193 379 1204 412 :
1237 376 1339 415 non
1364 363 1505 431 quod
1533 364 1732 421 idolum
1760 368 1826 421 sit
1848 369 2066 437 aliquid,
2102 379 2144 432 Α

3659 268 3761 324 9'3.

2678 372 2903 429 CAPUT
2936 372 3231 430 CCLXVII.

2169 501 2278 572 ω
2305 502 2378 556 De
2413 506 2625 558 scientia
2659 514 3045 570 sententiarum,
3068 511 3437 562 conmiortum
3457 551 3469 567 .
3494 514 3557 562 de
3569 512 3762 566 ﬁm'u'o-

2252 589 2396 639 uum,
2432 577 2737 628 divisionum
2765 588 2810 630 et
2839 581 3203 647 partitionum;
3235 595 3295 633 ea:
3325 581 3502 632 eodem
3530 581 3691 634 libro.

2239 703 2460 761 Restant
2487 722 2547 762 ea
2578 723 2693 776 qua:
2724 724 2828 763 non
2860 712 2925 764 ad
2953 713 3194 778 corporis
3221 727 3434 778 sensus,
3458 713 3549 768 sed
3578 713 3651 766 ad
3676 730 3758 767 ra-

2169 795 2364 849 tionem
2390 796 2551 850 animi
2585 799 2878 864 pertinent,
2902 800 2990 853 ubi
3019 800 3301 868 disciplina
3334 812 3524 870 regnat
3565 803 3754 868 distan-

2171 885 2390 940 tationis
2433 896 2486 940 et
2525 888 2751 943 numeri.
2785 886 2890 943 Sed
2935 889 3310 957 disputationis
3355 893 3641 961 disciplina
3689 892 3752 944 ad

2168 975 2346 1029 omnia
2395 991 2587 1046 genera
2637 979 2990 1047 qutestionuut
3034 995 3152 1048 qua:
3202 981 3252 1035 in
3311 983 3502 1035 litteris
3549 983 3752 1036 sanctis

2168 1073 2294 1117 sunt
2320 1067 2648 1133 penetrantia
2677 1077 2730 1121 et
2757 1067 3092 1122 dissolvenda
3121 1069 3405 1137 plurimum
3433 1073 3572 1124 valet
3600 1090 3612 1122 :
3641 1082 3752 1124 tan-

2170 1161 2278 1206 tum
2311 1154 2381 1209 ibi
2410 1157 2647 1210 cavenda
2678 1165 2760 1211 est
2791 1157 2956 1211 libido
2987 1159 3227 1224 rixandi,
3267 1174 3320 1214 et
3351 1160 3572 1229 puetilis
3605 1174 3752 1227 quae.

2167 1242 2288 1295 dam
2332 1246 2618 1299 ostentatio
2661 1246 2962 1316 decipiendi
3008 1248 3394 1303 adversarium.
3426 1249 3558 1304 Sunt
3604 1253 3748 1303 enim

2169 1332 2336 1385 multa
2357 1348 2474 1402 quas
2501 1336 2836 1403 appellantur
2861 1339 3178 1410 σοφίσματα,
3203 1342 3344 1393 talsa:
3377 1343 3750 1394 conclusiones

2169 1419 2473 1488 rationum,
2498 1431 2555 1477 et
2583 1425 2895 1494 plerumque
2936 1428 3005 1480 ita
3048 1442 3200 1481 veras
3230 1428 3527 1494 imitantes,
3554 1438 3616 1481 ut
3647 1444 3748 1481 non

2165 1509 2339 1564 solum
2380 1511 2702 1576 tardos,,sed
2745 1525 2799 1570 et
2842 1516 3146 1585 ingeniosos
3195 1518 3380 1580 etiam,
3411 1519 3584 1572 minus
3629 1520 3748 1572 dili-

2165 1607 2355 1668 genter
2393 1608 2659 1664 atteMos,
2689 1605 2976 1674 decipiant.
3009 1607 3292 1674 Proposuit
3336 1609 3479 1662 enim
3532 1609 3746 1676 quidam

491 1689 1080 1787 dereatque'obserare
1109 1689 1390 1776 conantur.
1422 1722 1573 1778 Sicut
1594 1733 1768 1780 autem
1801 1723 1867 1779 de
1894 1723 2066 1778 stellis
2094 1739 2141 1800 Β
2379 1692 2580 1800 -θιξω
2603 1711 2710 1800 Ψ¹⁰
2728 1697 3050 1798 ,Ιοπθδδωτ
3072 1715 3087 1750 ³
3111 1699 3267 1800 9W
3294 1713 3395 1800 έεθ
3423 1715 3539 1754 sum
3565 1710 3621 1800 Ψ
3647 1717 3747 1800 "mf

491 1820 624 1873 quas
645 1807 906 1878 condidit,
933 1819 989 1865 et
1014 1810 1281 1865 ordinavit
1312 1811 1472 1877 Deus,
1514 1811 1760 1868 humanae
1813 1813 2066 1883 decepto-

497 1895 594 1951 ria:
619 1898 943 1967 conjectura:
964 1900 1031 1955 ab
1049 1900 1353 1955 hominibus
1377 1902 1627 1958 instituta:
1648 1911 1794 1967 sunt,
1811 1904 1888 1960 sic
1908 1905 2068 1958 etiam

499 1987 572 2042 de
594 1989 911 2058 quibusdam
933 1992 1295 2058 nascentibus,
1328 1994 1408 2048 vel
1447 2009 1660 2064 quoquo
1687 1996 1848 2052 modo
1876 1994 2070 2049 divina:

495 2077 850 2144 providentiae
870 2081 1331 2138 administratione
1349 2083 1698 2142 existentibus
1717 2085 1895 2153 rebus,
1919 2081 2083 2142 multi-

491 2166 654 2220 multa
684 2166 934 2224 humanis
977 2169 1370 2240 suspicionibus
1398 2173 1548 2241 quasi
1571 2174 1890 2248 regulariter
1932 2191 2065 2232 con-

487 2253 704 2324 iectata,
737 2258 929 2314 litteris
956 2260 1346 2318 mandaverunt
1378 2279 1390 2313 :
1423 2262 1470 2317 si
1499 2262 1639 2319 forte
1664 2264 1895 2319 insolitae
1927 2265 2067 2320 acci-

488 2345 686 2410 derint,
718 2357 964 2418 tanquam
990 2348 1179 2424 [velut]
1204 2353 1249 2405 si
1281 2353 1429 2408 mula
1461 2354 1653 2424 pariat,
1700 2366 1791 2408 aut
1848 2354 2072 2411 fulmine

491 2436 688 2506 aliquid
719 2440 1072 2508 percutiatur;
1097 2455 1215 2512 qua:
1235 2443 1415 2498 omnia
1440 2450 1643 2498 tantum
1673 2445 1874 2508 valent,
1900 2458 2070 2514 quan-

491 2536 605 2582 tum
636 2531 1058 2602 prmsumptione
1089 2532 1410 2598 animorum,
1443 2534 1591 2604 quasi
1619 2535 1889 2590 communi
1937 2551 2070 2606 qua-

491 2616 615 2695 dam
632 2617 812 2685 lingua
825 2635 946 2674 cum
961 2621 1292 2676 darmonibus
1313 2621 1566 2678 foederata
1580 2634 1732 2679 sunt:
1751 2639 1868 2695 qua:
1892 2634 2069 2680 tamen

490 2694 650 2778 plena
663 2713 972 2768 suntomnia
988 2713 1612 2784 pestiferzecuriositatis,
1640 2694 1929 2772 cruciantis
1957 2717 2068 2772 sol-

491 2800 806 2870 licitudinis,
829 2803 1120 2861 mortiferae
1143 2808 1444 2874 servitutis;
1471 2824 1577 2865 non
1607 2807 1748 2864 enim
1774 2809 1898 2882 quia
1923 2811 2069 2866 vale-

493 2891 625 2950 bant
649 2895 1019 2952 animadversa
1051 2907 1196 2965 sunt,
1238 2900 1334 2955 sed
1377 2902 1852 2958 animadvertendo
1909 2912 2070 2973 atque

493 2981 755 3052 signando
797 2985 991 3042 tactum
1022 2995 1108 3043 est
1158 2999 1217 3045 ut
1269 2989 1628 3048 valereutzet
1675 2992 1794 3047 ideo
1840 2992 2070 3049 diversis

492 3073 722 3130 θίνετεω
801 3080 1166 3150 Proveniant,
1241 3081 1534 3137 secundum
1594 3084 1942 3154 cogitationes
2019 3092 2145 3156 etc
2181 3056 2439 3156 ‘f"““‘“'t

497 3165 950 3236 presumptiones
980 3182 1126 3225 suas.
1154 3169 1233 3225 Illi
1260 3172 1402 3226 enim
1428 3174 1648 3242 spiritus
1679 3176 1766 3245 qui
1824 3175 2076 3245 decipere

496 3256 702 3321 volunt,
726 3259 847 3312 talia
869 3274 1152 3330 procurant
1173 3263 1386 3335 cuique,
1403 3265 1647 3334 qualibus
1668 3283 1790 3321 eum
1814 3267 2078 3324 irretitum

499 3361 591 3413 per
619 3349 957 3418 suspiciones
979 3362 1033 3408 et
1082 3357 1466 3412 consensiones
1518 3359 1634 3427 ejus
1668 3358 1868 3414 vident.
1925 3359 2080 3416 Sicut

497 3440 664 3504 enim,
696 3443 842 3496 \‘Cl‘lli
869 3445 1061 3512 gratia,
1088 3461 1189 3501 una
1213 3447 1379 3518 figura
1403 3451 1594 3505 liuet-te
1615 3451 1658 3505 Χ
1683 3467 1801 3522 quas
1822 3451 2078 3508 decussa-

499 3532 594 3584 titn
625 3543 857 3597 notatur,
889 3537 1031 3591 aliud
1078 3541 1214 3608 apud
1246 3541 1484 3610 Grzccos,
1522 3543 1662 3597 aliud
1689 3543 1825 3613 apud
1855 3543 2076 3599 Latinos

497 3622 661 3686 valet,
692 3639 795 3678 non
828 3635 1036 3691 natura,
1065 3629 1158 3683 sed
1188 3630 1381 3695 placito
1403 3641 1455 3684 et
1484 3634 1838 3689 consensione
1864 3635 2075 3708 signifi-

497 3712 683 3776 candi;
718 3725 770 3767 et
793 3714 912 3769 ideo
938 3717 1026 3785 qui
1051 3726 1330 3787 utramque
1358 3719 1589 3789 linguam
1623 3725 1788 3790 novit,
1815 3725 1860 3778 si
1891 3725 2070 3780 homi-

502 3802 557 3856 ni
584 3803 775 3858 Graeco
801 3805 1142 3875 velitaliquid
1188 3809 1494 3877 signiﬁcare
1524 3813 1830 3879 scribendo,
1881 3810 1984 3870 non
2021 3817 2074 3870 in

497 3911 560 3950 ea
582 3899 970 3965 signiﬁcatione
1019 3903 1166 3967 ponit
1212 3906 1348 3958 hanc
1394 3907 1644 3972 litteram,
1705 3907 1755 3961 in
1811 3924 1913 3977 qua
1955 3925 2072 3964 eam

501 3987 648 4053 ponit
697 4004 818 4042 cum
874 3990 1073 4044 homini
1126 3994 1312 4046 scribit
1369 3994 1600 4050 Latino:
1646 4006 1703 4050 et
1761 3999 1912 4063 ϐῆτα,
1969 4013 2075 4054 uno

495 4077 793 4146 eodemque
824 4094 976 4137 sono.
1016 4082 1152 4149 apud
1181 4082 1395 4137 Gnaeos
1428 4087 1639 4152 littera},
1686 4088 1826 4156 apud
1857 4089 2076 4146 Latinos

497 4166 661 4221 oleris
690 4185 881 4224 nomen
914 4181 995 4226 est
1023 4191 1034 4225 :
1068 4183 1119 4228 et
1149 4190 1267 4228 cum
1292 4176 1432 4240 dico,
1465 4177 1599 4245 lege,
1631 4177 1682 4231 in
1741 4179 1821 4233 his
1866 4179 2074 4235 duabus

407 4265 410 4267 λ
493 4259 712 4326 syllabis
741 4261 884 4312 aliud
909 4259 1150 4323 Gratcus,
1189 4265 1332 4320 aliud
1366 4267 1584 4322 Latinus
1613 4269 1860 4340 intelligit
1887 4287 1901 4322 :
1934 4271 2074 4325 sicut

493 4367 623 4420 ergo
655 4353 736 4406 lue
785 4371 974 4409 omnes
1030 4357 1467 4426 significationes,
1515 4374 1614 4430 pro
1652 4377 1763 4417 suae
1814 4362 2072 4433 cujusque

497 4446 771 4499 societatis
800 4447 1173 4515 con-ensione,
1201 4452 1408 4506 animos
1435 4464 1671 4520 movent,
1704 4457 1826 4526 quia
1853 4456 2066 4512 diversa
2093 4485 2144 4547 υ

495 4536 782 4590 consensio
829 4547 935 4602 est,
971 4538 1184 4595 diverse
1214 4553 1458 4609 movent;
1491 4559 1592 4599 nec
1619 4545 1742 4603 ideo
1772 4561 2065 4603 consense-

495 4639 619 4700 runt
642 4630 693 4682 in
725 4646 817 4683 eas
841 4631 1105 4701 homines,
1137 4636 1256 4702 quia
1284 4633 1396 4704 jam
1429 4637 1676 4692 valebant
1703 4638 1768 4693 ad
1796 4641 2066 4711 signiﬁca-

497 4720 718 4784 tionem,
751 4725 842 4777 scd
892 4726 1011 4780 ideo
1051 4727 1229 4782 valent
1259 4729 1378 4797 quia
1412 4744 1798 4787 Consenserunt
1847 4732 1899 4787 in
1930 4747 2022 4789 eas
2052 4749 2064 4786 :

493 4814 572 4864 sic
599 4812 760 4866 ctiatn
817 4815 906 4868 illa
953 4816 1124 4888 signa,
1179 4820 1370 4890 quibus
1421 4823 1716 4890 perniciosa
1765 4825 2067 4879 daemonum

493 4905 725 4958 societas
772 4919 1133 4977 Comparatur,
1185 4927 1279 4980 pro
1329 4914 1585 4981 cujusque
1605 4918 2068 4974 observationibus

495 4995 694 5062 valent,
722 4997 860 5064 quod
892 5002 1322 5059 manifestissime
1361 5007 1596 5060 ostendit
1620 5009 1754 5063 ritus
1784 4991 2065 5079 augurum,

493 5093 580 5156 qui
612 5082 666 5145 et
697 5103 982 5161 antequam
1015 5096 1318 5159 oltsezveut.
1342 5109 1393 5155 et
1415 5111 1756 5171 posteaquam
1784 5104 2072 5159 observata

495 5183 640 5248 signa
675 5185 966 5249 tenuerint,
1022 5186 1071 5239 id
1112 5200 1293 5256 agunt,
1324 5207 1391 5246 ne
1439 5193 1652 5247 videant
1695 5195 1926 5259 volatus,
1977 5203 2069 5249 aut

495 5273 712 5327 audiant
754 5291 912 5331 voces
969 5280 1167 5344 avium,
1214 5281 1332 5345 quia
1378 5283 1521 5335 nulla
1571 5283 1672 5339 ista
1723 5285 1868 5355 signa
1920 5294 2065 5351 sunt,

495 5363 596 5418 nisi
624 5379 914 5422 consensus
942 5370 1278 5432 pltscrvantis
1307 5375 1540 5428 accedat.

2169 1795 2259 1845 es;
2293 1790 2347 1835 at
2377 1782 2466 1838 ille
2494 1788 2795 1851 consensit,
2827 1802 3008 1842 verum
3038 1788 3181 1842 enim
3212 1798 3330 1844 erat
3357 1805 3420 1843 ex
3461 1799 3644 1857 parte,
3667 1789 3747 1842 vel

2171 1883 2237 1924 co
2266 1869 2382 1940 ipso
2405 1873 2549 1941 quod
2581 1875 2682 1929 iste
2710 1876 3027 1943 insidiosus,
3057 1879 3143 1932 ille
3171 1879 3398 1946 simplex
3425 1891 3538 1933 erat
3580 1896 3594 1931 :
3640 1890 3746 1934 tum

2172 1963 2274 2017 iste
2300 1964 2539 2019 addidit:
2567 1966 2674 2037 Ego
2703 1975 2878 2023 autem
2905 1965 3065 2023 homo
3093 1985 3242 2035 sum;
3274 1971 3376 2025 hoc
3402 1985 3610 2040 quoque
3629 1985 3746 2024 cum

2172 2052 2238 2107 ab
2267 2054 2356 2108 illo
2384 2055 2699 2122 accepisset,
2723 2060 2984 2114 conclusit
3009 2059 3194 2115 dicens
3221 2077 3235 2114 :
3265 2060 3343 2114 'l'u
3373 2062 3530 2129 igitur
3559 2076 3664 2115 non
3691 2075 3747 2114 es

2175 2142 2355 2198 homo.
2387 2145 2538 2212 Quod
2576 2161 2743 2215 genus
2781 2149 3136 2218 captiosarum
3176 2151 3576 2205 conclusionum
3607 2150 3746 2205 Scri-

2173 2243 2346 2302 ptura,
2376 2247 2632 2304 quantum
2662 2238 2927 2304 existimo,
2960 2241 3257 2295 detestatur
3285 2242 3380 2296 illo
3418 2242 3536 2296 loco
3560 2243 3647 2296 ubi
3669 2243 3744 2295 di-

2171 2332 2316 2379 ctum
2345 2334 2465 2379 est:
2491 2326 2591 2392 Qui
2621 2329 2917 2397 scphistice
2935 2331 3190 2399 loquitur,
3211 2333 3423 2385 odibilis
3448 2342 3551 2387 est.
3574 2332 3744 2398 Quam

2171 2428 2329 2488 quam
2371 2413 2532 2469 etiam
2576 2432 2758 2472 sermo
2795 2434 2898 2473 non
2939 2421 3226 2489 captiosus,
3255 2422 3348 2476 sed
3380 2433 3553 2477 tamen
3580 2423 3742 2476 abun-

2171 2501 2384 2559 dantius
2411 2521 2569 2575 quam
2599 2509 2910 2576 gravitatem
2940 2512 3090 2566 decet
3118 2514 3398 2568 verborum
3439 2526 3740 2569 ornamenta

2172 2603 2506 2662 consectans,
2532 2597 2856 2665 sophisticus
2886 2600 3098 2655 dicitur.
3125 2601 3260 2657 Sunt
3286 2603 3448 2657 etiam
3473 2617 3596 2657 vere
3619 2617 3739 2656 eon-

2172 2687 2431 2744 nexiones
2473 2691 2893 2746 ratiocinationis
2940 2693 3103 2746 falsas
3145 2694 3403 2750 habentes
3437 2696 3735 2760 sententias,

2173 2791 2294 2844 qua:
2342 2788 2746 2848 consequuntur
2784 2794 3022 2836 errorem
3067 2781 3206 2835 illius
3243 2798 3364 2837 cum
3407 2799 3513 2852 quo
3553 2787 3735 2853 agitur.

2175 2866 2306 2933 Quae
2333 2874 2510 2922 tamen
2540 2868 2604 2922 ad
2637 2869 2737 2924 hoc
2763 2869 3063 2935 inferuntur
3091 2886 3120 2923 a
3152 2871 3292 2926 bono
3321 2883 3375 2927 et
3398 2874 3554 2927 docto
3581 2874 3738 2925 homi-

2175 2974 2264 3023 ne,
2296 2969 2353 3013 ut
2392 2959 2446 3013 in
2489 2959 2570 3014 his
2609 2959 2932 3016 erubescens
2971 2961 3063 3016 ille
3101 2963 3252 3030 cujus
3295 2978 3529 3018 errorem
3565 2977 3736 3016 conse-

2466 3048 2712 3104 eumdem
2740 3049 3040 3120 relinquant
3063 3066 3327 3116 errorem,
3353 3054 3475 3123 quia
3501 3053 3547 3108 si
3577 3053 3624 3106 in
3653 3068 3736 3108 eo-

2175 3138 2297 3194 dem
2329 3153 2548 3195 manete
2571 3140 2815 3206 voluerit,
2845 3156 3070 3197 necesse
3098 3152 3175 3198 est
3207 3142 3308 3215 [ut]
3335 3148 3492 3199 etiam
3520 3145 3599 3199 illa
3625 3159 3736 3213 qua

2183 3232 2399 3285 damnat
2448 3242 2630 3287 tenere
2687 3244 2924 3302 cogatur.
2973 3235 3086 3288 Non
3134 3236 3276 3290 enim
3324 3253 3445 3293 sera
3493 3237 3734 3292 inferebat

2181 3321 2466 3389 Apostolus
2495 3335 2615 3375 cum
2650 3321 2849 3377 diceret
2891 3340 2904 3378 :
2947 3323 3129 3394 Neque
3155 3326 3399 3382 Christus
3434 3330 3732 3394 resurrexit;

2181 3421 2235 3469 et
2263 3413 2346 3466 illa
2377 3413 2482 3466 alia
2509 3430 2522 3466 :
2559 3412 2731 3468 Inanis
2759 3424 2840 3469 est
2871 3415 3174 3483 praedicatio
3215 3428 3430 3484 nostra,
3462 3421 3621 3475 inanis
3660 3430 3733 3475 est

2179 3515 2233 3561 et
2267 3506 2396 3559 lldes
2423 3512 2601 3560 vestra
2645 3521 2660 3560 :
2705 3514 2761 3561 et
2804 3506 3058 3577 deinceps
3103 3509 3204 3564 alia
3235 3525 3354 3580 quae
3378 3513 3590 3565 omnino
3612 3513 3732 3566 tals:

2179 3605 2334 3660 sunt,
2363 3595 2484 3665 quia
2514 3606 2566 3650 et
2594 3596 2839 3652 Christus
2870 3601 3191 3663 resurrexit.
3221 3611 3274 3655 et
3303 3616 3411 3656 non
3441 3611 3550 3658 erat
3575 3603 3733 3660 inanis

2179 3687 2491 3757 praedicatio
2531 3703 2717 3744 eorum
2765 3689 2856 3756 qui
2907 3692 3010 3745 hoc
3059 3693 3466 3760 annuntiabant,
3496 3709 3586 3747 nec
3613 3695 3732 3747 tida

2177 3769 2478 3860 eorumqui
2512 3779 2614 3834 hoc
2650 3778 2986 3852 crediderant
3014 3797 3028 3834 :
3059 3782 3153 3836 sed
3185 3781 3286 3838 ista
3319 3782 3450 3838 falsa
3479 3784 3732 3839 verissime

2175 3862 2634 3927 connec'tebantur
2681 3871 2755 3924 illi
2807 3872 3121 3938 sententiae,
3149 3889 3254 3943 qua
3304 3874 3728 3939 dicebatur,Non

2175 3976 2296 4017 esse
2328 3962 2772 4016 resurrectionem
2817 3972 3151 4018 mortuorum
3186 3982 3198 4016 :
3233 3965 3350 4020 istis
3393 3976 3561 4020 autem
3598 3967 3728 4019 falsis

2175 4052 2492 4121 repudiatis,
2547 4055 2798 4123 quoniam
2829 4069 2956 4110 vera
3000 4064 3154 4110 erant
3208 4058 3254 4110 si
3283 4061 3474 4112 mortui
3518 4073 3610 4112 non
3651 4072 3727 4112 re-

2173 4156 2413 4213 surgunt,
2433 4159 2765 4214 consequens
2783 4147 2887 4199 erit
2906 4149 3225 4202 resurrectio
3250 4161 3586 4204 mortuorum.
3608 4151 3722 4204 Cum

2173 4249 2301 4302 ergo
2326 4236 2434 4288 sint
2458 4250 2600 4289 verte
2625 4237 3006 4302 connexiones,
3033 4253 3135 4291 non
3165 4239 3340 4292 solum
3364 4256 3615 4303 verarum,
3637 4242 3720 4296 sed

2172 4325 2332 4380 etiam
2360 4325 2611 4379 falsarum
2636 4326 3039 4391 sententiarum,
3059 4328 3212 4382 facile
3233 4338 3316 4383 est
3335 4333 3596 4386 veritatem
3611 4347 3721 4385 coa-

2175 4416 2457 4470 ncxionum
2489 4417 2648 4470 etiam
2690 4417 2742 4469 in
2784 4417 2979 4471 scholis
3007 4417 3114 4471 illis
3141 4419 3373 4484 discere,
3414 4437 3526 4491 qua:
3555 4432 3720 4491 praeter

2174 4508 2462 4562 Ecclesiam
2485 4517 2639 4572 sunt;
2667 4509 3050 4563 sententiarum
3074 4519 3251 4565 autem
3268 4516 3465 4570 veritas
3483 4518 3530 4570 in
3546 4516 3717 4572 sanetis

2171 4598 2319 4651 l’dtris
2376 4598 2758 4652 ecclesiasticis
2811 4601 3116 4670 vestiganda
3169 4613 3252 4656 est
3301 4604 3710 4676 [investiganda].

2175 4689 2289 4757 Ipsa
2324 4701 2499 4744 tamen
2531 4692 2724 4742 veritas
2766 4693 3157 4744 connexionum
3209 4709 3315 4747 non
3367 4697 3609 4760 instituta,
3633 4698 3711 4750 sed

2171 4779 2539 4831 animadversa
2587 4788 2670 4831 est
2716 4777 2784 4832 ab
2838 4780 3140 4834 horninibus
3184 4793 3237 4835 et
3288 4795 3496 4850 natals,
3525 4800 3575 4840 ut
3611 4802 3711 4841 eam

2175 4869 2377 4935 possint
2405 4866 2487 4919 νισι
2513 4867 2723 4921 discere
2745 4867 2827 4921 vel
2855 4867 3050 4922 docere
3074 4887 3086 4923 :
3114 4884 3235 4925 nam
3266 4884 3350 4926 est
3377 4875 3428 4927 in
3461 4891 3620 4930 rerum
3641 4891 3710 4930 ra-

2171 4961 2317 5014 tione
2358 4970 2609 5028 perpetua
2639 4970 2693 5014 et
2723 4959 2978 5016 divinitus
3012 4961 3271 5018 instituta.
3302 4968 3447 5021 Sicut
3488 4972 3612 5023 enim
3634 4971 3707 5040 qui

2170 5060 2355 5104 narrat
2383 5051 2621 5105 ordinem
2655 5061 2974 5120 temporum,
3001 5069 3104 5106 non
3149 5069 3270 5108 eum
3301 5057 3414 5124 ipse
3439 5063 3705 5128 componit,

2172 5153 2226 5196 et
2250 5143 2485 5198 locorum
2517 5143 2780 5208 situs,aut
2811 5153 3025 5198 naturas
3047 5145 3471 5211 animalium,vel
3498 5151 3704 5217 stirpium

2173 5235 2546 5307 [serpentium]
2574 5278 2587 5298 ,
2632 5236 2713 5289 vel
2766 5235 2998 5304 lapidum
3045 5239 3136 5305 qui
3184 5241 3448 5307 ostendit,
3500 5257 3592 5295 non
3632 5255 3705 5293 res

2174 5326 2406 5379 ostendit
2436 5327 2504 5378 ab
2534 5326 2835 5381 horninibus
2862 5328 3129 5382 institutas
3158 5346 3172 5382 :
3204 5340 3256 5384 et
3288 5332 3376 5384 ille
3405 5334 3488 5402 qui
3515 5333 3703 5387 demon-

2174 5425 2311 5469 strat
2337 5415 2511 5469 sidera
2537 5430 2826 5484 eorumque
2851 5427 3048 5482 motus,
3069 5433 3174 5472 non
3204 5434 3232 5471 a
3261 5434 3319 5474 se
3345 5423 3423 5474 vel
3447 5424 3509 5476 ab
3530 5421 3704 5474 ltoiue

2174 5506 2351 5574 aliquo
2383 5523 2495 5560 rem
2530 5507 2820 5562 institutam
2851 5508 3183 5562 demonstrat
3214 5527 3229 5562 :
3261 5513 3339 5566 sic
3367 5515 3516 5569 etiam
3543 5514 3612 5580 qui
3635 5511 3703 5563 di-

2179 5598 2246 5651 cit
2277 5613 2395 5652 cunt
2430 5597 2616 5652 falsum
2657 5611 2736 5652 cst
2767 5599 2906 5666 quod
2937 5600 3314 5666 consequitur,
3343 5617 3544 5658 netcsse
3567 5611 3630 5654 e-t
3653 5611 3704 5653 at

2180 5692 2370 5746 l‘al:utn
2402 5696 2465 5748 sit
2495 5694 2634 5764 quod
2663 5691 3234 5764 prwc'editn'crissimc
3261 5696 3414 5763 dcit;
3441 5711 3587 5765 neque
3611 5693 3703 5760 ipse
