3904 6224
357 936 364 944 ’
460 949 640 1002 niostts
688 947 833 1003 videt
877 963 983 1002 non
1028 961 1150 1003 esse
1191 956 1358 1002 ratam
1405 942 1832 1007 conclusionem;
1871 955 2032 1010 quam

463 203 566 259 953
1527 198 1589 252 ι).
1632 150 1953 252 alterum
1991 191 2047 244 Al

2151 187 2281 258 ms
2321 181 2639 241 AFRICANI
3637 186 3689 235 9:
3707 192 3735 237 ς

462 309 910 388 quemadmodum
965 303 1307 370 articulorum
1362 319 1419 366 et
1475 311 1732 380 poplitum
1788 307 2033 363 cardines
2063 304 2108 364 A
2136 300 2287 371 quasi
2314 300 2554 367 quedam
2586 306 2736 367 pacta
2786 306 2941 366 atque
2988 307 3274 361 conventa,
3317 297 3613 367 repudieut
3649 314 3734 365 pe-

460 387 708 473 άνοι-ιεη
754 421 988 468 movero,
1017 403 1282 458 describat
1330 422 1343 456 ε
1395 415 1519 455 νει-ει
1567 401 1708 456 enim
1757 398 2037 464 (Πάκκιος
2143 392 2284 443 nitus
2312 401 2365 444 et
2396 392 2756 454 detestentur;
2786 390 3017 442 alienent
3048 392 3204 441 etiam
3236 388 3469 444 studium
3522 387 3603 458 [τι]
3648 404 3733 440 sn-

464 500 624 555 aliter
653 498 904 553 ambulari
934 494 1129 564 potest,
1158 492 1253 547 sed
1295 491 1501 547 facilius
1541 491 1783 546 homines
1823 489 1936 544 haec
1962 491 2037 543 la-
2136 479 2352 548 perﬂuis
2389 486 2447 534 ct
2487 478 2775 564 luxuriosis
2818 480 3089 532 hominum
3136 480 3419 533 institutis.
3452 478 3552 532 Illa
3604 494 3729 530 vero

464 593 659 645 ciendo
683 591 784 642 aml
808 558 977 648 ulant,
1006 558 1164 653 quam
1194 584 1628 639 animadvertunt
1653 596 1773 636 cum
1807 580 2033 643 faciunt,

2151 566 2382 620 instituta
2414 558 2712 630 hominum:
2737 583 2855 634 quae
2882 568 2947 619 ad
2975 570 3286 622 societatem
3315 568 3726 623 eonviventin

469 691 562 732 aut
605 676 901 745 intelligunt
948 688 1069 732 cum
1118 673 1374 738 audiunt;
1421 673 1511 743 qui
1541 679 1718 725 autem
1748 656 2033 724 ambulare
2136 663 2335 727 Valent.
2366 677 2463 730 PFO
2506 662 2617 727 ipsa
2664 662 2786 715 νίιω
2834 663 2991 730 hl'ills
3036 653 3353 721 necessbate
3396 682 3506 720 non
3559 666 3723 735 negli-

462 783 566 821 non
598 774 839 833 possunt,
869 763 1038 820 multo
1068 763 1243 819 minus
1265 779 1326 818 ea
1356 772 1567 830 curant,
1593 776 1711 831 qua:
1741 746 1840 814 nec
1862 774 2029 828 etpe-
2134 758 2258 819 88m
2294 766 2309 802 ε
2342 750 2392 803 in
2424 750 2635 809 Pueris
2666 760 2844 805 autent
2874 751 3132 805 doctrinis
3175 770 3293 820 qua:
3339 756 3480 823 apud
3534 764 3722 823 gentes

459 854 645 910 ricndo
675 850 898 924 possunt
925 848 1225 909 attendere.
1244 854 1316 908 Ita
1341 854 1654 923 plerumque
1682 850 1844 905 citius
1882 848 2030 919 inge-
2134 839 2502 899 ίιινοηίυιιιυν.
2534 851 2730 908 prater
2753 838 3048 895 historiam
3094 857 3292 907 rerum,
3326 844 3410 896 vel
3458 842 3719 912 νηίττὶιὶ

2132 928 2389 995 temporis
2427 927 2508 983 vel
2540 928 2840 996 presentis,
2866 929 2930 982 ad
2959 944 3146 983 sensus
3176 931 3420 998 corporis
3446 932 3718 997 pertinen-

458 1048 722 1107 pmcepm
754 1038 872 1107 eius
897 1038 1040 1106 capi;
1070 1054 1084 1091 ε
1117 1036 1296 1090 tardus
1336 1030 1513 1089 autem
1562 1026 1671 1086 non
1707 1046 1825 1086 eam
1864 1029 2031 1096 videi,
2133 1019 2264 1092 tlum
2284 1062 2299 1085 ,
2330 1020 2522 1087 quibus
2550 1020 2710 1074 etiam
2741 1018 2947 1072 utilium
2975 1020 3182 1071 'artium
3225 1020 3595 1088 corporalium
3621 1033 3716 1072 ex-

444 1120 553 1181 ‘sed
583 1127 753 1181 multo
782 1128 957 1191 minus
995 1125 1135 1195 quod
1173 1125 1241 1177 de
1278 1122 1369 1176 illa
1413 1121 1733 1191 praecipitur,
1762 1117 2031 1188 magisque

2151 1107 2426 1162 ierimenta
2467 1115 2522 1161 it
2564 1108 2885 1175 conjecturae
2932 1120 3369 1171 annumerantur,
3416 1117 3469 1159 et
3514 1116 3714 1173 prater

459 1217 517 1271 in
548 1218 630 1273 his
658 1219 903 1273 omnibus
934 1219 1057 1286 ipsa,
1086 1214 1395 1283 spectacula
1429 1213 1667 1268 veritatis
1707 1225 1849 1282 saepe
1887 1210 2035 1265 dele-

2151 1198 2391 1250 titionem
2422 1195 2796 1263 disputationis
2821 1204 2876 1250 et
2906 1198 3133 1258 numeri,
3157 1195 3288 1249 nihil
3323 1196 3450 1249 utile
3476 1210 3605 1248 esse
3619 1208 3712 1246 ar-

458 1315 627 1373 ctant,
659 1300 827 1377 quam}
849 1323 911 1362 ex
950 1284 1027 1361 eis
1069 1304 1121 1359 in
1164 1304 1485 1374 disputando
1512 1312 1601 1356 aut
1624 1302 1911 1371 iudicando
1937 1301 2032 1355 ad-

2151 1288 2300 1338 titror
2345 1288 2377 1339 :‘
2410 1287 2461 1339 in
2504 1284 2698 1355 quibus
2734 1286 2977 1339 omnibus
3018 1284 3299 1338 tenendum
3340 1294 3443 1347 est,
3475 1300 3543 1337 ne:
3594 1298 3713 1345 quia

458 1397 740 1464 iuvamur:
774 1395 873 1450 nisi
906 1397 1036 1448 forte
1064 1394 1203 1465 quod
1234 1392 1602 1448 exercitationi
1629 1392 1858 1447 reddunt
1885 1394 2032 1462 inge-

2151 1394 2298 1440 "IIS,
2329 1388 2379 1433 et
2408 1381 2637 1434 maxime
2668 1380 2718 1433 in
2753 1378 2836 1433 his
2863 1394 2981 1447 qua:
3009 1378 3073 1432 ad
3101 1379 3344 1445 corporis
3368 1392 3557 1433 sensus
3591 1392 3710 1443 per-

461 1487 569 1551 nia,
596 1487 640 1540 si
678 1485 835 1540 etiam
867 1484 1176 1552 maligniora
1216 1494 1305 1537 aut
1346 1483 1610 1537 inllatiora
1641 1497 1745 1535 non
1776 1482 2029 1545 reddant,
2132 1469 2351 1523 tinentia
2374 1469 2658 1523 volvuntur
2682 1468 3004 1535 temporibus
3034 1478 3087 1521 et
3114 1471 3453 1523 continentur
3480 1469 3639 1524 locis.

465 1578 565 1631 hoc
593 1586 670 1630 est
703 1583 760 1629 ut
788 1584 877 1628 aut
904 1574 1153 1642 decipere
1179 1572 1453 1628 verisimili
1483 1587 1729 1626 sermone
1756 1582 1916 1639 atque
1946 1572 2030 1625 in-
2659 1558 2889 1613 CAPUT
2928 1557 3177 1612 CCLXX.
3641 1627 3647 1632 .

461 1665 904 1735 terrogatiunibus
941 1674 1140 1728 ament,
1167 1673 1257 1718 aut
1295 1662 1491 1731 aliquid
1532 1670 1779 1732 magnum
1820 1676 1937 1731 quo
1969 1676 2031 1715 se

2151 1648 2285 1735 Quod
2329 1648 2475 1703 utiles
2487 1648 3471 1735 1discipliuasnphilasophorumphujus
3508 1647 3707 1709 siculi,

462 1758 612 1813 bonis
661 1766 818 1825 atque
866 1756 1233 1810 innocentibus
1273 1748 1617 1824 anteponant.
1649 1768 1707 1809 se
1753 1763 2029 1809 assecutus
2200 1716 3587 1853 βξῇῇξέῗξξῖλξέἕξβξᾶίξῗηξῃξλΞξξξξξωη
3616 1732 3708 1767 ⁸³⁸⁸

462 1857 647 1918 pum"t
674 1848 763 1917 qui
794 1846 893 1901 iua
920 1845 1241 1901 didicerint;
1702 1907 1709 1913 .
2200 1824 2509 1918 ghilnennlii
2542 1824 2716 1918 :n:tt:m
2751 1824 2844 1918 Εἷί
2886 1824 3140 1918 ξηόαηιιῖε·
3190 1878 3232 1918 ei
3276 1892 3375 1918 nti:
3407 1876 3448 1918 [α

2162 1919 2167 1924 ι
2207 1878 2511 1945 Philosophi
2541 1888 2717 1933 autem
2758 1877 2845 1946 qui
2886 1866 3161 1938 vocantur,
3190 1878 3234 1929 si
3276 1892 3375 1945 qua
3407 1876 3543 1929 forte
3577 1888 3701 1928 vera

985 1955 1209 2012 CAPUT
1236 1954 1506 2011 CCLXIX.

2134 1979 2188 2022 et
2219 1968 2339 2022 tldei
2369 1979 2566 2022 nostra:
2596 1968 2994 2022 accommodata
3026 1968 3294 2029 dixerunt,
3328 1968 3553 2019 maxime
3584 1966 3703 2018 Pls.

464 2070 615 2137 Quod
644 2070 839 2123 numeri
863 2070 1129 2139 discipiina‘
1158 2084 1256 2122 non
1282 2073 1346 2122 sit
1372 2070 1436 2123 ab
1465 2067 1757 2139 hominibus
1777 2067 2039 2139 instituta,

2151 2056 2323 2121 ,ouici,
2350 2071 2454 2109 non
2487 2055 2661 2109 solum
2695 2056 3020 2110 formidanda
3065 2070 3167 2108 nou
3213 2064 3357 2119 sunt,
3384 2054 3477 2108 sed
3520 2054 3589 2107 ab
3627 2054 3705 2107 eis

533 2140 622 2194 sed
653 2142 818 2206 potius
846 2135 1091 2208 indagata
1118 2149 1164 2191 et
1202 2141 1400 2191 inventa
1418 2179 1432 2197 .
1457 2149 1503 2191 et
1531 2140 1601 2191 ad
1644 2135 1734 2190 Dei
1770 2137 1974 2189 laudent
2002 2154 2035 2191 ιι

1172 2214 1175 2217 γ
1202 2144 1432 2219 incauta.
1457 2149 1508 2219 et
1531 2144 1601 2191 ad
1622 2144 1734 2219 μοί
1770 2144 1974 2189 laudem
2002 2154 2035 2191 ιι
2140 2145 2298 2200 etiam
2318 2186 2335 2212 ,
2358 2157 2619 2214 tanquam
2650 2146 2719 2201 ab
2747 2146 2954 2215 injustis
3001 2144 3428 2215 possessoribus,
3462 2144 3513 2197 in
3553 2158 3700 2196 usu-

531 2225 633 2277 ⁹³⁴⁰
660 2224 775 2263 "ra
805 2218 897 2271 ⁸³⁸⁸
924 2208 1299 2277 "haudid"
1326 2224 1388 2262 ⁸³
1414 2210 1588 2262 eadem
1616 2208 1763 2260 mw“
1837 2292 1841 2296 .
2044 2288 2045 2291 η
2140 2208 2381 2291 nostrum
2408 2208 2741 2292 vindicanda.
2768 2208 2916 2291 Sicut
2944 2208 3085 2290 enim
3115 2235 3347 2304 Egyptii
3374 2251 3475 2287 nun
3506 2243 3700 2287 tanturn

2139 2326 2279 2381 idola
2312 2326 2577 2381 habebant
2601 2335 2656 2381 et
2682 2340 2844 2380 onera
2884 2325 3095 2395 gravia,
3122 2340 3239 2393 qua:
3284 2325 3505 2393 populus
3545 2323 3697 2377 Israel

2142 2418 2496 2472 detestaretur
2536 2425 2591 2471 et
2636 2416 2860 2486 fugeret,
2889 2416 2981 2480 sed
3010 2414 3169 2469 etiam
3202 2430 3329 2467 vasa
3360 2426 3513 2479 atque
3544 2428 3698 2467 orna-

2142 2515 2316 2560 menta
2350 2504 2416 2559 de
2444 2520 2575 2559 auro
2600 2514 2656 2559 et
2680 2514 2923 2574 argento,
2950 2514 3002 2557 et
3037 2512 3261 2566 vestem,
3289 2518 3405 2572 qua:
3430 2503 3515 2556 ille
3542 2516 3697 2570 popae

2140 2596 2222 2650 lus
2250 2594 2433 2651 exiens
2461 2595 2527 2649 de
2556 2595 2784 2665 Egypto
2821 2594 2923 2649 sibi
2969 2595 3140 2662 potius
3170 2604 3414 2661 tanquam
3452 2592 3516 2646 ad
3552 2606 3696 2645 usum

2143 2688 2416 2741 meliorem
2437 2685 2681 2740 clanculo
2695 2686 2999 2751 vlndicavit,
3014 2700 3116 2739 non
3134 2686 3450 2739 anetoritate
3469 2684 3694 2752 propria,

2143 2776 2235 2830 sed
2258 2784 2519 2845 praecepto
2543 2776 2658 2843 Dei,
2678 2778 2806 2844 ipsis
2825 2774 3085 2845 Egyptiis
3107 2778 3402 2831 nescienter
3418 2789 3697 2829 accommo-

2143 2866 2390 2922 dantibus
2410 2881 2471 2920 ea
2493 2866 2683 2935 quibus
2713 2882 2816 2920 non
2841 2868 2975 2921 bene
3002 2866 3285 2920 utebantur
3310 2881 3327 2919 :
3353 2868 3429 2919 sic
3455 2865 3694 2919 doctrina

2144 2972 2329 3013 omnes
2348 2957 2644 3027 gentilium,
2668 2973 2773 3029 non
2797 2958 2968 3012 solum
2997 2958 3240 3012 simulata
3269 2968 3323 3012 et
3346 2958 3694 3026 superstitiosa

2139 3052 2386 3119 ﬁgmenta
2445 3066 2740 3121 gravesque
2796 3053 3031 3105 sarcinas
3088 3052 3462 3118 supervacanci
3511 3051 3695 3105 laboris

2141 3140 2359 3207 habent,
2390 3156 2507 3209 qua
2549 3141 2908 3210 unusquisque
2953 3147 3191 3193 nostrum
3232 3139 3366 3193 duce
3406 3138 3603 3192 Christo
3634 3138 3695 3191 de

2140 3234 2397 3286 societate
2439 3233 2717 3301 gentilium
2762 3234 2976 3296 exiens,
3017 3230 3176 3285 debet
3226 3231 3511 3283 abominari
3547 3238 3691 3297 atque

2141 3323 2331 3388 vitare,
2357 3321 2451 3375 sed
2492 3320 2650 3375 etiam
2694 3321 2940 3376 liberales
2983 3320 3290 3389 disciplinas
3329 3321 3443 3373 usui
3474 3319 3692 3373 veritatis

2142 3409 2393 3475 aptiores,
2414 3417 2469 3463 et
2497 3410 2738 3478 quaedam
2769 3425 2974 3465 morum
3006 3419 3270 3478 praecepta
3296 3426 3415 3477 qua:
3436 3409 3689 3466 utilissima

532 2314 657 2379 Jam'
696 2338 825 2377 vero
871 2322 1077 2376 numeri
1121 2321 1431 2390 disciplina,
1470 2305 1691 2375 cuilibet
1734 2318 2035 2374 tardissimo

465 2413 664 2469 clarum
700 2422 804 2479 est,
833 2402 973 2483 qu'od
1011 2427 1116 2466 non
1145 2414 1215 2466 sit
1238 2412 1307 2468 ab
1333 2412 1634 2466 hominibus
1658 2410 1912 2475 instituta,
1941 2409 2033 2464 sed

468 2505 643 2573 potius
672 2503 919 2572 indagata
962 2510 1019 2558 et
1061 2502 1297 2556 inventa.
1329 2499 1440 2557 Non
1480 2500 1622 2555 enim
1650 2499 1782 2555 sicut
1814 2500 2035 2570 primam

466 2594 727 2667 syllabam
758 2594 946 2655 Italiae.
974 2609 1131 2661 quam
1159 2593 1373 2647 brevem
1404 2592 1875 2662 pronuntiaverunt
1895 2606 2040 2647 vetev

468 2701 586 2753 res,
612 2685 778 2739 voluit
804 2683 1052 2755 Virgilius
1080 2693 1133 2740 et
1164 2684 1317 2753 longa
1358 2683 1496 2739 facta
1525 2694 1635 2749 est,
1660 2683 1731 2738 ita
1762 2684 2039 2754 quisquam

473 2784 651 2845 potest
679 2775 913 2841 el’llcere,
938 2791 1056 2829 tum
1082 2774 1325 2839 voluerit,
1348 2784 1405 2829 ut
1429 2786 1508 2829 ter
1531 2782 1679 2828 terna
1697 2782 1789 2836 aut
1810 2790 1913 2828 non
1935 2774 2044 2830 sint

469 2882 684 2931 novem,
712 2876 803 2920 aut
832 2881 936 2920 non
968 2868 1172 2936 possint
1198 2864 1412 2921 efﬁcere
1447 2863 1758 2934 quadratam
1798 2864 2040 2933 figuram,

468 2968 561 3013 aut
586 2973 693 3012 non
723 2959 787 3011 ad
817 2958 1107 3013 ternarium
1138 2972 1415 3011 numerum
1445 2956 1597 3026 tripla
1628 2957 1755 3023 sint,
1780 2955 1847 3008 ad
1876 2970 2035 3009 sena-

470 3052 604 3104 rium
644 3051 909 3120 sescupla,
955 3049 1021 3104 ad
1063 3049 1271 3103 nullum
1307 3047 1491 3118 dupla,
1522 3047 1640 3117 quia
1689 3045 2036 3115 intelligibilis

470 3141 675 3193 numeri
717 3140 993 3196 semissem
1032 3154 1138 3193 non
1180 3137 1395 3193 habent.
1423 3139 1547 3194 Slve
1587 3152 1713 3208 ergo
1751 3137 1803 3191 in
1848 3140 2037 3207 seipsis

472 3232 910 3293 considerentur.
947 3229 1058 3284 sive
1102 3229 1168 3284 ad
1217 3230 1497 3298 ﬁgurarum
1544 3240 1630 3282 aut
1677 3229 1742 3283 ad
1789 3243 2039 3283 sonorum

471 3321 761 3375 aliarnmve
802 3324 1092 3375 motionum
1133 3321 1276 3389 leges
1318 3321 1520 3375 muneri
1557 3318 1927 3382 adhibeantur,
1956 3317 2040 3372 in-

472 3411 877 3465 commutabiles
920 3410 1131 3477 regulas
1175 3408 1391 3471 habent,
1420 3422 1595 3477 neque
1638 3407 1747 3461 ullo
1787 3406 1947 3460 modo
1975 3406 2043 3460 ab

476 3499 784 3554 hominibus
832 3498 1135 3564 institutas,
1180 3498 1274 3553 sed
1317 3499 1710 3567 ingeniosorum
1759 3496 2044 3564 sagacitate

478 3599 801 3656 compertas.
828 3590 956 3655 Quae
987 3597 1163 3643 tamen
1198 3589 1376 3642 omnia
1403 3589 1643 3658 quisquis
1674 3587 1743 3642 ita
1774 3586 2040 3650 dilexerit.

478 3692 532 3733 ut
554 3680 758 3745 jactare
786 3693 845 3732 se
871 3678 1007 3732 inter
1027 3675 1300 3745 imperitos
1322 3676 1467 3741 velit,
1488 3685 1541 3729 et
1568 3690 1672 3729 non
1705 3677 1878 3744 patius
1902 3689 2045 3743 quae-

480 3784 601 3822 rere
633 3769 774 3822 unde
804 3768 911 3821 sint
938 3781 1063 3821 vera
1093 3782 1209 3836 qua:
1241 3767 1603 3821 tantummodo
1631 3779 1752 3821 vera
1780 3781 1899 3821 esse
1926 3782 2045 3831 per-

479 3856 726 3920 senserit,
751 3868 800 3909 et
827 3855 965 3909 unde
991 3857 1230 3924 quaedam
1262 3871 1367 3909 non
1398 3856 1568 3910 solum
1598 3870 1740 3920 vera,
1766 3856 1857 3909 sed
1885 3856 2043 3909 etiam

482 3946 957 4011 incommutabilia,
975 3961 1092 4013 qua;
1115 3936 1564 4000 incommutabilia
1586 3960 1705 4001 esse
1732 3943 1880 4017 [non]
1904 3961 2045 4000 com-

482 4039 867 4108 prehenderit:
900 4052 961 4092 ac
1010 4038 1087 4091 sic
1124 4038 1191 4091 ab
1236 4038 1415 4105 specie
1459 4052 1741 4106 corporum
1786 4053 1952 4105 usque
1981 4038 2045 4092 ad

483 4132 763 4183 humanam
805 4134 1035 4181 mentem
1078 4128 1415 4195 perveniens,
1444 4143 1561 4182 cum
1602 4136 1655 4181 et
1684 4129 1848 4195 ipsam
1882 4136 2048 4180 muti-

485 4222 642 4275 bilem
686 4220 970 4283 invenerit,
1004 4218 1140 4287 quod
1176 4234 1313 4272 nunc
1342 4219 1519 4282 docta,
1552 4232 1690 4271 nunc
1732 4216 1941 4270 indocta
1979 4217 2050 4269 sit

484 4312 801 4375 constituta,
849 4319 1022 4363 tamen
1076 4306 1213 4361 inter
1255 4308 1737 4362 incommutabilem
1786 4321 1945 4373 supra
1992 4320 2050 4359 se

2144 3496 2628 3566 continent,deque
2656 3500 2773 3569 ipso
2802 3516 2907 3554 uno
2936 3500 3043 3555 Deo
3066 3499 3287 3552 colendo
3320 3500 3559 3553 nonnulla
3578 3510 3691 3551 vera

2146 3588 2602 3659 51inveniuntur
2628 3592 2765 3659 apud
2794 3607 2909 3657 eos,
2939 3593 3074 3657 quod
3113 3609 3299 3648 eorum
3333 3600 3570 3656 tanquam
3595 3604 3689 3641 au-

2146 3692 2263 3729 rum
2298 3687 2353 3731 et
2380 3687 2681 3747 argentum,
2711 3679 2854 3748 quod
2883 3696 2985 3734 non
3014 3685 3112 3749 ipsi
3140 3686 3503 3743 instituerun',
3524 3678 3604 3732 sed
3627 3678 3690 3731 de

2147 3766 2457 3831 quibusdam
2497 3769 2645 3835 quasi
2684 3770 2908 3824 metallis
2946 3773 3137 3826 divina:
3181 3772 3551 3841 providentia,
3582 3783 3689 3837 quae

2148 3855 2340 3921 ubique
2392 3848 2564 3911 inim
2620 3868 2703 3912 est
2750 3870 3021 3924 eruerant,
3073 3873 3127 3917 et
3181 3878 3285 3930 quo
3343 3875 3577 3930 perverse
3617 3868 3689 3910 at-

2150 3960 2250 4013 que
2303 3946 2554 4014 iujnriose
2606 3949 2673 4001 ad
2726 3949 2977 4017 obsequia
3041 3951 3341 4005 dmmonum
3400 3952 3685 4011 abutuntur,

2152 4049 2271 4088 cum
2297 4034 2365 4089 ab
2394 4050 2575 4089 eorum
2618 4036 2812 4091 misera
2838 4038 3093 4092 societate
3132 4055 3251 4094 sese
3278 4042 3456 4093 animo
3480 4047 3685 4106 sepiral.

2154 4123 2305 4177 debet
2330 4124 2397 4177 ab
2418 4126 2496 4178 eis
2515 4125 2725 4181 auferre
2746 4126 3074 4182 Christianus
3096 4130 3160 4183 ad
3186 4146 3339 4182 usum
3358 4130 3551 4197 justum
3575 4141 3686 4193 prato

2156 4215 2364 4270 dicandi
2412 4217 2707 4283 Evangelii.
2754 4219 2967 4274 Vestem
3016 4236 3227 4290 quoque
3272 4223 3499 4279 illorum,
3547 4220 3684 4272 idest

2162 4306 2431 4361 hominum
2462 4308 2673 4376 quidem
2699 4309 2955 4371 instituta,
2986 4309 3077 4363 sed
3112 4322 3287 4363 tamen
3323 4308 3684 4364 accommodata

490 4356 801 4375 ---π---ψη
854 4356 1022 4363 ._.-----
1188 4356 1202 4360 -
1787 4356 1879 4373 ητ
1922 4356 1945 4358 κ.
1994 4356 2045 4359 η
2466 4356 2672 4376 ,_-------
2986 4356 3077 4363 η-
3113 4356 3287 4363 -_----.-
3323 4356 3671 4364 ---νκωηη

490 4402 761 4453 veritatem
793 4410 842 4454 et
876 4398 1144 4454 mutabilia
1187 4398 1318 4452 infra
1346 4414 1430 4462 se,
1460 4408 1649 4453 caetera
1679 4398 1742 4451 ad
1774 4399 1928 4451 unius
1961 4397 2051 4451 Dei
2082 4356 2132 4415 Β
2160 4396 2404 4450 humanae
2434 4397 2699 4462 societati,
2730 4412 2829 4466 qua
2858 4398 2909 4450 in
2944 4401 3039 4450 hac
3067 4401 3171 4451 vita
3195 4414 3381 4452 carere
3404 4413 3503 4450 non
3525 4410 3684 4465 possu-

489 4492 696 4545 laudem
726 4501 881 4560 atque
912 4490 1251 4547 dilectionem
1285 4500 1473 4544 cuncta
1517 4497 1859 4549 convertere,
1891 4502 1919 4540 a
1949 4503 2053 4557 qui)

492 4590 678 4635 Cuncta
709 4596 826 4633 esse
852 4581 1140 4651 cognoscit,
1171 4580 1359 4633 doctus
1389 4579 1553 4633 \ideri
1592 4586 1783 4645 potest,
1812 4592 1928 4631 esse
1958 4592 2053 4629 au-

494 4684 598 4724 tem
644 4672 886 4737 sapiens,
915 4671 1056 4722 nullo
1101 4670 1279 4723 modo.
1312 4668 1662 4735 Quamobrem
1693 4668 1898 4721 videtur
1928 4666 2055 4719 mihi

492 4761 743 4817 studiosis
784 4770 835 4813 et
878 4759 1159 4831 ingeniosis
1198 4759 1643 4821 adolescentibus,
1670 4764 1725 4811 et
1753 4755 2058 4810 timentibus

496 4853 699 4913 Deum,
766 4848 1075 4911 beatatnqne
1134 4848 1291 4901 vitam
1356 4847 1717 4915 quzerentihus
1778 4845 2059 4898 salubriter

496 4940 749 5009 praecipi,
800 4948 855 4990 ut
905 4936 1076 4989 nullas
1135 4934 1400 4989 doctrinas
1452 4951 1569 5003 qua:
1632 4944 1824 5001 przeter
1882 4933 2060 4985 Eccle-

499 5034 629 5086 siam
668 5031 861 5083 Christi
898 5037 1233 5093 exercentur,
1267 5037 1509 5095 tanquam
1550 5026 1615 5078 ad
1658 5027 1861 5079 beatam
1900 5025 2059 5076 vitam

504 5121 904 5187 capessendam,
936 5134 1123 5171 securo.
1156 5117 1302 5185 sequi
1344 5116 1572 5170 audeant
1603 5134 1614 5167 :
1646 5116 1738 5167 sed
1769 5128 1859 5165 eas
1887 5113 2062 5165 sobrie

500 5211 884 5276 diligenterque
910 5205 1223 5275 diiudicent,
1246 5212 1299 5257 et
1327 5204 1369 5255 si
1396 5218 1523 5271 quas
1553 5204 1850 5256 invenerint
1878 5202 1943 5255 ab
1971 5201 2063 5254 ho-

505 5299 734 5353 minibus
765 5298 1027 5351 institutas
1059 5297 1251 5360 varias,
1288 5302 1500 5362 propter
1528 5295 1789 5348 diversam
1818 5295 2061 5347 volunta-

511 5398 615 5441 tem
668 5386 1079 5452 instituentium,
1113 5396 1165 5439 et
1211 5383 1448 5453 ignotas,
1479 5394 1691 5451 propter
1736 5384 2063 5452 suspiciones

508 5478 820 5541 errantium,
849 5476 1078 5529 maxime
1109 5477 1149 5529 si
1187 5476 1379 5530 habent
1404 5476 1560 5529 etiam
1592 5490 1709 5527 cum
1740 5474 2063 5529 daemonibus

506 5568 690 5624 initam
732 5568 1073 5635 societatem,
1103 5584 1196 5638 per
1236 5566 1583 5638 quarumdam
1627 5565 1913 5634 signiﬁcatb
1939 5582 2063 5619 num

1438 5730 1487 5763 ιι

2157 4499 2297 4549 mus,
2324 4485 2567 4553 accipere
2591 4494 2748 4553 atque
2779 4485 2974 4541 habere
3005 4487 3458 4557 licueritiiiCebit|
3482 4490 3529 4539 in
3551 4497 3681 4538 usum

2156 4577 2513 4631 convertenda
2555 4576 2932 4631 Christianum.
2964 4577 3092 4630 Nam
3124 4578 3249 4645 quid
3276 4578 3423 4631 aliud
3471 4579 3679 4630 iecerunt

2158 4665 2307 4718 ntulti
2349 4665 2472 4718 boni
2516 4664 2697 4718 lideles
2736 4666 2937 4717 nostri?
2970 4665 3154 4719 Nonne
3198 4666 3482 4731 asine-imus
3518 4673 3684 4731 quanto

2160 4768 2309 4815 auro,
2339 4762 2393 4807 et
2438 4762 2676 4823 argento,
2720 4762 2777 4806 et
2823 4764 2971 4806 veste
3013 4753 3387 4805 sullarciuatus
3427 4752 3595 4805 exierit
3629 4748 3683 4801 de

2163 4846 2394 4915 Egypto
2445 4847 2761 4921 (Zyprianus,
2809 4846 2995 4898 doctor
3037 4846 3379 4899 suavissimus
3434 4858 3479 4898 et
3518 4850 3683 4909 martyr

2164 4938 2531 4991 beatissimus?
2555 4938 2760 5003 Quanto
2782 4934 3123 4989 Lactantius!
3151 4936 3363 5001 Quanto
3395 4934 3681 4993 Victorinus,

2161 5028 2424 5096 Optatius,
2460 5028 2726 5081 Hilarius?
2752 5036 2806 5080 ut
2833 5027 2900 5091 de
2919 5028 3051 5079 vivis
3081 5036 3308 5088 taceam,
3335 5035 3526 5093 quanto
3551 5025 3679 5085 iunpo

2167 5118 2450 5172 merabiles
2483 5117 2687 5172 Graeci?
2716 5115 2865 5182 Quod
2898 5116 3044 5183 prior
3086 5117 3196 5182 ipse
3246 5116 3575 5169 ﬁdelissimus
3606 5107 3680 5162 Dei

2166 5208 2393 5263 famulus
2432 5210 2639 5277 Moyses
2666 5205 2888 5270 fecerat,
2928 5207 2995 5259 de
3024 5221 3129 5274 quo
3172 5208 3426 5272 scriptum
3454 5198 3678 5269 ὅμαιοᾶ

2167 5298 2406 5351 eruditus
2442 5296 2598 5351 fuerit
2638 5298 2780 5350 omni
2806 5296 3065 5363 sapientia
3108 5295 3493 5365 Egyptiorum.
3516 5290 3677 5356 Oniten

2169 5388 2417 5441 omnibus
2442 5387 2569 5441 viris
2603 5386 2965 5455 superstitiosa
2996 5386 3272 5454 gentilium
3296 5379 3676 5443 consultissima!

2169 5477 2398 5529 maxime
2429 5477 2533 5529 illis
2576 5475 2903 5543 temporibus
2940 5489 3060 5527 cum
3109 5472 3306 5525 CtiriSIi
3336 5465 3673 5534 decutienst-

2171 5581 2321 5637 gum,
2372 5564 2697 5622 Christianos
2749 5562 3188 5633 persequebatur,
3246 5560 3538 5631 disciplinas
3574 5562 3676 5623 quis
