3904 6224
582 205 684 259 959

1639 205 1698 258 D.
1743 202 2060 259 EUGYPPII
2101 201 2390 258 ABB.\T|S
2430 202 2748 260 AFRICANI

3736 208 3824 257 96'}

582 317 846 371 sermonis
894 326 1042 372 testu
1093 319 1408 388 ambiguitas
1457 315 1710 382 explicari
1757 325 1966 384 potest,
2019 313 2148 366 nihil
2179 315 2224 372 Α
2259 313 2348 365 Est
2376 314 2537 367 etiam
2578 314 2893 383 ambiguitas
2922 313 2974 367 in
3017 327 3149 368 sono
3176 313 3338 367 dubio
3380 311 3751 382 syllabarum,
3782 327 3824 366 et

582 405 758 471 obest,
793 407 1081 461 secundum
1110 406 1400 473 quamlibet
1428 419 1610 458 earum
1643 420 1760 473 qua:
1795 404 2148 459 ostenduntur

583 498 899 548 sententiam
930 495 1276 560 distinguere,
1311 493 1474 546 veluti
1506 503 1586 546 est
1609 494 1696 546 illa
1719 494 1783 547 ad
1807 494 2114 545 Corinthios
2135 510 2170 558 :_

586 585 693 637 llas
732 599 857 653 ergo
901 583 1281 652 promiSsioues
1321 582 1598 647 habentes,
1640 582 1964 645 eharissimi,
1995 597 2144 633 mun-

591 678 780 727 demus
807 687 901 726 nos
928 673 996 724 ab
1017 675 1159 726 omni
1187 676 1618 743 coinquinatione
1643 675 1815 728 carnis
1840 682 1892 725 et
1913 672 2149 738 spiritus,

588 763 918 829 perficientes
960 762 1435 817 sanetilicationem
1486 765 1536 815 in
1586 764 1778 815 timore
1825 762 1916 814 Dei
1945 761 2153 826 :capite

588 867 725 903 nos:
756 852 953 905 nemini
1002 856 1298 906 nocuimus.
1329 854 1550 906 Dubium
1597 853 1790 920 quippe
1832 860 1933 913 est,
1976 859 2151 904 utrum

585 942 898 996 mundemus
925 958 1020 998 nos
1051 945 1117 998 ab
1139 946 1283 998 omni
1312 945 1674 1012 inquinatione
1701 943 1880 996 carnis
1909 952 1961 994 et
1988 941 2152 1008 spiri-

589 1040 694 1095 tus,
724 1033 1016 1086 secundum
1046 1034 1188 1086 illam
1218 1033 1552 1094 sententiam,
1581 1041 1636 1083 ut
1660 1033 1729 1085 sit
1755 1042 1938 1084 sancta
1960 1040 2013 1084 et
2035 1045 2156 1083 cor-

590 1136 718 1187 pore
744 1131 799 1176 et
829 1125 1021 1192 spiritu
1046 1142 1060 1190 ;
1093 1139 1158 1180 an
1191 1125 1502 1180 mandemus
1533 1138 1627 1176 nos
1653 1123 1720 1176 ab
1741 1124 1887 1177 omni
1910 1123 2152 1194 coinqui-

586 1216 806 1269 natione
832 1217 1034 1282 carnis,
1063 1216 1277 1269 utalius
1304 1217 1374 1269 sit
1409 1229 1618 1279 sensus,
1652 1223 1705 1268 et
1745 1215 1962 1282 spiritus
1996 1214 2154 1281 perfl-

585 1305 795 1361 cientes
833 1306 1330 1368 sanctificationetn,
1363 1305 1416 1359 iu
1463 1305 1654 1358 timore
1687 1304 1777 1358 Dei
1820 1303 1994 1373 capite
2034 1319 2154 1381 nos.

586 1393 743 1448 Tales
783 1396 939 1466 igitur
964 1397 1362 1452 distinctionum
1421 1395 1787 1465 ambiguitates
1817 1395 1868 1448 iu
1896 1381 2158 1464 potestate

587 1485 815 1553 legentis
846 1495 990 1539 sunt.

1075 1571 1302 1629 CAPUT
1361 1571 1660 1627 CCLXXII.

2259 404 2368 456 [nec
2395 407 2573 474 utique
2594 406 2660 461 ad
2686 403 3166 473 pronuntiationem
3189 406 3467 474 pertinens
3495 421 3509 454 :
3542 419 3670 456 nam
3697 409 3824 472 ειη-κά

2259 496 2516 563 scriptum
2547 505 2668 560 est,
2721 510 2827 547 non
2860 503 2942 547 est
2971 495 3336 548 absconditum
3375 509 3402 546 a
3439 503 3492 546 te
3521 508 3589 546 os
3625 508 3822 548 meum.

2257 585 2396 652 quod
2429 585 2598 637 fecisti
2631 586 2681 636 in
2710 583 3056 646 abscondito,
3089 600 3192 638 non
3225 585 3400 638 elucet
3432 583 3634 652 legenti
3662 594 3823 634 utrum

2256 681 2501 739 correpta
2527 686 2588 725 os
2617 672 2792 725 littera
2822 673 3157 740 pronuntiet,
3186 689 3252 726 an
3286 675 3567 742 producta.
3604 673 3662 726 Si
3694 675 3822 725 enin.

2257 763 2536 831 corripiat,
2571 763 2637 818 ab
2666 778 2731 818 eo
2762 763 2900 832 quod
2930 773 3053 817 sunt
3077 778 3230 828 ossa,
3259 766 3302 818 si
3336 775 3514 818 autem
3547 766 3820 834 producat,

2257 857 2325 908 ab
2354 871 2421 909 eo
2451 857 2591 925 quod
2622 867 2746 910 sunt
2774 870 2866 910 ora
2897 857 3209 926 intelligitur
3240 871 3492 908 numerus
3521 857 3820 922 singularis.

2257 945 2359 999 Sed
2394 946 2513 998 talia
2542 947 2734 1014 lingua:
2765 946 3113 1013 prmecdentis
3138 947 3470 1012 inspectione
3497 946 3820 1011 iudicantur.

2258 1032 2388 1086 Nam
2411 1033 2462 1086 in
2487 1033 2674 1087 Graeco
2695 1047 2797 1087 non
2816 1035 2985 1103 στόμα
3003 1033 3095 1088 sed
3111 1035 3280 1088 ὀστέον
3299 1034 3527 1099 positum
3551 1042 3666 1086 est.
3687 1032 3821 1085 Unde

2260 1123 2574 1192 plerumque
2623 1124 2868 1191 loquendi
2900 1123 3230 1178 consuetudo
3257 1124 3493 1192 vulgaris
3537 1123 3728 1176 utilior
3754 1133 3824 1176 est

2258 1203 2622 1280 signiﬁcandis
2643 1213 3000 1280 rebus,quam
3033 1213 3305 1282 integritas
3332 1213 3590 1266 litterata.
3627 1213 3820 1264 “altera

2260 1303 2453 1378 quippe
2483 1315 2604 1355 cum
2652 1290 2983 1355 barbarismo
3013 1301 3118 1355 dici
3152 1317 3164 1353 :
3197 1301 3310 1355 Non
3346 1311 3427 1354 est
3457 1302 3821 1355 absconditum

2260 1407 2289 1446 a
2321 1401 2374 1446 te
2401 1405 2582 1448 ossum
2615 1408 2788 1446 meum
2811 1435 2825 1456 ,
2859 1408 3016 1461 quam
3049 1402 3106 1444 ut
3136 1392 3254 1446 ideo
3292 1402 3439 1447 esset
3469 1392 3652 1446 minus
3683 1409 3822 1460 aps-r-

2263 1490 2393 1545 tum,
2426 1483 2548 1550 quia
2580 1483 2747 1551 magis
2777 1483 3020 1535 Latinum
3052 1493 3151 1536 est.
3183 1481 3286 1537 Sed
3319 1482 3608 1550 aliquando
3639 1483 3820 1536 dubius

2260 1573 2480 1642 syllabas
2524 1587 2706 1638 sonus,
2757 1573 2915 1626 etiam
2945 1573 3117 1629 vicino
3143 1573 3306 1626 verbo
3331 1573 3396 1626 ad
3423 1573 3676 1627 eamdem
3699 1588 3814 1626 sen-

546 1710 551 1715 .
588 1679 662 1734 ορ
698 1683 944 1747 ambiguis
989 1683 1488 1748 pronuntiationibus
1528 1684 1670 1747 ponit
1736 1682 1953 1747 exempli
1999 1699 2158 1739 ea.“
2190 1671 2230 1732 Β
2260 1664 2476 1717 tentiam
2511 1664 2808 1733 pertinente
2831 1663 3188 1733 dijudicatur;
3227 1665 3383 1719 sicuti
3415 1674 3500 1718 est
3527 1664 3663 1717 illud
3689 1665 3818 1729 Apo-

657 1754 912 1821 quomodo
943 1753 1375 1821 pronuntiandum
1405 1754 1467 1804 sit
1500 1770 1516 1805 :
1548 1753 1672 1818 Quis
1696 1754 1949 1814 accusabit
1978 1756 2156 1805 adver-

656 1838 741 1871 tus
764 1822 947 1876 electos
980 1821 1111 1874 Dei?
1135 1838 1198 1875 ea:
1221 1823 1395 1875 eodem
1420 1822 1569 1874 libro.

657 1932 994 2010 Quaecunque
1023 1943 1200 1988 autem
1229 1933 1294 1989 de
1323 1933 1580 2002 ambiguis
1611 1933 2034 1989 distinctionibus
2062 1934 2167 1988 di-'

587 2023 780 2084 ximus,
811 2024 996 2080 eadem
1027 2023 1358 2079 observanda
1389 2034 1512 2082 sunt
1551 2034 1602 2076 et
1646 2025 1696 2077 in
1739 2024 2000 2093 ambiguis
2031 2040 2150 2095 pro~

589 2115 1008 2168 nuntiationibus
1041 2132 1052 2166 :
1081 2129 1200 2168 nam
1229 2123 1280 2168 et
1309 2115 1438 2185 ipsa:
1459 2155 1473 2179 ,
1509 2116 1609 2169 nisi
1637 2116 1848 2169 lecturis
1892 2116 2048 2169 nimia
2076 2117 2153 2170 vi-

587 2203 790 2256 tientur
840 2203 1067 2271 incuria,
1099 2214 1190 2258 aut
1237 2204 1429 2272 regulis
1481 2204 1596 2260 fidei
1647 2205 2017 2272 corriguntur,
2061 2195 2159 2259 aut.

590 2293 938 2358 pra-cedentis
967 2294 1048 2348 vel
1076 2294 1452 2362 consequentis
1475 2296 1804 2348 connexiune
1846 2296 2109 2349 sermonis
2134 2337 2148 2361 ,

587 2392 675 2433 aut
720 2382 763 2435 si
797 2392 1039 2443 neutrum
1071 2384 1260 2438 horum
1305 2385 1586 2437 adhibetur
1627 2384 1690 2436 ad
1723 2386 2108 2448 correctionem
2132 2426 2148 2449 ,

595 2471 940 2538 nihilominus
982 2471 1153 2526 dubia
1224 2474 1594 2537 remanebunt,
1627 2485 1677 2524 ut
1719 2473 1947 2546 quolibet
1995 2474 2153 2527 modo

587 2559 757 2614 tec!or
790 2563 1233 2628 pronuntiaverit,
1267 2577 1370 2615 non
1399 2563 1467 2617 sit
1496 2563 1547 2615 in
1578 2563 1729 2630 culpa
1757 2582 1766 2613 :
1799 2563 1895 2615 nisi
1920 2564 2059 2618 enim
2093 2564 2157 2616 fi-‘

584 2652 684 2703 des
715 2662 927 2714 revocet
948 2668 1048 2720 qua
1067 2653 1330 2710 credimus
1353 2654 1630 2708 Dominum
1655 2669 1757 2708 non
1785 2665 2149 2720 accusaturum

583 2740 846 2795 adversus
877 2743 976 2798 elei
997 2753 1075 2797 tos
1103 2760 1249 2808 suos,
1295 2755 1349 2798 et
1377 2744 1646 2808 Christum
1693 2763 1799 2799 non
1830 2749 2152 2809 condemna-

584 2839 764 2884 turum
807 2831 1006 2886 electos
1051 2844 1214 2897 suos,
1250 2844 1422 2912 potest
1472 2836 1597 2889 illud
1632 2837 1710 2890 sic
1758 2839 2085 2905 pronuntiari
2134 2856 2147 2892 :

588 2923 717 2985 Quis
761 2924 1036 2978 accusabit
1057 2925 1312 2986 adversus
1349 2925 1548 2983 electus
1586 2926 1714 2986 Dei?
1743 2938 1797 2981 ut
1825 2929 1960 2982 hanc
1987 2929 2152 2987 inter-

2259 1755 2383 1810 stoli
2418 1770 2433 1819 ς
2464 1755 2592 1821 Quae
2625 1756 2854 1821 praedico
2896 1756 3048 1810 vobis
3093 1757 3230 1810 sicut
3277 1756 3520 1824 praedixi,
3571 1755 3814 1826 quoniam

2255 1844 2341 1913 qui
2375 1842 2498 1896 talia
2561 1852 2720 1911 agunt
2771 1859 2989 1914 regnum
3040 1844 3132 1898 Dei
3184 1859 3288 1896 non
3344 1845 3718 1912 possidebunt.
3767 1844 3814 1896 Si

2259 1933 2624 1985 tantummodo
2669 1931 2936 1997 dixisset,
2972 1947 3090 2000 quae
3120 1933 3354 2000 prtedieo
3406 1933 3593 1996 vobis,
3651 1947 3814 1998 neque

2254 2018 2622 2088 sultjunxisset
2648 2059 2664 2085 ,
2709 2021 2847 2081 sicut
2878 2021 3098 2087 praedixi
3128 2059 3144 2085 ,
3176 2036 3279 2073 non
3311 2021 3412 2073 nisi
3461 2021 3526 2074 ad
3576 2022 3812 2074 codicem

2256 2111 2607 2179 praecedentis
2638 2111 2826 2180 lingua:
2857 2112 3232 2165 recurrendum
3259 2121 3425 2171 esset,
3453 2119 3510 2163 ut
3534 2125 3814 2181 cognosce-

2255 2211 2468 2261 remus,
2503 2206 2681 2251 utrum
2731 2201 2781 2252 In
2824 2213 2889 2261 eo
2918 2199 3058 2268 quod
3106 2200 3257 2264 dixit,
3311 2200 3570 2267 prredico,
3632 2201 3813 2268 produ-

2253 2287 2418 2341 cenda
2441 2303 2510 2340 an
2542 2289 2884 2356 corripienda
2915 2299 3056 2355 esset
3083 2291 3283 2359 syllaba
3310 2289 3482 2342 media
3515 2307 3529 2340 :
3558 2305 3698 2340 nuric
3725 2305 3810 2341 as-

2256 2388 2359 2432 tem
2392 2379 2727 2433 manifestum
2778 2388 2861 2434 est
2909 2380 3303 2448 produt-endam
3351 2394 3468 2434 esse
3492 2421 3506 2442 ,
3539 2395 3645 2432 non
3678 2383 3808 2431 enim

2254 2472 2326 2529 ait
2355 2468 2493 2534 sicut
2525 2471 2829 2538 prmdicavi,
2859 2470 2952 2524 sed
2977 2510 2992 2533 ,
3025 2471 3161 2534 sicut
3206 2471 3447 2539 prredixi.
3480 2469 3591 2524 Non
3647 2472 3805 2524 solum

2253 2568 2430 2613 autem
2463 2559 2600 2624 istae,
2633 2558 2726 2623 sed
2753 2561 2915 2614 etiam
2948 2559 3050 2612 illa:
3080 2558 3449 2628 ambiguitates
3479 2575 3593 2628 qua
3622 2575 3722 2613 non
3747 2561 3806 2613 ad

2254 2649 2646 2706 distinctionem
2676 2651 2756 2706 vel
2788 2651 2852 2704 ad
2887 2655 3371 2720 pronuntiationem
3406 2653 3669 2719 pertinent
3696 2690 3712 2714 ,
3739 2653 3802 2704 si-

2254 2742 2451 2795 miiter
2480 2740 2880 2794 consideranda
2922 2750 3046 2796 sunt
3076 2759 3089 2794 :
3121 2743 3294 2809 qualis
3324 2743 3413 2794 illa
3443 2752 3524 2794 est
3552 2743 3614 2794 ad
3647 2742 3802 2794 Thcs-

2252 2830 2614 2886 salunicenses
2647 2847 2660 2883 :
2712 2828 2999 2898 Propterea
3030 2833 3290 2890 consolati
3333 2847 3517 2886 sumus
3546 2833 3732 2885 fratres
3760 2835 3800 2884 in

2252 2921 2426 2976 vobis.
2459 2919 2682 2974 Dubium
2714 2918 2838 2992 [est]
2869 2921 3010 2974 enim
3049 2931 3248 2987 utrum,
3279 2935 3312 2976 o
3341 2922 3531 2975 fratres
3552 2963 3565 2984 ,
3596 2937 3688 2985 an,
3720 2924 3799 2974 hes

586 3015 909 3078 rogationem
938 3014 1089 3087 quasi
1136 3015 1414 3084 responsio
1457 3027 1809 3086 consequatur
1839 3037 1849 3070 :
1888 3019 2026 3072 Deus
2057 3019 2146 3088 qui

2258 3006 2467 3062 fratres.
2495 3007 2746 3063 Neutrum
2774 3021 2951 3070 autem
2971 3009 3158 3064 borum
3187 3023 3268 3066 est
3296 3019 3480 3066 contra
3515 3012 3691 3072 fidem.
3717 3015 3798 3064 sed

581 3104 864 3172 justifieat;
892 3114 946 3160 et
978 3107 1170 3166 iterum
1200 3107 1554 3174 interrogetur
1585 3124 1598 3161 :
1632 3109 1762 3174 Quis
1791 3120 1869 3162 est
1899 3109 1984 3178 qui
2015 3125 2146 3164 cou-

581 3196 835 3258 demnet?
877 3205 932 3248 et
980 3196 1366 3261 respondeatur
1395 3213 1407 3250 :
1439 3197 1682 3252 Christus
1709 3198 1862 3262 Jesus
1892 3201 1980 3268 qui
2008 3216 2152 3253 mor-

580 3296 705 3338 tuus
734 3293 835 3340 cst.
867 3286 1015 3354 Quod
1045 3289 1266 3344 credere
1293 3293 1414 3360 quia
1442 3291 1899 3357 dementissimum
1941 3300 2043 3358 est,
2077 3294 2149 3347 ita

585 3379 1033 3445 pronuntiabitur,
1068 3392 1122 3434 ut
1161 3381 1426 3454 praecedat
1471 3383 1868 3450 percunctatio,
1899 3369 2155 3451 sequatur

585 3468 952 3537 interrogatio.
983 3469 1124 3542 Inter
1155 3472 1648 3539 percunctationem
1690 3457 1870 3527 autem
1906 3483 1960 3530 et
1985 3475 2150 3530 inter-

583 3559 912 3624 rogationem
947 3559 1046 3612 hoc
1072 3571 1282 3623 veteres
1312 3563 1574 3616 interesse
1615 3563 1886 3636 dixerunt,
1914 3565 2052 3635 quod
2083 3557 2154 3622 ad'

587 3648 1077 3716 prrcunctatienem
1108 3650 1271 3705 multa
1295 3651 1606 3718 responderi
1623 3663 1860 3720 possunt,
1892 3655 1956 3710 ad
1983 3656 2144 3712 inter-

583 3738 912 3805 rogationem
944 3755 1072 3793 vero
1099 3750 1188 3802 aut
1217 3756 1345 3807 non,
1383 3743 1672 3797 autetiam.
1714 3739 2151 3802 Pronuntiabitur

585 3843 716 3898 ergo
745 3828 810 3884 ita
834 3868 849 3891 ,
907 3839 960 3882 ut
989 3869 1002 3894 ,
1058 3841 1176 3899 post
1206 3833 1694 3896 percunctationem
1739 3851 1839 3903 qua
1871 3835 2097 3890 dicimus
2128 3854 2144 3892 :

583 3916 714 3986 Quis
749 3920 1022 3989 accusabit
1064 3923 1318 3978 adversus
1344 3927 1545 3978 electos
1579 3925 1703 3982 Dei?
1736 3926 1864 3981 illud
1897 3930 2035 3998 quod
2061 3947 2147 3987 se-

533 4064 551 4083 .
581 4008 765 4075 quitur
794 4023 926 4064 seno
956 4011 1333 4080 interrogantis
1361 4017 1668 4072 enuntietur
1703 4036 1716 4071 :
1765 4021 1901 4075 Deus
1922 4021 2008 4092 qui
2029 4023 2145 4092 jus-

588 4097 792 4155 tificat?
839 4110 895 4152 ut
937 4101 1094 4155 tacite
1134 4105 1538 4172 restiondeatur,
1591 4108 1704 4162 Non
1737 4127 1748 4161 :
1778 4119 1831 4166 et
1884 4111 2008 4166 item
2041 4097 2151 4181 pcr-

584 4197 938 4244 cunctemur:
969 4191 1098 4258 Quis
1131 4202 1214 4247 est
1242 4195 1329 4268 qui
1361 4199 1719 4258 condemnati
1747 4218 2033 4274 rursusque
2065 4205 2147 4256 in-

586 4287 916 4346 terrogemus
949 4295 963 4331 :
1010 4280 1256 4336 Christus
1282 4283 1437 4339 Jesus
1467 4289 1554 4354 qui
1582 4300 1816 4343 mortuus
1848 4300 1948 4356 est,
1981 4294 2145 4362 magis

2249 3098 2438 3161 Grazca
2471 3101 2644 3172 lingua
2677 3101 2770 3157 bos
2799 3118 2954 3160 casus
2998 3117 3150 3174 pares
3195 3118 3300 3157 non
3355 3104 3541 3164 habet.
3586 3113 3643 3159 et
3693 3106 3796 3159 ideo

2249 3192 2339 3247 illa
2365 3192 2602 3264 inspecta
2633 3198 2963 3252 renuntiatur
2993 3195 3285 3260 vocativus,
3320 3194 3372 3248 id
3404 3205 3505 3259 est,
3536 3211 3568 3247 o
3595 3195 3793 3248 fratres.

2248 3281 2397 3346 Quod
2427 3281 2472 3334 si
2506 3282 2752 3337 voluisset
2803 3283 3063 3354 interpres
3087 3285 3266 3338 dicere
3297 3302 3313 3337 :
3346 3283 3634 3354 Propterea
3683 3301 3793 3340 eor:-

2249 3371 2566 3424 solationem
2594 3373 2893 3435 habuimus,
2921 3373 3130 3438 fratres,
3158 3376 3210 3427 in
3241 3374 3414 3444 vobis,
3443 3376 3614 3430 minus
3640 3376 3792 3431 servi-

2255 3467 2366 3512 tum
2392 3473 2533 3519 esset
2561 3461 2736 3530 verbis
2760 3501 2774 3525 ,
2808 3462 2900 3515 sed
2934 3464 3108 3526 minus
3158 3463 3223 3516 de
3253 3466 3515 3517 sententia
3546 3464 3790 3519 dubitare-

2249 3558 2353 3615 tur,
2385 3561 2474 3604 aut
2501 3561 2646 3614 certe
2675 3553 2716 3605 si
2744 3552 3049 3620 adderetur,
3083 3555 3286 3619 nostri,
3323 3570 3480 3609 nemo
3508 3558 3646 3611 eriim
3694 3557 3790 3611 fere

2247 3647 2552 3732 ambigeret‘
2589 3650 2886 3706 vocativum
2936 3664 3115 3716 rasum
3168 3666 3331 3717 esse,
3389 3668 3507 3707 cum
3553 3655 3783 3707 audiret:

2247 3735 2536 3808 Propterea
2567 3741 2823 3796 consolati
2854 3756 3040 3820 sumus
3087 3744 3280 3798 fratres
3312 3746 3478 3799 nostri
3526 3746 3577 3798 in
3624 3747 3782 3804 vobis;

2247 3828 2340 3881 sed
2363 3828 2472 3896 jam
2507 3831 2606 3882 hoc
2632 3832 2978 3898 periculosius
3021 3834 3363 3902 permittitur.
3407 3835 3476 3886 Ita
3508 3835 3690 3887 factum
3715 3853 3740 3885 e
3769 3847 3786 3887 t

2249 3918 2298 3970 in
2332 3919 2420 3971 illa
2465 3921 2530 3973 ad
2581 3921 2929 3989 Corinthios,
2959 3939 3078 3977 cum
3110 3925 3180 3978 ait
3211 3927 3493 3990 Apestolus
3524 3945 3534 3977 :
3567 3928 3784 3992 Quotdis

2253 4010 2456 4062 morior
2482 4027 2574 4078 per
2597 4021 2824 4065 vestiam
2854 4014 3095 4080 gloriam,
3123 4017 3342 4077 fratres,
3375 4031 3530 4084 quam
3563 4015 3716 4068 habeo
3740 4015 3781 4066 in

2247 4097 2464 4152 Christo
2491 4102 2638 4156 Jesu.
2673 4101 2760 4155 Ait
2790 4107 2929 4156 enim
2959 4105 3171 4174 quidam
3222 4106 3486 4172 interpres
3521 4124 3531 4157 :
3561 4107 3782 4170 Quotidie

2246 4191 2464 4252 morior,
2501 4206 2594 4256 per
2638 4203 2866 4248 veStram
2913 4191 3036 4262 juro
3080 4194 3336 4263 gloriam;
3367 4195 3491 4263 quia
3529 4196 3579 4248 in
3623 4195 3780 4248 Grato

2248 4293 2352 4331 vox
2383 4279 2603 4343 iurantis
2635 4287 2694 4339 νὴ
2723 4282 2998 4334 manifesta
3043 4294 3144 4345 est,
3194 4284 3311 4337 sine
3359 4287 3604 4353 ambiguo
3645 4298 3776 4336 sono.

584 4376 759 4424 autem
792 4369 877 4438 qui
910 4373 1219 4436 resurrexit,
1252 4374 1340 4440 qui
1370 4385 1455 4430 est
1485 4376 1537 4430 in
1563 4377 1778 4433 denum
1813 4380 1903 4434 Dei
1926 4423 1942 4447 ,
1973 4357 2145 4448 qui'eg
2178 4363 2225 4430 Β
2254 4367 2542 4426 Ιὶςιτὶδδίιηθ
2569 4372 2726 4439 igitur
2754 4366 2807 4425 et
2835 4373 3142 4426 diliicillitne
3186 4357 3412 4435 inveniri
3445 4383 3613 4440 p0tesl
3636 4372 3778 4425 ambi-

588 4459 892 4534 interpellat
920 4476 1014 4540 pro
1043 4462 1304 4516 nobisiut
1333 4465 1528 4532 ubique
1555 4469 1711 4522 tacite
1739 4469 2143 4537 respondeatur,

585 4549 723 4602 Non.
748 4551 818 4601 At
838 4566 962 4604 vero
987 4551 1078 4603 illo
1101 4553 1153 4605 in
1179 4553 1295 4606 loco
1322 4554 1406 4606 ubi
1433 4553 1542 4608 ait:
1573 4556 1704 4631 Quid
1723 4572 1849 4623 ergo
1876 4557 2148 4612 dicemus?

587 4641 708 4710 quia
724 4649 939 4709 agentes
961 4657 1077 4709 quae
1095 4659 1198 4696 non
1221 4643 1564 4698 sectabantur
1579 4646 1830 4713 justitiam
1849 4649 2149 4714 apprehen-

587 4732 670 4783 de:
689 4733 764 4784 int
784 4731 1064 4799 justitiam,
1080 4736 1176 4787 nisi
1195 4747 1310 4804 post
1329 4740 1808 4802 percunctationem
1828 4757 1925 4806 qua
1947 4741 2145 4796 dictum

587 4832 718 4875 est:
769 4822 902 4888 Quid
953 4839 1080 4892 ergo
1127 4825 1402 4880 dicemus?
1452 4830 1724 4896 responsio
1769 4830 2078 4900 subjiciatur
2130 4847 2144 4886 ε

587 4915 717 4977 Quin
749 4926 963 4982 gentes,
995 4931 1109 4983 qur
1141 4932 1244 4969 non
1277 4920 1613 4975 sectabantur
1638 4922 1920 4990 justitiam,
1951 4937 2146 4992 appre-

589 5007 884 5059 hendat-unt
907 5007 1189 5075 justitiam,
1223 5017 1396 5063 textus
1426 5028 1756 5080 consequens
1781 5029 1882 5066 n0u
1909 5016 2148 5068 coluere-

593 5095 684 5147 liit.
717 5095 960 5159 Quatibet
1006 5110 1181 5150 autem
1239 5113 1367 5152 voce
1422 5106 1786 5170 pronuntietur
1833 5105 1958 5157 illud
2006 5107 2145 5173 quod

589 5189 874 5239 [\atliannel
905 5177 1032 5241 dixit
1061 5189 1131 5243 :A
1152 5191 1410 5244 Nazareth
1440 5203 1608 5258 potest
1635 5195 1827 5263 aliquid
1851 5198 1971 5249 boni
1995 5212 2140 5260 esse,

585 5277 703 5348 site
733 5276 1074 5344 affirmantis,
1103 5289 1158 5332 ut
1201 5281 1323 5334 illud
1356 5281 1525 5334 solum
1567 5285 1628 5333 ad
1676 5284 2142 5353 interrogationem

588 5367 870 5445 pertineat,
903 5368 1038 5432 quod
1068 5369 1138 5420 ait
1167 5409 1178 5430 ,
1225 5374 1264 5423 A
1311 5370 1610 5425 Nazareth?
1663 5373 1772 5426 sive
1822 5386 1983 5427 totum
2022 5392 2140 5430 cum

588 5458 916 5522 dubitatione
940 5457 1332 5529 interrogantis,
1360 5480 1461 5516 non
1489 5464 1640 5518 video
1669 5468 2144 5533 quomododiscer-

587 5557 740 5612 natur
775 5563 787 5600 :
824 5557 1044 5617 uterque
1088 5559 1262 5604 autem
1309 5568 1493 5610 sursus
1536 5557 1692 5611 ﬁ-Jcm
1743 5575 1846 5613 non
1900 5561 2135 5630 impedit.

2248 4459 2417 4528 guitas
2453 4461 2504 4512 in
2533 4460 2760 4528 pt0priis
2788 4461 2995 4529 verbis,
3025 4471 3278 4530 quantum
3308 4463 3372 4516 ad
3415 4464 3578 4517 libros
3602 4463 3777 4515 divina-

2252 4565 2362 4599 rum
2395 4550 2786 4617 Scripturarum
2823 4562 3053 4618 spectat,
3101 4567 3257 4620 quam
3292 4568 3396 4604 non
3443 4562 3533 4604 aut
3577 4552 3776 4604 cireum-

2248 4639 2440 4691 stantia
2472 4639 2583 4706 ipsa
2633 4640 2897 4692 sermonis
2947 4655 3048 4707 qua
3096 4641 3436 4708 cognoscitur
3485 4642 3773 4706 scriptorum

2248 4727 2490 4792 intentio,
2523 4739 2614 4781 aut
2666 4729 3008 4796 interpretum
3039 4731 3253 4783 collatio
3275 4772 3290 4797 ,
3324 4742 3412 4784 aut
3457 4727 3774 4799 przcedeotis

2249 4818 2438 4887 lingua:
2467 4819 2642 4874 solvat
2673 4820 2952 4885 inspectio.

2736 4932 2957 4988 CAPUT
2988 4933 3305 4992 CCLXXI".

2249 5039 2328 5096 De
2357 5041 2766 5109 ambiguitatibus
2811 5046 3072 5098 verborum
3122 5047 3501 5107 translatorum,
3537 5048 3583 5097 in
3607 5045 3764 5112 quin

2318 5115 2592 5184 cauendum
2615 5125 2887 5178 promonet
2917 5131 2978 5164 ne
3013 5117 3234 5184 ﬁgurato
3261 5119 3446 5170 locatio
3469 5118 3532 5166 ad
3574 5118 3763 5167 litters-

2318 5180 2633 5247 accipiatur;
2661 5198 2723 5235 ea:
2750 5184 2923 5234 eodem
2952 5180 3105 5238 libro.

2318 5290 2419 5345 Sed
2445 5293 2719 5347 verborum
2753 5295 3128 5348 translatorum
3157 5295 3516 5364 ambiguitates
3535 5334 3549 5358 ,
3575 5291 3631 5344 de
3655 5293 3760 5358 qui-

2247 5386 2344 5438 bus
2371 5383 2622 5454 deinceps
2647 5387 2964 5453 lotjuendum
2991 5398 3093 5452 est,
3129 5404 3232 5442 non
3274 5387 3575 5443 mediocrem
3596 5398 3754 5435 curam

2245 5475 2665 5545 industriamque
2693 5478 2996 5532 desiderant
3042 5496 3055 5529 :
3087 5495 3208 5532 nam
3246 5481 3296 5533 in
3329 5479 3565 5550 principio
3589 5489 3754 5530 eavea-

2243 5562 2368 5619 du’ut
2399 5574 2480 5619 est
2523 5581 2590 5623 ue
2617 5567 2892 5637 figuratam
2933 5569 3259 5626 locutionem
3290 5571 3358 5627 ad
3395 5570 3598 5625 lituram
3620 5563 3750 5618 acti-
