3904 6224
118 298 246 354 961

1280 295 1499 351 TIIESA
1513 297 1547 352 ll
1560 295 1712 352 RL'S.
1753 296 1905 352 CAP.
1950 299 2173 354 CCLXX
2187 298 2269 353 IV.

3297 303 3403 356 962

112 419 288 488 pias,
334 427 390 471 et
432 415 495 469 ad
529 414 628 468 hoc
672 411 810 466 cnim
841 411 1075 482 portinef
1097 411 1233 482 quod
1279 413 1351 466 ait
1382 413 1712 481 Apo~loltts:
1747 413 1796 470 A
1836 413 2007 466 mines
2035 414 2335 481 vituperare
2378 421 2540 481 atque
2579 410 2836 467 damnare
2878 423 3298 475 consueverunt;
3344 427 3398 468 et

115 503 358 562 Littera
388 504 627 569 occidit,
659 503 873 572 spiritus
919 509 1094 558 autem
1125 503 1373 556 viviﬁcat.
1409 505 1538 557 Cum
1583 504 1725 556 enim

121 597 384 667 ﬁgurate
422 595 621 648 dictum
649 596 726 649 sic
751 594 1010 662 accipitur
1029 606 1276 663 tanquam
1302 593 1725 662 prtipriutlictum

118 691 208 743 sit
244 687 544 744 carnaliter
564 687 789 755 sapitur.
831 686 1011 756 Neque
1051 689 1153 741 ulla
1199 702 1340 741 moe-s
1379 687 1568 738 animm
1599 701 1725 739 con-

121 779 431 847 gruentius
461 777 781 847 appellatur,
811 792 968 847 quam
996 791 1115 831 cum
1150 778 1198 829 id
1233 779 1388 828 etiam
1423 776 1558 843 quod
1582 776 1635 827 in
1661 790 1721 828 ea

126 869 348 922 bestiis
380 868 687 932 antecellit,
721 869 820 920 hoc
847 876 928 921 est
958 867 1303 934 intelligentia
1334 905 1348 929 ,
1379 867 1526 918 carni
1556 866 1722 933 Subii-

123 957 315 1023 citur,
341 957 612 1026 sequendo
633 958 885 1010 litteram.
917 957 1014 1021 Qui
1038 957 1176 1008 enim
1205 957 1444 1024 sequitur
1468 957 1481 1008 Ι
1509 965 1718 1022 tteram,

136 1051 426 1103 translata
457 1049 616 1102 verba
647 1047 785 1102 sicut
804 1049 1008 1116 propria
1037 1057 1200 1112 tenet,
1224 1063 1395 1116 neque
1422 1047 1550 1101 illud
1583 1047 1721 1114 quod

127 1143 381 1210 proprio
411 1141 575 1195 verbo
595 1138 942 1209 signiﬁcatur,
967 1140 1128 1193 refert
1159 1140 1223 1192 ad
1267 1127 1421 1190 aliam
1460 1138 1722 1206 significa-

119 1231 350 1285 tionem
387 1248 398 1282 :
429 1231 520 1285 sed
553 1231 596 1283 si
626 1229 901 1283 sabbatum
930 1229 1178 1293 audierit,
1212 1230 1357 1283 verbi
1389 1231 1583 1298 gratia,
1615 1243 1720 1282 non

122 1322 408 1391 intelligit
453 1321 551 1372 nisi
585 1335 743 1372 unum
795 1308 931 1371 diem
961 1325 1028 1371 de
1076 1331 1280 1402 septem
1335 1320 1421 1386 qui
1467 1317 1723 1371 continuo

123 1415 427 1466 volumine
465 1419 793 1477 repetuntur.
829 1409 896 1462 Et
923 1424 1041 1463 cum
1072 1408 1302 1463 audierit
1348 1407 1675 1462 sacrificium
1703 1445 1719 1473 ,

124 1499 257 1555 non
291 1501 506 1556 excedit
529 1499 856 1569 cogitatione
899 1498 1030 1553 illud
1082 1499 1224 1567 quod
1257 1499 1368 1552 ﬁeri
1398 1498 1464 1552 de
1493 1497 1725 1551 victimis

124 1607 406 1660 pecorum
434 1591 765 1658 terrenisque
805 1589 1063 1643 fructibus
1091 1589 1250 1642 solet.
1287 1588 1358 1642 Ea
1401 1587 1615 1641 demmn
1645 1594 1727 1639 est

126 1684 482 1738 miserabilis
514 1683 702 1736 anima:
727 1680 975 1746 servitus,
1000 1681 1146 1749 signa
1162 1693 1258 1749 pro
1281 1681 1439 1734 rebus
1457 1679 1725 1746 accipere,

1831 515 1892 555 ea
1926 510 2126 554 tantum
2156 497 2421 569 probanda
2447 511 2605 570 atque
2626 499 2888 557 laudanda
2914 518 3034 572 qua:
3063 504 3397 557 consuetudo

1831 604 2015 644 eorum
2045 605 2163 643 cum
2191 589 2384 659 quibus
2409 592 2540 642 vivit
2578 593 2810 646 admittit
2839 611 2852 645 :
2896 607 3066 660 eoque
3102 593 3398 660 contingit,

1827 688 1884 732 ut
1914 680 1956 733 si
1989 679 2110 747 quid
2141 680 2414 747 Scriptura
2440 679 2522 733 vel
2558 684 2868 750 prteceperit
2897 683 3037 750 quod
3081 684 3340 738 abhorret
3369 700 3397 735 a

1827 771 2214 826 consuetudine
2259 771 2626 835 audientium,
2686 775 2763 826 vel
2809 776 2947 842 quod
2996 792 3099 830 non
3144 777 3404 831 abhorret

1824 862 2133 930 culpaverit,
2169 861 2214 914 si
2253 862 2485 914 animmn
2537 876 2720 914 eorum
2748 863 2858 930 jam
2900 867 3044 919 verbi
3094 868 3274 933 junxit
3303 883 3401 919 att-

1825 951 2078 1015 ctoritas,
2115 933 2386 1021 ﬁguratam
2445 952 2764 1004 locutionem
2799 961 3003 1018 putent.
3051 955 3166 1010 Non
3217 967 3396 1012 autem

1828 1041 2066 1107 prazcipit
2096 1041 2368 1108 Scriptura
2402 1041 2500 1094 nisi
2548 1040 2888 1106 charitatem,
2924 1059 3022 1096 nec
3065 1046 3243 1108 culpat
3294 1050 3399 1102 nisi

1826 1129 2167 1197 cupiditatem
2195 1175 2209 1197 ,
2243 1142 2296 1184 et
2325 1148 2388 1185 eo
2420 1133 2577 1185 modo
2609 1132 2862 1186 informat
2890 1149 3066 1189 mores
3097 1135 3395 1194 hominum.

1833 1219 1964 1272 Item
1996 1221 2039 1271 si
2065 1204 2300 1273 animum
2328 1224 2713 1290 praroccnpavit
2740 1223 2963 1293 alicujus
2979 1226 3176 1278 erroris
3198 1228 3399 1294 Opinio,

1825 1306 2083 1375 quidquid
2114 1307 2267 1360 aliter
2296 1310 2583 1362 asserucrit
2634 1311 2906 1379 Scriptura
2939 1360 2952 1379 ,
3002 1312 3276 1382 liguratum
3311 1317 3402 1370 ho-

1828 1396 1997 1449 mines
2024 1396 2378 1459 arbitrantur;
2413 1413 2517 1450 non
2543 1407 2715 1452 autem
2737 1403 2931 1456 asserit
2953 1402 3050 1454 nisi
3080 1402 3402 1460 catholicam

1828 1482 2009 1547 ﬁdem,
2035 1482 2194 1536 rebus
2224 1484 2507 1552 praeteritis
2537 1525 2550 1548 ,
2583 1495 2636 1538 et
2666 1487 2856 1543 futuris
2880 1529 2894 1552 ,
2920 1499 2974 1544 et
3005 1493 3398 1572 praesentibus:

1829 1564 2225 1627 Pro-ternorum
2269 1575 2504 1626 narratio
2535 1584 2636 1639 est,
2669 1577 2963 1632 futurorum
2999 1564 3398 1649 prrnuntiatio,

1836 1666 2174 1731 praesentium
2195 1664 2601 1719 demonstratio.
2626 1667 2732 1722 Sed
2751 1671 2926 1722 omnia
2947 1671 3059 1727 lia-c
3075 1674 3139 1728 ad
3157 1676 3402 1730 eamdem

127 1785 185 1825 et
219 1787 387 1838 supra
404 1781 701 1824 creaturam
726 1783 1038 1837 corpoream
1065 1770 1275 1823 oculum
1291 1769 1484 1824 mentis
1500 1769 1565 1821 ad
1594 1769 1723 1822 hau-
1758 1778 1804 1838 Β
1832 1753 2145 1805 “larualem
2189 1755 2519 1806 """lwdﬂm
2552 1766 2709 1822 mque
2756 1759 3132 1824 τοδοηυδεπιο
3168 1775 3224 1819 ει
3255 1768 3402 1836 θυρί-

129 1865 398 1920 riendum
432 1875 685 1919 aeternum
718 1865 894 1919 lumen
925 1865 1103 1920 levare
1130 1881 1235 1918 non
1263 1881 1415 1935 posse
1449 1883 1460 1917 :
1495 1880 1612 1934 qua:
1641 1874 1718 1918 ta-

129 1945 538 2010 men-servitus
582 1957 632 2008 in
675 1955 858 2010 Judaio
907 1958 1098 2026 populo
1143 1957 1297 2026 longe
1345 1973 1374 2011 a
1404 1966 1717 2010 creterarum

128 2049 389 2117 gentium
427 2062 575 2101 more
602 2047 858 2112 distabat,
911 2049 1336 2118 quandoquidem
1394 2049 1550 2102 rebus
1584 2057 1718 2101 tem-

134 2140 431 2206 poralibus
462 2141 531 2191 ita
580 2139 844 2208 subjugati
894 2149 1087 2205 erant,
1119 2151 1178 2194 ttt
1217 2156 1350 2195 unus
1383 2141 1485 2210 53
1534 2141 1613 2194 eis
1665 2140 1719 2191 in

134 2231 408 2282 omnibus
439 2229 901 2283 commendaretur
950 2231 1117 2291 Deus;
1152 2244 1204 2286 et
1232 2247 1528 2300 quanquam
1571 2232 1720 2298 signa

136 2334 336 2372 rerum
363 2318 684 2386 spiritalium
732 2334 829 2386 pro
859 2320 987 2388 ipsis
1019 2323 1175 2374 rebus
1203 2323 1572 2386 observarent,
1601 2336 1722 2375 nes-

133 2407 362 2461 cientes
385 2422 490 2475 quo
515 2405 845 2475 referuntur,
875 2408 926 2464 id
961 2417 1135 2481 tamen
1166 2411 1379 2465 insitum
1419 2410 1721 2480 habebant,

138 2496 299 2562 quod
330 2497 418 2549 tali
450 2501 704 2552 servitute
736 2499 825 2552 uni
853 2499 1089 2553 omnium
1132 2516 1287 2570 quem
1335 2516 1439 2555 non
1471 2502 1725 2556 videbant

136 2585 434 2654 placerent
462 2586 590 2650 Deo,
622 2603 776 2656 quam
801 2589 1118 2654 custodiam,
1152 2601 1398 2668 tanquam
1423 2593 1523 2646 sub
1548 2592 1725 2662 predu-

139 2691 292 2742 gogo
341 2677 682 2742 parvulorum
726 2680 922 2745 fuisse,
958 2682 1141 2735 scribit
1183 2684 1491 2752 Apostolus.
1519 2685 1584 2739 Et
1607 2685 1725 2740 ideo

139 2766 242 2832 qui
277 2765 476 2820 talibus
505 2770 670 2838 signis
716 2770 1058 2837 pertinaciter
1101 2774 1460 2840 inhaeserant,
1488 2785 1728 2831 contem-

140 2867 374 2912 nentem
406 2861 503 2912 ista
530 2861 834 2929 Dominum,
869 2878 986 2917 cum
1008 2865 1116 2934 jam
1139 2874 1347 2935 tempus
1386 2868 1727 2925 revelationis

141 2962 344 3001 eorum
390 2951 665 3016 venisset,
721 2953 857 3007 ferre
907 2969 1009 3007 non
1046 2965 1368 3024 potuerunt;
1415 2967 1575 3028 atque
1606 2961 1729 3016 inde

142 3028 454 3093 calumnias
484 3039 623 3109 quod
668 3042 888 3097 sabbato
929 3055 1142 3101 curaret
1171 3047 1338 3102 moliti
1383 3059 1503 3106 sunt
1534 3051 1728 3120 princi-

1821 1846 2037 1900 ditatem
2061 1846 2373 1899 vincendum
2399 1859 2556 1915 atque
2579 1850 3017 1918 exstinguendam
3044 1854 3218 1908 valent
3242 1873 3254 1908 :
3276 1858 3402 1909 cha-

1821 1938 2030 1990 ritatem
2055 1951 2185 1989 voco
2203 1945 2402 1989 motum
2432 1937 2593 1990 animi
2636 1939 2698 1992 ad
2725 1939 3005 1995 fruendum
3045 1942 3153 1996 Deo
3187 1956 3402 2013 promer

1821 2025 2016 2092 ipsum,
2049 2034 2105 2079 et
2154 2039 2212 2079 se
2243 2027 2485 2092 proximo
2526 2038 2742 2096 propter.
2787 2039 2943 2098 atque
2995 2032 3189 2098 Deum;
3243 2037 3393 2101 cupi-

1822 2116 2037 2170 ditatem
2085 2127 2280 2180 autem,
2324 2129 2522 2172 motum
2575 2122 2734 2174 animi
2788 2123 2853 2175 ad
2910 2123 3188 2178 fruendun
3243 2141 3300 2202 se
3346 2138 3400 2181 et

1824 2208 2085 2276 proximo,
2120 2220 2183 2278 et,
2234 2210 2469 2279 quolibet
2513 2226 2760 2280 corpore,
2813 2230 2918 2266 non
2961 2227 3177 2283 propter
3210 2217 3399 2271 Deum.

1823 2299 1972 2364 Quod
1999 2298 2219 2370 [autem]
2243 2299 2346 2369 agit
2379 2303 2631 2356 indomita
2669 2305 2935 2372 cupiditas
2958 2306 3023 2357 ad
3055 2321 3403 2376 corrumpen-

1823 2389 1948 2443 dum
1982 2391 2217 2443 animum
2263 2400 2317 2443 et
2347 2406 2544 2457 corpus
2591 2408 2745 2446 suum
2771 2433 2786 2458 ,
2836 2394 3089 2464 ﬂagitium
3129 2408 3350 2450 vocatur
3386 2417 3398 2451 ε

1823 2481 1965 2548 quod
1997 2491 2174 2535 autem
2205 2482 2312 2550 agit
2340 2491 2397 2535 ut
2428 2484 2578 2537 alteri
2616 2496 2825 2549 noceat,
2860 2488 3060 2541 {acinus
3087 2490 3286 2544 dicitur
3312 2533 3324 2553 ,
3354 2500 3406 2543 t-t

1827 2570 1942 2624 haec
1973 2580 2097 2625 sunt
2134 2573 2238 2624 duo
2269 2586 2466 2642 genera
2495 2574 2734 2628 omnium
2781 2587 3118 2645 peccatorum
3138 2622 3152 2646 ,
3186 2585 3280 2634 sed
3313 2585 3406 2634 lla-

1826 2662 1955 2730 gitia
1987 2661 2164 2730 priora
2203 2673 2344 2717 sunt.
2389 2663 2518 2729 Qua:
2554 2678 2675 2718 cum
2707 2666 3100 2721 exinaniverint
3145 2672 3405 2735 animum,

1829 2761 1883 2805 et
1908 2751 1974 2804 ad
2005 2747 2300 2820 quamdam
2333 2763 2622 2821 egestatem
2656 2757 3040 2824 perduxerint,
3090 2760 3144 2812 in
3178 2760 3408 2816 facinora

1832 2841 2130 2894 transilitur
2175 2842 2560 2914 [prosilitur],
2612 2860 2717 2913 quo
2759 2860 3137 2901 removeantur
3190 2852 3408 2919 impedi-

1832 2942 2013 2985 mento
2041 2933 2395 3002 ﬂagitiorum,
2427 2943 2520 2986 aut
2564 2936 2871 3002 adjumenta
2914 2949 3240 3006 quaerantur.
3278 2942 3407 2995 item

1831 3025 1976 3092 quod
2003 3026 2116 3090 agit
2137 3023 2371 3079 charitas
2405 3041 2509 3093 quo
2552 3027 2650 3080 sibi
2683 3030 2872 3094 prosit,
2897 3030 3098 3083 utilitas
3128 3041 3229 3093 est,
3266 3033 3411 3100 quod

147 3141 251 3196 pes
274 3142 460 3182 eorum
489 3172 504 3196 ,
549 3131 876 3202 populusque
901 3176 916 3200 ,
949 3136 1115 3206 signis
1144 3137 1245 3192 illis
1290 3114 1548 3209 tanquam
1567 3142 1727 3196 rebus
1758 3143 1802 3204 ρ
1834 3124 2012 3166 autem
2039 3116 2148 3209 agit
2182 3123 2239 3166 ut
2280 3114 2450 3209 pros-it
2480 3115 2724 3209 proximo
2747 3157 2763 3183 ,
2795 3119 3142 3173 beneﬁcentia
3174 3123 3414 3175 nomina-

145 3219 430 3283 astrictus,
459 3233 562 3274 non
594 3223 843 3278 credebat
877 3225 1039 3281 Deum
1071 3242 1188 3283 esse
1218 3231 1296 3284 vel
1329 3245 1357 3281 a
1381 3230 1490 3285 Deo
1520 3233 1730 3290 venisse

146 3311 244 3378 qui
275 3326 339 3364 ea
384 3311 522 3365 sicut
551 3313 754 3369 Judzcis
779 3315 1204 3375 observabuntur
1236 3323 1401 3377 nollet
1427 3326 1726 3380 attendere.

147 3401 264 3456 Sed
295 3403 382 3471 qui
415 3403 755 3460 crediderunt
777 3449 793 3473 ,
822 3423 885 3491 es
929 3411 1119 3480 quibus
1143 3412 1276 3488 facta
1302 3423 1383 3468 est
1415 3417 1581 3483 prima
1630 3419 1730 3472 Ec-

150 3493 326 3547 clesia
360 3492 872 3565 llierosolymitana,
925 3502 1054 3555 satis
1100 3504 1474 3571 ostenderunt,
1536 3520 1730 3574 quanta

150 3581 364 3635 utilitas
396 3581 552 3637 fuerit
595 3598 662 3637 eo
694 3586 852 3639 modo
896 3589 994 3641 sub
1047 3591 1329 3662 ptedagogo
1360 3596 1634 3657 custodiri,
1676 3605 1735 3648 ut

151 3670 314 3741 signa
349 3688 466 3738 quae
497 3677 856 3740 temporaliter
884 3677 1129 3746 imposita
1169 3693 1344 3746 erant,
1377 3685 1732 3740 servientibus

153 3762 224 3815 ad
256 3763 416 3815 unius
461 3762 552 3817 Dei
592 3768 790 3819 cultum
818 3807 832 3830 ,
882 3771 968 3836 qui
1010 3771 1134 3825 fecit
1170 3773 1360 3827 ctrlum
1409 3783 1458 3828 et
1493 3783 1688 3829 ternm
1717 3816 1731 3840 ,

154 3855 471 3924 opinionem
502 3860 899 3914 observantium
932 3863 1234 3932 religarent.

623 3987 626 3990 ί
665 3964 891 4022 CAPUT
919 3969 1236 4028 CCLXXIV.

175 4053 343 4106 Hunc
373 4055 576 4109 modum
603 4060 822 4178 grasﬁgit
849 4061 1161 4118 invenienda:-
1181 4069 1449 4122 locutiouis
1463 4073 1737 4140 propriaue

231 4140 304 4175 an
334 4124 551 4178 ﬂuunta
577 4143 602 4178 ε
651 4168 664 4178 .
691 4137 755 4178 ut
778 4130 1025 4178 quidquid
1050 4136 1102 4178 ξιι
1128 4135 1410 4178 scrin).er
1441 4156 1626 4178 mm...
1651 4153 1737 4178 πη.

231 4140 304 4175 an
333 4124 551 4205 ﬁgurate
568 4124 664 4204 sit,
691 4124 1025 4200 aliquidquid
1050 4135 1410 4205 inchHpturis
1439 4124 1626 4193 alcatim
1649 4124 1738 4196 uti

236 4196 387 4267 quasi
417 4197 727 4265 ﬂagitiosum
751 4214 816 4252 ea:
849 4196 1063 4267 persona
1092 4204 1181 4258 Dei
1215 4196 1294 4261 υὲι
1320 4220 1614 4263 sanctorum
1643 4214 1738 4265 iure

233 4264 411 4349 peritia
441 4264 655 4349 uitietur,
686 4269 796 4321 sine
816 4264 972 4323 dubio
999 4275 1276 4345 ﬁguratum
1295 4278 1609 4349 imdlt'gotur
1630 4264 1652 4347 ,9
1677 4299 1740 4336 ea:

236 4336 416 4385 eodem
439 4333 589 4390 libro.

241 4421 699 4483 Demonstrandus
722 4438 804 4484 est
829 4430 990 4500 igitur
1019 4437 1163 4504 prius
1188 4439 1374 4498 modus
1406 4442 1735 4500 invenienda:

165 4517 457 4573 locutionis
486 4523 769 4591 propriane
796 4540 863 4579 an
893 4502 1110 4596 ﬁgurata
1151 4533 1220 4586 sit
1250 4549 1262 4585 :
1294 4545 1346 4589 et
1393 4536 1492 4591 ists
1519 4540 1737 4592 omnino
1767 4502 1816 4562 D

167 4605 366 4661 modus
395 4616 510 4677 est,
545 4619 598 4663 ut
621 4612 872 4696 quidquid
897 4618 948 4669 in
970 4631 1215 4675 sermone
1231 4622 1413 4678 divino
1438 4665 1452 4689 ,
1484 4642 1654 4696 neque
1671 4628 1737 4684 ad

170 4713 387 4750 morum
413 4693 766 4768 honestatem,
802 4719 972 4775 neque
991 4708 1055 4762 ad
1083 4709 1200 4764 tldei
1234 4713 1512 4769 veritatem
1528 4693 1738 4785 prOprie

121 4854 124 4858 ι
170 4785 367 4870 referri
410 4799 620 4856 potest,
669 4789 948 4862 figuratum
999 4813 1121 4876 esse
1169 4817 1482 4876 cognoscas.
1533 4809 1735 4864 Moram

170 4866 461 4943 honestas,
492 4880 557 4934 ad
595 4881 918 4953 diligendum
965 4874 1131 4946 Deum
1173 4866 1579 4967 et—prOXirnum,
1616 4904 1736 4958 ﬁdei

172 4966 377 5020 veritas
405 4968 469 5020 ad
513 4975 942 5040 cognoscendum
974 4980 1136 5036 Deum
1167 4993 1218 5037 et
1247 4989 1541 5054 proximum
1569 4966 1742 5057 perti-

175 5063 276 5110 net
304 5071 318 5109 :
350 5069 472 5126 spes
513 5071 691 5117 autem
720 5079 816 5119 sua
857 5069 1047 5138 cuique
1075 5081 1157 5127 est
1181 5074 1231 5128 in
1263 5080 1586 5140 conscientia
1617 5099 1742 5152 pro-

168 5147 325 5213 pris,
354 5149 800 5216 quemadmodum
821 5170 880 5212 se
918 5160 1078 5215 sentit
1113 5164 1180 5217 ad
1208 5166 1543 5225 dilectionem
1568 5147 1662 5229 Dei
1689 5185 1743 5231 et

175 5238 407 5305 proximi
450 5244 912 5318 cognitionemque
943 5253 1220 5320 prolicere.
1253 5259 1328 5315 De
1347 5263 1535 5329 quibus
1565 5269 1743 5322 omni-

174 5330 278 5384 bus
293 5330 478 5425 primo
508 5334 644 5390 libro
671 5338 872 5396 dictum
901 5352 1002 5398 est.
1048 5339 1166 5404 Sed
1201 5354 1452 5418 quoniam
1502 5361 1742 5425 proclive

171 5427 264 5472 est
293 5418 579 5478 humanum
609 5440 775 5496 genus
806 5446 910 5485 non
941 5449 1004 5488 ex
1051 5443 1334 5496 momentis
1364 5418 1527 5510 ipsius
1558 5449 1740 5505 libidi-

176 5510 266 5567 nis
289 5554 302 5578 ,
332 5513 425 5568 sed
452 5517 624 5583 potius
653 5535 762 5576 sua
787 5518 1182 5585 consuetudinis
1211 5536 1475 5592 aestimare
1505 5553 1740 5607 peccata,

178 5603 240 5656 lit
269 5603 600 5677 plerumque,
629 5621 685 5666 ut
721 5617 948 5687 quisque
988 5620 1258 5687 hominum
1300 5643 1359 5682 ea
1388 5603 1586 5686 tantum
1633 5603 1748 5689 cul;

178 5695 349 5764 panda
375 5695 686 5772 arbitretur,
717 5719 835 5776 quae
857 5721 969 5762 suae
990 5712 1258 5782 religionis
1290 5727 1340 5774 et
1368 5723 1622 5790 temporis
1653 5726 1746 5781 bo-

1837 3212 1922 3256 tur
1954 3219 1967 3254 :
2003 3212 2052 3254 et
2088 3202 2174 3256 hic
2204 3205 2456 3272 praecedit
2502 3206 2734 3271 utilitas,
2781 3209 2905 3275 quia
2952 3224 3109 3264 nemo
3149 3221 3326 3279 potest
3353 3229 3416 3266 ex

1834 3306 1899 3346 eo
1921 3291 2062 3361 quod
2094 3308 2201 3346 non
2227 3293 2386 3346 habet
2410 3296 2664 3362 prodesse
2685 3299 2857 3352 alteri.
2874 3299 3082 3363 Quanto
3106 3312 3281 3355 autem
3309 3321 3416 3355 ma-

1833 3381 1915 3448 gis
1963 3395 2183 3448 regnum
2215 3382 2522 3448 cupiditatis
2563 3383 2896 3453 destruitur,
2951 3398 3095 3442 tanto
3143 3390 3418 3445 charitatis

1834 3479 2074 3537 augetur.
2092 3471 2356 3539 Quidquid
2383 3487 2510 3542 ergo
2529 3487 2775 3541 asperum
2807 3487 2857 3529 et
2881 3480 3030 3546 quasi
3049 3495 3247 3533 saevum
3274 3483 3416 3535 tacto

1835 3558 2086 3627 dictuque
2139 3561 2194 3615 in
2251 3565 2453 3617 sanctis
2505 3565 2796 3634 Scripturis
2841 3568 3026 3637 legitur
3077 3585 3141 3624 ex
3193 3587 3418 3638 persona

1836 3648 1928 3701 Dei
1959 3649 2043 3704 vel
2080 3660 2384 3717 sanctorum
2416 3654 2531 3722 ejus
2556 3694 2572 3720 ,
2604 3656 2672 3710 ad
2705 3658 3013 3727 cupiditatis
3046 3676 3264 3729 regnum
3295 3666 3420 3716 «ιρι-

1840 3740 2124 3795 truendum
2151 3742 2307 3796 valet.
2341 3744 2490 3811 Quod
2530 3747 2570 3799 si
2603 3750 2882 3817 perspicue
2913 3761 3086 3819 sonat,
3121 3769 3223 3806 non
3247 3766 3326 3808 cst
3354 3759 3419 3809 ad

1838 3828 1980 3883 aliud
2012 3829 2351 3885 referendum
2376 3835 2524 3900 quasi
2558 3837 2783 3904 lignrate
2811 3839 3007 3892 dictum
3034 3842 3122 3907 sit,
3157 3844 3312 3897 sicuti
3337 3856 3420 3896 est

1840 3916 1971 3970 illud
2013 3918 2294 3986 Apostoli:
2338 3922 2690 3977 Tliesaurizas
2734 3927 2828 3980 tibi
2869 3927 2999 3981 iram
3028 3931 3079 3982 in
3131 3931 3216 3985 die
3247 3933 3335 3986 ira:
3370 3945 3422 3988 ct

1841 4010 2185 4063 retelationis
2211 4009 2340 4079 justi
2383 4012 2566 4089 judicii
2601 4015 2730 4079 Dei,
2763 4018 2854 4084 qui
2899 4020 3086 4074 reddet
3135 4022 3423 4090 unicuique

1841 4097 2132 4152 secundum
2156 4113 2317 4168 opera
2348 4116 2439 4154 sua
2469 4087 2484 4152 :i
2508 4103 2589 4156 bis
2619 4105 2834 4172 quidem
2867 4109 2954 4174 (ιιιὶ
2985 4111 3277 4163 secundum
3302 4127 3424 4165 sus-

1844 4187 2118 4241 tinentiam
2152 4189 2274 4243 boni
2321 4192 2501 4257 operis
2521 4232 2536 4259 ,
2569 4195 2793 4263 gloriam
2823 4236 2837 4260 ,
2867 4206 2921 4249 et
2952 4198 3231 4264 honorem,
3259 4211 3312 4255 et
3344 4203 3424 4255 in-

1842 4281 2238 4347 corruptionem
2266 4293 2514 4349 qurerunt
2538 4325 2552 4348 ,
2584 4286 2749 4339 vitam
2780 4295 3034 4342 aeternam
3069 4307 3082 4343 :
3119 4291 3199 4345 his
3240 4307 3416 4348 autem

1842 4372 1930 4438 qui
1962 4385 2025 4424 ex
2051 4374 2394 4428 contentione
2423 4385 2567 4441 sunt,
2600 4384 2655 4429 et
2682 4377 2931 4433 dillidunt
2954 4383 3179 4446 veritati,
3201 4386 3424 4441 credunt

1844 4470 2022 4514 autem
2081 4461 2388 4532 iniquitati,
2445 4467 2541 4530 ira,
2573 4477 2625 4520 et
2674 4468 2986 4539 indignatio.
3036 4473 3331 4528 Tribulatio
3374 4491 3424 4532 et

1843 4555 2083 4622 angu~tia
2117 4556 2168 4610 in
2199 4573 2414 4612 omnem
2466 4561 2700 4614 animam
2736 4563 2963 4616 hominis
2996 4569 3271 4632 operantis
3308 4586 3422 4621 ina-

1842 4643 1950 4695 lum
1976 4685 1990 4707 ,
2026 4644 2194 4698 Judaei
2228 4645 2453 4711 primum
2483 4659 2534 4700 et
2564 4648 2752 4703 Grrec‘.
2785 4651 2888 4704 Sed
2927 4653 3027 4707 hoc
3060 4653 3126 4707 ad
3154 4669 3265 4719 eos,
3299 4673 3419 4710 cum

1842 4732 2036 4800 quibus
2067 4735 2324 4788 evertitur
2356 4736 2468 4804 ipsa
2501 4738 2763 4806 cupiditas
2799 4742 2887 4808 qui
2920 4757 3036 4795 eam
3088 4744 3302 4799 vincere
3331 4763 3421 4798 vo-

1844 4821 2073 4876 luerunt.
2118 4824 2248 4892 Cum
2282 4840 2454 4880 autem
2507 4829 2557 4880 in
2612 4829 2828 4882 homine
2876 4833 2961 4885 cui
3013 4834 3424 4891 dominabuntur

1843 4927 2004 4981 regna
2028 4915 2338 4983 cupiditatis
2352 4918 2756 4983 subvertuntur,
2782 4921 2870 4974 illa
2891 4932 2971 4974 est
2989 4935 3165 4990 aperta
3195 4925 3421 4980 locutio:

1846 5002 1943 5067 Qui
1976 5015 2154 5058 autem
2183 5005 2309 5061 Jesu
2353 5006 2552 5062 Christi
2597 5020 2742 5074 sunt,
2773 5026 2990 5066 carnem
3035 5013 3229 5085 [suam]
3257 5021 3425 5072 cruci-

1846 5091 2082 5148 lixerunt
2107 5111 2226 5149 cum
2268 5099 2604 5165 passionibus
2634 5099 2826 5171 [vitiis]
2854 5112 2907 5155 et
2945 5106 3426 5175 concupiscentiis;

1848 5183 1948 5239 nisi
1981 5188 2101 5254 quia
2131 5198 2187 5242 et
2219 5189 2302 5241 hic
2345 5191 2588 5258 quaedam
2635 5193 2795 5248 verba
2825 5194 3079 5250 translata
3109 5206 3425 5267 tractantur,

1848 5276 2009 5329 sicuti
2036 5286 2138 5340 est,
2195 5278 2272 5332 ira
2305 5279 2419 5344 Dei,
2473 5287 2546 5347 ει,
2593 5283 2972 5339 cruciﬂxerunt
3005 5302 3018 5337 :
3052 5287 3148 5342 sed
3180 5305 3285 5343 non
3319 5299 3425 5346 tam

1850 5365 2024 5418 multa
2046 5378 2189 5432 sunt,
2234 5369 2316 5424 vel
2347 5370 2416 5424 ita
2451 5374 2616 5440 posita
2649 5382 2705 5426 ut
2733 5374 2991 5445 ablegant
3020 5392 3238 5434 sensum
3267 5392 3318 5436 et
3344 5385 3421 5438 al-

1846 5453 2102 5523 l--goriam
2121 5459 2203 5513 vel
2232 5461 2455 5532 amigma
2488 5463 2698 5531 faciant,
2729 5480 2889 5535 quam
2913 5471 3127 5539 proprie
3150 5472 3425 5542 ﬁguratam

1851 5546 2174 5604 locutionem
2207 5567 2361 5608 voco.
2412 5545 2562 5620 Quod
2612 5566 2792 5611 autem
2836 5559 3121 5618 Hieremiae
3162 5556 3359 5619 dicitur
3407 5585 3423 5623 :

1851 5639 1990 5695 Ecce
2016 5643 2272 5699 constitui
2322 5653 2375 5699 te
2416 5647 2572 5702 hodie
2601 5663 2766 5718 super
2793 5662 2979 5720 gentes
3019 5664 3069 5708 et
3114 5670 3276 5725 regna
3308 5696 3324 5723 ,
3371 5670 3426 5714 ut

1853 5722 2077 5804 evellas;
2104 5745 2158 5791 et
2186 5735 2426 5792 destruas
2451 5776 2467 5803 ,
2516 5747 2569 5795 et
2596 5740 2877 5811 disperdas
2902 5786 2918 5811 ,
2941 5750 2996 5800 et
3027 5722 3288 5819 dissipes;
3311 5722 3426 5808 non
