3830 6228
535 300 639 356 963

1578 304 1640 356 D.
1685 302 2000 359 EUGYPPII
2041 302 2331 364 ABDATIS
2371 306 2689 366 AFRICANI
3641 323 3722 376 su

534 411 755 466 dubium
778 412 900 483 quin
953 413 1168 483 ﬁgurata
1199 412 1390 468 locutio
1421 420 1526 465 tota
1566 414 1635 466 sit
1673 414 1737 466 ad
1772 430 1894 468 eum
1929 415 2085 468 ﬁnem
2116 419 2168 477 Α
2192 418 2387 471 locutio
2412 428 2513 487 est,
2538 428 2629 473 ant
2655 419 2903 489 ﬂagitium
2930 430 3019 476 aut
3046 422 3245 479 l'acinus
3270 432 3477 493 vetata,
3499 441 3591 485 aut
3613 437 3728 489 uiti.

533 500 811 557 referenda
839 518 992 567 quem
1017 502 1261 556 diximus.
1296 501 1424 567 Quae
1444 509 1617 554 autem
1646 502 1794 568 quasi
1825 501 2083 571 ﬂagitiosa

534 588 793 657 impr-ritis
841 591 1117 652 videntur,
1146 602 1261 655 sjve
1307 596 1510 643 tantum
1555 589 1716 658 dicta,
1767 590 1879 645 sive
1926 591 2083 645 etiam

534 680 671 734 facta
702 691 838 743 sunt,
870 680 950 733 vel
980 695 1045 733 ex
1078 678 1171 734 Dei
1195 694 1440 749 persona,
1472 681 1551 733 vel
1573 695 1638 735 ex
1669 682 1937 734 hominum
1957 694 2087 749 quo-

534 786 647 823 rum
681 767 831 821 nobis
860 768 1116 823 sanctitas
1133 768 1556 833 commendatur,
1575 778 1683 823 tota
1703 768 1919 837 ﬁgurata
1941 777 2085 833 sunt,

529 872 750 925 quorum
766 856 830 909 ad
845 856 1122 911 charitatis
1143 866 1349 925 pastum
1372 858 1695 912 euucleanda
1713 864 1914 909 secreta
1938 864 2079 909 sunt.

527 947 775 1015 Quisquis
801 958 979 1001 autem
1007 947 1166 1001 rebus
1198 948 1633 1015 praetereuntibus
1663 946 1957 1001 restrictius
1982 946 2084 1000 uti-

525 1046 610 1088 tur
631 1050 788 1105 quam
810 1050 929 1091 sese
955 1035 1151 1091 habent
1172 1051 1347 1090 mores
1372 1050 1552 1089 eorum
1578 1049 1697 1088 cum
1725 1034 1916 1103 quibus
1933 1035 2078 1100 vivit,

522 1135 612 1179 aut
644 1136 948 1195 temperans
975 1136 1064 1182 aut
1107 1125 1509 1194 superstitiosus
1533 1133 1634 1179 est.
1684 1124 1933 1190 Quisquis
1956 1140 2083 1179 vero

521 1215 600 1267 sic
626 1215 704 1268 eis
727 1217 909 1279 utitur,
938 1223 993 1267 ut
1022 1226 1187 1269 metas
1218 1210 1613 1266 consuetudinis
1655 1211 1914 1265 bonorum
1948 1211 2083 1265 inter

519 1317 657 1370 quos
686 1314 962 1368 versatur,
995 1301 1237 1369 excedat,
1267 1310 1357 1354 aut
1399 1299 1598 1369 aliquid
1644 1298 1947 1368 signiﬁcat,
1991 1308 2081 1353 aut

522 1387 816 1457 ﬂagitiosus
856 1398 957 1444 est.
1010 1390 1064 1443 In
1092 1390 1337 1443 omnibus
1380 1391 1520 1443 enim
1567 1389 1755 1443 talibus
1798 1403 1901 1442 non
1954 1402 2081 1441 usus

521 1491 722 1544 rerum,
752 1477 844 1531 sed
877 1475 1039 1530 libido
1069 1474 1313 1547 [utentis]
1355 1479 1406 1530 in
1444 1477 1597 1544 culpa
1627 1486 1728 1532 est.
1760 1476 1939 1545 Neque
1974 1476 2081 1530 ullo

521 1566 679 1619 modo
704 1568 977 1633 quisquam
1009 1566 1220 1620 sobrius
1250 1566 1534 1619 crediderit
1565 1566 1769 1619 Domini
1815 1566 1976 1633 pedes
2010 1566 2077 1617 ita

518 1664 791 1723 unguento
829 1656 1063 1724 pretioso
1117 1670 1146 1708 a
1192 1656 1413 1709 muliere
1444 1654 1711 1723 perfusos,
1743 1664 1799 1708 ut
1844 1655 2079 1713 luxurio—

2188 513 2346 563 tatem
2370 518 2458 562 aut
2482 511 2874 566 beneﬁcentiam
2907 513 3127 582 jubens,
3169 533 3273 572 non
3300 529 3384 574 est
3413 521 3659 591 ﬁgurata;
3688 529 3725 582 si

2183 606 2356 648 autem
2380 597 2629 665 ﬂagitium
2658 611 2748 653 aut
2774 602 2973 656 facinus
3001 604 3209 660 videtur
3225 607 3436 676 jubere,
3466 620 3559 666 aut
3598 614 3725 666 utili-

2185 688 2346 739 tatem
2397 696 2452 739 et
2504 687 2900 745 beneﬁcentiam
2958 705 3156 759 vetare,
3220 700 3438 768 ﬁgurata
3482 714 3586 758 est.
3629 705 3725 759 Nisi

2187 774 2653 840 manducaveritis,
2680 779 2868 847 inqu‘it.
2891 795 3105 837 carnem
3130 785 3244 839 Filii
3269 789 3519 852 hominis,
3542 803 3597 848 et
3621 809 3725 847 sae-

2184 866 2394 931 guinem
2424 866 2682 934 biberitis,
2714 884 2819 923 non
2859 872 3120 926 habebitis
3165 877 3325 930 vitam
3353 880 3407 933 in
3435 884 3611 938 vobis.
3640 886 3723 939 Pa.

2188 952 2339 1025 ciuus
2365 955 2445 1007 vel
2495 953 2744 1023 ﬂagitium
2776 958 2982 1012 videtur
3004 962 3192 1025 jubere
3226 982 3240 1018 :
3283 966 3447 1034 ﬁgura
3486 986 3611 1041 ergo
3633 984 3717 1039 est,

2186 1041 2495 1109 przecipiens
2524 1046 2817 1111 passionem
2843 1046 3124 1120 [passioni]
3173 1052 3381 1107 Domini
3429 1070 3550 1113 esse
3591 1075 3716 1115 com-

2196 1120 2697 1197 municandumpet
2723 1138 2957 1190 suaviter
3002 1150 3163 1207 atque
3211 1142 3411 1197 utiliter
3456 1149 3721 1203 madea-

2185 1218 2311 1272 dum
2342 1220 2393 1274 in
2422 1225 2851 1296 memoria.qnod
2882 1242 2978 1295 pro
3008 1229 3159 1283 nobis
3188 1245 3314 1285 caro
3343 1232 3395 1285 ei
3420 1235 3655 1290 cruciﬂxa
3677 1250 3721 1293 et

2186 1312 2460 1365 vulnerata
2493 1315 2584 1367 sit.
2634 1317 2719 1368 Ait
2763 1316 3081 1385 Scriptura:
3132 1319 3188 1375 Si
3226 1308 3475 1377 esurierit
3501 1326 3719 1385 inimicus

2188 1406 2324 1463 tuus,
2356 1402 2470 1454 ciba
2501 1403 2678 1467 illum;
2709 1405 2753 1457 si
2784 1406 2912 1471 sitit,
2944 1415 3124 1473 potum
3164 1409 3229 1461 da
3275 1411 3348 1465 illi
3386 1430 3401 1465 :
3457 1414 3541 1468 hic
3588 1418 3713 1470 nullo

2184 1486 2456 1543 dubitante
2500 1490 2904 1546 beneﬁcentiam
2956 1498 3223 1565 praecipit;
3270 1500 3368 1555 sed
3397 1504 3532 1569 quod
3567 1508 3718 1573 serui-

2184 1582 2267 1629 tur
2298 1594 2309 1629 :
2342 1577 2451 1632 Hoc
2480 1580 2620 1633 enim
2651 1580 2867 1647 faciens,
2908 1587 3166 1639 carbones
3198 1589 3335 1656 ignis
3358 1605 3613 1661 congeres
3639 1611 3715 1652 su-

2184 1679 2276 1731 per
2301 1677 2459 1735 caput
2503 1670 2638 1736 ejus,
2687 1674 3069 1729 malevolentiae
3099 1678 3304 1734 facinus
3353 1694 3502 1752 putes
3531 1687 3707 1755 juberi.

517 1760 698 1799 sorum
745 1755 799 1799 et
828 1760 1052 1813 nequam
1098 1744 1371 1798 hominum
1421 1747 1631 1808 solent,
1687 1758 1912 1813 quorum
1958 1746 2080 1798 talia
2114 1756 2158 1814 Β
2185 1752 2260 1806 Ne
2294 1754 2451 1822 igitur
2474 1758 2791 1814 dubitaveris
2823 1762 3041 1830 ﬁgurate
3084 1766 3304 1835 dictum,
3339 1744 3393 1825 et
3430 1744 3553 1827 caui
3576 1780 3715 1843 possit

516 1833 756 1885 convivia
787 1832 1116 1887 detestamur
1148 1848 1161 1884 :
1192 1832 1325 1886 odor
1354 1831 1492 1885 enim
1541 1833 1713 1886 bonus
1744 1832 1882 1886 fama
1940 1833 2076 1888 bona

513 1930 614 1986 est,
666 1936 822 1991 quam
877 1922 1097 1989 quisque
1145 1921 1294 1975 bona:
1324 1921 1443 1974 vita:
1494 1922 1744 1988 Operibus
1793 1922 2075 1989 habuerit,

512 2013 637 2067 dum
666 2013 880 2079 vesigia
910 2012 1104 2066 Christi
1135 2012 1394 2081 sequitur,
1427 2012 1574 2080 quasi
1608 2012 1780 2079 pedes
1816 2012 1938 2081 ejus
1960 2028 2079 2081 pre-

518 2103 808 2155 tiosissima
838 2104 1001 2155 odore
1035 2101 1322 2167 perfundit.
1358 2101 1428 2154 Ita
1452 2101 1593 2170 quod
1617 2102 1667 2155 in
1698 2102 1816 2155 aliis
1837 2105 2075 2173 personis

514 2193 821 2258 plerumque
847 2190 1097 2257 ﬂagitium
1118 2198 1219 2251 est,
1238 2190 1287 2242 in
1315 2190 1489 2243 d'vina
1510 2192 1592 2245 vel
1619 2192 1924 2260 pr0phczica
1956 2209 2075 2262 per-

513 2292 677 2342 sona,
734 2293 934 2346 magna:
973 2277 1244 2345 cujusdam
1292 2278 1367 2331 rei
1411 2279 1617 2347 signum
1665 2288 1765 2334 est.
1822 2283 1936 2335 Alia
1991 2293 2077 2337 est

518 2365 712 2433 quippe
742 2366 791 2418 in
838 2365 1052 2434 perditis
1086 2367 1354 2431 moribus,
1388 2367 1487 2421 alia
1534 2371 1584 2421 in
1615 2370 1766 2422 Osca:
1798 2369 2073 2437 propheta:

513 2454 883 2509 vaticinatione
912 2455 1214 2522 conjunctio
1246 2457 1539 2511 meretricis
1570 2473 1584 2510 :
1618 2473 1715 2511 nec
1744 2459 1788 2511 si
1817 2459 2075 2528 ﬂagitiose

511 2543 560 2594 in
588 2544 846 2597 conviviis
895 2545 1305 2598 temulentorum
1338 2557 1393 2599 et
1439 2546 1757 2601 lasciviirum
1808 2548 2073 2603 nudantur

511 2644 749 2698 corpora,
783 2641 1064 2700 propterea
1108 2632 1159 2685 in
1192 2631 1379 2687 balneo
1424 2635 1619 2689 nudum
1648 2651 1766 2690 esse
1809 2637 2069 2706 ﬂagitium

512 2728 613 2773 ω’
1001 2790 1226 2847 CAPUT
1286 2790 1580 2849 CCLxxv.

510 2897 587 2952 De
612 2902 858 2976 sententia
888 2904 1137 2976 generalis
1156 2904 1407 2976 justitiw:
1443 2905 1590 2971 Quod
1619 2907 1706 2959 tibi
1733 2908 1845 2976 ﬁeri
1870 2926 1967 2963 non
1997 2909 2067 2963 vis

574 2969 665 3021 alii
689 2986 748 3024 ne
770 2969 1093 3040 feceiis,quar
1117 2969 1182 3024 ad
1206 2975 1415 3037 gemina:
1436 2969 1718 3035 dilectionis
1734 2969 1902 3030 relata
1925 2995 2067 3031 man-

572 3039 765 3105 datum,
796 3042 963 3092 omnia
985 3042 1185 3110 flagitia
1210 3044 1541 3112 facinoraque
1569 3046 1797 3113 depellit.

582 3148 847 3204 Varietate
901 3151 1361 3206 innumerabilium
1418 3155 1861 3210 consuetudinum
1914 3170 2062 3211 com-

513 3239 666 3299 moti,
691 3238 903 3304 quidam
935 3240 1297 3305 dormientes,
1331 3252 1384 3296 ut
1414 3245 1483 3298 ita
1512 3238 1678 3299 dicam
1703 3289 1717 3313 ,
1767 3248 1855 3314 qui
1896 3263 2065 3316 neque

512 3325 619 3377 alto
663 3338 851 3379 somno
880 3330 1117 3382 stultitiae
1163 3332 1525 3398 sopiebantur,
1559 3349 1655 3387 nec
1702 3336 1752 3388 in
1794 3338 2064 3403 sapientia:

514 3413 682 3468 lucem
742 3426 984 3483 poterant
1029 3420 1301 3487 evigilare,
1351 3430 1659 3489 putaverunt
1703 3426 1895 3478 nullam
1948 3442 2065 3482 esse

513 3502 763 3567 justitiam
796 3519 889 3571 per
916 3508 1166 3573 seipsant,
1191 3510 1280 3562 sed
1310 3512 1591 3579 unicuique
1621 3516 1761 3583 genti
1784 3528 2065 3571 consuetu-

508 3590 686 3643 dinem
735 3605 884 3643 suam
930 3592 1125 3659 justam
1179 3598 1369 3651 videri.
1417 3598 1566 3668 [Quae
1596 3616 1717 3655 cum
1746 3603 1813 3656 sit
1858 3606 2062 3659 diversa

504 3681 747 3734 omnibus
778 3683 1041 3749 gentibus,
1074 3686 1261 3739 debeat
1290 3702 1461 3742 autent
1492 3693 1931 3749 incommutabilis
1956 3713 2063 3750 ma-

500 3770 849 3838 nerejnstitia
877 3816 889 3833 ,
929 3774 1037 3825 ﬁert
1073 3776 1267 3830 mauile
1304 3787 1414 3830 tum
1468 3782 1663 3835 nullam
1692 3799 1912 3851 usquam
1946 3802 2063 3842 esse

499 3855 803 3928 iustitiam].
842 3860 953 3911 Non
1005 3864 1401 3932 intellexerunt,
1438 3885 1503 3923 ne
1544 3872 1706 3923 multa
1738 3874 2061 3929 c‘ommcmo-

498 3959 632 4007 rem,
676 3948 813 4013 quod
858 3948 944 4001 tibi
972 3950 1080 4003 ﬁeri
1116 3967 1215 4004 non
1243 3956 1317 4005 vis
1346 3999 1359 4021 ,
1412 3957 1500 4009 alii
1548 3974 1612 4012 ne
1661 3960 1874 4023 feceris,
1920 3966 2062 4019 nullo

502 4034 659 4084 modo
710 4049 866 4107 po~se
898 4037 1001 4089 ulla
1040 4054 1223 4093 eorum
1257 4042 1451 4097 Getttili
1502 4047 1805 4104 diversitate
1844 4054 2057 4109 variari.

494 4120 625 4182 Quae
658 4126 919 4176 sententia
952 4142 1067 4178 cum
1093 4118 1319 4182 refertur
1339 4133 1403 4185 ad
1435 4134 1771 4192 dilectionem
1806 4140 1919 4205 Dei,
1949 4159 2061 4196 omo

498 4206 584 4259 nia
614 4208 806 4276 ﬂagitia
839 4216 1167 4279 moriuntur;
1196 4232 1314 4270 cum
1356 4222 1418 4273 ad
1463 4227 1709 4288 proximi,
1750 4229 1853 4299 54
1884 4234 2057 4287 omnia

498 4298 752 4353 (minora.
810 4302 975 4356 Nemo
1023 4307 1162 4358 enim
1214 4309 1329 4361 vult
1377 4316 1646 4381 corrumpi
1699 4298 2056 4376 habitaculum

2180 1842 2465 1911 dupliciter
2487 1846 2839 1915 interpretari,
2889 1866 2995 1904 uno
3034 1855 3193 1908 modo
3221 1856 3286 1909 ad
3318 1842 3628 1930 nocendum,
3651 1865 3713 1918 al-

2181 1940 2297 1985 tero
2324 1934 2387 1985 ad
2421 1937 2792 2001 praemodum,
2829 1938 2892 1991 ad
2919 1942 3322 2006 beneﬁcentiam
3350 1955 3401 2001 te
3418 1951 3585 2017 potius
3610 1954 3712 2005 cha-

2186 2021 2313 2074 ritas
2368 2034 2617 2089 revocet,
2675 2034 2731 2079 ut
2802 2029 3060 2098 intelligas
3107 2034 3368 2091 carbones
3424 2038 3557 2108 ignis
3605 2057 3706 2098 esse

2178 2120 2395 2164 urentes
2444 2114 2763 2180 paenitentiae
2792 2118 3040 2185 gemitus,
3082 2123 3274 2189 quibus
3303 2130 3544 2195 superbia
3571 2145 3705 2185 sana-

2177 2205 2261 2252 tur
2288 2202 2403 2265 ejus
2430 2202 2517 2269 qni
2548 2204 2690 2258 dolet
2715 2221 2773 2259 se
2816 2208 3082 2263 inimicum
3115 2210 3276 2269 fuisse
3318 2215 3546 2273 hominis
3571 2234 3597 2272 a
3622 2236 3708 2289 quo

2175 2288 2289 2353 ejus
2321 2290 2551 2343 miserim
2604 2296 2928 2349 subvenitur.
2966 2297 3093 2352 Item
3139 2314 3259 2356 cum
3308 2304 3385 2358 ait
3434 2288 3705 2361 Dominus:

2174 2374 2273 2438 Qui
2299 2386 2439 2428 amat
2465 2378 2692 2433 animam
2722 2394 2892 2447 suam,
2926 2386 3105 2451 perdet
3134 2403 3287 2452 eam;
3322 2405 3429 2445 non
3452 2395 3703 2449 utilitatem

2176 2460 2371 2519 vetare
2395 2470 2656 2533 putandus
2678 2481 2782 2533 est,
2816 2486 2915 2539 qua
2946 2473 3108 2527 debet
3151 2476 3375 2546 quisque
3420 2495 3703 2535 conservare

2172 2553 2400 2607 animam
2430 2571 2598 2621 suam,
2628 2560 2718 2613 sed
2752 2561 2971 2629 ﬁgurate
3012 2564 3233 2631 dictum,
3266 2570 3449 2635 perdet
3476 2572 3702 2635 animali,

2172 2638 2223 2693 id
2266 2652 2346 2696 est
2379 2646 2603 2711 perimat
2654 2656 2811 2717 atque
2855 2652 3061 2703 amittat
3091 2669 3244 2708 usum
3272 2656 3386 2724 ejus
3413 2673 3565 2726 quem
3590 2675 3701 2714 nunc

2172 2730 2353 2795 habet,
2406 2750 2707 2803 perversum
2748 2739 2949 2794 scilicet
3000 2752 3156 2810 atque
3196 2760 3591 2814 prrposmrum,
3617 2764 3699 2816 quo

2172 2822 2455 2878 inclinatur
2528 2831 2929 2895 temporalibus,
2987 2842 3039 2885 ut
3097 2844 3294 2890 aeterna
3353 2853 3457 2891 non
3508 2851 3697 2908 quaerit.

2169 2912 2435 2980 Scriptum
2467 2927 2547 2969 est
2583 2935 2593 2967 :
2627 2919 2694 2970 Da
2742 2922 3096 2989 misericordi,
3141 2933 3195 2978 et
3226 2941 3293 2997 ne
3320 2929 3574 2996 suscipias
3599 2942 3698 2995 pec-

2170 3012 2401 3059 catorem
2428 3021 2441 3069 ;
2468 3011 2729 3073 poeterior
2758 3026 2875 3078 pars
2910 3012 3064 3080 hujus
3092 3019 3376 3071 sententia:
3401 3020 3600 3073 videtur
3624 3034 3696 3073 re-

2092 3098 2136 3159 c
2170 3102 2281 3146 tare
2316 3094 2755 3161 beneﬁcentiam;
2789 3101 2859 3153 ait
2901 3103 3041 3154 enim
3076 3121 3088 3155 :
3140 3105 3215 3159 Ne
3257 3109 3515 3174 ευδςίενίεις
3543 3126 3697 3181 pecta-

2170 3190 2370 3247 torem;
2416 3184 2682 3253 intelligas
2722 3202 2847 3256 ergo
2890 3204 3219 3257 peccator-em
3253 3196 3475 3264 ﬁgurate
3499 3204 3692 3269 positum

2169 3287 2264 3340 pro
2287 3285 2528 3341 peccato,
2564 3286 2617 3328 ut
2642 3288 2909 3343 pccratum
2941 3282 3055 3348 ejus
3083 3298 3185 3336 non
3215 3287 3497 3355 suscipias.

2641 3384 2862 3438 CAPUT
2900 3386 3252 3446 CCLXXVH.

2172 3467 2323 3532 Quod
2352 3470 2479 3563 scire
2506 3473 2790 3549 .debmmus
2823 3476 3344 3563 inrobserrationibus
3389 3485 3693 3563 intelligantu-

2238 3552 2350 3615 rum
2401 3539 2778 3617 Scriptum-arum
2832 3547 2933 3599 alia
2988 3550 3318 3603 communiter
3361 3539 3577 3620 praeripi,
3610 3559 3693 3608 alia

2234 3606 2449 3684 singulis
2474 3606 2750 3684 quibusque
2786 3616 3045 3681 generibus
3090 3606 3442 3684 personarum,
3473 3606 3527 3674 ui
3550 3606 3685 3677 ἐςιὶιέ

2235 3674 2325 3726 lud
2350 3690 2367 3726 :
2412 3676 2571 3727 Trade
2599 3674 2853 3743 /iliam,"ct
2884 3674 3101 3749 similia,1
3131 3702 3192 3739 ex
3213 3692 3387 3742 eodem
3414 3674 3558 3746 libro.

2238 3763 2389 3831 Szepe
2424 3778 2595 3819 autem
2630 3773 2814 3823 accidit
2840 3784 2897 3826 ut
2938 3775 3177 3844 quisquis
3221 3778 3275 3832 in
3318 3782 3531 3835 meliore
3558 3784 3692 3851 gradu

2164 3852 2421 3918 spiritalis
2442 3856 2559 3909 \‘iltB
2584 3861 2662 3911 vel
2698 3870 2798 3925 est,
2819 3862 2899 3915 vel
2919 3878 3033 3917 esse
3061 3880 3120 3919 se
3148 3876 3317 3933 putat,
3342 3870 3554 3940 ﬁgurate
3578 3874 3691 3925 dicta

2164 3953 2281 3992 esse
2296 3941 2578 3996 arbitretur
2592 3962 2707 4014 qua:
2722 3949 3052 4006 inferioribus
3067 3956 3317 4021 gradibus
3332 3962 3690 4029 praecipiuntur.

2164 4030 2398 4092 ut,verbi
2423 4036 2611 4100 gratia,
2644 4036 2685 4089 si
2720 4026 2951 4095 caelibem
2976 4044 3255 4110 amplexus
3278 4059 3362 4101 est
3388 4026 3560 4111 vitam,
3588 4060 3691 4105 ctsa

2163 4122 2410 4173 castravit
2440 4137 2651 4191 propier
2678 4143 2894 4196 regnum
2922 4132 3464 4205 ccelorum,quidquid
3480 4140 3541 4193 de
3556 4154 3689 4193 uxore

2162 4210 2420 4277 diligenda
2470 4224 2523 4266 et
2577 4219 2803 4283 regenda
2838 4224 3005 4275 sancti
3050 4223 3169 4278 libri
3226 4230 3552 4297 praecipiunt,
3605 4244 3687 4282 nou

2165 4302 2413 4367 proprie,
2486 4306 2578 4359 δέκα
2655 4311 2904 4365 translate
2966 4314 3130 4382 accipi
3193 4329 3440 4383 Oportere
3505 4331 3686 4373 contes-

497 4399 649 4439 suum
676 4429 691 4453 ,
741 4406 842 4443 non
908 4408 1033 4461 ergo
1087 4394 1243 4450 debet
1299 4413 1643 4469 corrumpere
1700 4406 2055 4464 habitaculum
2090 4417 2137 4475 Ι)
2162 4386 2250 4440 (1⁵η
2285 4405 2298 4440 ³
2332 4400 2381 4443 εί
2416 4396 2660 4462 ‘1‘”5‘1“is
2693 4400 2872 4453 διειυὶι
2900 4416 3115 4457 servare
3153 4406 3423 4473 innuptam
3468 4409 3685 4477 virginea

502 4476 615 4539 Dei,
636 4480 865 4545 seipsum
913 4485 1142 4549 scilicet;
1176 4496 1231 4540 et
1260 4503 1414 4541 nemo
1446 4493 1561 4546 Vult
1590 4495 1691 4548 sibi
1722 4511 1749 4549 a
1792 4513 2054 4565 quoquam

499 4568 677 4618 noceri
698 4608 713 4628 ,
746 4585 841 4623 nec
872 4572 981 4636 ipse
1009 4574 1166 4642 igitur
1195 4577 1442 4644 cuiquam
1470 4584 1741 4636 nocuerit:
1768 4586 1842 4639 sic
1872 4603 2056 4645 eversa

500 4655 779 4720 tyrannide
810 4660 1130 4725 cupiditatis,
1160 4666 1393 4719 Charitas
1416 4680 1619 4735 regnat,
1646 4673 1955 4738 justissimis
1984 4678 2059 4732 le-

496 4745 651 4812 gilius
672 4744 970 4799 dilectionis
994 4749 1083 4804 Dei
1113 4792 1127 4815 ,
1162 4764 1377 4820 prepter
1410 4757 1593 4824 Deum,
1624 4762 1706 4815 sui
1730 4772 1781 4816 et
1809 4768 2053 4833 proximi,

498 4842 715 4900 propter
744 4833 931 4887 Deum.

990 4905 1209 4962 CAPUT
1248 4910 1475 4968 CCLXX
1492 4916 1571 4970 Vl.

498 5009 625 5065 Item
667 5013 727 5064 de
751 5012 987 5093 ﬁguratis
1020 5017 1348 5093 locationibus
1393 5042 1495 5078 non
1538 5028 1825 5093 intellectis,
1871 5035 2048 5086 tandiu

564 5083 843 5169 tu'rsnttdis;
891 5086 1120 5150 quandiu
1151 5088 1215 5137 ad
1254 5105 1459 5158 regnum
1502 5096 1759 5152 cltaritatis
1798 5083 2054 5169 ίήιετρῖοέζ

568 5150 691 5201 talio
720 5152 1046 5216 perducatur.

570 5261 880 5317 Scrvabitur
930 5280 1055 5333 ergo
1087 5268 1137 5322 in
1189 5271 1545 5331 locutionibus
1593 5279 1826 5347 ﬁguratis
1872 5286 2053 5354 regula

492 5351 822 5418 .hujusmodi,
854 5362 911 5408 ut
938 5358 1119 5412 tandiu
1168 5371 1413 5418 versetur
1463 5364 1701 5434 diligenti
1745 5351 2054 5429 considera-

494 5440 640 5494 tione
668 5442 806 5508 quod
838 5442 1049 5511 legitur,
1090 5448 1260 5505 donec
1288 5450 1354 5506 ad
1403 5468 1624 5522 regnum
1653 5457 1926 5516 charitatis
1975 5444 2052 5519 in-

497 5531 805 5597 terpretatio
851 5533 1165 5600 perducatur
1194 5557 1207 5591 :
1232 5540 1277 5594 si
1318 5552 1495 5597 autem
1545 5545 1644 5599 hoc
1686 5546 1793 5614 jam
1840 5556 2052 5621 proprie

497 5626 671 5686 sonat,
710 5622 849 5677 nulla
891 5634 1102 5694 putetur
1131 5630 1347 5700 ﬁgurata
1379 5632 1595 5690 locutio.
1626 5635 1687 5692 Si
1732 5643 2047 5710 praceptiva

2164 4494 2595 4552 suam,tanquaiu
2628 4489 2898 4557 ﬁguratam
2929 4495 3265 4559 locutionem,
3291 4501 3591 4569 sententiam
3617 4515 3684 4552 co-

2165 4580 2316 4623 netur
2340 4574 2670 4643 interpretari
2699 4596 2797 4647 qua
2838 4583 3035 4636 dictum
3078 4596 3161 4638 est
3192 4602 3205 4639 ε
3244 4586 3416 4641 Trade
3450 4590 3617 4663 ﬁliam,
3645 4598 3684 4640 et

2161 4659 2358 4723 grande
2382 4676 2511 4728 opus
2538 4666 2839 4729 perfeceris.
2874 4669 2979 4721 Erit
3008 4670 3167 4738 igitur
3199 4672 3359 4727 etiam
3398 4659 3579 4729 boc‘iu
3603 4676 3681 4729 ob-

2165 4750 2550 4803 servationibm
2578 4754 3028 4823 intelligi-oderam
3057 4760 3472 4829 Scripturarum,
3495 4774 3546 4817 ut
3572 4766 3683 4817 scia-

2158 4851 2280 4889 mus
2308 4838 2407 4891 alia
2439 4843 2680 4895 omnibus
2706 4848 3054 4901 communiter
3082 4853 3318 4918 praecipi,
3352 4856 3452 4907 alia
3493 4854 3681 4923 singulis

2162 4928 2455 4997 quibusque
2481 4936 2759 5001 generibus
2793 4952 3165 5006 perSnnarum:
3210 4955 3267 4999 ut
3309 4962 3411 4999 non
3450 4947 3603 5001 solata
3626 4946 3679 4997 ad

2162 5018 2467 5073 univexsum
2524 5035 2714 5079 statum
2750 5028 3088 5095 valetudinis,
3138 5033 3233 5089 sed
3266 5037 3423 5089 etiam
3458 5039 3519 5091 ad
3559 5050 3677 5089 suam

2162 5106 2417 5176 cujusque
2470 5116 2685 5168 membri
2737 5120 2999 5186 propriam
3043 5123 3407 5181 inﬁrmitatem
3456 5127 3675 5183 medicin

2163 5199 2447 5263 perveniat.
2484 5201 2535 5254 ln
2578 5218 2673 5256 suo
2700 5208 2893 5277 quippe
2920 5226 3111 5278 genere
3139 5218 3429 5271 curandum
3459 5227 3535 5272 at
3561 5216 3671 5287 quod

2173 5286 2236 5339 ad
2269 5288 2455 5342 melius
2482 5305 2643 5359 genus
2668 5310 2771 5347 non
2797 5309 2969 5362 potest
2997 5301 3150 5370 erigi.

2621 5382 2842 5438 CAPUT
2882 5387 3101 5441 CCLXX
3114 5390 3243 5445 Vill.

2159 5462 2307 5527 Quod
2332 5482 2432 5517 una
2457 5470 2721 5542 eademque
2771 5490 2848 5526 res
2870 5492 2958 5542 per
2979 5477 3362 5531 similitudinem
3385 5490 3430 5532 et
3451 5481 3499 5533 ia
3525 5480 3667 5533 ιω-

2228 5545 2414 5596 partem
2437 5541 2589 5605 possit
2618 5542 2778 5607 accipi
2805 5552 2851 5594 et
2876 5545 2928 5595 in
2958 5549 3173 5609 malum;
3201 5564 3266 5601 ea:
3297 5549 3422 5602 libra
3448 5552 3614 5603 eodem

2227 5648 2329 5705 Sed
2358 5652 2607 5719 quoniam
2650 5653 2841 5727 multis
2864 5657 3034 5715 modis
3064 5672 3154 5714 res
3182 5659 3386 5718 similes
3420 5666 3656 5731 apparat.
