3904 6224
121 281 212 337 965
865 347 871 354 ι
1226 268 1652 328 τιιηδεκυηιξε.

1772 268 1844 324 ιΡ.
1886 269 2179 326 CCLXXX.

3208 273 3314 328 9"6

121 406 213 447 non
234 398 466 460 putemus
504 401 621 442 esse
664 360 1024 455 praescriptum
1072 390 1149 448 ttt,
1200 385 1339 452 quod
1371 384 1423 437 in
1472 383 1649 449 aliquo
1679 379 1725 438 Α
1751 379 1907 433 etiam
1934 382 2093 459 lorica
2119 382 2260 435 dicta
2292 379 2360 435 sit
2400 380 2518 436 ﬁdei
2563 399 2575 433 :
2609 380 2802 448 lndutl,
2848 381 3038 452 inquit,
3095 383 3315 438 loricam

122 473 320 537 loco'res
347 480 519 549 aliqua
549 493 641 545 per
664 477 1058 531 similitudinem
1100 476 1502 544 signiﬁcaverit,
1550 474 1653 525 hoc

118 585 221 625 eam
246 582 451 635 semper
474 566 768 637 signiﬁcare
790 567 1066 619 credamus
1098 581 1112 619 :
1146 579 1264 617 nam
1284 576 1334 620 et
1370 565 1419 616 itt
1448 565 1652 630 vitupe-

118 659 302 714 ratione
352 655 523 722 posuit
574 656 892 709 fermentum
926 654 1200 718 Dominus,
1232 669 1350 708 cum
1406 654 1648 707 diceret:

116 747 291 799 Cavete
324 760 351 796 a
395 745 655 799 fermento
700 743 1121 807 Pltarismorum;
1151 752 1207 797 et
1252 745 1301 796 in
1343 744 1495 795 laude
1533 756 1651 793 cum

116 835 295 889 dice'et
328 852 343 887 :
372 834 555 888 Simile
604 845 684 889 est
728 850 943 902 regnum
990 835 1247 889 caelorum
1279 833 1493 887 mulieri
1537 845 1654 899 qua:

116 924 371 977 abscondit
399 924 714 979 fermentum
742 926 794 979 in
825 926 995 979 tribus
1018 924 1279 978 mensuris
1315 923 1519 986 l‘arina',
1556 921 1652 972 do-

117 1028 202 1067 nec
222 1024 381 1067 totum
412 1014 835 1071 l'ermentaretnr.
872 1016 1036 1084 llnjns
1069 1016 1226 1083 igitur
1255 1012 1529 1067 varietatis
1560 1011 1653 1065 ob-

116 1105 327 1158 servatio
369 1106 500 1159 duas
548 1106 706 1160 habet
754 1106 991 1158 formas:
1032 1105 1108 1159 sic
1145 1104 1287 1159 enim
1319 1104 1458 1157 aliud
1499 1112 1657 1168 atque

114 1193 241 1246 aliud
270 1209 357 1250 res
381 1210 604 1264 quaeque
633 1196 954 1264 signiﬁcant,
990 1205 1045 1248 ut
1094 1204 1186 1247 aut
1236 1192 1522 1255 contraria,
1569 1201 1657 1244 aut

118 1283 463 1337 tantummodo
492 1285 701 1337 diversa
740 1284 1038 1353 significent
1069 1302 1083 1336 :
1118 1284 1382 1338 contraria
1430 1283 1657 1344 scilicet,

115 1385 221 1424 cum
244 1373 374 1425 alias
407 1375 458 1425 in
490 1372 647 1433 bono.
680 1375 809 1427 alias
852 1377 903 1427 in
935 1375 1074 1427 malo
1104 1389 1189 1429 res
1218 1376 1405 1427 eadem
1454 1389 1544 1440 per
1589 1373 1661 1425 si-

119 1461 454 1517 militudinem
486 1465 720 1532 ponitur,
752 1467 881 1518 sicut
914 1466 1012 1519 bsic
1038 1475 1121 1519 est
1149 1466 1289 1534 quod
1312 1466 1377 1519 de
1399 1465 1660 1520 fermento

117 1566 260 1619 supra
286 1554 535 1609 diximus.
566 1556 692 1609 Tale
744 1567 824 1611 e<t
869 1559 1027 1611 etiam
1070 1559 1210 1627 quod
1265 1559 1346 1612 leo
1400 1559 1662 1627 signiﬁcat

116 1641 368 1697 Christum
422 1647 509 1699 tibi
556 1647 743 1699 dicitur
775 1664 788 1699 :
822 1646 956 1699 Vicit
1004 1647 1087 1700 leo
1126 1646 1191 1700 de
1223 1647 1360 1700 tribu
1391 1646 1554 1711 .lttda;
1588 1647 1661 1699 si-

1753 468 1873 523 ﬁdei
1889 479 1941 523 et
1961 470 2249 525 charitatis.
2277 470 2499 537 Quando
2528 482 2701 525 autem
2720 486 2783 525 ex
2810 472 3009 525 eisdem
3029 472 3315 540 Scriptura:

1754 562 1950 623 verbis,
1981 577 2083 614 non
2117 562 2220 633 55
2248 576 2407 615 unum
2424 561 2640 629 aliquid.
2668 562 2759 615 sed
2794 562 2897 614 duo
2916 562 3001 614 vel
3028 563 3176 630 plura
3190 574 3313 640 sen-

1756 653 1978 716 tiuntur,
2013 650 2168 704 etiam
2197 652 2240 705 si
2277 652 2404 705 latet
2426 649 2551 718 quid
2582 653 2811 704 senserit
2843 652 2932 705 ille
2952 652 3039 719 qui
3085 651 3319 717 scripsit,

1754 743 1883 797 nihil
1908 742 2307 811 periclitandum
2325 751 2428 807 est,
2457 743 2499 795 si
2517 741 2789 817 quodlibet
2821 756 3001 795 eorum
3020 757 3318 811 congruere

1756 832 1963 885 veritati
1994 846 2058 885 ex
2088 830 2208 907 aliis
2227 831 2357 884 locis
2384 840 2686 884 sanctarum
2712 832 3106 899 Seripturarum
3136 831 3321 885 doceri

1756 932 1946 992 potest.
1968 922 2019 975 ld
2037 932 2210 976 tamen
2236 936 2300 975 eo
2325 932 2550 975 conante
2578 922 2668 991 qtti
2700 923 2881 976 divina
2910 932 3175 976 scrutatur
3206 925 3326 975 elo-
3358 938 3361 941 δ

1756 1013 1901 1081 quia,
1919 1021 1975 1065 ut
1996 1012 2059 1065 ad
2084 1013 2404 1065 voluntatem
2432 1014 2772 1079 perveniatur
2793 1012 3027 1066 auctoris
3051 1028 3143 1078 per
3159 1028 3314 1080 quem

1757 1104 2083 1173 Scripturam
2116 1104 2254 1156 illam
2285 1113 2501 1156 sanctus
2530 1113 2777 1170 Operatus
2804 1113 2887 1158 est
2916 1103 3176 1172 Spiritus:
3207 1105 3325 1158 sive

1760 1194 1860 1248 boc
1887 1202 2218 1261 asseqnatur,
2251 1194 2362 1247 sive
2380 1180 2546 1246 aliam
2578 1195 2894 1261 sententiam
2917 1193 2985 1249 de
3014 1195 3118 1249 illis
3143 1195 3323 1254 verbis

1757 1299 1875 1352 quin
1916 1260 2035 1338 ﬁdei
2060 1294 2204 1337 recte
2226 1298 2330 1335 non
2346 1260 2662 1351 refragatur,
2679 1283 2943 1351 cxculpat,
2962 1285 3321 1337 testimonium

1761 1375 1958 1429 habens
1986 1389 2015 1428 a
2039 1389 2353 1442 quocunque
2372 1357 2621 1428 alio'loco
2648 1374 2941 1430 divinorum
2964 1376 3316 1445 eloquiorum.

1763 1464 1856 1518 llle
1900 1464 2093 1532 quippe
2136 1474 2343 1526 auctor.
2393 1465 2455 1531 iit,
2497 1463 2698 1518 eisdem
2743 1466 2921 1529 verbis
2967 1482 3084 1534 qua:
3134 1465 3333 1519 intelli-

1761 1568 1885 1622 gere
1911 1554 2178 1617 volumus,
2211 1561 2265 1607 et
2289 1554 2453 1621 ipsam
2500 1554 2813 1606 sententiam
2842 1553 3062 1608 forsitan
3093 1555 3247 1620 vidit,
3278 1564 3332 1609 et

1762 1651 1906 1696 certe
1938 1643 2028 1696 Dei
2053 1643 2302 1711 Spiritus,
2344 1639 2431 1711 qui
2466 1658 2559 1711 per
2585 1658 2706 1697 eum
2722 1653 2966 1712 operatus
2981 1649 3327 1710 eSt,etetiam

118 1734 311 1801 gniﬁcat
338 1736 626 1799 diabolum,
656 1740 742 1791 ubi
765 1740 1015 1805 scriptum
1043 1746 1125 1792 est
1154 1756 1165 1791 :
1192 1739 1539 1793 Adverstrius
1567 1754 1657 1792 ve-
1690 1711 1733 1768 Β
1762 1732 1925 1800 ipsam
1941 1747 2277 1786 occursuram
2303 1733 2487 1787 lecturi
2506 1734 2586 1787 vel
2606 1711 2831 1788 auditori
2857 1741 2971 1789 sine
2992 1736 3327 1790 dubitatione

117 1834 214 1878 sier
238 1825 498 1889 diabolus,
534 1836 776 1894 tanquam
812 1829 893 1880 leo
919 1828 1136 1896 rugiens
1168 1828 1377 1893 circuit,
1413 1842 1658 1896 quaerens

116 1930 257 1978 quem
286 1915 522 1970 devoret.
556 1918 629 1969 ita
652 1931 871 1985 serpens
895 1918 945 1970 in
975 1918 1113 1970 bono
1143 1926 1225 1971 est
1256 1935 1272 1971 :
1308 1902 1487 1971 Estote
1502 1906 1675 1972 astuti.

117 2014 167 2057 ut
192 2018 489 2073 serpentes;
531 2010 582 2060 in
610 2008 747 2061 malo
786 2018 999 2062 autem:
1034 2009 1269 2076 Serpens
1313 2010 1473 2063 Evam
1502 2011 1659 2063 sedu-

117 2095 184 2147 xit
208 2097 256 2148 in
283 2100 479 2150 astutia
511 2112 624 2150 sua.
661 2100 711 2151 In
746 2100 882 2169 bopo
908 2101 1056 2168 panis
1090 2116 1104 2153 :
1131 2101 1240 2169 Ego
1268 2115 1383 2153 sum
1416 2104 1565 2169 panis
1589 2102 1662 2154 vi-

117 2198 220 2247 vus,
255 2187 341 2253 qui
372 2188 438 2240 de
466 2188 602 2241 coelo
631 2188 909 2253 descendi;
944 2188 995 2241 in
1048 2189 1187 2243 malo
1214 2188 1435 2260 [autem]
1470 2193 1619 2256 panis
1648 2208 1662 2245 :

122 2275 274 2329 Panes
319 2278 556 2330 occultos
602 2279 829 2333 libenter
874 2280 1037 2334 edite.
1074 2281 1161 2335 Sic
1185 2290 1238 2333 et
1270 2282 1372 2333 alia
1418 2283 1665 2349 plurima,

118 2378 158 2418 et
187 2366 291 2420 hmo
321 2370 533 2436 quidem
567 2386 682 2439 qua:
709 2372 1123 2425 commemoravi
1180 2373 1398 2427 minime
1453 2374 1665 2428 dubiant

120 2440 541 2522 signiﬁcationem
572 2470 779 2526 gerunt,
828 2462 944 2529 quia
983 2465 1207 2530 exempli
1239 2465 1404 2532 gratia
1440 2480 1675 2520 comme-

120 2547 291 2599 morari
316 2564 418 2603 non
442 2550 539 2602 nisi
569 2553 837 2605 manifesta
860 2555 1171 2607 debuerunt.
1200 2556 1330 2609 Sunt
1350 2563 1523 2610 autem
1553 2573 1669 2623 qttte

118 2635 354 2690 incertum
386 2640 454 2693 sit
484 2640 534 2691 in
559 2656 711 2708 quam
744 2635 941 2707 partem
989 2644 1155 2708 accipi
1202 2645 1450 2707 debeant,
1485 2648 1623 2700 sicut
1653 2665 1667 2699 :

118 2712 252 2778 cui:
285 2727 334 2779 in
370 2743 528 2781 manu
571 2730 771 2783 Domini
804 2731 905 2785 vini
954 2734 1084 2786 meri
1132 2733 1321 2800 plenus
1359 2744 1441 2789 est
1484 2737 1667 2790 mixto.

121 2812 363 2869 incertum
394 2826 475 2870 est
504 2819 640 2871 enim
668 2832 839 2873 utrum
873 2824 1002 2874 iram
1034 2823 1123 2875 Dei
1145 2823 1427 2890 signiﬁcet,
1455 2842 1560 2879 non
1576 2842 1669 2879 us-

121 2920 213 2973 que
240 2908 303 2960 ad
335 2911 672 2963 novissimam
724 2928 953 2978 ptenam,
976 2913 1038 2967 id
1068 2923 1148 2967 est
1195 2930 1359 2987 usque
1384 2918 1445 2968 ad
1480 2916 1669 2985 fecem,

118 3008 178 3047 an
203 3000 371 3063 potius
402 3001 622 3066 gratiam
674 3001 1064 3067 Scripturarum
1096 3018 1122 3055 a
1145 3003 1345 3058 Jttdteis
1391 3006 1454 3059 ad
1488 3018 1670 3073 gentes

123 3095 492 3153 transeuntem,
526 3092 644 3157 quia
681 3092 950 3145 inclinavit
981 3108 1043 3147 ex
1079 3094 1179 3148 hoe
1222 3096 1275 3149 in
1332 3098 1452 3165 hoc,
1497 3114 1671 3151 rema-

122 3179 350 3233 nentibns
378 3182 515 3247 apud
549 3182 757 3235 Judazos
785 3183 1243 3239 observationibus
1274 3203 1403 3255 quas
1444 3192 1670 3243 carnali»

120 3278 193 3323 ter
226 3274 454 3341 sapiunt,
491 3275 609 3341 quia
643 3274 726 3326 fex
762 3276 877 3341 ejus
906 3291 1007 3328 non
1032 3288 1112 3329 est
1133 3278 1426 3333 exinanita.

600 3382 819 3437 CAPUT
860 3370 1182 3441 ccaxxix.

123 3486 190 3541 De
211 3494 354 3541 rebus
382 3507 496 3553 qua
526 3509 622 3542 non
664 3493 714 3544 in
744 3496 1022 3560 contrario,
1052 3498 1139 3549 sed
1180 3507 1373 3549 tantum
1406 3500 1454 3551 in
1478 3500 1672 3553 diversa

246 3562 621 3629 signiﬁcatione
662 3574 948 3628 ponuntur,
981 3582 1042 3617 ex
1069 3568 1241 3619 eodem
1272 3570 1401 3621 libro
1452 3585 1527 3621 ttt.

184 3665 309 3727 Cum
342 3690 473 3728 vero
504 3690 587 3728 res
606 3674 787 3729 eadem
819 3693 919 3729 non
950 3678 1001 3731 in
1033 3682 1319 3745 contraria,
1358 3683 1446 3733 sed
1476 3693 1672 3737 tantum

123 3762 169 3815 in
198 3765 399 3819 diversa
438 3767 823 3833 signiﬁcatione
858 3771 1083 3833 ponitur.
1128 3770 1257 3823 illud
1290 3783 1367 3823 est
1413 3774 1460 3824 in
1493 3788 1675 3825 exem-

123 3854 254 3921 plum
278 3857 628 3924 quodaquam
657 3866 708 3909 et
733 3858 977 3924 populum
1002 3859 1280 3925 signiﬁcat,
1306 3861 1437 3914 sicut
1462 3861 1510 3913 in
1536 3863 1576 3914 A
1616 3878 1675 3912 o-

123 3946 308 4011 calypsi
339 3947 584 4014 legimus,
618 3959 667 3999 et
704 3947 957 4015 Spiritum
989 3961 1251 4014 sanctum,
1318 3952 1456 4006 unde
1486 3962 1567 4005 est
1613 3954 1676 4005 il-
1710 3938 1718 3945 ’

128 4033 206 4087 Iud
240 4054 254 4089 :
284 4036 521 4090 Flttmina
564 4053 709 4105 aqua:
752 4039 879 4090 viva:
918 4038 1081 4091 liuent
1112 4040 1177 4092 de
1209 4052 1393 4095 ventre
1432 4043 1544 4109 t-jtts
1578 4061 1588 4094 :
1622 4053 1678 4097 et

121 4129 162 4178 si
198 4129 315 4194 quid
344 4130 485 4190 aliud
527 4143 680 4197 atque
712 4131 851 4183 aliud
878 4147 979 4200 pro
1008 4132 1214 4185 locis'in
1246 4135 1434 4198 quibus
1466 4136 1677 4201 ponitur

125 4231 245 4283 aqua
273 4223 571 4290 signiﬁcare
599 4223 941 4291 intelligitur:
970 4226 1045 4278 sic
1075 4234 1127 4276 et
1160 4226 1275 4277 alite
1301 4242 1406 4291 res,
1436 4244 1536 4278 non
1568 4230 1677 4281 sin-

121 4308 268 4374 gultr,
299 4311 390 4362 sed
422 4326 753 4379 unaquchue
794 4327 997 4377 eurum,
1038 4329 1139 4366 non
1168 4314 1335 4367 solum
1369 4316 1473 4369 dno
1502 4319 1671 4386 aliqua

1763 1822 2024 1888 prmvidit,
2058 1822 2161 1873 imo
2185 1832 2237 1873 ut
2266 1831 2597 1885 occurreret,
2630 1823 2750 1890 quia
2778 1832 2831 1876 et
2860 1825 2966 1888 ipsa
2999 1834 3080 1878 est
3109 1826 3337 1879 veritate

1761 1910 2003 1973 subnixa,
2054 1912 2297 1978 providit.
2334 1910 2462 1964 Nam
2506 1912 2630 1979 quid
2662 1912 2712 1964 in
2742 1912 2933 1965 divinis
2975 1915 3200 1981 eloquiis
3230 1915 3337 1967 la:-

1761 2002 1876 2068 gitts
1904 2010 1956 2053 et
1996 2001 2206 2053 uberius
2237 2001 2404 2066 potuit
2440 2000 2692 2054 divinitus
2723 2002 3008 2067 provideri.
3060 2018 3217 2070 quam
3273 2011 3333 2058 ut

1763 2092 1945 2143 eadem
1972 2091 2128 2143 verba
2162 2087 2793 2157 pluribttsintelligantur
2816 2089 3009 2154 modis,
3050 2102 3184 2157 quos
3226 2092 3341 2145 alia-

1769 2195 1874 2231 non
1933 2180 2108 2232 minus
2157 2179 2336 2231 divina
2387 2179 2737 2231 contestantia
2788 2178 2980 2232 faciant
3023 2181 3341 2248 approbari?

1772 2268 1867 2322 Ubi
1892 2278 2067 2320 autem
2102 2267 2222 2320 talis
2263 2281 2451 2320 sensus
2473 2266 2675 2320 eruitur
2714 2267 2866 2333 cujus
2895 2269 3151 2320 incertum
3176 2273 3339 2322 certis

1766 2365 2067 2409 sanctarum
2097 2355 2486 2423 Scripturorum
2518 2354 2832 2407 testimoniis
2872 2372 2973 2407 non
3017 2358 3183 2420 possit
3211 2371 3338 2423 ape-

1770 2445 1886 2509 riri,
1932 2453 2095 2498 restat
2126 2457 2180 2497 ut
2232 2444 2438 2498 ratione
2479 2444 2679 2497 reddita
2713 2445 3041 2497 manifestius
3066 2455 3336 2517 appareat,

1769 2534 1975 2587 etiamsi
2004 2534 2091 2587 ille
2122 2534 2275 2603 cujus
2323 2534 2485 2587 verba
2541 2534 2841 2602 intelligere
2873 2538 3179 2602 quaerimus,
3217 2550 3340 2597 eum

1771 2623 1908 2678 forte
1939 2639 2039 2677 non
2064 2626 2248 2678 sensit.
2281 2625 2385 2679 Sed
2412 2626 2525 2679 hcc
2555 2626 2887 2678 consuetudo
2912 2628 3206 2694 periculosa
3226 2637 3339 2693 est;

1774 2731 1867 2782 per
1906 2715 2214 2783 Scripturas
2275 2717 2421 2770 enim
2466 2716 2674 2769 divinas
2706 2718 2872 2770 multo
2914 2719 3074 2771 totius
3103 2719 3369 2771 ambula-'

1774 2816 1878 2870 tur,
1910 2822 2037 2873 quas
2066 2806 2241 2858 verbis
2272 2807 2540 2862 translatis
2567 2816 2815 2873 Opacatas
2838 2821 2955 2858 cum
2996 2807 3218 2859 scrutari
3251 2822 3343 2858 vo-

1774 2898 1967 2955 lumus,
2001 2908 2091 2950 aut
2124 2899 2222 2949 ltoc
2252 2896 2374 2949 inde
2403 2904 2559 2948 exeat
2589 2896 2730 2961 quod
2775 2912 2876 2948 non
2910 2896 3099 2950 habeat
3125 2908 3341 2949 contro-

1776 2990 2024 3049 versiam,
2066 2996 2155 3038 aut
2182 2988 2224 3040 si
2265 2986 2444 3051 habet,
2484 3002 2546 3039 ex
2580 2988 2765 3041 eadem
2807 2988 3077 3054 Seriptura
3120 2989 3342 3040 ubicun-

1696 3046 1743 3108 C
1774 3080 2118 3150 queinventis
2146 3087 2301 3146 atque
2323 3077 2571 3131 adhibitis
2613 3078 2835 3150 testibus
2869 3079 3199 3131 terminetur.

2256 3166 2479 3220 CAPUT
2517 3146 2816 3220 cccxiix.

1776 3257 1849 3309 De
1896 3259 2059 3310 modis
2110 3259 2441 3318 loetttionum,
2496 3273 2710 3320 quorum
2753 3258 3088 3325 cognitionem
3116 3274 3343 3311 necessa-

1839 3330 1970 3379 rium
2008 3329 2129 3379 dicit
2158 3327 2552 3399 rScripturarttm
2592 3326 2972 3379 obscuritatibus
2994 3330 3343 3399 dissolvendis,

1839 3413 1903 3449 ea:
1924 3402 2098 3449 eadem
2130 3396 2277 3448 libro.

1844 3508 2025 3563 Sciant
2081 3520 2257 3560 autem
2298 3504 2541 3569 litterati,
2566 3506 2736 3559 modis
2768 3508 3009 3567 omnibus
3040 3508 3341 3573 locutionis,

1773 3614 1904 3668 quos
1931 3598 2257 3666 grammatici
2295 3596 2482 3650 Graeco
2514 3599 2727 3671 nomine
2756 3598 2985 3668 T‘LéTTOUC
3010 3608 3217 3658 vocant,
3251 3615 3343 3650 au-

1774 3700 1950 3743 ctores
2000 3700 2208 3741 nostros
2236 3702 2363 3740 usus
2396 3688 2553 3739 fuisse
2583 3687 2925 3753 multiplicius
2966 3698 3120 3753 atque
3158 3689 3341 3755 copio-

1777 3782 1885 3833 sius
1924 3794 2077 3846 quatn
2131 3786 2350 3845 possunt
2394 3778 2695 3829 existimare
2752 3778 2829 3828 vel
2866 3779 3079 3828 credere
3104 3778 3190 3844 qui
3219 3792 3342 3830 nes-

1776 3870 1924 3933 ciunt
1951 3883 2045 3921 eos
2075 3869 2199 3919 etin
2248 3868 2364 3919 aliis.
2386 3866 2479 3919 ista
2512 3866 2828 3919 didicerunt.
2864 3867 3004 3931 Quos
3029 3878 3197 3918 tamen
3234 3876 3342 3919 tro-

1779 3976 1871 4029 pos
1902 3960 1987 4028 qui
2033 3956 2310 4020 noverunt,
2343 3968 2634 4026 agnoscunt
2684 3956 2874 4009 litteris
2905 3960 3099 4011 sanctis
3132 3973 3341 4012 coruino

1777 4070 1878 4123 que
1901 4052 2115 4106 scientia
2142 4051 2205 4103 ad
2228 4065 2318 4103 eas
2344 4048 2713 4117 intelligendas
2738 4050 3057 4116 aliquantum
3080 4052 3305 4117 adjuvan
3322 4080 3339 4090 -

1781 4157 1885 4197 tur.
1916 4144 2020 4197 Sed
2072 4142 2153 4195 ltic
2196 4157 2286 4195 eos
2318 4141 2512 4209 ignaris
2558 4142 2765 4193 tradere
2808 4157 2909 4193 ttott
2942 4142 3116 4206 decet,
3163 4158 3229 4195 tte
3260 4159 3345 4196 ar-

1781 4244 1883 4287 tem
1929 4234 2321 4301 grammaticam
2367 4231 2559 4283 tlocere
2602 4230 2870 4282 videamur
2904 4250 2915 4284 :
2951 4244 3095 4284 extra
3129 4248 3259 4287 sane
3290 4240 3345 4287 ut

1782 4326 2052 4377 discantur
2090 4322 2368 4382 admoneo,
2403 4317 2642 4387 quamvis
2668 4318 2775 4383 jam
2803 4322 3042 4385 superius
3075 4320 3125 4372 id
3164 4322 3345 4373 admo-

126 4398 349 4466 diversa,
375 4401 472 4454 sed
502 4406 657 4455 etiam
686 4418 1058 4471 nonnunquam
1085 4405 1245 4456 multa
1272 4406 1672 4475 sigttiﬁc;tt,pro
1701 4385 1753 4444 D
1787 4412 2011 4474 nnetim,
2042 4412 2089 4463 id
2118 4418 2198 4463 est
2231 4410 2279 4460 itt
2310 4408 2540 4461 secundo
2564 4406 2695 4458 iibro
2724 4407 2809 4458 ubi
2834 4409 2899 4460 de
2922 4410 3215 4475 linguarum
3248 4426 3342 4464 ne-

124 4485 233 4542 loco
260 4493 559 4557 sententiae,
601 4492 737 4545 sicut
788 4494 955 4564 posita
1010 4495 1289 4561 reperitur.
1345 4495 1437 4549 Ubi
1497 4506 1672 4551 autem

126 4579 344 4644 apertius
370 4590 659 4650 ponuntur,
688 4582 755 4634 ibi
786 4582 1092 4635 discendum
1121 4594 1223 4649 eSt,
1243 4588 1509 4653 quomide
1541 4588 1671 4641 locis

126 4667 475 4738 intelligantur
502 4674 759 4725 obscuris.
788 4674 966 4740 Neque
997 4676 1137 4728 enim
1170 4677 1358 4729 melius
1390 4688 1561 4745 potest
1592 4680 1671 4732 in-

126 4759 277 4828 telligi
306 4763 445 4829 quod
477 4762 671 4815 dictum
712 4775 789 4815 est
845 4764 949 4817 Deo
981 4781 992 4815 :
1042 4765 1392 4832 Apprehende
1442 4784 1587 4822 arma
1620 4779 1675 4824 et

126 4862 347 4919 scutum,
368 4866 421 4908 et
455 4868 676 4923 exsurge
702 4854 751 4907 in
775 4853 1091 4922 adjutorium
1119 4858 1266 4923 mihi,
1289 4876 1444 4927 quam
1465 4877 1526 4914 ex
1561 4862 1677 4916 loco

128 4942 209 4995 illo
238 4947 319 4997 ubi
356 4946 585 5014 legitur:
635 4948 869 5011 Domine,
907 4957 963 5001 ut
990 4959 1141 5002 scuto
1190 4950 1341 5005 bona:
1392 4954 1676 5007 voluntatis

132 5042 224 5087 ture
251 5038 512 5088 coronasti
548 5052 662 5089 nos.
698 5038 801 5090 Nec
835 5050 1005 5091 tamen
1048 5042 1117 5092 ita
1155 5049 1211 5093 ut
1235 5042 1343 5109 jam
1378 5043 1675 5112 ubicunque

130 5137 323 5177 scutum
377 5141 477 5195 pro
512 5127 686 5193 aliquo
715 5131 1038 5183 munimento
1090 5134 1314 5200 positum
1370 5136 1674 5204 legerimus,

134 5227 228 5268 non
252 5218 572 5285 accipiamus
604 5219 701 5271 nisi
728 5220 914 5274 bonam
949 5223 1269 5277 voluntatem
1305 5225 1416 5279 Dei.
1471 5228 1674 5282 Dictum

133 5306 388 5374 estenim,
420 5310 484 5362 Et
519 5323 726 5363 scutum
758 5311 901 5376 ﬁdei,
949 5312 1000 5367 in
1052 5330 1157 5383 quo
1200 5318 1435 5384 possitis,
1486 5320 1675 5388 inquit,

136 5406 310 5450 omnes
337 5398 554 5467 sagittas
582 5399 791 5468 maligni
818 5401 1005 5469 ignitas
1031 5404 1392 5473 exstinguere.
1424 5409 1530 5464 Nec
1561 5427 1677 5465 rur-

137 5494 219 5535 sus
240 5484 355 5539 ideo
393 5487 647 5542 debemus
679 5490 726 5541 in
762 5492 922 5546 armis
957 5491 1319 5560 hujuscemodi
1348 5501 1677 5567 spiritalibus

140 5582 278 5628 scuto
318 5580 681 5635 tantummodo
733 5580 891 5636 ﬁdent
943 5582 1197 5652 tribuere,
1247 5600 1363 5644 cum
1410 5592 1514 5649 alio
1561 5596 1679 5653 loco

1786 4505 2015 4560 cessaria
2039 4502 2333 4568 cognitione
2354 4496 2609 4560 disserui;
2631 4512 2747 4549 nam
2774 4498 2957 4550 litterae
2977 4514 3003 4548 a
3028 4500 3212 4565 quibus
3232 4502 3343 4567 ipsa

1788 4593 2121 4663 grammatica
2147 4604 2334 4643 nomen
2358 4587 2559 4655 accepit
2582 4588 2875 4659 (γρᾶμματα
2903 4588 3037 4639 enim
3064 4586 3229 4641 Graeci
3258 4592 3343 4641 lit-

1788 4695 1924 4738 teras
1957 4684 2163 4748 vocant)
2194 4681 2341 4746 signa
2370 4678 2545 4744 utique
2567 4687 2687 4728 suttt
2708 4691 2979 4737 sonorum,
3005 4678 3067 4729 ad
3100 4680 3346 4731 articula-

1787 4783 1892 4827 tam
1964 4787 2143 4824 vocem
2191 4784 2288 4836 qua
2340 4765 2599 4830 loquimur
2663 4766 3057 4833 pertinentium.
3118 4767 3342 4822 Istorum

1784 4876 1958 4919 autem
2018 4873 2286 4928 troporum
2345 4873 2448 4910 non
2493 4857 2663 4908 solum
2713 4860 2971 4925 exempla,
3028 4860 3162 4912 sicut
3209 4874 3339 4913 om-

1782 4964 1963 5024 nium,
2012 4959 2101 5011 sed
2148 4960 2493 5025 quorumdam
2550 4955 2707 5003 etiam
2766 4952 2973 5003 nomina
3042 4954 3095 5005 in
3152 4952 3343 5009 divinis

1783 5054 1929 5108 libris
1964 5053 2223 5119 leguntur,
2266 5049 2401 5102 sicut
2442 5046 2727 5118 ἀλληγορία,
2775 5044 2998 5115 αἴνιγμα,
3050 5047 3335 5117 παραϐολή.

1781 5144 2028 5211 Quamvis
2055 5156 2185 5209 pene
2208 5152 2389 5193 omnes
2410 5137 2457 5189 Iti
2484 5138 2615 5203 tropi
2634 5135 2719 5203 qui
2742 5134 2942 5188 liberali
2962 5136 3205 5189 dicuntur
3229 5149 3343 5193 arte

1785 5234 2052 5303 cognosci,
2099 5233 2256 5286 etiam
2301 5231 2351 5281 in
2398 5241 2583 5280 eorum
2632 5226 2959 5292 reperiantur
2989 5226 3210 5294 loquelis
3249 5230 3340 5295 qui

1786 5326 1958 5380 nullos
2006 5320 2373 5392 grammaticos
2425 5316 2725 5380 audierunt,
2780 5325 2831 5368 et
2882 5330 2947 5370 eo
3000 5331 3103 5385 quo
3153 5318 3341 5386 vulgus

1787 5416 1949 5469 utitur
2000 5424 2243 5468 sermone
2289 5409 2524 5463 contenti
2575 5415 2714 5461 sunt.
2742 5404 2868 5472 Quis
2899 5408 3037 5460 enim
3071 5422 3174 5461 non
3216 5408 3344 5463 dicit

1784 5509 1861 5563 sic
1878 5508 2064 5561 ﬁoreas
2076 5505 2099 5559 ἳ
2111 5517 2330 5573 quorum
2353 5500 2483 5572 [qui]
2503 5508 2678 5568 tmpus
2694 5496 2952 5573 μεταφορᾶ
2966 5508 3200 5552 vocatur.
3214 5499 3343 5564 Quis

1788 5614 1891 5655 non
1939 5595 2065 5652 dicit
2118 5593 2391 5666 piscinam,
2435 5592 2593 5647 etiam
2634 5605 2751 5660 quin
2798 5603 2904 5645 non
2947 5588 3104 5645 habet
3143 5590 3339 5665 pisces,
