3904 6224
532 205 638 265 967

1605 213 1665 266 Ι).
1710 211 2029 268 ΕυϐἲΡΡΙΙ
2075 215 2361 276 ABBATIS
2397 222 2720 284 AFRICANI

3734 236 3836 297 968

529 333 629 374 nec
684 320 820 376 lucta
852 332 928 377 est
960 331 1170 393 propter
1190 322 1383 389 pisces,
1416 328 1469 374 et
1500 330 1676 379 tamen
1707 341 1736 379 a
1761 329 1993 397 piscibus
2019 344 2117 384 no-
2142 338 2183 390 Α
2217 351 2274 390 se
2296 352 2413 394 esse
2432 316 2586 407 dixit,
2611 354 2826 414 propter
2854 352 3201 417 temporalem
3234 356 3520 425 unitatem,
3551 357 3704 414 intra
3732 377 3833 416 una

528 424 652 464 meo
678 413 912 477 accepit?
936 413 1021 478 qui
1051 424 1231 477 tropus
1253 412 1603 486 κατάχρησις.
1629 414 1844 472 dicitur.
1873 418 2110 487 Longum

531 508 613 553 est
659 500 757 552 isto
797 501 952 552 modo
981 512 1203 552 Catienis
1238 502 1503 570 persequi,
1537 519 1657 558 nam
1691 521 1855 575 usque
1878 508 1941 560 ad
1989 507 2111 561 illos

530 590 760 655 pervenit
824 589 960 655 vulgi
1006 588 1225 643 locutio.
1269 589 1369 656 Qui
1418 602 1698 661 propterea
1756 598 2111 653 mirabiliores

529 688 671 744 Stlttl,
702 680 820 747 quia
854 691 1037 733 contra
1070 698 1229 750 quam
1262 682 1456 737 dicitur
1484 686 1807 754 signiﬁcant;
1838 688 1993 742 sicuti
2025 698 2106 744 est

526 782 642 836 qua:
694 768 993 835 appellatur
1038 775 1266 843 εἰρωνεία
1318 772 1402 826 vel
1452 777 1761 848 ἀντίγρασις.
1784 774 1892 830 Sed
1941 776 2108 833 ironia

528 860 958 926 pronuntiatione
1013 861 1212 917 indicat
1261 863 1385 932 quid
1435 866 1563 919 velit
1598 865 1846 936 intelligi,
1876 877 1935 922 ut
1983 883 2106 924 cum

523 950 751 1004 dicimus
782 953 980 1006 homini
1013 958 1146 1006 mala
1173 955 1382 1009 facienti
1415 974 1426 1008 :
1455 956 1557 1010 lies
1588 957 1754 1013 benas
1777 959 1929 1014 facis.
1953 962 2108 1017 .lnti-

525 1040 737 1109 phrasis
793 1059 920 1095 vero
946 1042 1047 1114 {ut}
1080 1047 1343 1099 Contraria
1372 1047 1654 1114 signiticet,
1698 1065 1803 1104 non
1833 1041 2106 1122 voce’pro-

526 1131 820 1185 nuntiantis
869 1134 1117 1198 efﬁcitur,
1146 1134 1236 1188 sed
1265 1144 1356 1188 aut
1385 1137 1546 1191 verba
1574 1154 1671 1194 sua
1693 1139 1852 1195 habet
1880 1157 2105 1212 quorum

520 1222 671 1288 origo
713 1224 1015 1276 econtrario
1059 1233 1173 1291 est,
1225 1227 1363 1278 sicut
1411 1229 1712 1296 appellatur
1760 1232 1928 1287 lucus-
1962 1235 2105 1304 quod

523 1311 743 1364 minime
768 1314 958 1375 luceat,
992 1324 1082 1366 aut
1106 1315 1385 1369 consuevit
1415 1317 1616 1388 aliquid
1649 1320 1718 1374 ita
1743 1320 1873 1390 dici,
1912 1338 2093 1392 quam-

523 1399 603 1451 νίς
625 1400 829 1455 dicatur
851 1402 1011 1454 etiam
1043 1418 1144 1455 non
1168 1396 1492 1472 econtrar’io,
1516 1410 1794 1464 velutcum
1818 1414 2105 1481 quieritnus

521 1493 761 1553 accipere
787 1496 943 1545 etiam
964 1494 1101 1561 quod
1128 1495 1197 1548 ibi
1222 1511 1324 1549 non
1350 1507 1450 1560 est,
1474 1507 1527 1553 et
1551 1501 1902 1570 respondetur
1927 1503 2098 1570 nobis,

520 1581 784 1647 abundat;
834 1592 926 1635 aut
963 1582 1228 1651 adjunctis
1256 1586 1433 1639 verbis
1475 1587 1697 1643 facimus
1748 1601 1860 1644 uta
1892 1602 2105 1646 contra-

2217 431 2350 483 retia
2377 434 2600 499 piscium
2632 436 2894 495 bonorum
2914 451 2966 496 et
2989 446 3284 514 malorum;
3312 452 3669 507 tabernacula
3690 456 3832 508 uim

2213 518 2389 573 Cedar
2418 525 2483 576 ad
2509 525 2786 581 lsmaelem
2814 532 3099 602 pertinent,
3126 540 3214 606 qui
3238 555 3344 593 non
3366 540 3471 595 erit
3498 542 3689 597 heres
3711 558 3830 596 cum

2208 607 2317 662 lilio
2329 609 2529 665 liberte.
2548 614 2747 684 Itaque,
2764 632 2884 671 cum
2896 622 2964 673 de
2976 623 3112 677 bona
3128 637 3275 691 parte
3288 628 3615 686 dicalDeus:
3630 630 3831 683 Docui

2217 712 2389 753 caseos
2438 702 2489 753 in
2522 704 2659 757 viam
2690 721 2848 774 quam
2896 725 3002 764 non
3031 727 3311 779 noverunt.
3342 729 3397 773 et
3425 722 3667 776 semitas
3694 736 3829 791 quas

2224 802 2328 842 non
2370 802 2632 847 noverunt
2677 796 2980 865 calcabunt,
3023 813 3075 855 et
3117 802 3307 858 faciam
3335 807 3442 863 illis
3466 811 3736 864 tenebras
3763 814 3825 866 ad

2213 876 2312 948 [in]
2356 879 2552 945 lucem,
2586 893 2640 938 et
2668 900 2827 953 prava
2855 890 2908 943 in
2934 890 3238 960 directum;
3274 896 3389 951 haec
3410 899 3607 961 verba,
3634 900 3823 954 taciam

2211 979 2264 1022 et
2292 984 2396 1023 non
2424 971 2791 1044 derelinquam
2814 994 2931 1043 eos,
2974 998 3094 1037 mox
3118 985 3185 1039 de
3206 987 3307 1039 alia
3339 996 3492 1055 parte
3521 1006 3657 1059 qua:
3681 991 3822 1043 male

2210 1061 2469 1130 permixta
2510 1073 2595 1121 est
2648 1068 2779 1123 dicit
2809 1086 2823 1123 :
2854 1071 2960 1139 lp‘i
3005 1083 3179 1129 autem
3208 1081 3458 1132 conversi
3483 1090 3621 1133 sunt
3646 1090 3817 1143 retro,

2209 1157 2454 1225 quamvis
2498 1160 2587 1214 alii
2632 1161 2743 1233 jam
2773 1163 3139 1233 signiﬁcentur
3168 1170 3253 1224 bis
3295 1174 3496 1229 verbis.
3529 1176 3651 1230 Sed
3680 1192 3816 1245 quo.

2210 1248 2349 1302 uirum
2374 1266 2515 1306 nunc
2544 1251 2596 1307 in
2629 1267 2736 1309 uno
2762 1266 2910 1319 sunt,
2939 1268 3188 1327 tanquam
3222 1260 3289 1316 de
3316 1263 3449 1331 ipsis
3473 1264 3725 1333 loquitur
3754 1265 3815 1319 de

2206 1340 2400 1407 quibus
2422 1343 2770 1412 loquebatur;
2802 1361 2905 1401 non
2930 1355 3107 1403 tamen
3137 1365 3354 1420 semper
3382 1352 3436 1407 in
3467 1368 3583 1407 uno
3612 1365 3809 1408 cruat:

2206 1429 2323 1497 ipse
2362 1440 2446 1485 est
2489 1431 2685 1501 quippe
2731 1435 2820 1489 ille
2845 1451 3032 1491 servus
3060 1451 3514 1496 commemorato:
3543 1444 3604 1495 in
3632 1442 3809 1496 Evan-

2206 1518 2368 1587 gelio,
2416 1520 2568 1589 cujus
2624 1523 2879 1581 Dominus
2932 1543 3053 1581 cum
3087 1531 3294 1584 venerit
3338 1531 3545 1586 dividet
3574 1548 3729 1597 eum,
3756 1546 3807 1587 et

2209 1620 2413 1679 partem
2465 1611 2584 1679 ejus
2613 1626 2733 1667 cum
2769 1616 3060 1685 liypocritis
3083 1629 3265 1688 ponet.
3298 1620 3477 1674 Tertia
3507 1623 3701 1692 regula
3732 1634 3807 1679 est

518 1671 602 1723 τίο
650 1671 974 1740 ί¹¹ίθ¹¹ίῧ³ί¹¹¹⁵
1022 1672 1165 1741 (ιιιοά
1216 1675 1517 1744 ¹οψιίιηυτς
1568 1680 1706 1733 νειαι
1744 1681 1785 1733 εί
1817 1681 2097 1735 ἀίοειηιηετ
2136 1671 2274 1755 Bde
2330 1671 2608 1770 promissis
2660 1714 2714 1758 et
2753 1671 2889 1775 lege,
2945 1722 3064 1775 qua:
3083 1671 3508 1765 ralio—mododici
3536 1671 3721 1780 pztest
3744 1714 3803 1767 de

516 1758 658 1816 Cave
688 1762 833 1815 illum
866 1762 986 1830 quia
1039 1766 1208 1818 bonus
1253 1766 1413 1818 homo
1459 1776 1559 1821 est.
1597 1768 1661 1822 Et
1694 1770 1812 1837 quis
1840 1774 1961 1824 ta'ia
1993 1791 2096 1826 non

514 1848 642 1903 dicit
697 1849 960 1915 indoctus,
1018 1867 1114 1905 nec
1144 1852 1361 1907 omnino
1402 1856 1577 1909 sciens
1603 1858 1691 1926 qui
1725 1860 1829 1912 sint
1862 1862 1940 1915 vel
1972 1864 2098 1930 quid

513 1950 774 1993 vocentur
804 1942 852 1993 hi
885 1941 1054 2008 tropi?
1084 1958 1305 2008 quorum
1330 1946 1563 2012 cognitio
1592 1957 1870 2016 propterea
1904 1951 2099 2021 Scrip-

513 2038 751 2082 turarum
803 2029 1233 2099 ambiguitatibus
1273 2032 1635 2089 dismlveudis
1665 2048 1746 2091 est
1772 2044 2094 2106 necessarii,

513 2117 681 2191 {quia}
721 2135 839 2174 cum
868 2135 1055 2175 sensus
1098 2122 1164 2176 ad
1196 2128 1572 2192 preprictatem
1610 2128 1891 2184 verborum
1930 2133 1974 2185 si
2010 2148 2098 2186 ac-

507 2210 734 2278 cipiatur
784 2210 1047 2265 aiism'dus
1092 2222 1206 2281 est,
1260 2216 1608 2283 qumreudum
1668 2227 1751 2271 est
1800 2218 2001 2289 utique.
2028 2237 2096 2277 ne

510 2302 647 2356 forte
686 2303 777 2355 illo
818 2303 898 2357 vel
931 2304 1021 2357 illo
1067 2304 1222 2373 tropb
1251 2306 1453 2361 dictum
1484 2310 1575 2374 sit,
1607 2309 1747 2377 quod
1772 2326 1875 2365 non
1897 2314 2093 2368 intelli-

506 2391 701 2459 gimus,
735 2403 787 2447 et
817 2395 895 2448 sic
926 2395 1180 2462 pleraque
1208 2398 1423 2449 inventa
1449 2406 1577 2451 sunt
1601 2414 1719 2468 qua:
1744 2401 1999 2457 latebant.

968 2482 1195 2538 CAPUT
1245 2484 1565 2541 CCLXXXI.

508 2554 615 2653 De;
635 2579 822 2653 septem
874 2570 1090 2653 Tycortii
1142 2575 1353 2653 regulis,
1401 2576 1581 2653 quibus
1621 2578 1689 2632 ad
1736 2580 2095 2653 intelligendas

576 2638 874 2721 §eripturas
916 2638 1167 2721 studiosos
1182 2638 1360 2721 “dicio
1387 2638 1664 2714 plurimum
1722 2638 1997 2721 adjuvari;
2032 2670 2096 2708 ea:

572 2709 701 2761 libro
733 2725 786 2763 Ill
819 2712 881 2762 de
910 2711 1150 2765 Doctrina
1174 2709 1480 2769 Christiana.

574 2798 749 2852 Prima
778 2800 843 2853 de
870 2800 1095 2855 Domino
1111 2812 1161 2856 et
1187 2801 1302 2871 ejus
1324 2816 1555 2872 corpore
1584 2814 1690 2873 est,
1710 2807 1762 2863 io
1788 2824 1890 2878 qua
1918 2810 2095 2865 scien-

501 2899 580 2944 tes
622 2890 907 2959 aliquando
958 2893 1148 2961 capitis
1205 2904 1258 2947 et
1314 2897 1577 2965 corporis,
1621 2898 1673 2952 id
1704 2907 1788 2954 est
1814 2900 2006 2957 Christi
2038 2912 2094 2959 et

500 2982 755 3037 Ecclesia:
819 3002 978 3039 unam
1059 3003 1340 3055 personam
1400 2991 1556 3046 nobis
1605 2994 1841 3050 inlimari
1895 2996 2092 3067 (neque

499 3075 639 3126 enim
685 3075 878 3128 frustra
930 3076 1129 3131 dictum
1187 3087 1271 3132 est
1326 3078 1576 3135 ﬁdelibus
1618 3097 1634 3134 :
1689 3083 1827 3153 Ergo
1858 3084 2091 3140 Abraba:

499 3155 684 3219 semen
733 3168 885 3231 estis,
942 3185 1062 3223 cum
1112 3170 1185 3221 sit
1232 3186 1393 3223 unum
1446 3184 1630 3226 semen
1674 3175 1904 3230 Abraha:
1945 3177 2091 3245 quod

496 3266 582 3309 est
636 3243 943 3327 Christus),
999 3275 1102 3312 non
1177 3260 1485 3314 luesitemus
1540 3264 1751 3331 quando
1818 3280 1847 3319 a
1911 3243 2088 3335 capite

498 3347 565 3399 ad
624 3361 839 3416 corpus,
875 3349 956 3402 Vel
990 3364 1019 3402 a
1049 3365 1279 3417 corpore
1316 3353 1574 3407 transitur
1611 3355 1675 3408 ad
1701 3365 1892 3425 caput,
1923 3368 1972 3410 et
2006 3366 2085 3411 ta-

499 3451 622 3489 men
669 3453 771 3490 nou
815 3439 1082 3493 receditur
1111 3441 1177 3495 ab
1218 3457 1321 3493 una
1364 3442 1659 3511 eademque
1691 3461 1936 3513 persona.
1967 3447 2085 3503 Una

497 3526 641 3580 enim
701 3542 923 3595 persona
954 3528 1204 3595 lolluitur,
1236 3530 1421 3584 dicens
1461 3549 1475 3584 :
1504 3533 1653 3613 Sicut
1680 3549 1878 3605 sponso
1913 3537 2087 3608 impo-

496 3619 602 3673 suit
651 3616 782 3671 inihi
835 3618 1071 3685 mitram,
1137 3629 1187 3675 et
1235 3620 1374 3675 sicut
1419 3637 1669 3690 sponsam
1728 3627 1937 3682 ornavit
1998 3645 2084 3684 me

498 3716 852 3769 ornamento;
908 3718 957 3761 et
1017 3721 1193 3762 tamen
1222 3711 1370 3780 quid
1424 3711 1614 3768 horum
1646 3714 1871 3771 duorum
1900 3720 2080 3789 capiti,

497 3797 623 3864 quid
654 3799 889 3865 corpori.
915 3796 963 3851 id
995 3807 1076 3851 est
1106 3800 1229 3866 quid
1253 3799 1487 3869 Christo,
1524 3804 1646 3873 quid
1672 3805 1927 3863 Ecclesia:
1949 3824 2079 3864 con-

479 3887 681 3941 veniat
733 3887 912 3956 utique
966 3887 1370 3958 intelligendum
1422 3902 1524 3947 est.
1583 3896 1827 3951 Secunda
1877 3908 1962 3955 est
2013 3901 2081 3956 dc

499 3976 709 4029 Domini
750 3991 976 4047 cerpore
1028 3979 1296 4049 bipartito,
1338 3973 1480 4051 quod
1508 3985 1718 4053 quidem
1751 4004 1857 4042 non
1888 3991 1958 4044 ita
1986 3991 2081 4045 de-

494 4067 609 4121 buit
668 4069 967 4135 appellari;
1028 4087 1133 4125 non
1184 4076 1326 4127 enim
1383 4090 1568 4130 revera
1620 4076 1831 4134 Domini
1885 4096 2079 4153 corpus

492 4169 575 4213 est
618 4158 759 4227 quod
805 4173 923 4211 cum
980 4162 1068 4214 illo
1099 4177 1201 4215 non
1233 4165 1337 4217 erit
1375 4167 1425 4219 in
1459 4176 1744 4235 :nternum,
1767 4172 1860 4227 sed
1892 4172 2079 4229 dicen-

494 4250 621 4301 dum
681 4251 777 4303 luit
823 4249 890 4302 de
944 4251 1149 4306 Domini
1198 4269 1425 4323 corpore
1452 4274 1580 4313 vero
1609 4270 1767 4330 atque
1790 4265 2075 4334 permixto,

493 4349 582 4391 aut
632 4354 758 4392 vero
809 4349 967 4409 atque
1014 4344 1284 4409 simulato,
1314 4347 1394 4400 vel
1452 4349 1704 4419 quidquid
1752 4354 1925 4419 aliud;
1956 4358 2075 4427 quia

2206 1790 2397 1858 spiritu
2452 1800 2507 1846 et
2560 1793 2760 1861 littera,
2792 1796 2928 1850 sicut
2957 1813 3077 1851 eam
3109 1814 3208 1853 nos
3238 1802 3657 1869 appellavimus,
3682 1818 3801 1859 cum

2205 1882 2274 1936 de
2298 1872 2396 1938 hac
2421 1899 2478 1938 re
2509 1885 2701 1940 librum
2734 1889 3116 1944 scriberemus.
3146 1892 3325 1946 Potest
3356 1894 3517 1947 etiam
3539 1896 3624 1949 sic
3657 1896 3798 1949 dici:

2209 1974 2283 2028 De
2309 1975 2477 2044 gratia
2500 1984 2552 2030 et
2571 1979 2841 2032 mandato.
2870 1981 2992 2035 llaec
3018 1992 3195 2037 autem
3222 1986 3394 2052 magis
3422 1986 3548 2040 mihi
3580 1987 3800 2041 videtur

2207 2078 2393 2130 magna
2419 2065 2643 2132 quaestio
2674 2084 2831 2136 quam
2862 2072 3065 2139 regula,
3096 2087 3216 2141 qua":
3241 2074 3513 2130 solvendis
3534 2077 3792 2145 questio-

2205 2153 2363 2207 nibus
2393 2157 2695 2211 adhibenda
2726 2168 2832 2224 est,
2865 2177 3023 2229 quam
3074 2178 3179 2218 non
3230 2165 3593 2236 intelligeutPS
3642 2169 3795 2224 Pela-

2201 2243 2363 2313 giani,
2421 2246 2501 2300 vel
2552 2249 2904 2304 condiderunt
2958 2267 3107 2307 suam
3176 2258 3463 2324 haresitn,
3521 2262 3605 2315 vel
3668 2263 3793 2316 ban-

2202 2345 2384 2389 sernnt
2428 2336 2759 2410 [eriterunt].
2795 2341 3078 2397 Laboravit
3130 2346 3182 2399 in
3228 2362 3289 2402 ea
3335 2350 3650 2405 disserenda
3692 2352 3792 2422 Ty-

2201 2422 2424 2479 rbonius
2481 2427 2637 2491 bene,
2688 2432 2780 2483 sed
2854 2447 2960 2485 non
3033 2434 3210 2502 plene.
3286 2438 3567 2506 Disi‘utans
3649 2442 3789 2499 enim

2202 2514 2311 2585 56
2336 2515 2403 2570 de
2434 2515 2536 2571 fide
2562 2526 2615 2572 et
2642 2520 2933 2588 operibus,
2976 2538 3139 2591 opera
3180 2527 3337 2581 nobis
3370 2528 3544 2600 [dixit]
3588 2546 3620 2583 a
3668 2531 3779 2586 Deo

2200 2604 2314 2657 dari
2347 2606 2537 2659 merito
2580 2607 2701 2662 lidei
2725 2650 2739 2673 ,
2794 2610 2964 2679 ipsam
2998 2628 3125 2668 vero
3167 2615 3331 2670 iidem
3364 2618 3441 2672 sic
3467 2633 3587 2674 esse
3620 2635 3649 2673 a
3681 2636 3774 2675 tto-

2200 2695 2302 2761 bis,
2336 2710 2391 2751 ttt
2417 2701 2570 2755 nobis
2601 2717 2703 2755 non
2730 2703 2850 2757 sita
2883 2706 3021 2771 Deo;
3068 2723 3167 2763 nec
3204 2710 3435 2764 attendit
3470 2713 3778 2781 Apostolus:

2198 2789 2465 2846 dicentem
2502 2808 2513 2845 :
2546 2793 2650 2846 Pax
2685 2794 2959 2863 fratribus,
2992 2805 3046 2850 et
3066 2796 3303 2853 Charitas
3330 2814 3452 2854 cum
3480 2801 3583 2857 lide
3614 2817 3647 2856 a
3672 2802 3777 2857 Deo

2198 2882 2355 2936 Patre
2383 2892 2437 2938 et
2481 2883 2705 2938 Domino
2745 2894 2930 2941 nostro
2956 2887 3079 2944 Jesu
3112 2890 3367 2945 Christo:
3402 2894 3495 2947 sed
3526 2910 3628 2949 non
3658 2904 3768 2951 erat

2197 2984 2448 3042 expertus
2480 2974 2615 3031 hanc
2662 2975 2908 3033 hmresim
2951 2995 3071 3049 quae
3109 2996 3205 3052 pro
3254 2983 3488 3055 [nostro]
3534 2984 3763 3055 tempore

2121 3046 2167 3111 α
2199 3076 2405 3132 exorta,
2441 3068 2669 3122 multum
2702 3084 2822 3136 nos,
2856 3079 2911 3125 ut
2951 3046 3174 3142 gratiam
3210 3046 3302 3128 Dei
3334 3046 3578 3145 quae-per
3601 3046 3770 3132 Doni-

2194 3172 2320 3210 num
2349 3166 2588 3212 nostrum
2618 3159 2800 3215 Iesum
2825 3160 3098 3217 Christum
3128 3171 3210 3217 est
3238 3164 3514 3221 adversus
3543 3182 3662 3223 eum
3686 3168 3769 3223 tle-

2197 3246 2561 3311 fe‘ndcrcmus,
2591 3252 2858 3316 exercuit,
2891 3261 2946 3307 et
2968 3254 3263 3309 secundum
3287 3255 3338 3309 id
3370 3259 3514 3326 quod
3536 3260 3606 3313 ait
3638 3260 3767 3327 Apo-

2191 3336 2360 3390 stolus
2392 3336 2648 3406 :Oportet
2693 3338 2924 3394 haereses
2962 3356 3104 3403 esse,
3138 3334 3210 3396 uf
3230 3342 3440 3411 probati
3487 3348 3757 3401 manifeste

2190 3426 2321 3480 liant
2361 3427 2412 3480 in
2443 3427 2616 3493 vobis,
2666 3430 2843 3485 multo
2885 3432 3254 3503 vigilantiores
3302 3434 3766 3509 ddigentioresque

2188 3519 2443 3585 reddidit,
2484 3527 2539 3573 ut
2571 3519 2982 3578 adverteremus
3007 3524 3060 3579 in
3090 3524 3379 3595 Scripturis
3412 3531 3611 3584 sanctis
3637 3531 3765 3600 quod

2187 3613 2347 3667 istum
2363 3614 2696 3685 Tychouium
2710 3620 2885 3674 minus
2901 3630 3161 3676 attentum
3180 3622 3467 3693 minusque
3488 3629 3605 3681 sine
3624 3627 3764 3682 hoste

2186 3703 2469 3759 sollicitum
2491 3704 2653 3776 fugit,
2697 3708 2856 3763 etiam
2906 3711 3075 3779 ipsam
3106 3712 3315 3769 scilicet
3361 3715 3523 3770 ﬁdem
3565 3718 3751 3771 donum

2186 3810 2306 3852 esse
2335 3798 2477 3852 illius
2507 3801 2595 3868 qui
2621 3802 2737 3870 ejus
2763 3818 3066 3861 mensuram
3100 3810 3390 3880 unicuique
3413 3814 3662 3881 partitur.
3690 3814 3759 3869 Ex

2184 3901 2285 3955 qua
2327 3893 2591 3944 sententia
2640 3891 2958 3959 quibuSdam
3006 3898 3207 3953 dictum
3237 3910 3357 3954 est:
3394 3902 3556 3958 Vobis
3600 3904 3757 3959 dona-

2186 3984 2294 4028 tum
2324 3986 2407 4031 est
2434 3994 2527 4044 pro
2553 3980 2791 4049 Christo,
2837 3998 2942 4039 non
2967 3988 3137 4041 solum
3172 3998 3231 4043 ut
3259 3991 3494 4046 credatis
3525 3994 3576 4046 in
3608 4008 3743 4059 eum,

2182 4082 2367 4122 verum
2402 4070 2562 4123 etiam
2591 4080 2649 4125 ut
2680 4074 2953 4138 patiamini
2980 4091 3078 4147 pro
3100 4093 3184 4137 eo.
3222 4080 3378 4137 Unde
3405 4083 3522 4152 quis
3552 4082 3747 4138 dubitet

2184 4165 2469 4227 utrumque
2499 4174 2621 4215 esse
2650 4162 2741 4217 Dei
2772 4163 2993 4235 donum,
3034 4169 3124 4236 qui
3156 4169 3383 4225 ﬁdeliter
3412 4182 3571 4241 atque
3603 4173 3750 4228 intel-

2184 4246 2408 4322 ligenter
2432 4250 2579 4304 audit
2609 4261 2894 4323 utrumque
2923 4255 3176 4311 donatum
3200 4260 3223 4312 ?
3248 4260 3401 4314 Plura
3430 4272 3552 4317 sunt
3577 4272 3628 4317 et
3652 4262 3747 4316 aila

2187 4341 2492 4395 testimonia
2519 4343 2731 4410 quibus
2753 4344 2805 4398 id
2840 4348 3159 4417 ostenditur,
3208 4338 3302 4406 scd
3345 4352 3449 4406 hoc
3478 4368 3616 4407 nunc
3642 4368 3737 4406 non

495 4442 600 4481 non
625 4429 795 4482 solum
830 4431 881 4483 in
912 4443 1195 4501 :eternum,
1228 4449 1411 4489 verum
1441 4439 1599 4493 etiam
1620 4456 1759 4496 nunc
1780 4443 2071 4514 hypocrita}

2194 4428 2416 4498 agimus,
2444 4431 2572 4486 alibi
2608 4442 2787 4488 autem
2824 4445 2983 4505 atque
3012 4438 3134 4493 alibi
3165 4441 3466 4509 saepissime
3511 4444 3605 4495 ista
3641 4441 3745 4511 esi-

494 4532 603 4569 non
645 4533 763 4570 cum
811 4521 902 4572 illo
926 4536 1043 4575 esse
1072 4521 1279 4577 dicendi
1305 4534 1449 4589 sunt,
1472 4531 1715 4595 quamvis
1742 4532 1793 4585 in
1817 4535 1933 4605 ejus
1952 4551 2073 4590 esse

498 4607 782 4660 videantur
833 4610 1086 4666 Ecclesia.
1148 4613 1301 4669 Unde
1361 4627 1571 4692 poterat
1629 4620 1729 4674 ista
1786 4625 1964 4692 regula
2019 4636 2075 4682 et

500 4698 584 4751 sic
640 4698 916 4765 appellari,
968 4702 1339 4771 utdiceretnr,
1382 4689 1449 4761 de
1495 4712 1753 4777 permixta
1813 4689 2066 4772 Ecclesia.

494 4789 632 4854 Qte
674 4791 853 4856 regqu
910 4790 1159 4847 lectorem
1210 4799 1512 4867 vigilantem
1573 4804 1811 4873 requirit,
1862 4810 2072 4876 quando

494 4878 774 4946 Scriptura
832 4896 951 4933 cum
1013 4883 1075 4935 ad
1124 4886 1253 4940 alios
1279 4890 1385 4954 jam
1420 4892 1687 4961 loquatur,
1728 4905 1974 4965 tauquam
2005 4901 2069 4953 ad

492 4986 590 5025 eos
640 4968 785 5038 ipsos
835 4971 901 5023 ad
949 4987 1081 5040 quos
1126 4974 1436 5043 loquebatur
1466 4982 1674 5039 videtur
1705 4987 1867 5055 loqui,
1901 4992 1981 5045 vel
2006 4991 2071 5046 de

488 5059 547 5129 ip
579 5059 645 5124 is,
700 5077 819 5115 cum
860 5064 925 5115 de
956 5063 1073 5115 aliis
1096 5064 1204 5133 jam
1232 5067 1503 5138 loquatur;
1532 5086 1781 5146 tanquam
1813 5097 1975 5149 unum
2002 5084 2072 5138 sit

497 5164 842 5219 utrorumque
863 5168 1078 5222 corpus,
1108 5167 1321 5225 propter
1345 5168 1713 5231 temporariam
1738 5173 2072 5229 commixtio-

492 5258 621 5295 nem
653 5252 706 5295 et
734 5248 1159 5301 communit-rbem
1202 5264 1671 5315 sacramentorum.
1704 5264 1784 5319 Ad
1814 5264 1912 5320 hoc
1944 5282 2067 5336 per-

492 5333 627 5385 tinet
654 5333 704 5385 in
728 5331 959 5402 canticis
984 5339 1309 5393 canticorum
1332 5359 1344 5393 :
1365 5342 1530 5400 Fosca
1550 5364 1662 5404 sum
1682 5362 1737 5407 et
1757 5331 1996 5425 speciosa
2016 5371 2071 5413 ut

492 5424 830 5499 tabernacula
853 5425 1056 5493 cellar;
1083 5442 1156 5494 et,
1178 5431 1430 5500 Speciosa
1457 5452 1597 5504 sum,
1619 5424 1811 5512 inquit,
1830 5460 1894 5523 ut_
1907 5453 2072 5519 pelles

504 5516 821 5569 Salomonis.
841 5517 952 5570 Non
971 5518 1108 5572 enim
1128 5523 1220 5587 ait,
1251 5516 1417 5580 Fusca
1440 5529 1508 5581 lui
1534 5541 1588 5583 ut
1614 5516 1946 5593 tabernacula
1969 5542 2070 5596 Ce-

499 5603 617 5661 dar.
632 5615 685 5659 et
700 5609 934 5667 speciosa
950 5625 1067 5666 sum
1086 5623 1134 5666 ut
1153 5616 1319 5683 pelles
1335 5618 1661 5691 Solomonis;
1684 5628 1778 5683 sed
1794 5638 2072 5704 utrumque

2188 4533 2329 4573 mus.
2361 4521 2558 4585 Quarta
2598 4522 2821 4592 Tyconii
2854 4526 3034 4595 regula
3064 4538 3145 4582 est
3188 4529 3255 4583 de
3283 4526 3475 4598 Specie
3499 4541 3554 4587 et
3582 4530 3743 4586 Gene-

2181 4622 2239 4662 re
2266 4626 2278 4661 :
2310 4609 2388 4664 sic
2439 4610 2581 4665 enim
2626 4627 2744 4666 eam
2787 4625 2963 4679 vocat,
3015 4617 3207 4672 volens
3260 4618 3479 4689 intelligi
3521 4622 3741 4687 speciem

2181 4706 2407 4766 partem,
2440 4715 2609 4769 genus
2634 4699 3037 4765 autem‘totum.
3069 4706 3223 4775 cujus
3251 4723 3313 4762 ea
3342 4724 3466 4778 pars
3489 4720 3569 4764 est
3588 4720 3735 4778 quam

2180 4798 2454 4858 nuncupat
2480 4793 2739 4859 speciem,
2773 4794 2910 4847 sicut
2940 4810 3277 4865 unaquaeque
3309 4799 3494 4851 civitas
3522 4812 3637 4864 pars
3664 4808 3737 4851 eat

2178 4878 2360 4945 utique
2408 4880 2768 4935 universitatis
2805 4868 3045 4952 gentium
3078 4902 3093 4937 :
3131 4886 3269 4939 hanc
3313 4886 3405 4940 ille
3443 4880 3735 4955 vocat’spe-

2176 4965 2337 5029 ciem,
2396 4983 2562 5034 genus
2615 4982 2791 5027 autem
2842 4990 3031 5030 omnes
3073 4987 3305 5045 gentes:
3342 4994 3508 5049 neque
3556 4980 3637 5033 hic
3676 4993 3731 5031 ea

2179 5055 2519 5113 discernendi
2569 5061 2837 5118 subtilitas
2863 5064 3165 5122 adhibenda
3196 5076 3281 5122 est
3308 5084 3425 5139 qua:
3448 5084 3475 5123 a
3503 5068 3730 5123 disiecti-

2179 5146 2257 5199 cis
2288 5147 2537 5213 traditur,
2567 5152 2656 5219 qui
2686 5152 2822 5207 inter
2851 5166 3053 5224 partem
3082 5168 3138 5212 et
3166 5152 3401 5227 speciem
3426 5159 3543 5228 quid
3573 5158 3729 5213 inter-

2179 5243 2249 5297 sit
2275 5244 2582 5302 acutissime
2610 5247 2902 5319 disputant.
2951 5254 3150 5310 Eadem
3182 5256 3318 5312 ratio
3344 5267 3425 5311 est
3450 5258 3512 5321 si,
3544 5272 3640 5311 non
3665 5256 3724 5311 de

2175 5359 2490 5415 unaquaque
2514 5348 2753 5415 civitate,
2784 5352 2876 5407 sed
2909 5354 2975 5407 de
3006 5370 3327 5424 unaquaque
3353 5357 3626 5425 provincia,
3648 5355 3719 5411 vel

2172 5452 2357 5511 gente,
2388 5445 2474 5500 vel
2510 5447 2749 5518 regione,
2782 5452 2887 5505 tale
2918 5453 3118 5521 aliquid
3152 5454 3205 5507 in
3233 5453 3426 5510 divinis
3453 5455 3717 5523 reperiatur

2174 5542 2419 5611 eloquiis.
2454 5544 2567 5599 Non
2598 5547 2771 5602 solum
2802 5550 2945 5602 enim
2968 5589 2984 5615 ,
3013 5552 3160 5605 verbi
3190 5554 3358 5623 gratia
3377 5595 3391 5617 ,
3434 5554 3497 5609 de
3522 5552 3711 5607 lerun-

2176 5638 2280 5696 lem
2314 5644 2397 5699 vel
2426 5644 2493 5701 de
2525 5645 2697 5715 aliqua
2726 5646 2963 5716 gentium
2995 5649 3210 5709 civitate
3231 5694 3249 5722 ,
3290 5654 3408 5710 sive
3437 5654 3585 5719 Tyro,
3610 5658 3711 5702 ειη
