3904 6224
114 332 250 394 969

1279 286 1709 348 TllESAUlUS.
1746 282 1896 340 CAP.
1936 280 2257 340 CCLXXXI.

3278 274 3382 359 9:9

119 380 473 510 Ξῑιςιηιιίε.
638 419 741 510 au-
769 411 1014 510 «osiw
1037 407 1239 510 ,θεάων
1263 402 1463 510 ’μίτρην
1477 403 1541 510 ,ετξ
1563 399 1712 458 εστί-
1738 406 1785 464 Α
1813 380 3391 510 :itti‘fi.:f"::tf:m;.f:EEL“‘L‘1:'::::f.‘.:!:°‘:?‘332.22:

123 497 330 590 ριυιξδ
355 517 558 575 sanctis
585 508 724 581 quod
761 505 974 566 modum
1001 501 1118 572 ejus
1143 497 1365 557 excedat
1382 537 1399 562 ,
1442 501 1495 549 et
1519 508 1712 550 conve-

119 615 260 669 niat
313 612 491 682 potius
520 604 763 661 omnibus
798 599 1042 670 gentibus
1067 613 1082 651 :
1106 609 1286 652 verum
1313 592 1478 650 etiam
1514 590 1584 648 de
1619 590 1714 682 lu-

118 681 414 770 dzeapde
465 697 718 767 Egypto,
762 691 830 748 de
876 688 1113 761 Assyria,
1160 694 1214 743 et
1254 697 1567 757 quacunque
1609 681 1712 737 alia

120 803 310 864 gente
333 793 389 848 in
415 805 520 861 qua
546 795 672 843 sunt
699 783 943 857 plurimas
977 780 1250 847 civitates,
1284 793 1392 834 non
1428 787 1604 833 tamen
1632 784 1713 832 to-

121 896 225 939 tus
259 882 438 948 orbis,
487 878 582 934 sed
613 890 749 946 pars-
770 872 888 944 ejus
912 880 1016 938 est,
1065 869 1261 926 dicitur
1289 867 1431 939 quod
1473 876 1713 923 transeat

122 976 268 1044 eius
299 971 538 1035 modum,
573 976 628 1025 et
644 971 904 1037 congruat
933 961 1104 1033 potius
1128 959 1398 1028 universo,
1424 959 1574 1028 cujus
1597 958 1714 1014 haec

121 1078 281 1135 pars
318 1072 431 1124 est:
465 1060 572 1124 vel,
604 1057 760 1114 sicuti
792 1055 893 1110 iste
916 1050 1174 1133 appellat,
1205 1048 1386 1120 generi
1412 1047 1562 1116 cuius
1600 1047 1716 1104 haec

122 1158 367 1230 species
397 1153 545 1229 [est].
595 1150 749 1218 Unde
782 1157 840 1205 et
877 1147 930 1203 in
973 1135 1215 1200 notitiam
1257 1140 1400 1210 vulgi
1425 1139 1713 1230 verbagista

126 1228 441 1312 venerunt,
466 1254 524 1300 ut
544 1243 701 1300 etiam
725 1240 906 1296 idiota:
924 1234 1228 1304 intelligant
1245 1231 1369 1303 quid
1389 1228 1713 1300 specialiter,

129 1339 283 1411 quid
327 1334 649 1410 generaliter
687 1333 741 1386 in
784 1338 1102 1400 quocunque
1140 1329 1420 1411 praecepto
1454 1318 1718 1411 imperiali

130 1408 218 1485 sit
247 1408 624 1487 constitutum.
656 1422 742 1478 Fit
772 1420 872 1476 hoc
898 1419 1061 1475 etiam
1093 1413 1162 1471 de
1202 1408 1531 1477 hominibus,
1578 1409 1721 1465 sicut

129 1546 208 1587 ea
238 1543 365 1600 qua
385 1527 454 1583 de
475 1519 762 1581 Salomone
780 1519 1027 1575 dicuntur
1050 1512 1314 1570 excedunt
1336 1512 1454 1579 ejus
1477 1507 1718 1600 modum,

136 1627 206 1678 et
236 1598 422 1690 potius
450 1615 515 1670 ad
541 1611 810 1669 Christum
837 1607 922 1662 vel
952 1603 1270 1666 Ecclesiam,
1297 1600 1453 1671 cuius
1479 1598 1572 1690 ille
1595 1610 1722 1668 pars

295 1709 462 1763 relata
493 1703 815 1758 clarescunt.
841 1696 952 1752 Nec
974 1693 1155 1764 specie
1174 1704 1385 1762 semper
1403 1688 1717 1745 exceditur:

141 1811 311 1866 saepe
331 1793 474 1852 enim
504 1791 626 1845 talia
650 1788 895 1845 dicuntur
923 1799 1043 1855 quae
1068 1781 1274 1856 [vel]-ei
1301 1793 1532 1852 quoque,
1557 1777 1641 1834 vel
1668 1777 1720 1833 ei

137 1887 394 1945 {utesse
435 1878 800 1938 tantummodo
850 1875 1186 1947 apertissimo
1240 1877 1590 1942 congruant:
1624 1883 1652 1925 s

137 1996 281 2039 cum
309 1978 379 2034 ab
401 1978 577 2048 specie
605 1973 858 2030 transitur
898 1969 965 2026 ad
1007 1983 1207 2041 genus,
1249 1968 1400 2039 quasi
1435 1967 1613 2044 adhuc
1655 1964 1724 2022 de

140 2072 344 2143 specie
368 2069 617 2138 loquente
642 2064 939 2134 Scriptura,
975 2061 1046 2118 ibi
1073 2060 1303 2132 vigilare
1323 2058 1482 2115 debet
1508 2057 1722 2114 lectoris

144 2162 417 2227 intentio,
449 2174 517 2215 ne
547 2165 749 2228 quaerat
775 2156 827 2211 in
856 2154 1036 2224 specie
1062 2151 1202 2221 quod
1239 2151 1293 2205 in
1318 2164 1514 2222 genere
1543 2156 1727 2219 potest

145 2252 359 2308 melius
386 2259 443 2306 et
481 2249 680 2305 ceitius
725 2246 981 2302 invenire.
1028 2242 1205 2299 Facile
1249 2250 1331 2298 est
1355 2240 1549 2312 quippe
1592 2239 1720 2296 illud

149 2343 314 2414 Quod
341 2342 415 2396 ait
439 2341 693 2411 propheta
726 2334 974 2392 Ezechiel
999 2349 1014 2388 :
1042 2333 1236 2388 Domus
1264 2330 1428 2386 lsrael
1465 2329 1726 2385 habitavit

145 2431 210 2488 in
246 2443 413 2496 terra,
444 2437 498 2485 et
520 2429 822 2498 polluerunt
867 2423 1010 2480 illam
1038 2423 1092 2479 in
1122 2423 1209 2477 via
1243 2435 1360 2488 sua,
1389 2428 1445 2478 et
1483 2420 1536 2476 in
1567 2419 1728 2476 idolis

147 2524 297 2591 snie,
323 2531 378 2578 et
404 2519 638 2592 peccatis
665 2518 818 2572 suis:
847 2514 1136 2592 secundum
1162 2509 1550 2568 immunditiam
1577 2523 1729 2565 men-

149 2621 388 2669 struatze
411 2591 548 2666 facta
593 2616 675 2664 est
702 2607 786 2662 via
826 2620 1014 2662 eorum
1053 2591 1177 2662 ante
1206 2601 1395 2658 faciem
1435 2615 1641 2666 meam,
1671 2609 1728 2657 et

151 2704 329 2762 ell'adi
371 2703 503 2757 iram
533 2715 704 2757 meam
735 2712 894 2768 super
917 2711 1042 2762 eos,
1086 2706 1140 2754 et
1175 2695 1400 2766 dispersi
1436 2694 1556 2750 illos
1585 2693 1728 2751 inter

156 2799 437 2863 lationes,
467 2805 521 2850 et
543 2792 798 2850 ventilavi
821 2805 915 2848 eos
936 2790 989 2845 in
1020 2790 1262 2861 regiones
1298 2786 1591 2844 secundum
1613 2785 1728 2842 vias

157 2884 378 2952 eorum,
411 2894 480 2961 et,
512 2884 804 2940 secundum
852 2889 1067 2949 peccata
1115 2892 1299 2934 eorum
1344 2877 1574 2948 iudicavi
1611 2892 1726 2946 eos;

156 2979 325 3035 facile
366 2988 447 3033 cst
495 2975 788 3047 (inquam)
840 2972 945 3030 hoc
991 2971 1290 3043 intelligere
1325 2971 1394 3028 de
1430 2972 1520 3028 illa
1568 2971 1730 3031 domo

157 3067 356 3135 Israel,
387 3068 453 3123 de
478 3082 582 3137 qua
605 3065 737 3120 dicit
766 3062 1054 3132 Apostolus
1078 3078 1092 3115 :
1112 3061 1504 3127 'Videteisrael
1534 3077 1730 3127 secun-

158 3159 295 3214 dum
321 3171 558 3218 carnem;
587 3153 706 3225 quia
726 3153 842 3208 hac
867 3151 1041 3206 omnia
1069 3149 1299 3205 carnalis
1318 3151 1540 3220 populus
1561 3151 1727 3207 Israel

160 3259 224 3303 et
250 3247 378 3303 fe.it
396 3256 448 3300 et
471 3260 656 3315 passus
680 3251 795 3310 est;
838 3242 944 3297 alia
981 3242 1145 3297 etiam
1175 3255 1293 3312 quae
1318 3252 1613 3308 sequuntur
1641 3244 1727 3298 ei-

159 3340 290 3397 dem
319 3326 684 3408 intelliguntur
709 3334 902 3409 populo
927 3334 1216 3390 convenire
1246 3350 1260 3386 :
1290 3334 1382 3388 sed
1407 3329 1527 3389 cum
1551 3348 1730 3403 cmpe-

160 3429 243 3496 rit,
279 3428 459 3483 dicere
490 3445 503 3480 :
536 3426 604 3482 Et
649 3422 991 3488 sanetilicabo
1028 3437 1220 3503 nomen
1263 3437 1438 3478 meum
1483 3420 1727 3479 sanctum

160 3516 302 3575 illud
348 3531 618 3585 magnum,
665 3515 806 3586 quod
853 3513 1109 3584 pollutum
1155 3521 1240 3570 est
1277 3514 1418 3570 inter
1459 3513 1728 3582 nationes,

163 3607 312 3679 quod
349 3606 609 3677 poilnistis
646 3606 700 3660 in
740 3603 917 3660 medio
955 3619 1168 3668 earum,
1212 3612 1266 3658 et
1311 3605 1484 3659 scient
1518 3613 1730 3674 gentes,

162 3698 422 3769 quoniam
451 3711 550 3767 ego
573 3711 690 3750 sum
725 3696 976 3750 Dominus
1003 3693 1146 3764 :jam
1179 3693 1415 3751 intentus
1433 3693 1593 3749 debet
1610 3709 1734 3749 esse

163 3788 259 3858 qui
284 3783 410 3856 legit
437 3783 882 3856 quemadmodum
904 3777 1110 3853 species
1138 3783 1444 3850 excedatttr,
1471 3792 1524 3840 et
1544 3783 1736 3855 adjun-

164 3885 329 3946 getur
366 3889 572 3944 genus;
605 3873 844 3942 sequitur
873 3873 1012 3927 enim
1042 3881 1098 3928 et
1123 3873 1250 3928 dicit
1279 3888 1294 3927 :
1343 3873 1474 3928 Dum
1502 3875 1737 3929 sanctiﬁ-

167 3966 338 4020 cabor
359 3966 412 4018 in
435 3964 586 4018 vobis
611 3973 735 4018 ante
750 3963 935 4018 oculos
954 3977 1162 4029 eorum,
1188 3973 1240 4018 et
1260 3964 1514 4033 accipiam
1542 3979 1636 4025 vos
1664 3964 1735 4022 de

168 4056 421 4126 gentibus
443 4097 459 4121 ,
496 4064 549 4110 ct
575 4054 910 4123 congregabo
939 4066 1036 4108 vos
1073 4066 1136 4107 ex
1165 4054 1410 4109 omnibus
1441 4055 1632 4119 terris,
1682 4064 1738 4110 et

171 4147 424 4204 inducam
455 4160 550 4200 vos
590 4146 643 4199 in
688 4153 886 4199 terram
915 4152 1185 4211 ‘vestram,
1233 4154 1288 4200 et
1323 4160 1600 4215 aspergam
1638 4161 1735 4201 vos

169 4251 311 4308 aqua
339 4234 554 4299 munda,
581 4241 636 4290 et
657 4231 1038 4288 mundabimini
1061 4233 1128 4289 ab
1153 4234 1403 4290 omnibus
1433 4235 1735 4292 simulacris

171 4328 388 4391 vestris,
433 4333 488 4381 et
514 4322 784 4380 mundabo
811 4337 929 4395 vos,
974 4332 1029 4378 et
1055 4325 1192 4379 dabo
1215 4325 1367 4380 vobis
1393 4339 1488 4380 eor
1514 4331 1734 4395 novum,

172 4430 228 4475 et
253 4418 499 4488 spiritum
531 4431 726 4471 novum
755 4415 894 4470 dabo
916 4415 968 4469 in
1000 4430 1111 4482 vos,
1141 4423 1195 4471 et
1218 4415 1452 4472 auferam
1479 4421 1574 4471 cor
1602 4417 1735 4486 lapi-

170 4508 332 4565 deum
363 4508 433 4562 de
472 4519 632 4560 carne
660 4515 858 4571 vestra,
885 4513 939 4560 et
979 4504 1116 4561 dabo
1143 4505 1295 4560 vobis
1329 4519 1423 4562 cor
1451 4520 1731 4572 carneum,

170 4610 226 4656 et
250 4597 506 4667 Spiritum
537 4612 713 4650 meum
754 4596 894 4652 dabo
929 4596 982 4650 in
1010 4604 1209 4656 vos.‘ct
1236 4597 1420 4652 faciam
1453 4607 1511 4652 ut
1538 4597 1590 4652 in
1616 4597 1735 4667 jusé

171 4689 306 4744 litiis
355 4686 488 4741 meis
524 4686 827 4749 ambuletis,
858 4695 911 4740 et
944 4686 1145 4755 judicia
1186 4702 1303 4742 mea
1341 4688 1653 4744 custodiatis
1679 4699 1735 4746 et

171 4779 401 4845 faeiatis,
446 4786 500 4832 et
541 4776 848 4831 habitahitis
887 4776 940 4830 in
969 4786 1108 4833 terra
1135 4793 1290 4847 quam
1321 4779 1441 4834 dedi
1495 4780 1737 4849 patribus

171 4870 398 4936 vestris,
429 4879 484 4923 et
509 4868 656 4924 eritis
676 4867 804 4936 mihi
849 4868 903 4921 in
927 4868 1196 4942 populum,
1230 4878 1286 4924 et
1316 4885 1417 4941 ego
1460 4888 1557 4927 ero
1588 4875 1738 4930 vobis

173 4963 226 5018 in
258 4963 446 5024 Deum,
493 4970 548 5015 et
577 4946 844 5015 mandabo
869 4973 965 5014 vos
988 4975 1052 5038 ex
1097 4961 1344 5017 omnibus
1383 4965 1734 5023 immunditiis

173 5052 388 5106 vestris.
421 5049 530 5105 Hoc
554 5051 622 5105 de
653 5050 800 5106 Novo
823 5050 1165 5106 Testamento
1190 5067 1308 5107 esse
1330 5056 1733 5126 prophetatum,

174 5141 240 5193 ad
267 5139 412 5211 quod
438 5141 666 5207 pertinet
690 5155 796 5194 non
820 5139 990 5203 solum
1022 5156 1124 5196 una
1142 5158 1273 5211 gens
1296 5144 1383 5199 illa
1414 5146 1465 5201 in
1493 5147 1733 5218 reliquiis

171 5229 308 5295 suis,
335 5229 403 5282 dc
428 5229 618 5299 quibus
651 5229 776 5283 alibi
818 5230 1072 5298 scriptum
1102 5242 1186 5287 est
1219 5251 1231 5288 :
1262 5233 1319 5291 Si
1347 5236 1501 5292 fuerit
1533 5254 1733 5296 nume-

172 5334 265 5373 rus
292 5317 522 5372 tiliorum
553 5319 712 5372 Israel
737 5319 875 5373 sicut
900 5334 1060 5376 arena
1092 5326 1275 5394 maris,
1309 5327 1548 5398 reliquiae.
1570 5334 1733 5389 salva:

176 5412 339 5475 ﬂant;
383 5426 565 5463 verum
606 5411 766 5464 etiam
809 5421 1014 5466 cetera:
1065 5425 1250 5484 gentes
1292 5434 1411 5488 qua:
1459 5426 1735 5491 promissa

175 5510 304 5557 sunt
333 5498 571 5570 patribus
594 5515 801 5566 eorum,
822 5503 1084 5570 quietiam
1116 5508 1282 5560 nostri
1309 5518 1453 5575 sunt,
1487 5526 1591 5566 non
1620 5528 1733 5568 am-

178 5595 300 5666 bigit
317 5589 557 5663 quisquis
579 5591 830 5658 intuetur,
857 5603 912 5650 et
925 5595 1190 5652 lavacrum
1215 5604 1634 5668 regenerationis
1649 5605 1734 5662 hic

1815 482 2144 539 Testamenti
2174 479 2307 535 Novi
2350 478 2573 548 gratiam
2602 475 3025 538 commendaret,
3067 481 3124 527 ut
3153 472 3205 527 in
3233 475 3390 526 com-"
3422 491 3426 500 ’

1814 574 2089 643 paratione
2144 567 2354 625 Veteris
2401 567 2660 622 emineret
2710 583 2724 621 :
2770 565 3006 637 Epistula
3052 573 3234 620 nostra
3285 578 3382 617 vos

1815 664 1963 730 estis,
2005 662 2200 732 scripta
2230 675 2336 715 non
2365 667 2688 725 atramento,
2735 657 2831 715 sed
2875 658 3079 724 Spiritu
3111 655 3206 712 Dei
3249 656 3381 723 vivi,

1815 769 1921 809 non
1944 752 2000 809 in
2026 752 2224 807 lal.ulis
2243 749 2502 822 lapideis,
2531 749 2626 804 sed
2655 749 2707 804 in
2730 748 2922 804 tabulis
2948 749 3126 805 cordia
3147 749 3376 804 carnali-

1814 845 1934 912 bus,
1968 845 2089 899 hinc
2116 857 2237 900 esse
2265 840 2483 911 respicit
2506 848 2561 895 et
2592 837 2842 909 perspicit
2869 840 3086 894 ductum
3111 835 3379 909 {dictum},

1814 935 1905 991 ubi
1949 935 2050 990 iste
2080 933 2336 1004 propheta
2377 929 2550 985 dicit:
2584 928 2733 985 Dabo
2775 928 2930 984 vobis
2968 942 3062 984 cor
3100 944 3294 984 novum
3327 940 3384 983 et

1815 1024 2058 1094 spiritum
2099 1036 2293 1079 novum
2322 1020 2460 1077 dabo
2489 1019 2542 1075 in
2570 1032 2701 1086 vos,
2737 1027 2793 1074 et
2837 1016 3076 1074 auferam
3111 1031 3206 1073 cor
3241 1018 3376 1087 lapi-

1815 1113 1972 1170 deum
1983 1113 2051 1170 de
2066 1126 2227 1168 carne
2239 1117 2498 1176 vestra,et
2508 1109 2646 1164 dabo
2667 1107 2819 1164 vobis
2838 1121 2932 1162 cor
2943 1121 3215 1162 carneum.
3233 1105 3382 1161 Unde

1817 1205 1893 1259 ait
1917 1203 2235 1274 Apostolus:
2262 1201 2483 1258 Tabulis
2518 1199 2697 1256 cordis
2723 1196 3051 1263 carnalibus;
3077 1212 3171 1254 cor
3189 1197 3385 1268 quippe
3453 1271 3458 1277 _

1818 1307 2073 1348 carneutn
2117 1306 2151 1347 a
2185 1291 2349 1348 corde
2392 1290 2602 1362 lapideo
2628 1288 2798 1344 voluit
2820 1287 2928 1343 vita
2975 1288 3236 1343 sentiente
3269 1288 3384 1341 dis-

1819 1382 1988 1448 cerni,
2033 1389 2089 1436 et
2127 1396 2219 1450 per
2257 1380 2419 1441 vitam
2467 1366 2788 1436 sentientem
2836 1376 3155 1449 signiﬁcavit
3189 1375 3384 1432 intelli~

1818 1479 2029 1542 gvntem
2048 1487 2063 1525 :
2080 1470 2157 1527 sic
2185 1469 2245 1526 iit
2271 1469 2430 1527 Israel
2456 1470 2729 1540 spiritalis,
2756 1483 2864 1526 non
2883 1469 3044 1525 unius
3063 1465 3262 1538 gentis,
3287 1470 3381 1522 sed

1820 1562 2058 1618 omnium
2089 1575 2208 1632 qua
2253 1562 2527 1632 promissa:
2563 1568 2690 1616 sunt
2716 1559 2954 1630 patrihus
2992 1555 3046 1614 in
3072 1571 3258 1615 eorum
3296 1572 3382 1612 se-

1821 1655 1965 1710 mine
1985 1652 2128 1724 quod
2155 1663 2237 1709 est
2257 1651 2524 1732 Christus.
2556 1650 2653 1706 llic
2677 1665 2805 1722 ergo
2846 1649 3005 1707 Israel
3033 1647 3286 1732 spiritalis
3314 1653 3382 1702 an

1753 1774 1800 1835 Β
1825 1743 1917 1799 illo
1940 1741 2101 1798 Israel
2134 1741 2336 1797 carnali
2365 1728 2456 1812 qui
2484 1750 2566 1796 est
2593 1740 2750 1795 unius
2782 1739 2956 1810 gentis
2985 1728 3217 1795 novitate
3255 1753 3380 1808 gra-

1653 1829 1720 1925 εξ
1753 1829 1795 1835 ⁷
1826 1835 1932 1902 tiu,
1951 1849 2056 1890 non
2070 1831 2349 1890 nobilitate
2365 1831 2570 1902 patrire,
2585 1841 2642 1888 ct
2661 1841 2861 1899 mente,
2878 1844 2982 1908 non
3002 1840 3180 1902 gente,
3199 1829 3384 1883 distin-

1820 1923 2021 1995 guitur,
2050 1923 2145 2000 sed
2174 1921 2402 1979 altitudo
2445 1921 2751 1994 prophetica
2771 1961 2789 1988 ,
2833 1921 2959 1976 dum
2989 1920 3057 1976 de
3083 1920 3173 1974 illo
3202 1918 3285 1975 vel
3315 1922 3381 1974 ad

1819 2021 1969 2078 illum
1993 2020 2248 2091 loquitur,
2289 2018 2520 2096 latenter
2547 2018 2737 2098 transit
2760 2017 2827 2074 ad
2857 2017 3028 2085 hunc;
3053 2025 3253 2084 etcum
3277 2017 3385 2087 jam

1820 2114 1889 2170 de
1916 2113 2016 2169 isto
2045 2113 2129 2169 vel
2157 2112 2224 2168 ad
2262 2112 2420 2168 istum
2465 2113 2733 2182 loquatur,
2780 2109 2954 2166 adhuc
2996 2110 3065 2165 de
3095 2109 3185 2164 illo
3215 2101 3382 2164 velati

1819 2201 1972 2257 illum
2000 2200 2204 2257 videtur
2248 2200 2408 2270 loqui,
2463 2214 2570 2256 non
2612 2199 2944 2255 intellectum
2994 2198 3384 2267 Scripturarum

1821 2290 1975 2348 nobis
1998 2290 2149 2360 quasi
2176 2291 2441 2346 hostiliter
2481 2289 2761 2359 invidens,
2810 2289 2904 2346 sed
2932 2303 3186 2345 exercens
3217 2290 3384 2344 med:-

1821 2379 2065 2459 cinaliter
2089 2377 2226 2452 [cor]
2258 2389 2512 2459 nostrum.
2544 2378 2698 2437 Unde
2726 2368 2800 2444 et
2826 2379 2953 2435 illud
2983 2378 3124 2449 quod
3166 2379 3281 2449 ait,
3318 2379 3384 2433 ει

1823 2457 2068 2533 inducam
2102 2484 2192 2526 ros
2218 2469 2270 2525 in
2303 2457 2498 2525 terram
2527 2458 2875 2536 vestram,“
2904 2472 3063 2538 paulo
3095 2461 3246 2541 post,‘
3267 2482 3384 2525 tan-

1824 2573 1982 2633 quam
2019 2559 2070 2614 id
2096 2559 2270 2630 ipsum
2306 2569 2574 2630 repetens,
2616 2559 2686 2614 Et
2722 2558 3066 2628 babitabitis,
3097 2559 3301 2631 inquit,
3334 2561 3386 2614 in

1827 2659 1966 2706 terra
1996 2663 2150 2719 quam
2178 2648 2300 2705 dedi
2331 2643 2572 2718 patribus
2600 2647 2816 2715 vestris,
2848 2664 2953 2703 nos
2978 2648 3286 2711 carnaliter,
3314 2648 3388 2704 si-

1826 2746 1920 2795 cut
1947 2739 2179 2795 carnalis
2219 2738 2405 2808 lsrael,
2449 2738 2544 2794 sed
2580 2738 2909 2810 spiritaliter,
2955 2739 3094 2795 sicut
3134 2740 3388 2810 spiritalis

1828 2829 2013 2899 israel,
2045 2829 2302 2886 debemus
2324 2823 2588 2900 accipere.
2636 2825 2884 2885 Ecclesia
2913 2829 3111 2901 quippe
3140 2831 3256 2887 sine
3277 2847 3376 2887 ma.

1828 2921 1947 2978 cuia
1989 2929 2044 2976 et
2076 2934 2228 2990 ruga,
2252 2925 2325 2976 ex
2355 2920 2604 2976 omnibus
2642 2920 2886 2991 gentibus
2927 2923 3274 2993 congregata,
3306 2916 3390 2977 at-

1830 3026 1933 3085 que
1979 3011 2034 3067 in
2076 3021 2344 3068 aeternum
2374 3020 2656 3083 regnatura
2704 3024 2826 3082 cum
2875 3005 3110 3087 Ciniato,
3159 3011 3273 3081 ipsa
3310 3021 3390 3068 est

1755 3133 1801 3197 ο
1831 3112 1975 3159 terra
2019 3091 2319 3168 braturen't,
2365 3109 2507 3187 terra
2539 3099 2855 3165 viventium,
2905 3098 3017 3170 ipsa
3051 3094 3390 3171 intelligenda

1829 3201 1911 3248 est
1947 3189 2184 3262 patribus
2218 3179 2376 3257 data,
2425 3190 2637 3261 quando
2679 3190 2758 3245 eis
2786 3200 2934 3245 certa
2980 3197 3035 3244 et
3076 3188 3392 3245 immutabili

1829 3277 1922 3335 Dei
1953 3279 2225 3334 voluntate
2270 3277 2533 3347 promissa
2570 3286 2654 3334 est
2679 3293 2695 3332 :
2720 3275 2969 3348 quoniam
3006 3277 3120 3348 ipsa
3167 3279 3396 3348 promis-

1829 3368 1996 3424 sionis
2035 3369 2117 3425 vel
2155 3363 2643 3438 praedestinationis
2686 3366 2936 3422 ﬁrmitate
2972 3367 3084 3436 jam
3124 3367 3247 3423 'data
3290 3381 3392 3431 εει,

1829 3474 1948 3529 qua:
1974 3447 2147 3533 danda
2175 3473 2275 3515 suo
2305 3467 2545 3528 tempore
2571 3470 2599 3510 a
2626 3455 2867 3528 patribus
2895 3449 3096 3513 credita
3122 3464 3224 3523 est,
3256 3455 3394 3513 sicut

1835 3548 1929 3604 Dei
1957 3549 2070 3619 ipsa
2094 3556 2261 3620 grata
2285 3561 2405 3618 qua
2429 3545 2630 3602 sanctis
2653 3543 2808 3602 datur
2833 3538 3074 3603 scribens
3114 3546 3180 3615 ad
3209 3547 3395 3602 Timo-

1836 3639 2017 3694 theum
2055 3639 2344 3709 Apostolus
2367 3636 2442 3693 ait
2472 3654 2487 3692 :
2516 3636 2630 3693 Non
2669 3635 2961 3694 secundum
2988 3645 3169 3710 opera
3192 3641 3396 3703 nostra,

1790 3774 1797 3785 .
1835 3733 1930 3789 sed
1957 3731 2247 3788 secundum
2274 3747 2428 3786 suum
2456 3728 2785 3817 propositum
2814 3739 2871 3787 et
2890 3729 3110 3800 g'ratiam
3132 3748 3248 3803 qua:
3274 3733 3394 3817 data

1835 3831 1918 3878 est
1947 3822 2101 3877 nobis
2130 3821 2184 3876 in
2217 3821 2433 3876 Christo
2459 3810 2607 3886 J'esu,
2655 3829 2779 3878 ante
2807 3822 2998 3877 stecula
3026 3832 3248 3890 aeterna,
3278 3810 3394 3880 rna-

1835 3913 2076 3975 uitestata
2113 3920 2290 3966 autem
2335 3925 2475 3967 nunc
2514 3925 2610 3982 per
2636 3910 2921 3966 adventum
2959 3910 3254 3968 Salvatoris
3296 3931 3395 3968 lto-

1834 4001 1948 4056 stii.
1983 4001 2164 4055 Datam
2189 4001 2323 4079 dixit
2349 4001 2573 4072 gratiam
2599 4041 2616 4068 ,
2663 4001 2875 4071 quando
2904 4016 3004 4058 nec
3029 4009 3185 4059 erant
3223 4003 3396 4061 adhuc

1835 4080 2026 4161 quibus
2077 4091 2330 4157 daretur,
2377 4091 2627 4164 quoniam
2667 4091 2721 4146 in
2766 4092 3114 4163 dispositione
3151 4109 3216 4150 ac
3259 4110 3397 4166 prae-

1839 4183 2192 4239 dcstinatione
2219 4182 2316 4259 Dei
2339 4183 2449 4252 jam
2493 4183 2688 4240 factum
2729 4196 2841 4241 erat
2868 4187 3009 4256 quod
3037 4202 3133 4242 suo
3160 4198 3398 4258 tempore

1839 4272 2070 4328 futurum
2094 4281 2230 4339 erat,
2252 4272 2391 4342 quod
2408 4288 2527 4329 esse
2551 4274 2682 4329 dicit
2707 4275 3118 4353 manifestatum.
3148 4277 3411 4344 Quamhis

1840 4366 1956 4418 haec
1981 4365 2183 4434 possint
2211 4364 2433 4435 intelligi
2449 4365 2588 4422 etde
2612 4374 2751 4422 terra
2779 4366 2937 4422 futuri
2965 4369 3166 4430 seculi,
3189 4371 3411 4437 quando

1767 4484 1817 4545 υ
1841 4453 1944 4545 erit
1970 4455 2162 4510 caelum
2193 4469 2387 4511 novum
2427 4466 2481 4511 et
2510 4463 2650 4510 terra
2682 4470 2838 4521 nova,
2871 4456 2924 4511 in
2951 4473 3052 4527 qua
3082 4456 3266 4528 iniusti
3319 4462 3409 4511 ha-

1841 4543 2014 4599 bitare
2049 4560 2153 4600 non
2192 4553 2463 4614 poterunt.
2496 4545 2562 4599 Et
2587 4545 2706 4600 idco
2736 4556 2877 4600 res-te
2902 4545 3094 4600 dicitur
3132 4549 3234 4616 piis
3273 4562 3356 4617 qn-
3381 4551 3411 4599 ιι

1852 4634 1968 4703 ipsa
1997 4635 2066 4689 sit
2095 4644 2236 4691 terra
2266 4651 2472 4697 eorum,
2501 4651 2616 4705 qua:
2637 4636 2743 4690 ulla
2771 4651 2830 4691 es
2862 4652 2945 4706 pat
2962 4645 3012 4693 te
3038 4653 3143 4694 non
3174 4640 3276 4694 erit
3318 4639 3408 4691 im-

1841 4724 2079 4792 pinrum,
2129 4726 2249 4794 quia
2295 4734 2349 4781 et
2393 4726 2501 4793 ipsa
2556 4725 2802 4780 similiter
2851 4726 2971 4779 data
3024 4738 3134 4791 cst,
3186 4727 3411 4796 quando

1840 4813 2012 4868 danda
2027 4813 2227 4892 firmata
2248 4823 2344 4868 est.
2371 4815 2622 4879 Qu'ntam
2642 4813 2947 4885 Tyehonius
2975 4818 3205 4888 regulam
3223 4832 3326 4885 pon
3346 4816 3408 4875 it’.

1841 4917 1998 4971 qttam
2028 4902 2096 4956 de
2137 4901 2487 4972 Temporibus
2524 4905 2782 4974 appellat,
2827 4916 2931 4975 qua
2958 4906 3135 4976 regula
3167 4896 3399 4974 plerum;

1841 5006 1946 5062 quo
1991 4991 2216 5046 inveniri
2260 4992 2342 5048 vel
2373 4992 2566 5063 conjici
2613 4995 2783 5064 possit
2813 4995 2984 5050 latens
3015 4995 3065 5049 in
3107 4994 3396 5062 Scripturis

1839 5082 2035 5136 sanctis
2062 5082 2329 5151 quantitas
2368 5092 2688 5152 temporum.
2740 5085 2952 5140 Duobus
2992 5084 3169 5140 autem
3213 5084 3395 5138 modis

1841 5171 2016 5237 vigere
2040 5170 2169 5226 dicit
2197 5173 2331 5227 hanc
2357 5172 2459 5244 57
2489 5175 2748 5245 regulam,
2779 5180 2867 5228 aut
2896 5182 3050 5242 tropo
3109 5175 3394 5249 συνικδοχῇ

1839 5270 1929 5316 aut
1971 5264 2218 5332 legitimis
2265 5267 2546 5321 numeris:
2580 5278 2734 5336 tropo
2785 5266 3012 5338 [tropus]
3054 5270 3391 5340 synecdoche

1843 5362 1930 5406 aut
1957 5366 1985 5404 a
2017 5363 2165 5420 parte
2199 5363 2366 5409 totum
2395 5366 2486 5409 aut
2525 5370 2553 5409 a
2589 5367 2696 5410 teto
2738 5363 2940 5424 partem
2975 5355 3102 5410 facit
3145 5357 3391 5426 intelligi,

1840 5443 1976 5497 sicut
2006 5458 2145 5498 unus
2191 5445 2521 5513 evangelista
2568 5453 2686 5515 post
2728 5445 2841 5499 dies
2870 5455 2991 5500 octo
3036 5449 3226 5527 factpn't
3265 5448 3392 5501 dicit

1839 5532 1978 5598 quod
2003 5531 2139 5587 alius
2168 5544 2285 5602 pust
2311 5534 2425 5590 dies
2447 5550 2561 5600 sex,
2591 5534 2801 5603 quando
2832 5534 2883 5590 iu
2909 5544 3111 5599 monte,
3155 5537 3392 5604 discipu-

1794 5618 1799 5622 ”
1839 5619 1903 5673 iis
1921 5627 2124 5677 tantum
2153 5624 2317 5681 tribus
2342 5623 2710 5695 praesentibus,
2742 5623 2903 5680 facies
2931 5625 3134 5680 Domini
3165 5624 3311 5681 fulsit
3340 5638 3391 5682 ut

177 5683 350 5761 Ῑδίηε]
376 5686 1036 5788 αιξμιζτῇῄίεεεςρρίςυοςι
1064 5703 1203 5752 nunc
1229 5690 1465 5752 videmus
1483 5697 1730 5757 omnibus
1836 5706 1952 5779 sol,
1979 5716 2032 5765 et
2061 5683 2373 5769 vestimenta
2410 5712 2528 5783 ejus
2559 5721 2618 5768 ut
2645 5683 2734 5769 nix
2767 5729 2783 5768 :
2812 5723 3092 5788 utrumque
3122 5717 3263 5771 enim
3305 5731 3395 5773 ve-

445 5763 712 5828 Ριτιιοι..
759 5761 951 5828 LXII.
1004 5763 1008 5771 ’

2803 5802 2927 5866 31’
