3904 6224
564 272 657 327 971

1627 272 1683 326 D.
1730 268 2042 326 EUGYPPII
2085 272 2378 331 ABDATIS
2415 275 2735 334 Al-‘RICANI

3696 287 3779 340 97?

558 405 674 445 tum
704 403 820 444 esse
845 401 950 442 non
983 395 1160 454 posset
1188 385 1325 454 quod
1358 384 1424 438 dc
1449 398 1673 438 numero
1697 384 1904 437 dierum
1927 384 2122 439 dictum
2155 400 2200 457 Α
2232 385 2500 453 paradiso,
2532 397 2636 443 etc.
2675 391 2798 444 Post
2841 390 2938 445 ista
2978 391 3120 446 enim
3153 390 3312 456 facta,
3365 389 3437 445 ibi
3466 399 3548 445 cst
3600 395 3775 459 positus

557 491 660 541 est,
688 479 787 532 nisi
813 478 902 532 ille
925 477 1012 547 qui
1041 476 1172 529 dixit
1198 475 1322 528 Post
1352 475 1383 528 d
1409 488 1466 528 es
1486 483 1628 540 octo,
1655 473 1984 542 intelligatur
2012 490 2132 544 par-

561 576 665 622 tem
697 566 1036 620 ttovissimam
1051 564 1154 618 diei
1172 577 1238 617 ex
1258 578 1363 632 quo
1388 564 1436 617 id
1460 561 1708 616 Christus
1729 563 1975 631 praedixit
1995 564 2129 617 lutu-

568 673 702 717 rum.
739 666 789 711 et
821 664 1023 723 partem
1057 656 1279 722 primam
1312 654 1414 710 diei
1459 669 1565 724 quo
1597 656 1647 708 id
1678 656 1911 710 ostendit
1941 657 2130 724 imple-

561 758 690 812 tum,
720 761 815 816 pro
843 747 968 801 totis
984 747 1169 801 diebus
1187 747 1392 801 duobus
1416 756 1574 817 atque
1597 748 1817 818 integris
1843 747 2086 816 posuisse
2110 762 2126 807 ι

560 841 603 892 is
633 852 757 892 vero
783 837 872 906 qui
919 837 1052 891 dixit
1096 834 1222 891 Post
1251 835 1367 891 dies
1398 851 1490 892 sex
1513 877 1528 902 ,
1572 837 1808 906 integros
1849 849 2036 890 omnes
2073 843 2129 890 et

560 937 715 993 totos,
753 928 846 982 sed
881 929 1026 984 solos
1044 928 1245 984 medios
1272 938 1633 999 computasse.
1664 929 1772 983 lloc
1797 930 2124 984 modolocu-

561 1021 715 1076 tionis
741 1037 846 1093 quo
889 1023 1218 1093 significatur
1252 1040 1282 1079 a
1324 1033 1475 1094 parte
1520 1034 1704 1088 totum,
1739 1023 1896 1078 etiam
1945 1024 2035 1077 illa
2057 1022 2126 1076 de

560 1112 1151 1170 resurrectioneChristi
1181 1115 1404 1170 solvitur
1433 1114 1688 1181 quaestio:
1716 1128 1836 1182 pars
1866 1113 2006 1166 enim
2032 1128 2122 1167 no-

560 1202 771 1257 vissima
804 1202 933 1270 diei,
976 1218 1083 1274 quo
1109 1217 1297 1274 passus
1328 1213 1432 1274 est,
1463 1202 1564 1257 nisi
1598 1216 1693 1271 pro
1733 1209 1842 1255 toto
1871 1200 1956 1253 dic
1986 1201 2124 1254 acci-

557 1294 749 1363 piatur,
777 1293 828 1347 id
852 1303 935 1348 est
956 1294 1206 1364 adjuncta
1237 1293 1398 1348 etiam
1424 1301 1580 1348 nocte
1607 1293 1900 1361 praeterita,
1934 1299 1987 1345 et
2019 1306 2120 1344 nox

554 1385 606 1440 in
632 1386 784 1456 cujus
810 1394 959 1455 parte
982 1385 1167 1441 ultima
1198 1384 1512 1448 resurrexit;
1537 1385 1639 1438 nisi
1669 1392 1810 1437 totus
1841 1383 1956 1436 dies
1982 1383 2121 1435 acri-

552 1479 746 1547 piatur,
777 1476 1030 1546 adjuncto
1073 1477 1278 1533 scilicet
1310 1476 1399 1532 die
1429 1476 1777 1530 illucescente
1824 1473 2116 1538 dominico,

551 1581 656 1621 non
688 1575 909 1636 possunt
948 1582 1068 1623 esse
1108 1577 1216 1624 tres
1244 1567 1357 1622 dies
1387 1575 1439 1622 et
1467 1575 1574 1622 tres
1601 1574 1807 1632 noctes,
1839 1564 2032 1635 quibus
2061 1579 2120 1619 se

548 1660 600 1713 itt
627 1658 786 1713 corde
818 1668 976 1713 terra:
1017 1659 1261 1728 prmdixit
1306 1658 1564 1714 futurum.
1605 1657 1897 1728 Legitimos
1941 1664 2116 1710 autem

2234 475 2414 546 homo,
2462 479 2599 534 sicut
2642 496 2780 536 nunc
2803 483 2935 538 ordo
2967 486 3077 552 ipse
3115 487 3451 541 demonstrat
3485 501 3496 534 :
3532 499 3634 538 non
3676 498 3772 554 post

2233 568 2501 623 hominem
2536 569 2609 623 ibi
2641 573 2868 639 positum
2901 573 3035 628 facta
3069 588 3190 630 sunt
3223 578 3346 642 ista,
3383 576 3522 628 sicut
3554 576 3775 640 superius

2229 656 2427 712 dictum
2471 659 2640 730 putari
2672 670 2877 730 potest,
2908 664 3010 718 nisi
3041 665 3409 734 recapitulatio
3445 665 3546 716 illic
3577 664 3772 732 vigilan-

2232 755 2313 804 ter
2365 747 2709 818 intelligatur,
2769 766 2868 820 qua
2921 753 3125 806 reditur
3175 755 3240 808 ad
3295 770 3358 809 ea
3415 769 3534 822 qua:
3589 750 3772 805 [uetant

2228 839 2606 907 praetermissa.
2639 836 2875 908 itemque
2898 839 2951 892 in
2983 842 3170 896 eodem
3200 842 3354 905 libro,
3399 857 3522 896 cum
3556 855 3768 894 contine-

2229 944 2563 985 morarentur
2592 935 2962 1002 generationes
2992 933 3221 988 liliorum
3253 933 3387 1002 Noe,
3428 935 3624 988 dictum
3655 945 3729 988 est
3755 949 3766 985 :

2229 1021 2288 1075 lli
2321 1021 2413 1077 filii
2435 1021 2598 1077 Cltam
2628 1025 2680 1079 iit
2711 1023 2950 1079 tribubus
2980 1028 3121 1093 suis,
3156 1027 3453 1081 secundum
3489 1029 3702 1096 linguas,
3729 1042 3765 1077 ut

2227 1113 2529 1183 regionibus
2552 1116 2684 1182 suis,
2715 1128 2770 1169 et
2799 1116 2848 1170 in
2876 1117 3121 1184 gentibus
3145 1119 3278 1173 suis.
3310 1118 3764 1184 Enumerattsquo-

2226 1221 2327 1274 que
2358 1205 2480 1260 [iliis
2504 1207 2650 1274 Sem,
2680 1207 2874 1263 dicitur
2896 1207 3182 1280 [sequitur]
3208 1228 3220 1262 :
3257 1210 3315 1263 lli
3349 1209 3440 1264 lilii
3467 1210 3517 1264 S.
3542 1227 3590 1262 nt
3616 1212 3661 1263 in
3693 1212 3766 1262 tri-

2226 1298 2397 1354 bubus
2435 1300 2564 1363 suis,
2616 1299 2909 1354 secundum
2953 1301 3161 1370 linguas
3207 1316 3352 1365 suas,
3388 1301 3442 1354 in
3491 1302 3767 1368 regionibus

2223 1389 2357 1451 suis,
2386 1400 2437 1443 et
2466 1391 2514 1442 in
2539 1389 2785 1459 gentibus
2811 1391 2951 1457 suis;
2995 1401 3050 1446 et
3077 1391 3376 1445 adnectitur
3403 1391 3472 1443 de
3503 1390 3762 1442 omnibus:

2223 1478 2314 1532 lite
2337 1472 2512 1533 tribus
2545 1481 2774 1535 filiorum
2807 1481 2938 1548 Noe,
2971 1481 3262 1536 secundum
3291 1481 3665 1551 generationes
3687 1495 3763 1534 eo-

2221 1584 2362 1635 rum,
2416 1573 2709 1626 secundum
2757 1581 2946 1640 gentes
3002 1586 3208 1627 eorum.
3268 1572 3352 1626 Ab
3401 1571 3488 1625 bis
3540 1571 3763 1639 dispersa

2220 1669 2347 1716 sunt
2372 1661 2555 1716 insulae
2583 1662 2821 1732 gentium
2849 1678 3009 1734 super
3036 1672 3232 1719 terram
3261 1671 3383 1733 post
3409 1662 3684 1716 diluvium.
3709 1660 3760 1713 Et

549 1767 799 1806 numeros
825 1752 950 1807 dicit
979 1767 1114 1823 quos
1139 1753 1462 1809 eminentius
1480 1751 1660 1807 divina
1676 1750 1949 1821 Scriptura
1964 1765 2110 1806 com-
2144 1767 2189 1828 Β
2218 1762 2336 1808 erat
2356 1754 2531 1808 omnis
2553 1761 2690 1808 terra
2719 1754 2913 1808 labium
2943 1770 3105 1809 unum
3123 1795 3139 1822 ,
3165 1764 3218 1809 et
3245 1770 3346 1809 vox
3377 1769 3482 1807 una
3509 1753 3755 1810 omnibus;

549 1842 783 1907 ntendat,
812 1840 947 1896 sicut
973 1843 1327 1911 septenarium
1359 1843 1441 1898 vel
1467 1842 1762 1912 denarium,
1797 1842 1879 1897 vel
1913 1841 2114 1898 duode-

549 1935 775 1998 narium,
798 1934 1172 2005 et‘quicunque
1198 1934 1287 1988 alii
1310 1941 1454 2001 sunt,
1478 1948 1614 2003 quos
1641 1935 1865 2004 legendo
1886 1935 2112 1990 studiosi

549 2025 777 2080 libenter
804 2033 1119 2095 agnoscunt.
1164 2024 1483 2093 Plerumque
1525 2027 1666 2081 enim
1707 2027 1914 2081 numeri
1956 2028 2114 2095 huius

547 2116 689 2170 modi
713 2130 806 2186 pro
834 2114 1085 2170 universo
1108 2124 1349 2185 tempore
1376 2125 1681 2186 ponuntur:
1708 2119 1863 2184 sicut,
1901 2118 2110 2188 Septies

545 2214 597 2262 iit
629 2206 717 2261 dio
766 2205 992 2260 laudabo
1039 2215 1111 2273 te,
1160 2203 1292 2260 nihil
1323 2215 1402 2261 est
1442 2207 1584 2262 aliud
1639 2222 1831 2277 quam,
1885 2209 2112 2277 Semper

544 2299 659 2353 laus
701 2298 817 2367 ejus
860 2298 913 2351 in
956 2313 1050 2352 ore
1087 2314 1228 2353 meo.
1272 2298 1624 2353 Tantuntdem
1678 2299 1855 2354 valent
1895 2310 1947 2354 et
1985 2313 2108 2355 cum

511 2422 513 2424 -
543 2389 958 2473 multiplicantur
986 2387 1100 2443 sive
1137 2403 1230 2459 per
1261 2387 1559 2453 denarium,
1605 2393 1743 2444 sicut
1774 2390 2108 2460 septuaginta

543 2491 596 2537 et
620 2481 965 2551 septingenti;
1009 2479 1149 2534 unde
1178 2491 1398 2550 possunt
1425 2491 1479 2536 et
1508 2481 1835 2551 septuaginta
1868 2483 1994 2536 anni
2021 2481 2110 2538 Je-

545 2572 727 2626 remiae
758 2587 852 2640 pro
883 2571 1132 2626 universo
1164 2579 1408 2638 tempore
1437 2571 1782 2640 spiritualiter
1805 2574 1974 2642 accipi
2004 2589 2112 2644 quo

545 2677 625 2721 est
654 2666 791 2736 apud
836 2665 1038 2720 alienos
1086 2665 1321 2719 Ecclesia
1369 2666 1531 2718 :sive
1573 2679 1664 2733 per
1694 2665 1921 2734 seipsos,
1974 2667 2112 2721 sicut

544 2760 727 2814 decem
747 2773 841 2828 per
862 2758 1045 2812 decem
1067 2766 1280 2811 centum
1305 2764 1450 2822 sunt,
1474 2767 1528 2810 et
1554 2755 1835 2811 duodecim
1863 2771 1956 2826 per
1977 2757 2112 2812 duo-

544 2851 716 2906 decim
745 2856 960 2904 centum
992 2846 1338 2918 quadraginta
1363 2855 1608 2916 quatuor.
1641 2849 1756 2914 Quo
1786 2863 2008 2904 numero
2039 2849 2112 2903 si-

541 2939 819 3017 gniﬁcatur
839 2937 1160 2992 universitas
1183 2949 1488 2991 sanctorum
1511 2936 1564 2991 in
1586 2937 1927 3006 Apocalypsi.
1962 2936 2112 2992 Unde

540 3037 759 3100 apparet
787 3043 893 3084 non
916 3025 1060 3082 solas
1090 3034 1388 3096 temporum
1413 3030 1740 3095 qttazstiones
1771 3027 1888 3082 istis
1921 3042 2109 3082 nume-

2215 1843 2320 1899 hoc
2344 1843 2522 1913 itaque
2550 1845 2690 1914 quod
2713 1845 3018 1913 adjunctum
3043 1853 3126 1901 est
3153 1861 3168 1899 :
3197 1844 3265 1899 Et
3293 1853 3413 1899 erat
3438 1846 3609 1897 omnis
3633 1854 3751 1896 lena

2214 1931 2413 1988 labium
2434 1949 2619 2000 unum,
2643 1945 2696 1989 et
2729 1950 2826 1988 vox
2852 1950 2952 1989 una
2969 1935 3233 2000 omnibus,
3251 1934 3303 1988 id
3333 1943 3438 2001 est,
3478 1950 3575 1987 una
3604 1933 3752 2001 lingua

2211 2025 2470 2091 omnium,
2501 2027 2571 2080 ita
2601 2027 2800 2081 dictum
2826 2028 3300 2095 videturtanquam
3328 2039 3396 2079 eo
3417 2028 3525 2093 jam
3549 2035 3757 2092 tempore

2209 2130 2315 2184 quo
2331 2115 2557 2186 dispersi
2579 2117 3188 2187 fuerantsuperterram,
3211 2116 3375 2170 etiam
3399 2115 3752 2169 secuttduntin-

2209 2207 2354 2262 sulas
2380 2207 2613 2277 gentium
2657 2224 2757 2262 una
2791 2209 3204 2264 fueritomnibus
3233 2207 3413 2277 lingua
3448 2207 3749 2269 communis;

2210 2300 2348 2369 quod
2367 2300 2709 2369 proculdubio
2726 2311 2980 2371 repugnat
3001 2300 3373 2369 superioribus
3385 2299 3578 2362 verbis,
3599 2302 3674 2351 ubi
3688 2299 3750 2349 di-

2211 2398 2353 2444 ctum
2365 2400 2448 2445 est
2467 2405 2482 2443 :
2499 2389 2553 2444 ltt
2572 2390 2809 2445 tribubus
2822 2392 2955 2455 suis,
2984 2391 3269 2444 secundum
3287 2391 3493 2459 linguas
3516 2403 3751 2443 suasme

2209 2496 2312 2550 que
2328 2483 2470 2537 enim
2499 2481 2802 2537 dicerentur
2817 2482 3066 2538 habuisse
3076 2485 3180 2550 jam
3198 2482 3406 2552 linguas
3431 2481 3752 2550 suassingula:

2211 2573 2378 2629 tribus
2391 2587 2508 2642 quce
2518 2581 2702 2643 gentes
2727 2573 2958 2642 singulas
2973 2573 3228 2638 fecerant,
3247 2573 3462 2642 quando
3479 2584 3587 2626 erat
3603 2576 3751 2624 omni-

2211 2664 2310 2718 bus
2322 2678 2423 2718 una
2435 2665 2942 2733 commuttis.Acper
2955 2664 3053 2718 hoc
3067 2665 3753 2732 recapitulandoadjunetuut

2208 2754 2399 2810 estzEt
2421 2763 2537 2810 erat
2562 2753 2885 2809 omnisterra
2914 2753 3110 2807 labium
3140 2763 3396 2820 unum,et
3417 2769 3519 2806 vox
3543 2769 3634 2807 una
3657 2767 3752 2806 Olli-

2210 2846 2369 2900 nibus
2390 2846 2612 2900 latenter
2643 2847 2944 2900 narratione
2973 2845 3253 2909 redeunte,
3280 2854 3338 2898 ttt
3360 2845 3621 2899 diceretur
3643 2858 3753 2913 quo-

2211 2936 2370 2991 ntodo
2409 2936 2605 2991 factum
2632 2935 2719 3002 sit,
2769 2945 2824 2990 ut
2867 2951 2931 2990 ex
2964 2951 3066 2990 una
3106 2936 3344 2990 omnium
3378 2935 3555 3003 lingua
3584 2932 3755 2987 fuerint

2211 3027 2364 3083 divisi
2392 3042 2488 3096 per
2519 3028 2732 3093 multas,
2776 3036 2826 3082 et
2857 3029 3113 3083 continuo
3139 3027 3208 3081 de
3239 3027 3331 3081 illa
3360 3028 3524 3081 turris
3549 3025 3754 3079 aediﬁca-

543 3124 614 3179 ris
643 3136 764 3177 esse
793 3119 1075 3174 solvendas
1095 3161 1110 3185 ,
1149 3117 1244 3174 sed
1276 3119 1432 3173 latius
1464 3126 1650 3188 patere
1688 3119 2106 3189 significationes
2133 3121 2180 3184 C
2215 3119 2358 3174 tione
2381 3127 2647 3181 narratur,
2672 3119 2759 3174 ubi
2785 3119 2899 3174 haec
2925 3119 3003 3174 eis
3027 3118 3230 3187 judicio
3255 3117 3444 3170 divino
3467 3117 3662 3184 ingesta
3686 3125 3755 3167 est

539 3227 723 3267 eorum
753 3220 806 3266 et
835 3211 886 3265 in
918 3207 1084 3263 multa
1129 3222 1480 3278 proserpere;
1529 3222 1700 3278 neque
1741 3209 1883 3263 enim
1917 3225 2108 3266 nume-

541 3320 631 3359 rus
677 3302 778 3357 iste
810 3303 861 3355 in
903 3299 1224 3369 Apocalypsi
1255 3298 1319 3352 ad
1353 3308 1592 3367 tempora
1621 3300 1886 3369 pertinet,
1918 3299 2012 3354 sed
2041 3299 2108 3353 ad

541 3395 798 3449 homines.
815 3393 1030 3448 Sextam
1049 3391 1286 3460 regulam
1301 3388 1605 3458 Tychonius
1617 3390 2106 3458 recapitulationem

543 3494 696 3539 vocat
742 3485 792 3538 in
837 3481 1164 3536 obscuritate
1211 3481 1604 3548 Scripturarum
1655 3481 1786 3535 satis
1827 3481 2108 3548 vigilanter

543 3577 830 3633 inventam.
880 3573 969 3626 Sic
1022 3571 1168 3625 enim
1214 3569 1464 3624 dicuntur
1513 3569 1776 3638 quaedam,
1827 3569 1975 3638 quasi
2021 3583 2108 3623 se-

542 3678 768 3738 quantur
795 3665 848 3720 in
879 3664 1067 3717 ordine
1095 3661 1350 3730 temporis
1378 3660 1459 3716 vel
1503 3674 1680 3714 rerum
1709 3652 2107 3714 continuatione

540 3765 842 3818 narrentur,
871 3767 988 3807 cuto
1017 3750 1088 3806 ad
1118 3750 1292 3820 priora
1332 3764 1452 3820 quae
1481 3750 1836 3819 praetermissa
1876 3757 1998 3803 sunt
2026 3749 2106 3802 la-

541 3857 717 3902 tenter
745 3843 981 3899 narratio
1022 3849 1322 3904 revocetur,
1367 3839 1508 3909 qnod
1550 3839 1649 3892 nisi
1683 3852 1745 3892 ex
1789 3837 1886 3891 hae
1926 3838 2105 3907 regula

540 3936 883 4006 intelligatur,
898 3940 1137 3995 erratur;
1159 3930 1296 3984 sicut
1315 3929 1366 3983 itt
1397 3926 1590 3983 Genesi
1613 3945 1624 3979 :
1644 3927 1710 3980 Et
1733 3928 2008 3996 plantavit,
2026 3928 2104 3980 irt-

536 4029 673 4098 quit,
693 4025 943 4079 Dominus
957 4022 1099 4076 Deus
1115 4019 1418 4090 paradisum
1433 4020 1487 4073 in
1619 4014 1812 4090 [Edon]
1831 4017 1897 4071 ad
1923 4016 2102 4072 orien-

537 4144 664 4197 tem,
691 4140 746 4186 et
786 4128 957 4198 posuit
983 4127 1057 4181 ibi
1090 4125 1359 4180 hominem
1386 4139 1544 4194 quem
1572 4121 1839 4186 formavit,
1883 4131 1936 4176 et
1980 4136 2100 4190 pro-

535 4225 689 4284 duxit
727 4222 865 4276 Deus
892 4219 1066 4273 adhuc
1095 4218 1161 4272 de
1193 4227 1332 4271 terra
1362 4229 1522 4270 omne
1551 4215 1753 4284 lignum
1800 4215 2098 4282 speciosum

535 4323 590 4370 et
615 4313 809 4368 bonum
839 4311 890 4365 in
920 4323 1136 4374 escam;
1183 4307 1253 4362 ita
1282 4305 1492 4361 videtur
1515 4305 1740 4368 dictum,
1765 4314 2014 4372 tanquam
2047 4304 2097 4359 id

535 4406 728 4460 factum
757 4403 848 4465 sit,
887 4409 1230 4472 posteaquam
1262 4398 1457 4453 factum
1481 4395 1667 4468 [Deus]
1705 4397 1878 4465 posuit
1922 4398 2096 4452 homi-

2216 3225 2369 3278 pmna
2410 3209 2676 3278 superbiae
2695 3249 2709 3272 ,
2740 3218 2859 3279 post
2885 3210 3027 3278 quod
3057 3211 3249 3263 factum
3277 3208 3504 3275 dispersi
3532 3214 3646 3260 sunt
3675 3221 3702 3273 p
3735 3220 3754 3255 r

2213 3313 2408 3358 terram
2437 3303 2728 3357 secundum
2756 3303 2963 3371 linguas
2987 3315 3129 3354 suas.
3164 3299 3247 3353 Fit
3281 3301 3382 3354 ista
3417 3298 3755 3366 recapitulatie

2209 3395 2367 3448 etiam
2398 3393 2700 3460 obscurius,
2746 3395 2884 3446 sicut
2915 3395 2968 3447 in
3000 3391 3288 3460 Evangelio
3320 3391 3570 3445 Dominus
3598 3391 3707 3443 dicit
3735 3405 3748 3438 :

2212 3485 2304 3540 Die
2328 3499 2435 3554 qtto
2462 3483 2593 3540 exiit
2621 3484 2754 3538 Loth
2785 3499 2814 3538 a
2845 3483 3097 3540 Sodomis
3127 3481 3260 3553 pluit
3303 3482 3476 3551 ignem
3519 3483 3581 3536 de
3610 3482 3750 3540 coelo,

2210 3585 2265 3629 ct
2317 3575 2549 3644 perdidit
2594 3588 2812 3640 omnes,
2861 3575 3152 3631 secundum
3193 3573 3306 3626 haec
3347 3575 3446 3626 erit
3493 3573 3605 3626 dies
3650 3570 3751 3624 Fili

2165 3676 2167 3678 '
2210 3664 2463 3730 hominis,
2513 3677 2620 3734 quo
2674 3665 3017 3719 revelabitur.
3071 3665 3128 3718 la
3181 3664 3267 3718 illa
3325 3667 3477 3728 liora,
3537 3665 3616 3729 qui
3665 3664 3751 3714 crit

2209 3755 2260 3808 in
2293 3764 2433 3809 tecto
2462 3764 2515 3809 et
2537 3769 2659 3810 vasa
2688 3755 2806 3825 ejus
2842 3755 2893 3809 in
2922 3756 3104 3820 domo,
3137 3769 3242 3809 non
3273 3755 3558 3809 descendat
3587 3755 3752 3808 tollere

2209 3843 2320 3908 illa,
2358 3855 2412 3896 et
2439 3847 2525 3910 qui
2570 3843 2623 3896 in
2665 3858 2794 3911 agro
2840 3844 3088 3897 similiter
3119 3859 3223 3897 non
3266 3852 3565 3898 revertatur
3600 3851 3749 3906 rem,

2206 3935 2501 3989 meminerit
2529 3935 2715 3990 uxoris
2746 3935 2901 3989 Loth.
2935 3935 3178 4005 Nunquid
3212 3950 3334 3989 cum
3379 3935 3624 3989 Dominus
3649 3936 3745 3988 fue-

2204 4027 2274 4078 rit
2300 4027 2591 4091 revelatus,
2635 4036 2757 4081 tunc
2801 4037 2922 4080 sunt
2949 4027 3046 4080 ista
3077 4026 3370 4094 servanda,
3402 4043 3468 4082 ne
3494 4030 3747 4097 quisquam

2205 4124 2350 4169 retro
2378 4115 2646 4183 respiciat,
2671 4117 2722 4170 id
2754 4124 2837 4170 est
2859 4116 3018 4170 vitam
3049 4117 3131 4172 cui
3163 4121 3488 4173 renuntiavit
3521 4120 3744 4188 inquim,

2203 4216 2256 4262 et
2283 4221 2386 4261 non
2419 4210 2596 4276 potius
2629 4209 2734 4264 isto
2769 4219 3035 4278 tempore,
3083 4221 3138 4264 ut
3166 4226 3287 4266 cum
3333 4213 3578 4268 Dominus
3608 4213 3742 4265 luerit

2202 4300 2490 4367 revelatus,
2524 4298 2927 4356 retributionem
2960 4316 3056 4370 pro
3083 4302 3160 4358 eis
3191 4318 3310 4371 quae
3339 4305 3557 4372 quisque
3577 4319 3742 4358 serra-

2202 4395 2277 4449 vit
2316 4393 2397 4448 vel
2436 4393 2756 4464 contempsit
2797 4393 3069 4449 inveniat?
3099 4393 3160 4447 Et
3191 4402 3371 4448 tamen
3414 4396 3530 4462 quia
3564 4395 3742 4448 dictum

537 4512 657 4552 nent
699 4497 752 4550 in
784 4494 1118 4562 paradisum;
1161 4506 1280 4546 cum
1329 4490 1564 4546 breviter
1599 4497 1825 4558 utroque
1862 4503 2097 4544 comme-
2129 4487 2175 4546 D
2201 4495 2305 4551 est,
2360 4485 2414 4538 In
2443 4485 2527 4539 illa
2561 4485 2712 4550 hora,
2745 4495 2868 4541 tunc
2897 4492 3151 4555 putantur
3182 4484 3284 4538 ista
3317 4484 3590 4547 servanda,
3635 4499 3741 4538 cum

535 4597 762 4651 morato,
816 4587 867 4639 id
916 4593 997 4640 est
1025 4583 1164 4653 quod
1201 4581 1453 4652 plantavit
1484 4581 1622 4636 Deus
1668 4581 1998 4660 paradisum,
2045 4589 2100 4636 ct

533 4682 712 4754 posuit
749 4679 820 4732 ibi
869 4677 1136 4730 hominem
1180 4690 1337 4745 quem
1377 4674 1646 4738 formavit,
1695 4673 2098 4744 recapitulando

532 4771 739 4836 redeat,
787 4778 838 4821 et
879 4765 1024 4821 dicat
1047 4764 1184 4833 quod
1213 4767 1623 4832 przetermiserat
1657 4784 1670 4819 :
1701 4765 1968 4833 quomodo
1993 4764 2095 4818 sei-

531 4862 656 4917 licet
686 4855 963 4927 paradisus
990 4851 1150 4909 fuerit
1181 4855 1447 4922 plantatus
1467 4893 1481 4917 ,
1526 4855 1647 4921 quia
1679 4855 1926 4921 produxit
1956 4854 2096 4909 Deus

531 4952 702 5007 adhuc
728 4948 796 5004 de
829 4957 969 5002 terra
994 4960 1153 4999 omne
1179 4945 1375 5014 lignum
1399 4945 1696 5012 speciosum
1727 4954 1781 4999 et
1811 4946 2005 5001 bonum
2038 4947 2090 5000 in

531 5055 728 5097 escam.
763 5039 1002 5105 Denique
1022 5045 1237 5090 secutus
1259 5033 1500 5103 adjunxit
1527 5051 1539 5086 :
1574 5033 1636 5088 Et
1665 5034 1860 5113 lignum
1891 5036 2010 5090 vitze
2037 5037 2088 5091 in

532 5134 710 5189 medio
763 5130 1031 5202 paradiso,
1079 5138 1134 5184 et
1172 5128 1370 5196 lignum
1415 5128 1615 5182 sciendi
1664 5127 1785 5182 boni
1829 5137 1884 5182 et
1929 5130 2086 5197 mali;

527 5226 721 5282 deinde
766 5225 960 5278 flumen
1012 5237 1117 5291 quo
1166 5221 1438 5290 paradisus
1491 5219 1817 5289 irrigaretur,
1864 5222 2088 5277 diviSnm

529 5321 580 5374 in
607 5328 831 5388 quatuor
859 5315 1116 5385 principia
1149 5312 1427 5367 fluviorum
1467 5320 1724 5380 quatuor;
1768 5312 2085 5379 explicatur,

527 5409 667 5477 quod
699 5417 860 5462 totum
891 5406 1115 5472 pertinet
1143 5403 1207 5455 ad
1241 5400 1627 5456 institutionem
1655 5402 1907 5469 paradisi.
1936 5401 2085 5467 Quod

529 5503 614 5556 tibi
656 5499 986 5564 terminavit,
1021 5496 1266 5564 repetivit
1309 5495 1436 5552 illud
1469 5494 1608 5564 quod
1640 5494 1744 5560 iam
1775 5495 2003 5561 dixerat,
2035 5502 2089 5549 et

532 5605 715 5648 revera
741 5590 840 5643 hoc
860 5587 1196 5656 sequebatur,
1222 5593 1378 5654 atque
1407 5584 1479 5638 ait
1504 5600 1518 5636 :
1556 5583 1622 5638 Et
1646 5584 1873 5649 sumpsit
1903 5584 2085 5638 Domi-

532 5693 632 5736 uas
669 5679 801 5736 Deus
846 5678 1108 5735 hominem
1147 5692 1302 5748 quem
1346 5676 1526 5742 finxit,
1569 5684 1622 5732 ct
1659 5674 1832 5745 posuit
1868 5690 1988 5730 eum
2033 5676 2083 5731 itt

2202 4577 2363 4632 fuerit
2403 4576 2659 4631 Dominus
2695 4576 2990 4640 revelatus,
3025 4576 3128 4630 nisi
3167 4575 3233 4628 ad
3263 4565 3645 4643 intelligendam
3672 4588 3722 4626 re

2201 4666 2631 4736 capitulationem
2675 4681 2863 4721 sensus
2911 4666 3133 4736 legentis
3185 4666 3445 4734 invigilet,
3483 4664 3743 4734 adjuvao‘e

2201 4763 2303 4816 alia
2335 4761 2607 4830 Scriptura
2639 4776 2754 4830 quae
2785 4761 3022 4830 ipsorum
3044 4759 3408 4828 apostolorum
3436 4758 3599 4812 adﬁne
3625 4767 3741 4810 tem-

2201 4867 2330 4922 pore
2375 4853 2660 4906 clamavit:
2695 4852 2833 4917 Fili,
2885 4852 3172 4905 novissima
3225 4852 3353 4904 hora
3403 4860 3498 4905 est.
3527 4849 3741 4917 Ten-pus

2199 4959 2327 5011 ergo
2372 4945 2544 5014 ipsum
2572 4957 2678 5012 quo
2719 4943 3062 5012 Evangelium
3108 4941 3440 5011 praedicatur,
3487 4951 3741 5009 quousque

2202 5035 2454 5088 Dominus
2485 5032 2774 5097 reveletur,
2804 5032 2934 5088 hora
2963 5041 3046 5088 est
3077 5035 3127 5086 itt
3159 5048 3260 5101 qua
3292 5042 3497 5100 oportet
3515 5034 3610 5084 ista
3642 5045 3739 5083 ser-

2200 5124 2339 5188 vari,
2369 5123 2490 5194 quia
2523 5132 2577 5179 et
2603 5123 2715 5192 ipsa
2748 5125 3004 5180 revelatio
3039 5123 3245 5179 Dontiui
3273 5125 3338 5176 ad
3378 5123 3610 5177 eamdem
3656 5124 3730 5173 h0-

2197 5232 2308 5271 ram
2344 5215 2571 5284 pertinet
2614 5231 2733 5285 quae
2765 5215 2853 5271 die
2876 5215 3061 5285 judicii
3093 5215 3479 5270 terminabitur.
3521 5212 3735 5281 Septima

2197 5310 2455 5381 'l‘ychonii
2478 5311 2655 5380 regula
2684 5310 3074 5380 esteademqne
3089 5317 3359 5379 postrema
3386 5307 3451 5360 de
3476 5306 3672 5360 diabolo
3689 5313 3732 5357 et

2191 5404 2304 5471 ejus
2330 5417 2552 5472 corpore
2578 5419 2590 5455 :
2614 5414 2696 5458 eSt
2725 5403 2869 5458 enim
2910 5412 2964 5457 et
2996 5404 3110 5471 ipse
3138 5409 3298 5470 caput
3329 5399 3626 5468 impiorum,
3653 5395 3729 5464 qui

2191 5505 2314 5547 sunt
2365 5491 2480 5561 ejus
2527 5491 2920 5561 quodammodo
2969 5505 3185 5559 corpus,
3237 5488 3360 5543 ituri
3406 5503 3522 5543 cum
3571 5488 3653 5540 illo
3687 5486 3730 5536 in

2190 5584 2504 5653 supplicium
2539 5584 2674 5654 ignis
2711 5585 2933 5649 aterni;
2983 5583 3124 5640 sicut
3163 5581 3404 5637 Christus
3431 5591 3584 5649 caput
3623 5575 3729 5651 [est]

2193 5675 2461 5744 Ecclesiae,
2499 5691 2616 5746 qua:
2647 5688 2729 5731 est
2759 5691 2951 5746 corpus
2978 5677 3127 5745 ejus,
3162 5673 3392 5731 futurum
3415 5689 3533 5729 cunt
3563 5672 3652 5728 illo
3683 5670 3727 5722 is
