3904 6224
152 303 258 367 073

1265 299 1684 371 TllESAURUS.
1727 313 1874 370 CAP.
1917 315 2276 371 CCLXXXlll.

3286 329 3403 383 ττι-

153 439 326 493 regno
356 433 402 477 et
435 411 614 491 gloria
634 421 971 490 sempiterna.
1013 421 1161 478 Sicut
1202 439 1326 494 ergo
1356 428 1404 480 in
1438 427 1601 494 prima
1644 441 1730 481 rc-
1759 432 1807 490 Λ
1836 436 1917 480 est
1951 431 2219 484 contentio
2259 432 2375 483 tua?
2404 433 2445 485 si
2481 447 2585 487 non
2625 436 2910 491 reStitisset
2950 449 3002 492 et
3041 454 3387 508 repugno-set

149 517 300 581 gula,
355 529 510 580 quam
544 521 696 566 vocat
724 512 790 566 de
825 512 1048 566 Domino
1080 522 1132 567 et
1157 514 1271 583 ejus
1301 530 1541 582 corpore;
1590 517 1722 585 vigi-

151 607 377 660 landum
409 613 493 657 est
540 613 595 657 ut
640 603 995 673 intelligatur,-
1027 620 1144 660 cum
1182 606 1248 661 de
1295 622 1395 660 una
1436 609 1725 675 eademque

150 713 387 766 persona
403 696 675 764 Scriptura
697 697 947 765 loquitur,
964 698 1087 765 quid
1109 699 1386 752 conveniat
1401 700 1579 766 capiti,
1600 700 1723 768 quid

147 788 392 853 corpori,
429 787 503 838 sic
557 795 608 839 et
641 786 692 840 in
723 788 820 839 ista
865 786 1148 840 novissima
1188 787 1470 854 aliquando
1519 787 1570 839 in
1613 787 1725 838 dia-

149 875 337 927 bolum
372 875 589 939 dicitur,
631 875 769 943 quod
803 891 904 929 non
949 877 1000 929 in
1037 877 1174 944 ipso,
1210 876 1302 929 sed
1329 878 1500 943 potius
1531 877 1580 928 in
1609 875 1724 944 cjus

147 979 386 1033 corpore
441 969 607 1030 possit
646 968 891 1036 agnosci;
941 967 1080 1036 quod
1129 967 1288 1021 habet
1319 981 1422 1020 non
1452 968 1622 1020 solum
1673 968 1724 1019 in

145 1059 223 1111 eis
253 1061 347 1126 qui
389 1059 818 1113 inanilestissime
866 1062 995 1113 foris
1033 1070 1188 1123 sunt,
1237 1059 1330 1114 scd
1365 1059 1416 1112 in
1448 1060 1525 1114 eis
1567 1059 1724 1112 etiam

146 1153 236 1218 qui
293 1166 422 1204 cum
479 1152 542 1204 ad
595 1152 764 1220 ipsum
813 1153 1129 1220 pertineant,
1186 1162 1361 1204 tamen
1409 1151 1474 1203 ad
1521 1160 1728 1218 tempus

147 1243 453 1297 miscentur
484 1243 756 1308 Ecclesiae,
790 1243 960 1296 donec
993 1243 1356 1310 unusquisque
1389 1243 1454 1295 de
1498 1244 1595 1294 hac
1623 1244 1726 1297 vita

145 1343 331 1399 exeat,
386 1335 465 1385 vel
499 1349 526 1385 a
558 1335 820 1388 frumento
863 1335 1006 1399 palea
1037 1331 1330 1386 ventilabro
1357 1332 1539 1386 ultimo
1575 1347 1728 1401 sepa-

147 1430 320 1475 retur.
377 1422 530 1489 Quod
573 1410 724 1478 enim.
751 1425 1005 1491 scriptum
1038 1432 1120 1477 est
1141 1423 1277 1490 apud
1319 1422 1506 1476 Isaiam
1535 1463 1549 1487 ,
1583 1424 1724 1490 Quo-

146 1510 310 1564 modo
359 1511 557 1565 cecidit
599 1513 663 1565 de
704 1513 841 1566 caelo
880 1511 1108 1573 Lucifer,
1154 1526 1308 1566 mane
1354 1513 1562 1566 oriens?
1595 1521 1723 1577 etc.,

145 1615 265 1669 qua:
296 1602 400 1656 sub
430 1601 597 1670 ﬁgura
627 1602 764 1670 regis
808 1603 1112 1672 Babyloniae
1143 1602 1209 1657 de
1249 1603 1434 1656 eadem
1474 1618 1722 1670 persona,

148 1688 234 1742 vel
268 1689 338 1742 ad
371 1689 616 1744 eamdem
665 1703 944 1756 personam
977 1689 1114 1743 dicta
1148 1699 1308 1754 sunt,
1351 1689 1401 1743 in
1445 1691 1557 1759 ipsa
1599 1706 1721 1745 con-

1830 517 1994 583 ipsius
2032 521 2331 584 contentio;
2366 522 2523 575 etiam
2573 524 2661 577 illo
2709 526 2826 580 loco
2868 526 3387 584 describitur:C;iro

1828 608 2154 677 concupiscit
2183 611 2435 665 adversus
2463 612 2726 681 spiritum,
2759 617 2977 684 spiritus
2999 617 3253 674 adversus
3272 635 3389 674 car-

1829 711 1982 759 nem;
2020 699 2131 752 hasc
2161 699 2300 752 enim
2335 700 2558 755 invicem
2602 703 2702 757 sibi
2749 707 3018 773 resistunt,
3051 716 3108 761 ut
3138 724 3240 761 non
3270 724 3390 777 quin

1826 787 1987 840 vultis
2018 787 2239 842 faciatis.
2293 788 2375 842 Fit
2415 803 2541 858 ergo
2568 806 2662 859 per
2689 795 3153 852 sanctilicationetn
3179 798 3389 868 perfec-

1829 886 1955 939 tam,
1991 886 2047 930 ut
2083 878 2257 932 omnis
2301 879 2526 933 carnalis
2564 882 2826 949 appetitus
2868 887 3067 952 spiritui
3101 897 3281 943 nostro
3325 889 3388 942 il-

1829 965 2083 1017 lumi'nato
2112 975 2165 1020 et
2195 967 2481 1034 vivilicato,
2517 969 2566 1022 id
2598 981 2681 1024 est
2705 971 2858 1026 home
2892 977 3194 1047 voluntatis,
3227 979 3391 1048 subji-

1828 1048 2018 1100 ciatur.
2063 1049 2128 1101 Et
2165 1049 2298 1103 sicut
2349 1051 2588 1106 videmus
2620 1055 2794 1107 multis
2828 1059 3117 1122 puerilibus
3154 1061 3390 1117 delecta-

1831 1135 2061 1189 tionibus
2085 1153 2180 1189 nos
2200 1152 2405 1204 carere,
2428 1155 2544 1210 qua:
2567 1156 2662 1194 nos
2688 1157 2897 1207 pueros,
2916 1145 2958 1198 si
2980 1143 3388 1214 denegarentur,

1829 1228 2088 1282 acerrime
2137 1229 2468 1292 cruciabant,
2529 1231 2598 1284 ita
2650 1235 2973 1288 credendum
3022 1245 3106 1290 est
3152 1237 3218 1290 de
3246 1241 3389 1292 omni

1829 1319 2026 1373 carnali
2057 1319 2408 1377 delectatione
2432 1323 2658 1378 futurum
2692 1341 2831 1392 esse,
2864 1343 2982 1380 cum
3011 1329 3240 1397 perfecta
3272 1347 3390 1383 san-

1829 1411 1986 1465 ctitas
2043 1419 2208 1464 totum
2267 1411 2537 1468 hominem
2604 1419 2951 1485 reparaverit.
3010 1417 3160 1474 Nunc
3213 1431 3389 1476 autem

1829 1499 2059 1569 quandiu
2089 1511 2171 1556 est
2209 1505 2260 1556 in
2303 1504 2453 1558 nobis
2483 1507 2622 1574 quod
2654 1508 2865 1562 resistat
2910 1508 3064 1564 honre
3106 1511 3386 1575 voluntati.

1829 1593 2025 1646 auxilio
2057 1593 2148 1647 Dei
2190 1608 2284 1663 per
2315 1595 2484 1651 bonos
2522 1596 2763 1654 homines
2790 1608 2840 1654 ct
2873 1601 3037 1656 bonos
3063 1604 3280 1673 angelos
3310 1605 3387 1659 in-

1827 1682 2104 1752 digemus;
2137 1695 2192 1739 ut
2223 1685 2392 1740 donec
2420 1696 2636 1744 sanetur
2667 1690 2858 1745 vulnus
2892 1701 3147 1758 nostrum,
3178 1709 3284 1750 non
3316 1697 3388 1751 ita

148 1780 394 1833 textione
437 1781 700 1834 sermonis
743 1779 809 1834 de
839 1779 1051 1834 diabolo
1086 1781 1266 1849 utique
1308 1781 1678 1850 intelliguntur
1710 1802 1714 1837 :

1831 1774 2096 1840 molestet,
2126 1783 2182 1828 ut
2214 1778 2435 1844 perimat
2454 1778 2616 1833 etiam
2642 1781 2833 1835 bonam
2864 1784 3186 1840 voluntatem
3211 1804 3225 1837 ε
3255 1786 3387 1842 hanc

147 1879 201 1922 ct
232 1878 416 1923 tamen
448 1869 586 1938 quod
617 1868 686 1924 ibi
715 1867 914 1923 dictum
940 1878 1044 1936 est,
1089 1868 1362 1926 Contritus
1389 1881 1473 1926 est
1503 1874 1553 1926 in
1587 1883 1723 1928 terra

148 1958 239 2026 qui
265 1957 434 2010 mittit
455 1957 522 2012 ad
543 1971 728 2012 omnes
744 1969 953 2026 gentes,
986 1973 1092 2012 non
1114 1968 1278 2013 totum
1303 1959 1401 2029 ipsi
1420 1962 1578 2030 capiti
1600 1977 1726 2016 con-

147 2053 311 2119 gruit.
334 2049 469 2103 Nam
482 2049 578 2102 etsi
593 2050 828 2103 mittitad
848 2065 1033 2104 omnes
1053 2057 1239 2118 gentes
1254 2051 1494 2105 diabolus
1512 2052 1725 2120 angelos

158 2156 306 2202 suos,
339 2150 517 2193 tamen
548 2139 600 2192 in
627 2149 765 2193 terra
788 2154 979 2207 corpus
1002 2141 1138 2208 ejus,
1159 2156 1262 2194 non
1281 2141 1392 2210 ipse
1412 2145 1720 2208 conteritur;

151 2234 246 2286 nisi
271 2235 397 2302 quia
430 2234 544 2300 ipse
571 2243 651 2285 est
690 2233 740 2285 in
777 2246 1001 2299 corpore
1026 2246 1155 2296 suo,
1186 2232 1324 2301 quod
1355 2232 1640 2287 contritum
1667 2234 1723 2286 ﬁt

148 2319 248 2391 [ut]
284 2322 460 2390 pulvis
506 2336 660 2389 quem
703 2321 910 2388 projicit
950 2331 1140 2374 ventus
1166 2335 1195 2375 a
1224 2320 1359 2377 facie
1403 2331 1577 2376 terrre.
1633 2323 1722 2377 lla:

146 2419 323 2463 autem
383 2425 568 2464 omnes
609 2410 824 2478 regulae,
867 2420 1087 2478 excepta
1134 2423 1233 2462 una
1262 2425 1380 2478 qua:
1409 2422 1627 2463 vocatur
1654 2411 1723 2466 de

148 2499 439 2555 Promissis
471 2511 526 2556 et
568 2501 726 2569 Lege,
771 2501 910 2554 aliud
953 2515 1016 2555 ex
1071 2502 1174 2554 alio
1223 2501 1420 2556 faciunt
1475 2502 1719 2570 intelligi,

149 2593 286 2657 quod
335 2601 421 2646 est
472 2592 743 2660 proprium
790 2593 1001 2659 tropica:
1044 2591 1348 2656 locutionis,
1394 2607 1513 2659 quae
1562 2591 1721 2646 latius

147 2689 286 2746 patet
310 2695 474 2748 quam
511 2689 564 2732 ut
595 2681 777 2747 possit,
813 2689 866 2733 ut
896 2680 1019 2733 mihi
1047 2679 1275 2744 videtur,
1307 2680 1372 2733 ab
1402 2680 1577 2749 aliquo
1606 2681 1722 2735 tini-

149 2783 295 2821 versa
337 2769 748 2835 comprehendi.
794 2769 923 2822 Nam
957 2768 1258 2838 ubicunque
1289 2769 1437 2822 Velut
1467 2768 1612 2822 aliud
1641 2769 1722 2822 d2-

147 2862 282 2914 citnr
309 2873 368 2913 ut
402 2861 544 2914 aliud
582 2861 939 2929 intelligatur,
970 2868 1026 2914 et
1049 2861 1094 2913 si
1138 2875 1331 2914 nomen
1375 2860 1540 2928 ipsius
1581 2861 1717 2928 tropi

151 2950 197 3001 in
229 2951 481 3018 loquendi
513 2959 626 3003 arte
668 2966 770 3002 non
807 2950 1103 3016 invenitur,
1156 2950 1357 3026 tropica
1391 2949 1590 3002 locutio
1617 2957 1716 3002 est.

147 3039 271 3105 Quae
316 3056 440 3092 cum
475 3040 529 3092 iit
560 3041 642 3092 ubi
679 3040 787 3093 lieri
821 3040 973 3105 solet,
1027 3039 1142 3094 sine
1168 3039 1351 3093 labore
1375 3041 1611 3108 sequitur
1642 3040 1718 3092 in-

1829 1871 2007 1917 autem
2053 1873 2282 1919 mortem
2329 1876 2546 1933 peccato
2590 1871 2916 1937 meruimus,
2947 1877 3085 1940 quod
3120 1889 3387 1943 peccatum

1829 1961 1944 2006 erat
1969 1953 2276 2008 omnimodo
2321 1956 2374 2008 in
2410 1956 2577 2010 libero
2622 1959 2864 2024 arbitrio,
2891 1974 3008 2015 cum
3053 1963 3105 2016 in
3147 1965 3305 2032 parad
3328 1981 3387 2021 so

1829 2041 2004 2095 nullus
2044 2040 2199 2096 dolor
2228 2043 2501 2111 denegatae
2542 2046 2905 2104 delectationis
2938 2051 3190 2108 voluntati
3235 2054 3388 2110 bona:

1826 2129 2054 2183 hominis
2083 2131 2363 2186 resistebat
2386 2150 2398 2187 :
2423 2136 2575 2190 sicuti
2601 2151 2757 2204 nunc,
2781 2139 2925 2193 verbi
2950 2144 3137 2210 gratia,
3164 2144 3210 2198 si
3241 2147 3386 2213 quis-

1823 2234 1979 2288 quam
2033 2222 2227 2276 existat
2273 2239 2427 2292 quem
2491 2242 2754 2294 nunquam
2828 2230 3037 2284 venatio
3085 2231 3386 2298 delectavit,

1824 2310 2131 2363 omnimodo
2159 2312 2293 2364 liber
2321 2325 2400 2366 est
2431 2326 2604 2369 utrum
2647 2319 2826 2372 venari
2855 2321 2981 2374 velit
3009 2336 3074 2374 an
3105 2322 3254 2390 nolit,
3290 2338 3385 2377 nec

1823 2410 1942 2449 eum
1989 2400 2190 2452 cruciat
2224 2400 2464 2470 quisquis
2495 2403 2593 2458 hoc
2633 2406 2909 2473 prohibet;
2941 2419 2994 2462 at
3021 2411 3064 2463 si
3098 2411 3192 2463 ista
3221 2411 3384 2466 liber-

1825 2493 1932 2540 tate
1959 2489 2093 2540 male
2125 2504 2251 2554 usus
2281 2501 2503 2546 venatus
2529 2493 2684 2547 fuerit
2711 2507 2898 2549 contra
2928 2499 3253 2565 prohibentis
3279 2502 3375 2555 im-

1824 2576 2069 2643 perium,
2127 2580 2374 2645 paulatim
2424 2581 2718 2652 subrepens
2767 2584 3046 2642 delectatio
3101 2591 3384 2645 mortiﬁcat

1823 2667 2076 2734 animam,
2125 2677 2180 2722 ut
2224 2669 2268 2724 si
2317 2685 2375 2725 se
2420 2670 2686 2729 abstinere
2732 2675 2880 2742 velit,
2913 2678 3030 2732 sine
3060 2679 3303 2736 molestia
3327 2693 3384 2736 et

1821 2771 2019 2826 angore
2067 2773 2170 2812 non
2216 2759 2411 2828 possit,
2444 2776 2562 2816 cum
2607 2762 2658 2817 id
2702 2773 2828 2820 ante
2862 2775 2970 2821 tota
3013 2768 3238 2825 sanitate
3276 2787 3381 2826 non

1820 2861 2019 2916 ageret.
2058 2849 2196 2918 Ergo
2222 2850 2436 2905 aciileus
2463 2853 2647 2907 mortis
2672 2866 2944 2923 peccatum
2977 2871 3076 2926 est,
3106 2862 3226 2928 quia
3255 2875 3380 2930 pec-

1819 2949 1940 2993 cato
1989 2939 2125 2995 facta
2166 2951 2249 2996 est
2289 2943 2598 3011 delectatio,
2633 2962 2749 3011 qua:
2783 2948 2892 3016 jam
2933 2951 3099 3018 possit
3133 2953 3382 3009 resistere

1821 3029 2076 3083 voluntati
2106 3039 2304 3086 etcum
2346 3033 2530 3088 dolore
2573 3036 2834 3092 cohiberi.
2877 3038 3042 3106 Quam
3074 3040 3378 3097 delectatio-

150 3131 406 3191 tellectus;
438 3143 556 3182 cum
585 3143 711 3181 vero
733 3129 818 3181 ubi
851 3145 951 3181 tton
975 3128 1130 3192 solet,
1178 3128 1451 3182 laboratur
1478 3137 1536 3181 ut
1558 3127 1717 3181 intel-
1749 3138 1793 3200 ρ
1829 3135 1947 3174 nem
1995 3123 2114 3190 quia
2167 3123 2220 3176 in
2267 3122 2476 3179 defeClu
2503 3136 2591 3180 est”
2629 3127 2817 3182 animm
2853 3128 3130 3191 delerioris
3158 3133 3380 3198 elTCCL'P.

150 3219 333 3286 ligatur
362 3221 428 3271 ab
443 3219 559 3271 aliis
585 3219 767 3285 magis,
798 3219 864 3271 ab
885 3218 1005 3271 aliis
1030 3219 1234 3280 minus,
1259 3218 1396 3270 sicut
1429 3217 1595 3284 magis
1623 3217 1718 3269 mi-

149 3325 312 3363 nnsve
331 3310 472 3362 dona
494 3310 581 3362 Dei
615 3316 736 3361 sunt
757 3312 807 3361 in
833 3309 1056 3377 ingeniis
1071 3309 1339 3362 hominum
1356 3307 1433 3360 vel
1455 3306 1716 3376 adjutoria

150 3398 470 3452 tribuuntur.
482 3397 723 3464 Proinde,
744 3399 878 3451 sicut
893 3399 1054 3469 58in
1071 3385 1245 3452 verbis
1260 3395 1505 3465 propriis,
1524 3397 1589 3449 de
1603 3397 1717 3464 qui-

151 3484 243 3541 bus
266 3489 514 3557 superius
543 3487 943 3554 disputavimus.
961 3487 1049 3540 ubi
1073 3501 1156 3540 res
1182 3486 1501 3540 utdicuutur
1523 3484 1717 3538 intelli-

150 3579 329 3645 genda:
352 3591 508 3638 sunt;
530 3580 606 3631 sic
621 3579 670 3630 in
692 3579 957 3631 translatis
974 3593 1090 3647 qua:
1106 3577 1300 3630 faciunt
1315 3577 1540 3645 tropicas
1563 3577 1713 3629 locu-

151 3669 337 3735 tiones,
364 3669 456 3722 ubi
485 3668 624 3721 aliud
646 3683 707 3721 ex
737 3669 839 3720 alio
876 3667 1274 3734 intelligendum
1304 3674 1405 3730 est,
1433 3664 1500 3719 de
1526 3665 1714 3733 quibus

151 3759 424 3827 hucusque
454 3772 706 3828 quantum
739 3759 909 3810 visum
941 3766 1022 3811 est
1051 3761 1180 3810 satis
1223 3758 1448 3823 egimus,
1491 3770 1596 3807 non
1623 3769 1712 3807 so—

153 3850 253 3902 lum
284 3849 607 3904 admonendi
646 3858 770 3902 sunt
805 3848 1023 3900 Studiosi
1069 3845 1447 3899 venerabilium
1505 3843 1708 3896 littera-

152 3955 284 4002 rum,
329 3951 388 3994 ut
449 3944 498 3992 in
548 3939 833 4006 Scripturis
891 3936 1088 3990 sanctis
1138 3951 1328 4002 genera
1386 3933 1705 3986 locutionum

151 4033 331 4093 sciant,
363 4041 420 4084 et
458 4029 724 4097 quomodo
755 4027 892 4095 apud
922 4041 1014 4080 eas
1056 4025 1158 4079 dici
1201 4022 1396 4092 aliquid
1428 4022 1595 4076 soleat
1631 4022 1706 4074 vi-

152 4120 374 4184 gilanter
408 4122 692 4172 advertant
730 4117 1145 4184 memoriterque
1189 4116 1489 4177 retineant;
1525 4128 1705 4165 verum

151 4210 301 4260 etiam
333 4209 475 4276 quod
518 4218 601 4261 est
631 4207 954 4274 praecipuum
986 4213 1037 4258 et
1065 4205 1295 4256 maxime
1325 4201 1704 4267 necessatiunt,

153 4312 295 4350 orent
345 4310 401 4352 ut
440 4299 740 4366 intelligant
771 4315 783 4348 :
817 4297 867 4348 in
910 4297 988 4349 eis
1017 4296 1212 4364 quippe
1242 4295 1431 4347 litteris
1482 4309 1703 4361 quarum

153 4387 362 4440 studiosi
410 4397 534 4439 sunt
574 4387 753 4453 legunt
792 4386 1041 4452 quoniam
1076 4383 1325 4436 Dominus
1370 4383 1460 4435 dat
1498 4382 1704 4450 sapien-

1817 3211 1940 3280 jure
1954 3223 2172 3268 mortem
2188 3225 2340 3270 vocat
2359 3215 2675 3289 {vocamus}.
2687 3219 2862 3274 Virtus
2879 3229 3054 3276 autem
3079 3226 3277 3292 peccati
3297 3227 3380 3279 lex

1823 3311 1925 3366 cst,
1954 3303 2076 3370 quia
2105 3304 2272 3358 multo
2291 3305 2602 3362 sceleratius
2625 3316 2677 3362 et
2694 3308 3004 3376 ﬂagitiosius
3024 3326 3140 3378 qua:
3155 3311 3234 3365 lex
3262 3328 3379 3381 pro-

1822 3391 2405 3462 hibetcommittuntur,
2421 3413 2580 3466 quam
2593 3400 2636 3454 si
2652 3400 2919 3470 nullalege
2942 3404 3370 3471 prohiberentur.

1819 3481 1969 3537 Tunc
2000 3485 2179 3554 itaque
2210 3487 2458 3555 absorpta
2488 3490 2588 3543 erit
2618 3505 2762 3544 mors
2793 3492 2844 3545 in
2871 3492 3111 3557 victoria,
3137 3510 3255 3548 cum
3286 3512 3378 3565 per

1817 3574 2291 3631 sanctiﬁcationem
2330 3578 2382 3631 in
2410 3578 2558 3638 omni
2587 3579 2814 3635 hominis
2843 3585 3250 3652 parte,perl'ecta
3278 3587 3372 3642 de~

1819 3662 2098 3718 lectatione
2115 3665 2465 3734 spiritualium
2489 3668 2771 3724 delectatio
2793 3672 3021 3729 carnalis
3042 3676 3369 3732 observetur.

2279 3755 2502 3812 CAPUT
2540 3758 2900 3815 CCLXXXIII.

1816 3843 1890 3898 De
1915 3847 2256 3924 quadraginta
2295 3866 2385 3924 ica:
2410 3852 2557 3924 armis
2586 3853 2936 3924 (adflictationis
2965 3859 3156 3924 templi,
3186 3874 3248 3910 ex
3282 3857 3374 3914 Ito~

2021 3918 2161 3968 milia
2195 3919 2259 3971 10
2288 3917 2552 3986 Evangelii
2579 3922 2857 3974 secundum
2888 3917 3154 3978 Joannem.

1884 4004 2136 4058 Dixerunt
2183 4006 2256 4058 illi
2297 4005 2465 4061 Judmi
2492 4024 2504 4059 :
2528 4010 2677 4073 Quod
2706 4011 2912 4076 signum
2953 4013 3189 4068 ostendis
3220 4015 3369 4070 nobis

1810 4092 1926 4160 quia
1977 4093 2087 4147 lucc
2110 4092 2277 4147 facis?
2307 4103 2360 4148 et
2391 4094 2678 4150 Dominus:
2706 4097 2904 4152 Solvite
2943 4100 3194 4168 templum
3246 4103 3363 4165 hoc,

1809 4192 1863 4237 et
1897 4185 2060 4237 tribus
2086 4183 2274 4256 diebus
2309 4184 2554 4240 excitabo
2596 4183 2741 4240 illud.
2791 4188 2937 4254 Quod
2979 4203 3363 4247 sacramentum

1808 4273 1972 4328 ,Ιυάπτί
2018 4290 2119 4329 non
2161 4276 2547 4347 intelligentes,
2577 4277 2820 4332 dixerunt
2847 4298 2858 4332 :
2883 4279 3234 4349 Quadraginta
3271 4295 3367 4334 sex

1809 4365 1961 4417 annis
1985 4365 2302 4418 aediﬁcatum
2334 4374 2416 4420 est
2438 4368 2693 4434 templum
2723 4369 2841 4430 hoc,
2862 4380 2912 4421 et
2943 4379 2996 4422 tu
3015 4369 3368 4433 dicis,'l‘ribtts

151 4472 290 4540 tiam,
324 4485 378 4529 et
415 4492 444 4528 a
475 4475 607 4528 facie
639 4475 754 4541 ejus
785 4475 1002 4527 scicntia
1036 4483 1087 4525 et
1118 4473 1437 4534 intellectus,
1467 4487 1495 4524 a
1526 4487 1630 4538 quo
1652 4482 1703 4524 et

1821 4457 1992 4511 iiebns
2035 4458 2277 4512 excitabo
2320 4457 2481 4512 illud?
2506 4459 2642 4513 Sane
2678 4474 2779 4513 non
2820 4460 3117 4515 Salomonis
3152 4461 3359 4514 fabrica:

153 4563 309 4634 ipsum
341 4565 599 4631 studium,
632 4569 676 4618 si
708 4565 900 4632 pietate
931 4563 1208 4630 przcditum
1237 4570 1337 4626 est,
1363 4571 1699 4628 acceperunt.

614 4677 837 4731 CAPUT
876 4675 1221 4732 CCLXXXII.

156 4767 220 4821 De
242 4784 296 4821 eo
316 4769 451 4838 quod
473 4770 542 4820 ait
562 4768 1125 4900 Apostoltthzsorpta
1147 4777 1217 4819 est
1242 4783 1373 4820 mors
1396 4768 1446 4820 iri
1466 4768 1702 4832 victoria,-

721 4854 782 4888 ea:
833 4857 841 4884 i
885 4876 895 4887 .
970 4845 1114 4888 ua’sl.

721 4854 782 4888 ea:
810 4845 895 4888 lib.
922 4845 1114 4888 Uua’st.

213 4926 380 4994 Quazri
412 4930 550 4982 solet
577 4926 699 4995 quid
729 4927 820 4990 sit,
847 4926 994 4978 Tunc
1017 4925 1108 4977 ﬁet
1135 4925 1258 4978 illud
1286 4925 1422 4994 quod
1448 4928 1700 4995 scriptunt

153 5025 244 5080 est,
283 5019 539 5087 Absorpta
571 5027 652 5070 est
690 5031 833 5068 mors
884 5016 932 5066 in
965 5015 1210 5081 victoria,
1258 5015 1342 5068 ubi
1390 5026 1490 5076 est.
1537 5031 1699 5080 mors,

154 5111 406 5163 contentio
437 5112 562 5163 tua?
594 5109 677 5162 tibi
709 5118 809 5171 est,
845 5120 1010 5169 mors,
1045 5107 1256 5159 aculeus
1288 5109 1441 5160 tuus?
1472 5108 1703 5162 Aculrus

155 5210 314 5254 autem
361 5204 545 5258 mortis
588 5210 892 5269 peccatum,
924 5198 1089 5251 virtus
1120 5209 1294 5252 autem
1336 5201 1537 5266 peceati
1582 5200 1698 5254 lex:

160 5303 313 5348 morte
351 5294 637 5366 signiﬁcari
673 5293 901 5344 arbitror
942 5291 1039 5343 hoc
1090 5290 1206 5342 loco
1251 5291 1519 5343 carnalem
1568 5305 1697 5343 con-

158 5387 494 5446 sitetudiucm,
517 5401 633 5452 qua:
655 5385 852 5437 resistit
871 5383 1023 5434 boiim
1046 5380 1324 5442 voluntati,
1350 5380 1702 5436 delectatione

163 5476 506 5537 temporalium
547 5472 907 5527 frucndorum.
949 5469 1058 5524 Non
1102 5470 1244 5523 enim
1277 5469 1698 5525 dicereturzUbi

223 5571 245 5597 ⁸
278 5563 346 5618 De
373 5566 473 5618 hoc
500 5573 798 5618 commento
826 5562 944 5616 vide
966 5559 1364 5632 Cyprianumiin
1394 5561 1574 5632 libello
1603 5563 1699 5632 ad:

167 5646 328 5702 versus
361 5633 584 5698 ludmos,
625 5649 684 5686 ac
711 5630 1079 5702 castigationes
1102 5647 1152 5682 v.
1196 5645 1246 5684 c.
1287 5630 1696 5702 DesidrErasmi

166 5697 208 5750 in
242 5714 527 5775 utrumque,
573 5697 924 5773 Augustinum
979 5703 1176 5756 scilicet
1229 5711 1281 5755 ct
1333 5701 1693 5769 Cyprianum;

1810 4564 2026 4604 emensa
2058 4561 2292 4617 tempora
2323 4546 2487 4604 Judznl
2524 4551 2791 4616 dixerunt,
2826 4552 2918 4604 sed
2951 4551 3151 4618 Esdrze,
3183 4553 3267 4604 cui
3299 4569 3365 4606 ne

1812 4643 2153 4707 pet-liceretur
2209 4656 2235 4691 a
2277 4638 2461 4692 vicinis
2511 4639 2756 4708 gentibus
2798 4638 2970 4695 fuerat
3008 4641 3362 4696 interdictum.

1808 4729 1942 4781 Caro
1973 4735 2140 4790 erant,
2174 4727 2402 4780 carnalia
2430 4728 2725 4796 sapiebant,
2752 4729 2837 4782 ille
2866 4730 3175 4796 loquebatur
3202 4730 3358 4796 Spiri-

1808 4819 2003 4870 taliter.
2035 4817 2163 4883 Quis
2193 4825 2367 4871 autem
2400 4826 2579 4885 posset
2607 4819 2899 4887 intelligere
2928 4819 2994 4873 de
3019 4834 3121 4885 quo
3161 4820 3360 4886 templo

1808 4908 2146 4962 dicebatzsed
2173 4923 2273 4962 non
2299 4909 2519 4960 multum
2541 4909 2846 4976 quaerimus,
2874 4924 2966 4977 per
2985 4910 3354 4976 evangelistam

1811 4996 1962 5052 nobis
1992 5000 2225 5066 aperuit,
2259 4999 2392 5051 dixit
2420 4998 2488 5052 de
2516 5014 2619 5066 quo
2661 5000 2856 5068 templo
2898 5000 3092 5051 diceret
3119 5016 3130 5049 :
3160 4998 3358 5053 Solvite

1811 5087 2060 5154 templum
2103 5088 2223 5153 hoc,
2270 5097 2321 5140 et
2363 5087 2530 5141 tribus
2560 5087 2747 5142 diebus
2775 5085 3012 5140 excitabo
3044 5086 3188 5138 illud.
3221 5087 3360 5151 Quao‘

1809 5177 2042 5245 draginta
2069 5193 2157 5231 sex
2182 5178 2334 5230 annis
2361 5176 2674 5231 aediﬁcatum
2706 5187 2780 5229 est
2805 5175 3074 5241 templum,
3102 5183 3155 5227 et
3184 5176 3355 5229 triduo

1808 5269 2083 5323 suscitabis
2132 5269 2297 5322 illud?
2326 5269 2542 5323 Dicebat
2570 5280 2764 5332 autem,
2795 5267 2868 5319 ait
2908 5269 3247 5336 evangelista,
3290 5271 3356 5322 ilo

1809 5359 2003 5425 templo
2030 5358 2267 5426 corporis
2290 5360 2388 5424 sui,
2424 5370 2477 5412 et
2519 5357 2850 5411 manifestum
2880 5365 2961 5408 est
2989 5356 3218 5408 occisum
3254 5355 3356 5408 Do-

1805 5453 2003 5506 minum
2050 5459 2167 5518 post
2202 5449 2429 5503 triduum
2461 5446 2873 5502 resurrexisse.‘
2918 5444 3053 5510 Quid
3094 5459 3219 5510 ergo
3247 5444 3351 5498 sibi

1805 5561 2141 5615 Roterodami
2172 5579 2184 5613 :
2211 5569 2461 5629 przrterea
2491 5555 2790 5613 Cornelium
2832 5557 3114 5625 Agrippam
3146 5554 3210 5608 de
3246 5553 3349 5606 Ex-

1801 5632 2042 5687 cellentia
2074 5646 2229 5686 sexus
2253 5629 2487 5684 feminei.
