3904 6224
125 243 240 301 977

1230 229 1665 292 τιιεθριυιιῦε.
1696 226 1854 285 CAP.
1889 221 2266 283 οαιιιιι

3255 215 3364 273 978

127 374 255 430 quae
281 359 493 414 loeutus
513 362 619 419 est,
650 350 752 406 hoc
778 362 988 422 quoque
1012 345 1147 402 dixit
1175 343 1367 401 :‘Iluue
1392 342 1573 398 simile
1603 355 1702 397 τι·
1730 338 1860 400 Ain
1886 345 2043 391 nocte
2069 333 2336 389 itaveuiet
2359 348 2374 385 :
2395 346 2462 387 ea
2480 344 2589 401 quo
2614 327 2943 398 signiﬁcatur
2961 324 3173 396 penitus
3192 324 3369 415 latae

132 451 420 508 rimabitur
461 459 683 515 regnum
719 441 978 498 calorum
1007 438 1194 518 decem
1227 434 1556 505 virginibus,
1592 439 1702 486 etc.

131 544 333 598 Decem
357 540 543 610 utique
563 531 860 608 [numerus]
875 531 1158 601 virginum,
1173 527 1316 597 quod
1353 525 1586 596 quinque
1605 520 1706 576 ad—

133 637 448 692 mittatur.
483 629 718 699 quinque
763 625 1147 686 excluduntur,
1186 621 1448 675 bonorum
1496 623 1553 668 et
1589 627 1707 685 ma-

134 726 315 779 lorum
334 719 712 776 discretionem
765 715 1048 787 signiﬁcat.
1069 711 1405 779 Quapropter
1422 704 1470 761 si
1487 701 1712 771 virgini-

136 813 268 869 tatis
291 825 485 866 nomen
514 806 831 884 bonoqabile
870 808 985 870 est,
1003 816 1108 857 eun
1126 798 1355 866 receptis
1376 792 1713 884 exclusique

137 904 431 958 commune
455 898 575 956 esti:
595 882 797 954 Deinde
809 893 935 977 quid
958 888 1201 945 sibi-vult
1217 895 1473 977 numerus
1498 882 1553 934 in
1569 887 1714 977 utra-
1760 954 1764 956 _

141 1171 718 1233 communicant..eum
746 1160 1065 1222 eLinvidere
1107 1159 1187 1212 las
1230 1169 1339 1210 o
1365 1152 1437 1207 sit
1462 1162 1557 1205 eas
1593 1159 1716 1218 qua

140 1268 216 1323 ill
246 1264 499 1337 perfecta
525 1265 739 1318 suntut
755 1256 1050 1324 absponso
1090 1246 1448 1337 recipiantur,
1469 1255 1593 1337 quo

141 1331 310 1425 tuine,
342 1355 492 1412 nullo
515 1351 812 1415 dubitante,
834 1346 1092 1404 Dominus
1112 1340 1272 1399 Jestta
1290 1335 1532 1394 Christus
1548 1331 1717 1425 sig-l-

143 1420 355 1513 Icauir,
377 1453 434 1501 et
461 1438 837 1500 misericordes
855 1449 976 1492 esse
997 1436 1246 1503 oporteat
1267 1425 1338 1483 ad

143 1554 211 1594 es
239 1552 308 1593 eo
334 1510 474 1606 quod
497 1532 714 1595 habent.
743 1526 1121 1599 praseribente
1164 1519 1261 1576 illa
1283 1515 1542 1606 sententia

147 1631 268 1682 dem
297 1600 509 1680 Domini
529 1619 755 1677 dicentis
773 1634 792 1672 :
812 1614 970 1672 Omni
998 1610 1237 1682 poscenti
1263 1605 1460 1662 tribue.
1474 1600 1614 1671 Quid
1631 1606 1716 1656 est

1804 441 1928 482 cum
1948 423 2095 479 venit
2114 422 2366 496 [venerit]
2391 422 2435 492 ).
2453 422 2655 478 clamor
2695 420 2867 478 [actm
2893 429 2998 480 est.
3022 417 3162 473 Ecce
3202 433 3368 488 spea-

1805 530 1900 570 sus
1922 515 2087 578 venit,
2115 502 2575 582 surgite/obviam;
2595 522 2654 571 et
2677 515 2731 569 in
2760 514 2866 569 ictu
2892 511 3056 576 oculi,
3101 509 3155 563 in
3187 512 3371 570 novis-

1806 608 1942 661 sima
1965 606 2112 666 tuba,
2134 619 2322 658 omnes
2349 617 2685 672 resurgemus
2699 618 2718 656 :
2733 616 2862 673 ergo
2884 605 3235 656 surrexerunt
3249 613 3369 653 om-

1809 712 1907 751 nes
1926 696 2032 750 illa
2051 695 2303 765 virgines,
2329 705 2387 750 et
2411 705 2722 762 aptaverunt
2737 693 3011 762 lampades
3035 705 3183 754 suas.
3200 690 3259 744 id
3284 698 3371 743 est

1811 786 2045 842 rationes
2083 783 2384 841 reddendas
2433 797 2653 852 operum
2696 797 2936 839 suorum.
2964 783 3187 851 Oportet
3221 776 3368 834 enim

1812 892 1912 932 nos
1945 876 2187 933 exhiberi
2234 886 2361 931 ante
2403 873 2634 929 tribunal
2655 872 2877 937 Christi,
2903 880 2964 927 ut
2985 871 3097 927 illic
3144 869 3370 938 recipiat
3479 885 3486 892 ·

1811 966 2184 1036 aequisque
2196 963 2342 1034 quod
2359 963 2527 1034 gessit
2543 963 2597 1018 in
2614 976 2863 1032 corpore,
2884 962 2997 1016 sive
3017 959 3237 1025 bunum,
3254 957 3371 1029 sive

1814 1058 2040 1113 mal.
2059 1058 2127 1113 Et
2147 1058 2400 1114 dixerunt
2421 1055 2601 1112 stulta:
2624 1054 2692 1110 ad
2716 1055 2986 1123 sapientes
3009 1069 3027 1108 :
3058 1051 3190 1107 Date
3215 1048 3372 1105 nobis

1813 1147 1884 1204 de
1906 1147 2026 1204 aleo
2046 1156 2246 1214 vestro,
2265 1145 2390 1217 quia
2417 1143 2688 1216 lampades
2712 1151 2908 1199 nostra
2927 1140 3331 1210 exstinguuntur
3349 1152 3370 1191 :

1813 1254 2040 1309 quer-um
2085 1239 2226 1295 eui
2275 1239 2416 1295 facta
2441 1238 2617 1295 aliena
2643 1235 2803 1293 laude
2845 1233 3153 1297 fulcimur,
3181 1230 3371 1286 eadem

1812 1321 2083 1389 sulitraeta
2101 1331 2375 1398 deiciam;
2393 1338 2452 1387 et
2478 1329 2551 1386 de
2573 1327 2960 1386 eousuetmline
2984 1324 3038 1380 id
3058 1338 3274 1393 semper
3292 1323 3374 1378 in-

1811 1423 1995 1494 quirit,
2024 1423 2166 1480 unde
2191 1423 2421 1496 gaudere
2466 1421 2677 1478 animus
2697 1420 2852 1476 solet.
2892 1418 3077 1490 Itaque
3101 1415 3374 1471 hominum

1812 1516 1906 1586 qui
1946 1515 2112 1572 corda
2144 1530 2252 1571 non
2292 1515 2503 1579 vident,
2550 1510 2909 1569 testimonium
2950 1509 3134 1566 veltmt
3178 1506 3376 1562 habere

1813 1604 1954 1674 apud
1982 1605 2168 1668 Dente,
2193 1593 2288 1674 qui
2328 1603 2510 1659 cordis
2557 1603 2828 1671 inspector
2845 1608 2952 1655 est.
2977 1597 3086 1654 Sed
3105 1596 3238 1667 quid
3261 1610 3376 1649 res-

148 1729 325 1776 autem
353 1715 496 1787 quod
524 1709 691 1782 possit
706 1706 885 1764 dando
909 1719 1014 1761 non
1037 1702 1285 1758 sufﬁcere
1307 1692 1575 1765 utrisque?
1590 1690 1720 1746 llaec
1751 1710 1792 1768 Β
1818 1696 2123 1764 panda-ut
2147 1692 2456 1762 sapic-tes?
2482 1691 2562 1747 Ne
2583 1691 2720 1746 forte
2746 1689 3106 1745 nmmum
3145 1685 3304 1741 ωιιίι
3321 1694 3378 1739 ει

153 1811 388 1865 maxime
398 1813 592 1877 augent
609 1798 922 1874 quzestionis
931 1793 1316 1855 difﬁcultatem,
1338 1796 1646 1858 quanqua-
1665 1788 1722 1835 et

151 1917 347 1961 caetera
375 1900 655 1972 diligenter
671 1893 1007 1951 considerata
1021 1898 1080 1944 ut
1099 1885 1282 1972 omnia
1296 1884 1352 1939 in
1369 1892 1530 1972 uuam
1551 1883 1717 1972 [Ile

155 2012 281 2053 arm
296 1963 885 2055 concurrantmibilque
901 1982 954 2038 in
970 1994 1128 2037 unam
1145 1969 1347 2048 partem
1364 1971 1569 2026 dicatur
1579 1963 1720 2036 quod

153 2085 412 2157 impediat
429 2082 613 2146 aliam,
642 2091 833 2148 magna
859 2071 1037 2130 cautio
1062 2076 1149 2125 est
1174 2060 1495 2122 adhibenda.
1523 2057 1723 2157 γωρυ-

155 2152 250 2234 tur
270 2178 448 2246 itaque
473 2172 604 2229 mihi
623 2170 860 2241 quinque
885 2162 1119 2234 virgines
1145 2156 1447 2246 signiﬁcare
1464 2152 1724 2246 quinque-

156 2241 403 2339 partitam
448 2259 830 2319 continentiam
877 2269 911 2310 a
961 2252 1140 2308 carnis
1208 2245 1475 2339 illecebris
1503 2261 1519 2296 :
1545 2241 1723 2339 conti-

157 2330 367 2413 nendus
393 2360 483 2410 est
504 2351 648 2408 enim
688 2345 854 2402 animi
887 2341 1158 2415 appetitus
1184 2353 1214 2390 a
1248 2337 1526 2403 voluptate
1543 2330 1729 2386 oeulo-

158 2461 302 2514 rum,
327 2461 361 2500 a
387 2442 659 2512 voluptate
682 2438 952 2502 aurium,a
973 2432 1244 2502 voluptate
1269 2421 1577 2490 oliaciendi,
1603 2435 1729 2492 gu-

159 2539 328 2604 tandi,
351 2534 634 2607 tangendi;
662 2531 759 2588 sed
783 2530 906 2600 quia
934 2527 1035 2582 ista
1056 2517 1385 2580 continentia
1428 2514 1618 2607 partim
1637 2527 1730 2567 eo-

160 2645 279 2687 ram
306 2603 415 2682 ueo
445 2603 522 2691 in,
554 2630 614 2678 ut
640 2622 720 2678 illi
740 2621 1010 2692 placeatur
1029 2615 1084 2669 in
1101 2610 1359 2668 interiore
1384 2603 1578 2677 gaudio
1595 2617 1730 2692 con-

161 2716 429 2782 scientiae,
460 2713 648 2783 partim
675 2691 856 2766 coram
885 2703 1211 2769 hominibus,
1236 2708 1441 2754 tantum
1465 2702 1542 2783 ut
1560 2691 1729 2764 gloria

168 2811 398 2865 humana
411 2779 677 2876 capiatur,
693 2801 928 2874 quinque
943 2797 1192 2854 dicuntur
1214 2779 1485 2863 sapientes
1502 2796 1558 2843 et
1575 2787 1733 2857 quin-

1819 1787 1998 1843 vobis.
2028 1785 2407 1856 Unusquisque
2427 1852 2431 1856 ,
2453 1785 2599 1840 eui
2633 1796 2736 1852 pro
2779 1795 2842 1837 se
2885 1781 3143 1835 rationem
3169 1775 3377 1840 reddet,

1818 1880 2107 1936 neealieuo
2119 1880 2429 1936 testi-omo
2439 1878 2716 1954 quiaquin
2735 1874 3015 1946 adiuvatur
3029 1873 3168 1941 apud
3187 1870 3377 1933 Deum,

1818 1972 1906 2028 cui
1927 1982 2133 2029 acu'eta
2159 1971 2339 2029 cordis
2362 1979 2622 2042 apparent
2642 1988 2660 2024 :
2680 1978 2734 2025 et
2760 1968 2848 2024 vis
2873 1966 2975 2022 sibi
3001 1965 3225 2036 qsqee
3269 1959 3379 2016 aui-

1820 2061 1954 2130 lcit,
1979 2071 2040 2126 It
2083 2062 2136 2118 ei
2165 2061 2529 2134 testimonium
2576 2059 2856 2132 perbibeat
2904 2053 3231 2113 conscieistia
3259 2067 3379 2108 sua.

1818 2151 1952 2222 Quis
1996 2153 2142 2210 eni-
2189 2153 2503 2223 gluriabitur
2549 2152 2802 2209 nudum
2841 2164 2902 2206 se
2928 2149 3125 2205 habere
3165 2144 3301 2201 ruri
3325 2142 3380 2200 id

1821 2239 1994 2316 [inde]
2017 2251 2102 2298 est
2124 2241 2268 2312 quod
2293 2242 2580 2313 Apostolus
2621 2241 2754 2298 dicit
2777 2259 2794 2294 :
2821 2239 2949 2307 libi
2994 2223 3273 2294 minimum
3297 2243 3384 2291 est

1824 2333 2109 2388 ut-avobis
2125 2332 2351 2400 iudieer,
2370 2341 2464 2387 aut
2486 2332 2557 2388 ab
2580 2331 2813 2387 humano
2836 2330 2947 2405 die,
2966 2329 3062 2384 sed
3093 2340 3266 2398 neque
3293 2339 3384 2380 me

1826 2425 2000 2496 ipa:-
2020 2425 2206 2493 iudiee
2225 2434 2580 2497 :qeapropter
2600 2438 2722 2480 eum
2746 2423 2817 2478 de
2833 2426 2894 2479 se
2918 2426 3138 2493 quisque
3156 2429 3249 2476 aut
3273 2433 3382 2474 no

1826 2517 2047 2573 omnino
2054 2516 2242 2572 autvix
2255 2516 2424 2586 possit
2433 2530 2611 2572 veram
2622 2514 2764 2572 icrre
2773 2516 3110 2578 sententiam,
3123 2510 3387 2580 quomoda

1831 2611 2018 2680 potest
2045 2609 2116 2666 de
2139 2610 2246 2666 alio
2276 2608 2539 2680 judicare,
2568 2621 2689 2665 eum
2713 2607 2848 2664 sciat
2876 2619 3033 2662 nemo
3059 2603 3182 2673 quid
3205 2609 3389 2674 agatur

1829 2702 1886 2759 in
1907 2701 2144 2770 homine,
2165 2698 2274 2757 nisi
2299 2699 2517 2772 spiritus
2572 2696 2838 2754 hominis?
2860 2697 2936 2751 Ite
2978 2695 3146 2763 magis
3167 2691 3234 2746 ad
3263 2705 3391 2746 vcn-

1829 2791 2020 2849 dentes
2062 2799 2120 2848 et
2167 2791 2331 2847 emite
2368 2789 2521 2846 vobis
2547 2803 2689 2844 :nou
2737 2786 3017 2844 consilim
3044 2783 3256 2840 dedisse
3296 2795 3390 2847 pu-

123 2949 126 2956 .
162 2918 274 2974 que
311 2875 532 2956 stulte:
562 2906 801 2967 utraque
839 2903 1018 2950 tamen
1046 2890 1311 2961 virgines,
1353 2886 1475 2956 quia
1499 2892 1725 2951 utraque
1832 2881 2009 2940 lauda
2025 2891 2172 2947 sunt,
2194 2882 2290 2938 sed
2310 2881 2511 2936 crimen
2536 2893 2720 2935 earum
2737 2893 2800 2933 ea
2826 2875 3046 2945 obliquo
3065 2884 3391 2929 eommemo~

121 3032 124 3033 ν
163 2961 494 3049 continentia
539 2997 643 3056 est,
686 2961 932 3057 quamvis
978 2983 1191 3039 diverso
1222 2978 1404 3034 inmite
1456 2975 1682 3046 gaudeat
1714 2989 1729 3025 :
1781 3056 1794 3057 ί
1833 2975 2256 3033 "mundum
2273 2973 2419 3030 enim
2439 2973 2616 3028 οιοιιω
2642 2970 2944 3025 ,διήθησε-ος
2963 2965 3077 3035 qui,
3104 2965 3217 3047 sive
3255 2961 3392 3016 mss

467 3045 644 3136 autem
672 3045 814 3143 sunt,
846 3077 968 3146 quia
999 3071 1244 3128 manibus
1268 3045 1540 3140 gestantur
1564 3078 1727 3133 opera

1831 3067 1947 3123 sive
1973 3067 2211 3150 ignorata
2239 3064 2522 3126 laudando.
2538 3063 2591 3118 in
2612 3074 2850 3117 errorem
2866 3058 3069 3113 animas
3087 3045 3317 3117 mittunt;
3338 3059 3392 3106 et

165 3144 291 3246 quae:
314 3172 608 3228 secundum
640 3170 796 3224 istam
821 3144 1203 3222 continentiam
1234 3161 1398 3225 fiunt;
1426 3156 1634 3246 dictum
1649 3162 1733 3209 est
1828 3158 1909 3214 eis
1936 3145 2072 3213 vana
2097 3157 2289 3229 gaudia
2315 3165 2564 3227 tanquam
2591 3151 2750 3208 fatuis
2777 3147 3139 3210 conciliando,
3162 3144 3394 3213 aliquam

166 3230 378 3318 a'utem:
403 3261 638 3316 Luceant
661 3273 823 3328 opera
843 3263 1017 3312 vestra
1049 3267 1227 3308 coram
1260 3248 1582 3306 hominibus.
1604 3245 1734 3301 0m-
1829 3247 1899 3304 de
1923 3248 2008 3302 his
2033 3246 2357 3311 mercedem,
2386 3247 2499 3302 sive
2546 3245 2808 3309 ciborum,
2840 3238 2954 3296 sive
2994 3230 3252 3308 pecnuir,
3283 3234 3397 3294 sive

168 3368 265 3411 nes
287 3367 415 3408 vero
444 3357 764 3421 acceperunt
792 3346 1064 3417 lampades
1099 3355 1245 3410 suas,
1271 3350 1327 3396 et
1354 3347 1613 3396 venerunt
1636 3338 1732 3392 ob-

168 3444 312 3498 viam
344 3455 562 3510 sponso.
587 3437 992 3505 intelligendum
1020 3443 1102 3490 est
1122 3447 1254 3501 ergo
1292 3430 1492 3486 Christi
1520 3430 1736 3484 nomine

169 3531 383 3589 censeri
403 3529 471 3585 de
488 3529 681 3600 quibus
705 3529 900 3599 agitur.
918 3525 1033 3580 Non
1056 3525 1199 3578 enim
1231 3529 1452 3591 possunt
1465 3520 1553 3589 qui
1579 3518 1738 3574 Chri-

171 3623 330 3679 stiani
359 3637 464 3677 non
508 3627 633 3675 sunt
669 3632 868 3687 sponso
893 3616 1111 3672 Christo
1139 3613 1324 3668 venire
1351 3610 1568 3664 obviam
1596 3625 1614 3662 :
1642 3606 1739 3663 sed

174 3713 409 3784 quinque
431 3711 606 3776 fatua,
627 3709 860 3778 acceptis
879 3704 1211 3775 lampadibus
1230 3702 1362 3766 suis,
1380 3717 1485 3755 non
1509 3712 1742 3767 sumpse-

173 3814 300 3860 runt
337 3804 512 3858 oleum
542 3815 745 3857 secum.
769 3798 916 3854 Multi
964 3796 1130 3858 enim,
1158 3795 1399 3864 quamvis
1449 3792 1518 3847 de
1543 3791 1740 3845 Christi

177 3894 415 3948 bonitate
465 3891 747 3961 plurimum
775 3895 1014 3958 Spereut.
1037 3884 1284 3953 gaudium
1314 3892 1488 3936 tamen
1517 3893 1622 3934 non
1648 3879 1743 3933 ha-

178 3986 325 4050 bent,
353 3985 477 4039 dum
508 3983 846 4038 continenter
873 3976 1026 4051 [non]
1052 3976 1257 4045 vivunt,
1288 3975 1390 4031 nisi
1421 3977 1476 4029 in
1498 3974 1743 4030 laudibus

179 4075 473 4140 hominum;
506 4089 609 4128 non
639 4086 766 4142 ergo
805 4070 1001 4124 habent
1039 4069 1216 4124 oleum
1245 4081 1427 4122 secum
1456 4081 1474 4131 ;
1504 4079 1626 4119 nam
1657 4064 1743 4133 ip-

178 4182 291 4221 sam
337 4166 572 4221 Letitiam
616 4164 758 4219 oleo.
783 4160 1067 4230 signiﬁcari
1122 4159 1354 4213 arbitror
1399 4175 1414 4209 :
1457 4157 1744 4224 Propterea

131 4315 135 4324 ,
179 4256 332 4312 unxit
377 4263 448 4320 te,
473 4239 660 4324 inquit,
696 4252 835 4306 Deus
883 4251 1020 4306 Deus
1041 4258 1162 4304 tuus
1195 4249 1316 4304 oleo
1337 4246 1744 4311 exsltationis;

182 4348 270 4417 qui
293 4355 468 4400 autem
500 4359 603 4398 non
631 4352 911 4412 propterea
931 4339 1128 4410 gaudet
1145 4340 1267 4409 quia
1289 4339 1401 4393 Deo
1429 4337 1746 4392 intrinsecus

1832 3339 2196 3406 bonoris,sive
2216 3336 2440 3405 alicujus
2474 3333 2742 3392 commodi
2771 3328 3076 3395 temporalis
3097 3324 3394 3392 accipiunt:

1833 3444 1941 3485 non
1993 3427 2413 3497 intelligentibns
2430 3425 2571 3495 quod
2616 3423 2816 3479 dictum
2837 3429 2921 3474 est
2945 3435 2960 3472 :
2981 3418 3080 3485 Qui
3101 3431 3196 3470 vos
3216 3414 3399 3469 ﬁelieea

1835 3519 2107 3585 dicunt,in
2130 3532 2368 3574 errorem
2387 3529 2486 3571 vos
2514 3516 2761 3578 mittunt;
2788 3510 2975 3566 melius
2998 3514 3280 3563 est'antetn
3304 3504 3402 3555 oh-

1833 3603 2242 3683 jurgaviaju-to
2264 3622 2422 3678 quam
2457 3622 2487 3660 a
2511 3614 2790 3675 peccatore
2805 3600 3004 3656 laudar'
3013 3638 3030 3652 .
3060 3596 3229 3652 Buten
3248 3594 3403 3658 labit,

1839 3703 2032 3771 inquit,
2042 3715 2126 3756 me
2137 3702 2314 3771 justus
2337 3702 2392 3754 in
2407 3694 2798 3761 misericordia,
2810 3700 2868 3747 et
2884 3699 3072 3760 arguet
3079 3703 3163 3743 me
3181 3703 3196 3754 ;
3225 3686 3401 3740 oleum

1839 3802 2016 3849 autem
2059 3791 2355 3862 peccatoris
2382 3803 2491 3845 non
2541 3786 2836 3857 impinguet
2863 3784 2973 3854 ω
2999 3787 3171 3850 caput:
3201 3790 3403 3832 meum.

1837 3887 1916 3941 lte
1939 3899 2069 3954 ergo
2093 3883 2161 3937 ad
2189 3881 2480 3936 vendentea
2502 3886 2559 3934 et
2579 3877 2741 3932 emite
2770 3873 2942 3937 vobis,
2969 3870 3132 3925 id'est
3162 3885 3176 3922 :
3206 3866 3402 3920 Videa-

1841 3989 1961 4030 mus
1988 3972 2223 4041 nunquid
2249 3985 2348 4027 vos
2370 3967 2623 4039 adjuvant
2645 3965 2734 4036 qui
2761 3963 2912 4018 vobis
2961 3959 3143 4014 laudes
3171 3958 3405 4012 vendere
3479 4029 3489 4040 D

1842 4072 2258 4131 consueverunt,
2283 4071 2339 4118 et
2362 4075 2460 4118 vos
2506 4058 2560 4114 in
2607 4071 2844 4113 errorem
2899 4053 3168 4116 inducere,
3199 4059 3259 4104 ut
3296 4064 3415 4103 nuu-

1845 4169 2024 4210 coram
2053 4153 2188 4218 Deo,
2213 4151 2308 4206 sed
2361 4148 2434 4204 ab
2457 4145 2761 4203 hominibus
2802 4144 3022 4214 gloriam
3068 4139 3408 4210 quaereretis.

1850 4245 2110 4301 Euntibus
2135 4252 2311 4298 autem
2341 4241 2447 4296 illis
2470 4253 2673 4305 emere,
2703 4236 2849 4291 venit
2869 4248 3113 4304 sponsus,
3138 4232 3191 4285 id
3215 4238 3303 4286 ut
3327 4230 3411 4283 in-

1849 4333 2168 4390 clinant;hus
2191 4345 2251 4386 se
2269 4329 2450 4385 illisin
2475 4342 2539 4383 ea
2559 4342 2677 4396 qua:
2699 4325 2823 4379 foris
2850 4331 2992 4387 sunt;
3017 4329 3068 4375 et
3095 4320 3411 4387 solitisgau-

184 4409 378 4508 placet,
400 4450 505 4490 nun
527 4409 686 4490 habet
708 4409 886 4488 oleum
906 4409 1109 4487 secum.
1133 4429 1430 4485 Prudentes
1452 4439 1628 4484 autem
1655 4443 1748 4482 ac-
1776 4409 1831 4470 Ῐ)
1853 4428 1982 4482 dere
2001 4423 2380 4497 quarentibua.
2406 4420 2528 4491 quia
2552 4416 2737 4489 gaudia
2763 4417 2970 4470 interna
2991 4429 3111 4467 non—
3128 4420 3406 4478 noverant,

138 4573 142 4576 .
183 4535 440 4596 ceperunt
462 4527 637 4581 oleum
665 4523 911 4580 secumin
938 4521 1102 4587 vasis,
1124 4535 1245 4577 cum
1265 4520 1598 4591 lampadibus
1612 4520 1750 4584 suis,

137 4664 144 4668 _
183 4616 234 4672 id
264 4627 367 4681 est,
391 4619 478 4671 laet
501 4619 624 4670 tiam
651 4617 909 4670 bonorum
932 4629 1154 4684 operum
1172 4615 1226 4669 in
1243 4614 1406 4670 corde
1417 4622 1579 4683 atque
1594 4628 1752 4668 cons-

185 4707 379 4762 cientis
428 4714 718 4776 posuerunt
749 4720 763 4756 :
793 4704 878 4759 sic
899 4713 955 4758 et
983 4702 1270 4771 Apostolus
1299 4709 1482 4756 monet
1510 4719 1523 4754 :
1556 4701 1753 4756 Probet

185 4803 365 4852 autem
392 4810 454 4851 se
481 4796 663 4860 homo,
685 4795 853 4863 inquit
877 4835 893 4860 ,
921 4801 975 4849 et
996 4803 1121 4848 tunc
1149 4793 1202 4848 in
1227 4794 1517 4862 semetipso
1538 4791 1752 4848 habebit

185 4887 434 4958 gloriam,
456 4895 507 4940 et
528 4902 632 4941 non
654 4886 709 4940 in
729 4885 915 4940 altero.
945 4885 1210 4940 Tardante
1236 4899 1366 4939 vero
1396 4898 1615 4952 sponso,
1630 4885 1757 4939 dor-

187 4978 422 5034 mierunt
441 4993 625 5032 omnes
643 4994 657 5031 :
677 4978 798 5046 quia
818 4990 885 5030 ea
907 4984 1136 5045 utroque
1158 4989 1352 5044 genere
1370 4975 1754 5030 continentium

187 5069 488 5132 hominum,
515 5067 628 5124 sive
650 5081 837 5122 eorum
859 5067 947 5134 qui
984 5080 1164 5120 coram
1194 5065 1304 5121 Deo
1328 5065 1618 5132 exsultant,
1641 5067 1756 5121 sive

183 5175 374 5216 eorum
421 5160 511 5228 qui
553 5158 606 5213 in
657 5157 902 5212 laudibus
948 5156 1222 5212 hominum
1254 5158 1753 5229 acquicseunt,mo-

186 5255 400 5306 ῐὶιιιιτιιι⁵
431 5250 534 5305 hoc
575 5248 856 5304 intervallo
881 5247 1160 5318 temporis,
1190 5247 1361 5303 donec
1382 5247 1484 5302 sub
1520 5248 1751 5302 adventu

189 5342 402 5397 Domini
448 5343 538 5396 liat
575 5341 906 5397 resurrectio
960 5352 1313 5396 mortuorum.
1357 5340 1530 5395 Media
1579 5350 1754 5396 autem

114 5595 116 5598 _
193 5539 307 5594 tpsc
336 5523 477 5578 dicat
506 5524 762 5578 Dominus
793 5542 807 5579 :
841 5523 917 5578 De
937 5523 1025 5579 die
1043 5531 1222 5578 autem
1246 5521 1333 5575 illa
1355 5530 1410 5576 ct
1428 5522 1579 5591 hora,
1603 5538 1761 5577 nemo

191 5619 293 5672 scit
324 5635 337 5671 :
365 5624 418 5680 et
459 5614 750 5686 Apostolus
794 5615 963 5671 dicit:
993 5615 1113 5674 Dies
1142 5613 1355 5670 Domini
1399 5622 1648 5686 tanquam
1672 5612 1757 5670 iur

1855 4523 2000 4575 ven‘t
2027 4518 2116 4573 ille
2155 4517 2245 4588 qui
2293 4511 2517 4585 iudicat,
2544 4519 2598 4565 et
2625 4523 2745 4579 qua:
2783 4515 2982 4578 parata:
3026 4515 3197 4572 erant,
3230 4505 3283 4558 id
3330 4513 3412 4558 est

1856 4611 2061 4683 quibus
2099 4608 2297 4662 bonum
2341 4617 2522 4658 coram
2553 4601 2662 4656 Deo
2701 4599 3059 4655 testimon‘um
3087 4595 3412 4652 conscii-uta

1858 4700 2190 4776 perhibebat,
2215 4701 2486 4755 .intrarunt
2530 4710 2652 4750 eum
2674 4709 2741 4749 co
2765 4693 2817 4752 in
2859 4691 2968 4764 [ad]
2994 4691 3223 4761 tmptiasi
3252 4690 3304 4742 id
3322 4699 3411 4743 est

1857 4795 1946 4851 ubi
1976 4793 2172 4849 munda
2192 4791 2370 4846 anima
2395 4788 2717 4857 sempiterna
2761 4786 2853 4840 Dei
2884 4784 3045 4839 verbo
3086 4780 3413 4836 hicnndanda

1860 4887 2161 4956 copulatur.
2187 4883 2378 4939 Clausa
2425 4889 2510 4935 est
2547 4880 2731 4949 jauua,
2753 4876 2808 4933 id
2835 4886 2920 4932 est
2947 4873 3170 4942 receptis
3197 4872 3301 4926 illis
3322 4875 3414 4940 qui
3445 4915 3453 4924 .

1859 4984 1985 5034 sunt
2006 4975 2063 5032 in
2091 4974 2378 5044 angelicam
2407 4972 2571 5026 vitam
2598 4969 2861 5025 immutati
2889 4983 2905 5021 :
2931 4963 3310 5020 Omnes‘enim
3333 4978 3416 5017 rc-

1857 5079 2163 5136 surgemus,
2194 5062 2406 5134 inquit,
2440 5061 2535 5117 sed
2580 5074 2687 5116 non
2739 5072 2925 5115 omnes
2979 5053 3416 5110 immulabimnr:

1856 5160 2067 5213 clausus
2121 5163 2208 5210 eat
2252 5154 2431 5211 aditus
2476 5153 2546 5208 ad
2572 5165 2788 5222 regnum
2815 5149 3095 5206 cmiorum.
3116 5145 3230 5199 Non
3271 5145 3420 5198 enim

1854 5256 1975 5317 post
2017 5244 2277 5316 judicium
2316 5255 2466 5317 patet
2492 5259 2710 5316 precum
2759 5248 2853 5296 aut
2902 5241 3213 5296 meritorum
3245 5239 3419 5296 locus.

1801 5401 1804 5403 _
1858 5337 2157 5392 Novissime
2208 5345 2388 5392 autem
2410 5337 2628 5392 veniunt
2656 5342 2712 5390 et
2734 5333 2951 5403 reliqua:
2979 5332 3208 5402 virgines
3229 5332 3419 5387 dicen-

190 5443 370 5497 nocte,
399 5433 447 5487 id
469 5441 554 5487 est
574 5433 718 5489 nullo
743 5433 947 5487 sciente
972 5440 1062 5487 aut
1088 5439 1341 5501 sperante
1372 5430 1592 5501 (quippe
1635 5445 1755 5486 cum
1823 5436 1827 5440 ‘

1858 5437 1940 5483 tes
1968 5444 1984 5483 :
2020 5427 2266 5494 Domine,
2291 5427 2536 5496 Domine,
2563 5425 2710 5494 aperi
2753 5425 2904 5480 nobis
2935 5440 2951 5477 ε
2985 5441 3089 5479 non
3117 5425 3316 5479 dictum
3336 5434 3418 5479 est

1857 5520 1998 5591 quod
2025 5521 2255 5576 emeriut
2279 5520 2476 5585 oleum,
2499 5523 2552 5575 et
2578 5516 2699 5574 ideo
2726 5516 3082 5588 intelligenda
3112 5524 3258 5577 sunt.
3277 5517 3421 5573 nullo

1855 5613 1966 5685 jam
1986 5621 2298 5674 remanente
2319 5611 2390 5670 de
2413 5611 2606 5669 alienis
2630 5610 2870 5669 laudibus
2895 5611 3111 5684 gaudio,
3140 5610 3194 5666 ln
3227 5625 3415 5683 angus-
