3904 6224
496 276 605 331 ὈῚΟ

1560 267 1626 322 D.
1670 265 2003 323 EUGYPPII'
2028 266 2316 324 ABBATiS
2354 262 2672 321 AFRICANI

3633 269 3726 322 930

500 387 588 441 tiis
613 395 670 441 et
699 386 905 451 magnis
933 379 1302 438 ailiictionibus
1341 379 1516 434 redire
1549 380 1613 435 ad
1646 379 2072 449 implorationem
2103 377 2150 439 Α
2175 385 2490 453 creaturam,
2515 378 2736 434 denario
2768 391 2987 434 numero
3031 379 3335 435 insinuatur
3371 398 3387 434 :
3423 393 3539 449 quae
3578 381 3728 436 disci-

500 476 619 530 Dei.
638 476 742 531 Sed
771 486 958 544 magna
983 482 1066 529 est
1093 471 1213 540 ejus
1230 471 1484 526 severitas
1514 481 1629 539 post
1646 471 1899 540 judicium
1921 471 2069 538 cujus

500 576 624 620 ante
649 565 900 633 judicium
926 562 1209 616 ineffabilia
1237 561 1604 616 misericordia
1628 568 1918 630 praerogata
1945 567 2026 614 est
2052 575 2065 612 :

500 655 675 715 itaque
715 650 1037 717 respondens
1081 652 1154 703 ait
1184 667 1196 702 :
1225 652 1391 705 Amen
1423 649 1545 704 dico
1571 651 1725 703 vobis
1761 648 1900 718 quod
1935 661 2058 702 nes-

498 744 584 795 cio
600 756 718 802 vos;
745 755 809 794 ex
836 739 920 791 illa
947 740 1147 793 scilicet
1169 739 1378 808 regula,
1397 755 1501 809 qua
1527 755 1633 794 non
1660 739 1820 792 habet
1842 753 1928 793 ars
1952 737 2065 802 Dei,

501 832 600 884 hoc
616 840 696 883 est
708 830 961 897 sapientia
980 829 1095 895 Dei,
1115 839 1170 883 ut
1182 831 1380 884 intrent
1393 831 1443 883 in
1463 830 1710 894 gaudium
1724 830 1838 895 ejus
1853 829 1940 897 qui
1964 843 2067 882 non

498 933 673 972 coram
707 918 835 982 Deo,
851 917 943 971 sed
972 928 1029 970 ut
1051 918 1320 986 placerent
1344 918 1671 980 hominibus,
1689 917 1785 971 visi
1808 927 1935 971 sunt
1963 917 2066 972 ali-

495 1007 622 1074 quid
652 1008 941 1062 secundum
974 1018 1239 1077 praecepta
1257 1009 1372 1077 ejus
1393 1006 1624 1076 Operari.
1653 1007 1823 1074 Atque
1845 1006 1913 1059 ita
1938 1019 2067 1060 con-

495 1094 660 1150 cludit
690 1112 702 1146 :
729 1094 952 1165 Vigilate
987 1111 1134 1162 ergo,
1180 1096 1302 1164 quia
1331 1096 1548 1151 nescitis
1588 1093 1727 1148 diem
1759 1109 1930 1163 neque
1973 1095 2067 1148 ho-

496 1200 608 1238 ram
636 1204 649 1238 :
676 1200 780 1238 non
811 1185 971 1239 modo
1001 1187 1138 1240 illius
1186 1185 1357 1239 ultimi
1386 1184 1644 1252 temporis
1669 1200 1770 1254 qua
1814 1193 2069 1240 venturus

495 1282 576 1328 est
597 1287 844 1342 sponsus,
869 1273 961 1329 sed
991 1290 1099 1328 sum
1119 1273 1344 1342 quisque
1368 1273 1702 1329 dormitionis
1723 1274 1863 1331 diem
1892 1285 1947 1330 et
1971 1275 2066 1327 bo-

498 1381 609 1420 ram
632 1364 820 1420 nescit.
840 1363 1090 1432 Quisquis
1113 1373 1289 1420 autem
1321 1376 1533 1431 paratus
1555 1375 1634 1418 est
1662 1381 1826 1432 usque
1853 1367 1917 1419 ad
1939 1382 2081 1421 som-

495 1473 642 1524 num,
667 1457 716 1510 id
741 1467 821 1511 est
842 1471 1009 1525 usque
1033 1455 1100 1510 ad
1133 1466 1379 1519 mortem,
1400 1471 1520 1526 qua:
1545 1458 1791 1513 omnibus
1817 1457 2065 1525 debetur,

496 1555 705 1614 paratus
752 1545 1046 1600 invenietur
1068 1545 1224 1599 etiam
1256 1559 1375 1599 cum
1424 1546 1511 1599 illa
1557 1561 1658 1601 vox
1710 1546 1883 1601 media
1911 1555 2070 1601 nocte

494 1635 762 1697 senuerit,
815 1649 917 1705 qua
973 1648 1160 1689 omnes
1211 1633 1508 1704 evigilaturi
1558 1644 1702 1688 sunt.
1735 1633 1885 1700 Quod
1941 1650 2069 1691 vero

2172 467 2338 535 plina,
2367 467 2598 535 quandiu
2621 467 2899 536 corporeis
2920 469 3154 524 motibus
3184 461 3553 539 temporaliter
3575 471 3726 540 signi-

2173 556 2380 621 ficatur,
2406 555 2673 611 credendo
2695 565 2927 624 constat,
2951 567 3004 614 et
3026 575 3202 616 rerum
3229 572 3501 632 gestarum
3525 564 3720 617 venien-

2171 645 2300 698 tium
2359 653 2519 714 atque
2573 648 2960 702 transeuntium
3003 653 3341 718 auctoritate,
3397 653 3545 722 quasi
3603 654 3723 707 lacte

2171 735 2419 803 parvulos
2450 737 2652 802 nutrit,
2687 746 2748 793 ut
2784 738 3004 794 idoneos
3045 738 3218 813 faciat
3261 745 3717 813 contemplationi,

2170 839 2287 892 qua
2314 840 2420 879 non
2454 821 2598 880 venit
2625 837 2680 880 et
2712 830 2920 894 transit,
2949 829 3042 884 sed
3072 846 3287 900 semper
3315 844 3530 900 manet;
3561 837 3608 887 in
3630 851 3718 903 qua

2169 911 2394 982 quisque
2421 916 2646 970 narratis
2705 916 2806 971 sibi
2838 919 2996 973 rebus
3023 963 3038 987 ,
3071 921 3326 976 divinitus
3380 926 3718 994 tempera'iter

2171 1018 2268 1071 pro
2297 1004 2468 1059 salute
2496 1005 2772 1061 hominum
2798 1009 2960 1078 gestis
2982 1011 3096 1065 sive
3126 1012 3398 1079 gerendis,
3424 1029 3540 1082 qua:
3566 1016 3718 1067 adhuc

2170 1091 2344 1148 futura
2377 1095 2732 1163 prazdieantur
2759 1138 2773 1162 ,
2817 1099 2862 1152 si
2914 1102 3270 1167 permanserit
3298 1104 3348 1155 in
3384 1102 3504 1168 fide,
3537 1116 3586 1156 et
3614 1119 3716 1168 pre-

2170 1187 2332 1238 missa
2363 1188 2680 1252 speraverit,
2712 1197 2766 1241 et
2795 1203 2912 1257 quae
2951 1189 3130 1244 divina
3178 1194 3468 1246 auctoritas
3499 1194 3714 1261 praecipit

2169 1271 2475 1343 infatigabili
2521 1275 2781 1328 charitate
2832 1276 3055 1343 implere
3091 1281 3390 1342 curaverit,
3439 1291 3582 1334 recte
3609 1290 3714 1349 aget

2171 1363 2336 1417 vitam
2374 1362 2531 1431 hujus
2559 1365 2896 1418 necessitatis
2941 1375 2996 1420 et
3037 1369 3312 1436 temporis,
3353 1384 3469 1437 qua:
3515 1386 3708 1424 nomen

2171 1454 2573 1523 quadragesimo
2605 1455 3031 1510 commendatur.
3072 1458 3334 1524 Quoniam
3362 1459 3601 1514 denarius
3627 1478 3707 1513 nu-

2172 1558 2371 1608 merus,
2394 1545 2480 1612 qui
2502 1553 2662 1600 totam
2690 1547 2922 1600 insinuat
2943 1546 3301 1616 disciplinam,
3322 1559 3504 1619 quater
3523 1553 3710 1615 ductus,

2174 1632 2225 1687 id
2257 1642 2336 1687 est
2370 1649 2594 1690 numero
2641 1636 2728 1704 qui
2780 1638 2988 1704 corpori
3023 1638 3269 1693 tribuitur
3322 1641 3705 1711 multiplicatus,

495 1740 688 1792 sponso
720 1726 854 1784 dixit
879 1725 1091 1780 obviam
1120 1725 1339 1779 venisse
1370 1725 1621 1794 virgines,
1645 1725 1722 1779 sic
1762 1726 2061 1796 intelligen-
2091 1720 2138 1780 B
2166 1724 2284 1790 quia
2341 1738 2434 1790 per
2479 1735 2652 1778 motus
2715 1728 3020 1794 corporales
3070 1729 3457 1784 administratio
3512 1733 3705 1800 geritur,

494 1816 620 1871 dum
667 1827 813 1885 puto,
844 1827 898 1870 ut
925 1832 992 1871 ex
1035 1815 1165 1883 ipsis
1191 1816 1482 1884 virginibus
1513 1823 1726 1870 con5tet
1753 1829 1813 1869 ea
1844 1831 1962 1885 quas
1991 1816 2074 1869 di-

493 1910 634 1962 citur
685 1922 927 1975 sponsa:
964 1917 1212 1976 tanquam
1253 1908 1302 1960 si
1348 1905 1596 1960 omnibus
1648 1905 1960 1960 Christianis
2017 1907 2070 1960 itt

500 1999 790 2053 Ect-lesiam
816 1998 1275 2067 concurrentibus,
1297 1997 1389 2052 filii
1411 1997 1476 2051 ad
1498 2006 1722 2051 matrem
1748 2011 2071 2052 concurrere

494 2088 762 2152 dicantur,
785 2102 906 2142 cum
921 2103 984 2141 ex
1007 2087 1134 2154 ipsis
1158 2085 1626 2154 filiisjcongregatis
1648 2093 1854 2138 constet
1872 2098 1936 2138 ea
1953 2099 2070 2152 qua:

494 2178 689 2233 dicitur
716 2186 911 2232 mater.
934 2177 1081 2230 Nunc
1109 2177 1249 2231 enim
1275 2175 1598 2243 desponsata
1629 2183 1710 2229 est
1736 2175 1993 2239 Ecclesia,
2016 2185 2071 2230 et

490 2267 640 2336 virgo
668 2275 750 2322 est
774 2265 836 2321 ad
864 2265 1076 2332 nuptias
1096 2265 1457 2334 perducenda,
1478 2264 1528 2318 id
1553 2274 1633 2320 est
1663 2278 1782 2319 cum
1809 2279 1865 2318 se
1892 2265 2069 2320 conti-

493 2365 584 2410 net
630 2371 659 2410 a
699 2354 1040 2424 corruptione
1068 2356 1309 2409 saeculari
1342 2373 1353 2408 :
1387 2355 1478 2409 illo
1501 2363 1676 2410 antem
1714 2365 1951 2423 tempore
1975 2370 2073 2409 nu-

503 2445 614 2505 bet,
645 2459 748 2514 quo
789 2443 1032 2498 universa
1086 2444 1406 2498 mortalitate
1439 2454 1817 2512 prmtereunte,
1851 2444 2070 2497 immor-

504 2535 596 2592 tali
665 2534 1038 2603 conjunctione
1117 2533 1317 2589 fructur
1367 2553 1380 2588 :
1441 2536 1804 2604 Desponsavi,
1860 2537 2068 2604 inquit,

499 2641 593 2679 vos
633 2626 718 2678 uni
768 2626 914 2691 viro,
958 2625 1221 2696 virginem
1269 2634 1467 2679 castam
1513 2626 1766 2681 exhibere
1822 2625 2069 2692 Christo;

503 2717 632 2782 Vos,
658 2717 865 2785 inquit,
900 2715 1179 2785 virgiiem,
1200 2731 1228 2770 a
1259 2717 1450 2783 plurali
1479 2716 1544 2771 ad
1598 2716 1916 2785 singularem
1944 2731 2072 2770 con-

499 2809 746 2863 cludens.
773 2808 898 2864 Ideo
940 2818 994 2862 et
1024 2806 1254 2876 virgines
1287 2807 1394 2861 dici
1423 2817 1665 2875 possunt,
1694 2817 1749 2861 et
1768 2807 1945 2876 virgo;
1979 2821 2072 2860 cur

501 2905 679 2952 autem
699 2898 930 2964 quinque
958 2895 1113 2956 dictae
1130 2897 1257 2959 sint,
1279 2906 1334 2950 ut
1364 2896 1495 2950 mihi
1523 2896 1754 2964 videtur,
1771 2898 2069 2964 expositum

494 2995 596 3042 est.
630 2985 734 3042 Sed
767 2985 1001 3039 videmus
1031 2999 1174 3040 nunc
1204 2984 1254 3038 in
1296 2985 1597 3054 aenigmate,
1629 2995 1753 3040 tunc
1780 2995 1957 3039 autem
1987 2984 2066 3039 fa-

2173 1827 2272 1881 qua
2305 1814 2500 1868 dictum
2531 1825 2611 1869 est
2637 1814 2792 1868 fidem
2825 1829 3093 1884 constare,
3137 1821 3583 1890 quadragesimum
3621 1840 3704 1876 nus

2175 1918 2378 1956 merum
2411 1903 2622 1958 conﬁcit
2652 1922 2663 1954 :
2696 1905 2763 1956 ita
2798 1905 3044 1974 impetrat
3076 1910 3231 1961 etiam
3265 1911 3504 1965 srabiiein
3531 1923 3577 1966 et
3604 1913 3704 1965 nul-

2173 1992 2273 2045 lius
2308 1994 2563 2061 temporis
2610 1995 2931 2064 indigentem
2975 1998 3313 2066 sapientiam,
3359 2017 3470 2068 qua:
3513 2001 3704 2055 denario

2172 2095 2393 2140 numero
2423 2083 2848 2148 commendatur,
2881 2095 2938 2138 ut
2977 2086 3042 2140 ad
3096 2089 3442 2158 quadraginta
3476 2091 3700 2143 addantur

2170 2173 2391 2237 decem;
2434 2174 2554 2241 quia
2604 2186 2656 2228 et
2705 2189 2882 2243 partes
2921 2177 3153 2246 aequales
3200 2179 3587 2250 quadragenarii
3625 2196 3701 2233 ητις

2171 2263 2346 2328 meri,
2395 2263 2553 2318 simul
2583 2263 2794 2328 ductae,
2846 2267 2908 2319 ad
2956 2269 3336 2340 quinquaginta
3385 2271 3700 2339 perveniunt;

2172 2363 2348 2422 partes
2391 2364 2564 2415 autem
2602 2357 2832 2423 mquales
2866 2357 3021 2412 habet
3050 2362 3500 2428 quadragenarius
3545 2378 3700 2422 nume-

2172 2458 2280 2506 rus,
2313 2445 2485 2511 primo
2515 2445 2861 2513 quadraginta
2896 2447 2944 2499 in
2976 2450 3198 2517 singulis
3223 2489 3238 2513 ,
3266 2450 3456 2504 deinde
3478 2450 3631 2518 viginti
3652 2453 3698 2502 iu

2171 2533 2330 2598 hirtis,
2360 2533 2553 2588 deinde
2599 2534 2782 2590 decem
2836 2535 2886 2588 in
2931 2538 3224 2605 quaternis,
3258 2550 3382 2593 octo
3427 2541 3472 2591 in
3503 2541 3654 2607 quinis
3682 2582 3695 2604 ,

2170 2625 2400 2693 quinque
2423 2626 2473 2678 in
2497 2628 2724 2692 octonis,
2753 2638 2978 2694 quatuor
3005 2626 3056 2682 in
3083 2629 3254 2692 denis,
3279 2629 3414 2682 duas
3437 2629 3483 2682 in
3507 2630 3696 2682 vicenis.

2175 2713 2346 2766 Unum
2375 2729 2524 2783 ergo,
2554 2723 2607 2768 et
2634 2714 2759 2783 duo,
2782 2727 2835 2770 et
2860 2729 3107 2785 quatuor,
3140 2731 3191 2772 et
3218 2721 3469 2787 quinque,
3501 2729 3546 2772 et
3572 2734 3697 2782 oc:o,

2172 2818 2218 2856 et
2250 2804 2476 2870 decem,
2506 2815 2558 2860 et
2591 2807 2771 2876 viginti
2801 2807 2956 2862 simul
2987 2809 3142 2862 ducta
3164 2853 3178 2875 ,
3215 2809 3303 2863 efli
3342 2811 3449 2863 iuni
3475 2812 3694 2878 quinqua-

2171 2893 2333 2962 ginta.
2385 2897 2720 2964 Quapropter
2771 2898 2907 2950 sicut
2947 2897 3406 2966 quadragenarius
3437 2913 3653 2954 numerus
3678 2938 3693 2963 ,

2171 2983 2461 3052 aequalibus
2492 2985 2600 3038 suis
2655 2986 2890 3054 partibus
2938 2987 3292 3053 computatis,
3349 2989 3480 3055 parit
3506 2986 3695 3054 amplius

487 3075 571 3130 cie
595 3076 659 3128 ad
689 3075 873 3132 faciem
899 3093 910 3126 :
933 3083 987 3130 et
1017 3089 1158 3130 nunc
1182 3089 1246 3129 ex
1279 3085 1446 3143 parte,
1474 3084 1600 3129 tunc
1627 3083 1802 3128 autem
1831 3089 1897 3130 ex
1927 3082 2063 3128 toto.
2093 3062 2137 3122 C
2170 3073 2469 3142 denarium,
2503 3085 2556 3128 et
2584 3077 2642 3128 fit
2669 3077 3150 3145 quinquagenarius
3179 3094 3196 3133 ξ
3227 3079 3308 3134 sic
3352 3088 3547 3149 tempus
3574 3076 3696 3144 ﬁdei,

495 3169 670 3232 ipsum
695 3175 866 3219 autem
889 3165 942 3222 in
967 3166 1246 3236 aenigmate
1270 3175 1325 3222 et
1352 3180 1416 3220 ex
1457 3173 1607 3234 parte
1647 3179 1786 3220 nunc
1816 3166 1867 3220 in
1894 3164 2068 3234 Scrip-

490 3257 620 3308 turis
671 3255 867 3324 aliquid
917 3269 1162 3324 cernere,
1184 3255 1325 3325 quod
1358 3264 1532 3310 tamen
1555 3255 1627 3309 sit
1653 3254 1942 3310 secundum
1974 3269 2067 3308 ca-

491 3347 738 3406 tholicam
768 3345 944 3411 fidem,
971 3360 1036 3400 ex
1066 3345 1155 3400 illo
1203 3347 1424 3415 pignore
1452 3346 1709 3415 contingit
1747 3345 1886 3415 quod
1912 3359 2064 3401 acce-

489 3438 567 3507 pit
603 3437 751 3507 virgo
795 3438 1054 3502 Ecclesia,
1092 3437 1274 3491 humili
1304 3438 1535 3496 adventu
1561 3439 1744 3508 sponsi
1790 3439 1894 3502 sui,
1944 3454 2066 3507 qua:

487 3530 581 3586 illo
602 3529 790 3584 ultimo
817 3529 1042 3584 adventu
1066 3571 1079 3594 ,
1107 3543 1225 3582 cum
1254 3530 1432 3583 veniet
1457 3528 1510 3582 in
1537 3529 1802 3596 claritate,
1837 3513 2065 3597 nuptura

488 3629 592 3685 est.
616 3633 736 3675 cum
755 3618 864 3688 jam
891 3619 1021 3674 facie
1043 3619 1107 3672 ad
1139 3619 1323 3672 faciem
1350 3618 1718 3674 contuebitur.
1745 3617 1899 3672 Dedit
1921 3620 2064 3673 enim

489 3713 642 3770 nobis
672 3713 863 3783 pignus
893 3711 1173 3781 Spiritum,
1205 3713 1342 3765 sicut
1370 3711 1498 3770 dicit
1526 3710 1836 3780 Apostolus,
1868 3720 1921 3764 et
1944 3710 2066 3766 ideo

488 3805 590 3861 ista
620 3804 882 3874 expositio
927 3803 1057 3856 nihil
1089 3813 1293 3857 certum
1343 3804 1599 3871 intuetur,
1641 3805 1740 3859 nisi
1779 3813 1837 3858 ut
1872 3819 2066 3858 secun-

487 3899 610 3954 dum
681 3896 837 3950 fidem
877 3895 965 3958 sit,
1008 3911 1176 3963 neque
1225 3895 1344 3956 aliis
1393 3896 1702 3965 praajudicat
1756 3912 1872 3967 quae
1922 3898 2064 3952 nihi-

489 3989 717 4047 l0tninus
741 3988 1031 4044 secundum
1079 3986 1232 4042 ﬁdem
1277 4001 1396 4043 esse
1455 3989 1744 4055 potuerint.

973 4124 1197 4180 CAPUT
1236 4124 1579 4179 CCLXXXV.

496 4220 571 4274 De
600 4221 714 4286 Qtta
742 4216 1007 4290 'ragesima
1034 4225 1078 4269 et
1107 4215 1572 4285 Quinquagesima;
1604 4231 1665 4268 ea:
1704 4215 1877 4269 eodem
1909 4216 2058 4269 libro.

559 4349 745 4403 Omnis
799 4347 1059 4416 sapientia
1110 4354 1160 4401 et
1207 4343 1487 4412 disciplina
1531 4345 1741 4416 [Omnis
1783 4347 2062 4415 sapientis:

491 4436 790 4508 disciplina]
817 4448 896 4491 est
926 4452 1043 4504 qum
1074 4436 1137 4489 ad
1172 4434 1414 4488 homines
1450 4435 1773 4490 erudiendos
1807 4439 2059 4506 pertinet,
2092 4421 2139 4479 Β

493 4530 802 4585 Creatorem
831 4541 1238 4595 creaturamque
1265 4525 1599 4594 dignoscere,
1628 4537 1682 4582 et
1704 4527 1854 4582 illum
1881 4529 2060 4583 colere

492 4621 906 4683 dominantem,
957 4620 1112 4675 istam
1170 4618 1462 4686 subjectam
1521 4619 1689 4673 fateri.
1742 4619 1836 4673 Est
1884 4630 2061 4675 autem

493 4719 709 4768 creator
759 4711 898 4765 Deus
927 4748 942 4773 ,
972 4725 1034 4762 ex
1065 4723 1171 4778 quo
1202 4709 1375 4763 omnia
1410 4749 1425 4773 ,
1454 4725 1550 4778 per
1578 4725 1737 4778 quem
1764 4711 1941 4763 omnia
1966 4753 1980 4774 ,
2010 4712 2060 4765 in

491 4821 598 4876 quo
621 4803 798 4858 omnia
835 4820 847 4854 ;
880 4809 931 4855 et
965 4800 1084 4855 ideo
1113 4799 1342 4853 Trinitas
1374 4799 1551 4868 Pater,
1578 4809 1630 4854 et
1659 4799 1842 4864 Filius,
1866 4810 1920 4855 et
1945 4800 2065 4869 Spi-

494 4900 630 4952 ritus
659 4905 874 4949 sanctus
904 4901 1005 4946 est.
1052 4889 1308 4945 Creatura
1343 4906 1468 4946 vero
1496 4933 1508 4951 ,
1549 4891 1736 4958 partim
1770 4900 1851 4946 est
1879 4891 2064 4945 invisi-

494 4989 616 5043 bilis
644 5030 658 5051 ,
710 4985 847 5040 sicut
891 4982 1098 5047 animus
1123 5023 1136 5046 ,
1162 4982 1348 5049 partim
1373 4980 1592 5034 visibilis
1619 5021 1632 5044 ,
1664 4980 1798 5033 sicut
1824 4996 2016 5049 corpus
2048 4999 2060 5034 :

496 5076 746 5132 invisibili
780 5074 1046 5129 ternarius
1071 5086 1324 5126 numerus
1349 5069 1619 5128 tribuitur.
1655 5069 1826 5136 Quare
1847 5070 2064 5140 diligere

495 5173 776 5228 Dominum
830 5168 1110 5240 tripliciter
1135 5167 1418 5236 jubemur,
1450 5182 1515 5223 ex
1552 5177 1662 5222 toto
1691 5168 1884 5232 corde,
1917 5179 1969 5222 et
1998 5183 2061 5222 ex

497 5275 603 5321 tota
635 5266 807 5318 anima
833 5306 846 5328 ,
876 5279 941 5317 ex
999 5272 1106 5317 tota
1164 5273 1342 5317 mente
1382 5277 1396 5314 :
1443 5261 1652 5327 Corpori
1693 5260 2062 5329 quaternarius

500 5355 818 5431 [numerus],
852 5368 1067 5428 propter
1095 5355 1548 5410 evidentissimam
1573 5363 1811 5406 naturam
1841 5353 1975 5421 eius,
2013 5354 2060 5409 id

500 5465 574 5505 est
597 5453 818 5506 calidam
846 5462 896 5506 et
920 5449 1178 5519 frigidam,
1195 5447 1468 5502 humidam
1493 5445 1754 5499 etsiecam
1774 5461 1784 5495 :
1805 5445 2063 5499 universae

499 5561 544 5595 ci
560 5560 624 5613 go
638 5554 892 5598 creaturae
913 5541 1160 5597 tribuitur
1176 5540 1528 5607 septenarius.
1547 5536 1880 5604 Quapmpter
1893 5537 2064 5590 omnis

501 5635 777 5714 disciplina
810 5637 1122 5706 dignoscens
1153 5643 1204 5689 et
1235 5631 1544 5691 discernens
1567 5628 1874 5685 Creatorem
1904 5637 2062 5698 atque

2169 3177 2347 3217 rerum
2393 3180 2486 3232 pro
2517 3173 2701 3220 nostra
2730 3165 2902 3220 salute
2929 3175 3194 3234 gestarum
3228 3177 3283 3223 et
3336 3169 3653 3237 gerendarum
3679 3208 3692 3229 ,

2167 3268 2288 3307 cum
2319 3255 2570 3323 aequitate
2597 3256 2718 3311 vita:
2746 3267 2946 3323 actum,
2998 3257 3246 3327 impetrat
3277 3260 3586 3314 intellectum
3606 3269 3696 3312 st»

2167 3344 2288 3400 bilis
2318 3349 2594 3415 sapientia-
2621 3364 2635 3413 ;
2681 3359 2735 3402 ut
2767 3364 2870 3403 non
2900 3348 3070 3404 solum
3101 3351 3391 3416 credendo,
3442 3351 3526 3405 sed
3561 3353 3692 3404 etiam

2168 3436 2512 3506 intelligendo
2575 3439 2854 3508 disciplina
2925 3440 3187 3495 firmetur.
3247 3442 3314 3494 Et
3360 3441 3476 3495 ideo
3511 3456 3564 3496 ea
3597 3454 3694 3508 qua

2167 3542 2310 3580 nunc
2340 3536 2422 3582 est
2453 3527 2719 3596 Ecclesia,
2751 3531 2993 3599 quamvis
3027 3531 3116 3584 filii
3151 3531 3241 3585 Dei
3281 3531 3466 3594 simus,
3497 3544 3601 3585 ante
3626 3542 3693 3582 ta-

2169 3633 2288 3673 men
2318 3636 2474 3689 quam
2504 3631 2757 3689 appareat
2787 3623 2911 3691 quid
2951 3621 3151 3676 erimus
3171 3662 3187 3688 ,
3218 3623 3270 3677 in
3299 3623 3557 3678 laboribus
3581 3632 3626 3676 et
3650 3622 3692 3675 in

2169 3710 2540 3787 afﬂictionibus
2569 3713 2695 3781 agit,
2725 3722 2780 3767 et
2811 3715 2860 3766 in
2888 3729 2949 3768 ea
2967 3713 3142 3782 justus
3165 3729 3232 3770 ex
3274 3716 3379 3769 fide
3411 3717 3527 3770 vivit
3555 3733 3565 3768 :
3599 3714 3692 3770 Nisi

2168 3799 2310 3855 enim
2357 3801 2693 3856 credideritis
2715 3842 2730 3865 ,
2765 3803 2934 3870 inquit
2963 3843 2978 3868 ,
3030 3817 3135 3857 non
3173 3803 3494 3873 intelligetis.
3524 3803 3578 3857 Et
3613 3804 3691 3855 hoc

2167 3897 2255 3944 est
2287 3900 2496 3959 tempus
2527 3906 2632 3959 quo
2663 3892 3056 3960 ingemiscimns
3103 3903 3158 3947 et
3207 3895 3446 3958 dolemus
3471 3935 3484 3958 ,
3531 3908 3695 3961 exspe-

2166 3990 2371 4039 ctantes
2404 3982 2824 4047 redemptionem
2848 3985 3086 4051 corporis
3115 3987 3306 4048 nostri,
3331 3987 3465 4054 quod
3491 3985 3691 4050 Quadra-

2164 4070 2364 4139 gesima
2393 4070 2715 4126 celebratur.
2745 4071 2954 4126 Scimus
2978 4083 3155 4126 autem
3186 4075 3310 4143 quia
3341 4090 3454 4128 cum
3485 4075 3691 4142 apparuit

2166 4159 2515 4237 [apparuerit]
2538 4160 2740 4216 similes
2769 4162 2845 4215 illi
2875 4166 3104 4228 erimus,
3146 4167 3397 4233 quoniam
3440 4167 3692 4220 videbimus

2164 4268 2283 4304 eum
2307 4252 2460 4306 sicuti
2490 4262 2573 4309 est
2603 4267 2756 4332 :cuin
2782 4253 3004 4307 addetur
3025 4253 3276 4309 denarius
3298 4255 3691 4325 qttadragenariu,

2167 4358 2221 4403 nt
2253 4364 2356 4402 nm
2389 4349 2559 4402 solum
2589 4348 2812 4404 credere
2856 4361 2974 4416 quae
3016 4348 3288 4416 pertinent
3327 4351 3389 4403 ad
3420 4350 3590 4411 fidem,
3617 4347 3690 4400 sed

2165 4440 2326 4495 etiam
2370 4435 2701 4508 perspicuam
2722 4439 3000 4493 veritatem
3046 4438 3366 4508 intelligere,
3392 4453 3688 4498 mereamur;

2167 4533 2287 4585 talis
2318 4531 2555 4586 Ecclesia
2610 4531 2661 4584 in
2714 4544 2816 4600 qua
2861 4531 3034 4584 nullus
3065 4532 3166 4585 erit
3200 4546 3416 4599 maeror,
3444 4531 3569 4584 nulla
3595 4541 3687 4596 per-

2167 4623 2354 4677 mixtio
2385 4623 2646 4675 malorum
2678 4619 2974 4686 hominum,
3009 4622 3151 4675 nulla
3182 4620 3544 4691 iniquitas,sed
3574 4618 3680 4672 luiti-

2167 4716 2262 4778 tia,
2286 4724 2340 4768 et
2365 4728 2493 4782 pax,
2525 4724 2576 4767 et
2604 4713 2875 4782 gaudium,
2897 4713 3355 4783 Quinquagesinire.
3379 4712 3685 4768 celebratione

2171 4810 2439 4877 pra-figura
2452 4815 2534 4860 tur
2556 4825 2568 4859 :
2588 4815 2887 4875 propterea,
2903 4814 3252 4874 posteaquam
3281 4807 3516 4859 Dominus
3538 4811 3683 4855 noster

2175 4898 2347 4971 [Jesus
2391 4896 2656 4966 Christus]
2685 4897 2984 4952 resurrexit
3023 4911 3050 4949 a
3098 4898 3324 4951 mortuis
3346 4938 3360 4961 ,
3392 4894 3681 4965 quadraginta

2173 4994 2358 5048 diehus
2389 4991 2615 5060 peractis
2641 5005 2762 5045 cum
2789 4989 3062 5058 discipulis
3094 4988 3204 5043 suis
3231 5032 3245 5051 ,
3278 4989 3454 5042 eadem
3482 4987 3575 5052 ipsa
3600 4982 3680 5036 sci-

2173 5087 2296 5138 licet
2323 5098 2414 5152 per
2445 5084 2584 5135 hunc
2614 5096 2894 5135 numerum
2928 5081 3191 5134 insinuata
3218 5079 3482 5146 temporali
3506 5077 3682 5143 dispen-

2171 5176 2378 5231 satione
2407 5189 2524 5243 ane
2554 5172 2616 5225 ad
2651 5171 2807 5225 fidem
2863 5172 3093 5241 pertinet
3124 5212 3140 5238 ,
3198 5171 3429 5224 ascendit
3458 5169 3499 5219 in
3529 5167 3681 5219 cadunt

2173 5278 2223 5320 et
2253 5267 2438 5320 decem
2473 5262 2587 5317 aliis
2617 5263 2807 5316 diehus
2837 5261 3062 5330 peractis
3091 5301 3104 5323 ,
3139 5261 3284 5313 misit
3313 5259 3546 5326 Spiritum
3579 5268 3679 5305 san-

2173 5367 2339 5419 ctum,
2368 5357 2417 5409 id
2451 5365 2532 5409 cst
2580 5363 2636 5409 ιιι
2684 5369 2788 5407 non
2841 5353 2902 5405 ad
2937 5353 3167 5404 humana
3197 5361 3250 5405 et
3281 5349 3581 5406 temnoralia,
3608 5342 3678 5396 sed

2171 5450 2234 5509 ad
2266 5448 2439 5501 divina
2466 5455 2624 5514 atque
2654 5453 2850 5499 a-tcrna
2879 5440 3176 5498 contuenda
3205 5483 3219 5506 ,
3269 5440 3481 5510 quodam
3523 5432 3676 5488 amoris

2171 5552 2218 5595 et
2251 5538 2532 5594 charitatis
2559 5540 2890 5609 spiramento
2918 5545 2970 5590 et
3005 5535 3250 5592 incendio
3281 5576 3295 5601 ,
3323 5525 3674 5605 quadragenatio

2173 5629 2421 5691 denarius
2454 5629 2774 5684 adderetur:
2805 5635 2855 5682 et
2887 5624 3133 5702 idcojam
3166 5625 3268 5681 hoc
3305 5633 3459 5680 totum
3488 5662 3502 5688 ,
3539 5616 3580 5672 id
3614 5623 3670 5667 εει
