3830 6228
137 299 226 354 98!

1205 272 1658 354 TtlES.\Uttt'-s.
1701 299 1849 355 car.
1892 299 2259 356 CCLXXXVI.

3248 307 3280 360 9
3291 307 3352 360 8'2

132 414 612 483 quinquagenarius
644 412 843 470 dierum
875 425 1120 468 numerus
1146 451 1160 476 ,
1187 399 1391 463 ὶωιὶιὶω
1447 407 1686 465 celebra-
1715 417 1766 476 Α
1790 422 1949 481 caput
1979 414 2214 478 inclinet,
2246 411 2448 468 vicibus
2470 412 2722 468 dicuntur
2744 414 2795 469 id
2831 428 3007 484 agere,
3043 425 3098 469 nt
3127 418 3352 475 lassatus

131 507 271 559 tione
300 505 589 574 signandtts
618 512 718 559 est.
750 504 870 558 llaec
899 513 1071 558 autem
1101 504 1205 558 dno
1235 512 1500 569 tempora,
1527 504 1578 558 id
1605 514 1687 560 est

131 610 288 649 unum
314 596 510 649 laboris
534 607 586 648 et
617 593 1006 660 sollicitudinis,
1035 594 1256 648 alterum
1293 594 1595 649 securitatis
1635 606 1689 651 et

128 686 328 752 gaudii,
359 697 412 739 et
441 686 743 750 charitatis,
775 686 932 739 etiam
973 686 1177 740 retibus
1208 685 1382 740 missis
1414 686 1465 740 in
1496 701 1644 741 mare
1669 728 1684 753 ,

131 777 386 831 Dominus
427 776 581 830 Pater
628 775 886 844 signiﬁcat
918 791 933 834 :
965 792 1086 831 nam
1124 787 1245 831 ante
1289 779 1592 846 passionem
1621 777 1688 830 de

127 865 350 916 reticulo
381 864 574 918 dicitur
604 866 764 919 misso
797 867 846 917 in
881 881 1048 929 mare,
1082 867 1200 936 quia
1235 875 1436 922 tantum
1463 867 1685 936 piscium

126 967 450 1026 coeperunt,
483 967 541 1010 ut
581 959 662 1011 vix
700 957 762 1010 ad
806 959 952 1012 littus
1000 958 1256 1012 trahendo
1286 960 1389 1029 61
1432 960 1688 1026 perduce-

125 1056 265 1112 rent,
290 1055 346 1099 et
383 1055 436 1100 ut
473 1048 602 1100 retia
634 1056 1025 1115 rumperentur.
1069 1048 1183 1101 Non
1209 1047 1350 1101 enim
1380 1050 1536 1100 missa
1567 1056 1690 1100 sunt

127 1133 175 1186 in
221 1134 500 1187 dexteram
551 1144 783 1201 partem,
811 1133 972 1189 habet
1001 1135 1140 1188 enim
1171 1134 1364 1188 multos
1398 1134 1564 1188 malos
1594 1133 1688 1188 Ec~

123 1225 279 1279 clesia
332 1225 494 1294 hujus
541 1226 822 1294 temporis;
876 1239 1046 1293 neque
1093 1226 1144 1278 in
1186 1224 1494 1288 sinistram,
1528 1224 1686 1278 habet

123 1316 261 1369 enim
283 1315 453 1370 etiam
476 1317 661 1380 bonos;
682 1313 772 1369 sed
794 1315 1010 1382 passim,
1028 1323 1082 1368 ut
1098 1315 1496 1383 permixtionem
1520 1315 1690 1368 malo-

123 1422 235 1459 rum
264 1407 635 1476 bonorumque
656 1408 916 1475 signiﬁcet
938 1405 1319 1478 [signiﬁcaret].
1343 1406 1490 1472 Quod
1513 1416 1686 1460 autem

123 1509 274 1565 rupta
307 1508 436 1552 sunt
483 1499 617 1553 retia
664 1499 921 1554 charitate
969 1498 1158 1553 violata
1186 1537 1200 1562 ,
1233 1498 1426 1552 multas
1457 1498 1688 1553 hmreses

121 1587 317 1641 exiisse
368 1585 683 1658 [exstitisse]
731 1587 1019 1656 signiﬁcat;
1074 1595 1191 1655 post
1240 1582 1685 1642 resurrectionem

121 1691 268 1743 vero,
295 1693 420 1731 cum
453 1677 609 1731 vellet
637 1677 922 1730 Ecclesiam
955 1675 1112 1729 futuri
1140 1676 1395 1741 temporis
1423 1689 1687 1743 prmmon-

1789 503 1869 557 sui
1899 505 2086 573 capitis
2112 519 2306 569 onere,
2361 503 2454 559 ille
2503 504 2591 573 qui
2625 505 2876 573 praecedit
2905 516 3021 573 post
3051 521 3235 561 omnes
3266 525 3350 563 re-

1785 596 1929 660 deat,
1949 597 2060 652 etei
2089 595 2506 666 sucCedatcujus
2525 596 3039 666 ferebatcaputeum
3068 597 3182 667 ipse
3211 614 3348 667 pra!-

1789 688 1937 741 iret:
1979 688 2052 741 ita
2094 687 2320 742 invicem
2387 702 2548 741 onera
2618 702 2714 742 sua
2779 700 3093 757 portantes,
3158 690 3348 744 fretum

1791 785 2113 842 transeunt,
2169 777 2340 834 donec
2399 778 2613 832 veniant
2666 779 2730 833 ad
2774 788 2928 834 terrm
2988 781 3345 834 stabilitatem.

1791 868 1946 922 Istam
1993 884 2270 923 cervorum
2310 879 2551 924 naturam
2596 871 2822 924 fortasse
2856 873 3156 926 intenderat
3200 871 3351 925 Salo-

1791 975 1935 1022 mon,
1968 975 2085 1012 rum
2117 961 2190 1012 ait
2221 975 2235 1014 :
2267 961 2468 1014 Cervus
2489 961 2757 1027 amicitias,
2782 970 2836 1015 et
2862 963 3032 1030 pullus
3059 961 3348 1032 gratiarum

1792 1057 1999 1100 tuarum
2032 1048 2408 1116 colloquantur
2449 1056 2643 1101 tecum.
2673 1048 2809 1101 Nihil
2857 1050 2996 1102 enim
3042 1051 3118 1103 sic
3162 1050 3350 1117 prohat

1789 1139 2017 1191 amicum
2060 1136 2508 1213 quemadmodum
2541 1140 2723 1192 oneris
2753 1138 2909 1193 amici
2955 1139 3219 1206 portatio;
3253 1153 3350 1192 nec

1792 1237 1965 1283 tamen
1993 1229 2220 1282 invicem
2254 1240 2586 1296 portaremus
2634 1242 2796 1282 onera
2839 1239 3039 1292 nostra,
3089 1229 3132 1282 si
3185 1244 3348 1282 unum

1791 1331 1998 1390 tempus
2050 1331 2192 1374 esset
2249 1321 2570 1373 inﬁrmitatis
2619 1319 2895 1373 amborum
2933 1320 3020 1386 qui
3064 1332 3225 1371 onera
3254 1333 3346 1371 sna

1789 1415 2071 1476 sustinent,
2115 1422 2204 1466 aut
2235 1426 2394 1465 unum
2425 1410 2748 1464 inﬁrmitatis
2792 1423 2982 1478 genus,
3016 1409 3108 1461 sed
3140 1410 3345 1462 diversa

1791 1515 2030 1573 tempora
2069 1515 2119 1558 et
2148 1503 2355 1557 diversa
2404 1517 2600 1569 genera
2648 1501 2970 1555 inﬁrmitatis
3017 1500 3251 1562 faciunt,
3293 1509 3348 1553 ut

1788 1611 1948 1649 onera
1986 1607 2165 1649 nostra
2210 1595 2443 1648 invicem
2467 1601 2680 1663 portare
2708 1593 2977 1647 valeamus
3010 1609 3021 1643 :
3057 1590 3206 1645 verbi
3238 1605 3348 1659 gra-

1792 1687 1882 1750 tia,
1918 1685 2046 1739 iram
2075 1685 2252 1740 fratris
2281 1684 2400 1752 [tui]
2427 1694 2548 1738 tunc
2581 1684 2840 1752 portabis,
2873 1698 2991 1737 cum
3019 1692 3071 1736 tu
3097 1682 3349 1734 adversus

120 1776 308 1827 strare,
347 1767 436 1819 ubi
469 1780 652 1818 omnes
684 1765 900 1832 perfecti
935 1772 1092 1831 atque
1122 1746 1291 1817 Sancti
1323 1763 1486 1817 futuri
1519 1773 1678 1828 sunt,

1790 1792 1937 1830 reum
1972 1792 2074 1830 non
2121 1777 2364 1830 irasceris
2394 1817 2410 1844 ,
2443 1783 2498 1829 ut
2528 1791 2735 1832 rursum
2767 1789 2832 1829 eo
2876 1783 3115 1842 tempore
3165 1787 3268 1842 quo
3298 1781 3348 1825 to

119 1853 274 1920 jussit
304 1855 444 1908 mitti
469 1856 595 1908 retia
627 1853 678 1908 in
707 1855 950 1907 dextram
985 1860 1187 1921 partem
1211 1893 1226 1918 ,
1276 1861 1329 1906 ct
1376 1853 1515 1920 capti
1564 1865 1686 1906 sunt

122 1945 364 2013 ingentes
391 1946 561 2014 pisces
586 1955 796 2001 centum
823 1945 1196 2014 quinquaginta
1221 1953 1348 2010 tres,
1377 1946 1688 2000 mirantibus

121 2035 422 2104 discipulis,
454 2035 593 2104 quod
623 2052 740 2090 cum
790 2047 892 2088 tam
948 2037 1118 2104 magni
1168 2045 1369 2100 essent,
1417 2038 1548 2089 retia
1583 2052 1687 2090 non

123 2126 521 2196 suutdisrdpta.
548 2127 740 2180 Horum
767 2127 1071 2194 magnitudo
1098 2126 1510 2195 magnitudinem
1536 2125 1688 2197 [ima-

122 2216 319 2287 ginem]
374 2215 644 2286 sa‘pientize
689 2218 1008 2285 juStitiaeque
1065 2217 1365 2284 signiﬁcat;
1427 2231 1685 2270 numerus

124 2323 245 2362 vero
269 2309 439 2376 ipsam
463 2308 817 2377 disciplinam,
851 2316 902 2361 et
941 2307 1216 2375 temporali
1245 2307 1640 2376 dispeuSatione
1669 2347 1683 2371 ,

123 2408 396 2451 ctreterna
450 2399 847 2466 regenerationc
894 2396 1202 2466 perfectam,
1254 2411 1408 2464 quam
1451 2397 1683 2450 diximus

123 2487 572 2556 quinquagenario
604 2502 824 2540 numero
854 2485 1233 2540 commendari.
1260 2486 1390 2550 Quia
1421 2486 1559 2540 enim
1581 2500 1683 2538 non

123 2590 256 2638 opus
302 2576 406 2629 erit
457 2585 580 2628 tunc
626 2574 989 2643 corporalibus
1042 2573 1381 2643 adiumentis,
1419 2584 1472 2628 et
1510 2574 1685 2627 animo

128 2663 490 2718 cont'nebitur
537 2663 668 2718 ﬁdes
694 2672 852 2732 atque
896 2663 1157 2732 sapientia
1189 2665 1330 2734 (quia
1360 2663 1536 2717 animo
1578 2673 1683 2717 ter-

131 2754 337 2807 narium
381 2770 659 2809 numerum
695 2755 945 2807 tributum
978 2753 1271 2824 diximus),
1306 2754 1684 2823 quinquaginta

124 2846 368 2898 ducimus
397 2854 478 2900 ter
500 2886 514 2909 ,
549 2853 602 2900 et
631 2845 760 2899 ﬁunt
784 2856 993 2899 centum
1023 2845 1422 2913 quinquaginta.
1461 2844 1556 2898 Cui
1589 2859 1684 2898 nu-

128 2949 273 2989 mero
321 2935 550 2989 Trinitas
601 2935 834 2998 additur,
867 2935 985 3003 quia
1016 2935 1191 2988 omnis
1221 2935 1320 2988 ista
1350 2934 1598 3003 perfectio
1632 2935 1682 2989 in

125 3028 341 3081 nomine
372 3027 562 3090 Patris,
593 3035 646 3080 et
668 3025 810 3090 Filii,
841 3035 895 3080 et
934 3026 1157 3093 Spiritus
1179 3027 1346 3079 sancti
1374 3037 1681 3080 consecrata

1791 1867 1869 1919 ira
1900 1866 2369 1933 praeoccupaverit.
2405 1865 2493 1918 ille
2545 1873 2596 1919 te
2642 1864 2858 1918 lenitate
2893 1874 2944 1917 et
2977 1863 3350 1929 tranquillitate

1789 1957 1927 2029 [su.i[
1959 1965 2251 2025 supportet.
2284 1956 2395 2009 Hoc
2423 1954 2729 2025 exemplum
2755 1955 2820 2009 ad
2852 1954 2903 2008 id
2930 1954 3158 2022 pertinet
3186 1992 3200 2016 ,
3231 1967 3348 2006 cum

1788 2049 2003 2102 diversa
2026 2049 2134 2101 sint
2164 2057 2401 2116 tempora
2433 2047 2750 2116 portantium
2775 2059 2934 2099 onera
2964 2059 3077 2110 sua,
3103 2043 3344 2114 quamvis

1791 2141 1902 2209 ipsa
1933 2139 2150 2194 diversa
2179 2154 2284 2192 non
2314 2138 2384 2192 sit
2413 2137 2691 2191 inﬁrmitas
2717 2177 2730 2200 ,
2757 2135 2808 2189 in
2831 2136 3087 2191 ambobus
3110 2134 3252 2189 enim
3285 2132 3350 2185 ab

1788 2230 2012 2284 invicem
2039 2227 2116 2282 ira
2148 2237 2407 2297 portatur.
2433 2226 2512 2282 Ad
2531 2226 2801 2281 diversum
2827 2238 3002 2279 autem
3027 2221 3351 2279 inﬁrmitatis

1784 2337 1948 2391 genus
1970 2361 1984 2386 ,
2024 2321 2165 2375 aliud
2190 2321 2490 2388 exemplum
2517 2319 2800 2375 videndum
2824 2328 2925 2381 est,
2951 2317 3107 2371 veluti
3147 2316 3190 2369 si
3233 2312 3349 2382 quis

1786 2416 1929 2468 inse
1974 2413 2345 2482 loquacitatem
2394 2412 2598 2476 vicerit,
2643 2420 2696 2466 et
2741 2410 3082 2479 pertlnaciam
3113 2405 3346 2460 nondum

1787 2502 1974 2556 vicerit
2001 2519 2014 2566 ;
2047 2503 2180 2556 alius
2222 2517 2348 2556 vero
2375 2504 2544 2556 adhuc
2569 2501 2791 2569 loquax,
2838 2500 2929 2555 sed
2962 2500 3068 2568 jam
3103 2497 3343 2565 pertinax

1787 2607 1891 2644 non
1921 2591 2012 2655 sit,
2047 2591 2210 2644 debet
2240 2590 2328 2645 ille
2362 2591 2516 2659 hujus
2548 2589 2920 2659 loquatitatem
2947 2629 2963 2656 ,
2995 2594 3050 2641 et
3080 2589 3179 2642 iste
3208 2585 3350 2641 illius

1786 2684 2134 2750 pertinaciam
2163 2723 2177 2747 ,
2219 2682 2390 2736 donec
2439 2681 2568 2736 illud
2602 2682 2652 2735 in
2686 2681 2776 2734 illo
2803 2722 2816 2746 ,
2850 2689 2902 2734 et
2933 2680 3031 2734 hoc
3060 2680 3111 2733 in
3138 2679 3238 2732 isto
3267 2693 3349 2731 sa-

1786 2787 1941 2827 netur
1961 2772 2221 2828 charitate
2235 2785 2444 2841 portare
2470 2790 2481 2825 :
2505 2787 2599 2841 par
2620 2772 2812 2840 quippe
2841 2770 3119 2824 inﬁrmitas
3142 2770 3194 2822 in
3219 2769 3349 2822 duo.

1787 2865 1905 2930 bus,
1933 2867 2109 2934 siuno
2129 2865 2344 2929 accidat
2369 2873 2628 2933 tempore,
2661 2864 2890 2918 tolerare
2915 2878 2974 2918 se
2997 2863 3221 2916 invicem
3247 2875 3350 2914 non

1789 2957 1991 3019 valent,
2023 2971 2142 3010 cum
2171 2956 2454 3010 adversum
2502 2969 2561 3010 se
2594 2953 2908 3008 intenditur.
2938 2953 3068 3008 Nam
3099 2953 3352 3006 adversus

1787 3048 2013 3115 aliquem
2037 3047 2272 3111 tertium,
2296 3054 2349 3100 et
2379 3046 2484 3100 duo
2511 3046 2629 3100 irati
2652 3045 2752 3099 sibi
2784 3045 3113 3099 conveniunt
3140 3081 3156 3106 ,
3199 3051 3252 3097 et
3294 3055 3350 3095 se

126 3124 223 3168 est.
256 3115 330 3168 Ita
364 3115 494 3168 ﬁunt
518 3121 727 3169 centum
752 3114 1122 3184 quinquaginta
1147 3126 1283 3180 tres,
1309 3117 1397 3184 qui
1428 3130 1679 3171 numerus

1790 3112 2035 3199 tolerant,
2068 3147 2366 3204 quanquam
2396 3150 2493 3191 nec
2516 3135 2748 3190 tolerare
2777 3149 2835 3189 se
2866 3134 3090 3189 invicem
3117 3130 3350 3205 [dicendi

128 3204 347 3272 piscium
376 3204 441 3258 ad
469 3204 705 3258 dextram
748 3214 948 3274 partem
978 3215 1252 3273 captorum
1285 3207 1574 3266 invenitur.

589 3317 812 3371 CAPUT
849 3316 1219 3372 CCLXXXVI.

128 3402 200 3457 De
217 3419 274 3456 eo
305 3404 441 3471 quod
467 3405 588 3457 dicit
608 3406 875 3473 Apostolus
906 3404 1172 3478 :_Invic;m
1198 3423 1350 3460 onera
1371 3417 1533 3461 vestra
1558 3424 1681 3478 por-

598 3484 735 3539 tate;
760 3490 822 3526 ca:
850 3475 1017 3527 eodem
1050 3477 1196 3528 libro.

193 3588 328 3653 Quia
361 3588 566 3643 Veteris
599 3585 927 3646 Testamenti
971 3588 1209 3642 custodia
1241 3590 1484 3644 timorem
1520 3591 1683 3646 habe-

128 3679 234 3741 bat,
267 3695 373 3732 non
416 3679 583 3746 potuit
607 3678 838 3747 apertius
868 3678 1152 3746 signiﬁcari
1182 3679 1311 3732 Novi
1353 3680 1682 3734 Testamenti

127 3769 322 3821 donum
350 3783 471 3823 esse
501 3767 813 3822 charitatem
839 3807 856 3831 .
887 3783 1043 3834 quam
1074 3768 1176 3824 hoc
1203 3769 1319 3823 loco
1345 3770 1430 3824 ubi
1457 3772 1685 3839 Aposto-

129 3859 206 3913 lus
235 3858 366 3912 dicit
410 3875 424 3911 :
469 3858 693 3913 Invicem
725 3873 885 3912 onera
916 3868 1086 3914 vestra
1116 3867 1325 3929 portate
1347 3900 1363 3925 ,
1401 3870 1453 3914 et
1481 3861 1557 3915 sic
1592 3860 1685 3915 ad-

133 3947 422 4015 implcbitis
468 3948 638 4017 legem
672 3946 900 4011 Christi;
941 3949 1072 4002 hanc
1098 3949 1239 4003 enim
1288 3951 1457 4019 legem
1487 3949 1682 4005 Christi

125 4037 301 4091 dicere
331 4037 659 4106 intelligitur,
689 4052 790 4106 qua
822 4038 933 4104 ipse
959 4038 1211 4111 Dominus
1233 4041 1473 4111 praecipit
1504 4050 1560 4095 ut
1586 4057 1682 4097 nos

126 4127 348 4181 invicem
377 4129 677 4196 diligamus.
712 4128 944 4181 Tantum
991 4130 1041 4182 in
1113 4110 1173 4184 ea
1223 4110 1483 4186 sententia
1531 4148 1674 4201 pra:-

125 4220 262 4289 cepti
296 4221 501 4288 pondus
530 4221 878 4283 constituens,
915 4232 970 4274 ut
999 4221 1240 4277 diceret:
1272 4222 1325 4276 In
1358 4223 1458 4277 hoc
1485 4239 1680 4294 cogno-

124 4313 289 4366 scitur
339 4314 585 4383 quoniam
618 4312 862 4381 discipuli
921 4312 1025 4367 mei
1054 4313 1179 4368 estis
1208 4353 1223 4377 ,
1253 4315 1297 4368 si
1329 4328 1424 4369 vos
1453 4315 1679 4369 invicem

124 4403 372 4474 diligatis.
411 4405 574 4474 Hujus
605 4414 778 4459 autem
821 4404 1116 4458 dilectionis
1145 4405 1372 4459 ofﬁcium
1418 4416 1498 4461 est
1541 4407 1680 4461 invi-

124 4469 240 4547 cem
266 4509 429 4549 onera
459 4469 634 4549 nostra
670 4505 901 4564 portare.
953 4494 1056 4550 Sed
1095 4496 1194 4550 hoc
1224 4495 1455 4550 ofﬁcium
1494 4497 1677 4569 [quod]
1709 4469 1756 4527 θ
1782 4469 1855 4558 ait
1900 4469 2184 4572 Apostolus

117 4600 224 4638 non
249 4594 334 4639 est
355 4586 756 4653 sempiternum,
783 4585 1038 4654 perducet
1056 4600 1184 4640 sane
1206 4585 1267 4639 ad
1301 4587 1674 4642 beatitudinem

125 4674 526 4742 sempiternam,
560 4675 609 4728 in
640 4690 738 4743 qua
771 4674 910 4727 nulla
956 4685 1112 4730 erunt
1141 4691 1301 4730 onera
1334 4688 1512 4732 nostra
1559 4695 1675 4747 qua:

125 4763 345 4817 invicem
382 4771 590 4831 portare
632 4765 914 4832 jnbcamur
948 4783 960 4818 :
995 4780 1134 4821 nunc
1161 4781 1286 4822 vero
1331 4783 1450 4823 cum
1493 4770 1545 4824 in
1577 4771 1674 4824 hac

125 4855 248 4917 vita,
278 4852 328 4905 id
360 4865 439 4906 est
470 4854 519 4908 in
553 4853 650 4908 hac
676 4855 758 4908 via
785 4849 989 4921 sumus,
1013 4871 1172 4911 onera
1196 4871 1377 4913 n05tra
1405 4859 1672 4931 [invicem]

126 4953 419 5009 portemus,
460 4953 516 4999 ut
561 4945 625 4998 ad
658 4960 772 5000 eam
807 4946 965 4999 vitam
1002 4963 1120 5015 qua:
1151 4958 1294 5002 caret
1343 4951 1484 5003 omni
1514 4966 1676 5007 onere

124 5034 492 5100 perveniamus
548 5034 847 5106 [pervenire
897 5027 1203 5108 possimus].
1260 5038 1408 5094 Sicut
1439 5042 1578 5095 enim
1609 5043 1676 5096 de

122 5125 290 5177 cervis
322 5126 556 5178 nonnulli
593 5127 770 5179 talium
801 5128 1158 5196 cognitionum
1189 5129 1407 5184 studiosi
1448 5132 1676 5200 scripse-

123 5221 239 5265 runt
274 5232 285 5265 :
319 5228 438 5268 cum
472 5215 663 5270 fretum
708 5216 773 5269 ad
810 5216 1008 5270 insulas
1039 5226 1312 5274 transeunt
1361 5236 1672 5289 pascuarun

121 5305 285 5368 gratia
319 5345 333 5368 ,
387 5320 465 5361 s:c
509 5321 567 5361 se
618 5308 860 5362 ordinant
897 5317 952 5361 ut
980 5325 1140 5364 onera
1190 5311 1420 5380 capitum
1453 5330 1670 5368 suorum

120 5409 232 5459 quae
275 5405 483 5462 gestant
527 5398 578 5450 in
617 5399 867 5454 cornibus
905 5401 1290 5468 su-perinvicem
1325 5413 1569 5471 portent,
1604 5405 1672 5458 ita

119 5493 174 5537 ut
216 5487 476 5551 posterior
529 5505 688 5556 super
745 5494 1065 5546 anteriorem
1132 5493 1398 5549 cervicem
1432 5507 1672 5564 porrecta

123 5576 427 5648 (Dmiecml.
461 5593 618 5651 caput
641 5585 896 5652 collocet;
923 5595 977 5642 et
1005 5588 1123 5657 quia
1155 5604 1378 5645 necesse
1405 5602 1481 5645 est
1513 5606 1671 5646 unum

120 5682 233 5725 esse
263 5671 350 5740 qui
380 5681 605 5730 caeteros
654 5679 958 5748 pracedens
985 5693 1089 5739 non
1120 5690 1241 5738 ante
1268 5697 1325 5739 se
1354 5682 1545 5738 habeat
1585 5684 1673 5740 cui

1784 3239 1947 3294 stmt,
1992 3227 2087 3282 sed
2131 3228 2308 3297 potius
2348 3241 2406 3281 se
2443 3224 2691 3296 invicem]
2739 3225 3004 3281 consolari
3053 3242 3065 3277 :
3115 3225 3254 3280 sicut
3297 3234 3350 3277 et

1787 3320 1966 3373 tri~tes
1992 3319 2057 3374 de
2085 3335 2142 3374 re
2165 3334 2265 3373 una
2280 3312 2463 3390 'magis
2506 3335 2566 3373 se
2615 3336 2648 3389 p
2671 3329 2828 3373 ntant
2873 3331 2924 3374 et
2958 3320 3106 3388 quasi
3140 3319 3348 3373 incum-

1787 3410 1919 3464 hunt
1947 3409 2070 3474 sibi,
2100 3425 2257 3480 quam
2291 3411 2336 3464 si
2382 3425 2516 3464 unus
2548 3410 2716 3466 tristis
2745 3421 2888 3466 esset
2915 3420 2969 3465 et
2997 3411 3131 3464 alius
3158 3410 3350 3478 gaude-

1785 3511 1865 3555 ret
1897 3517 1910 3555 :
1938 3501 1982 3556 si
2013 3512 2188 3556 autem
2217 3503 2496 3557 adversum
2525 3517 2584 3559 se
2613 3506 2795 3561 tristes
2843 3507 2990 3571 sint,
3031 3519 3247 3574 prorsus
3292 3517 3351 3556 se

1785 3593 2016 3645 tolerare
2056 3606 2160 3646 non
2188 3603 2444 3661 possunt;
2477 3605 2528 3649 et
2558 3594 2680 3650 ideo
2711 3596 2763 3649 in
2795 3594 3352 3664 hujusmodiaﬁ'ectio-

1786 3681 1941 3735 nibus
1967 3681 2302 3749 suscipienda
2335 3694 2418 3737 est
2444 3684 2825 3752 aliquantulum
2857 3686 2969 3756 ipsa
2998 3684 3259 3756 aegritudo
3284 3685 3349 3739 do

1752 3816 1756 3824 .
1785 3774 1969 3841 quavis
1997 3787 2091 3841 per
2122 3783 2172 3828 te
2200 3772 2393 3845 [parte]
2423 3775 2584 3829 alium
2610 3776 2847 3846 liberari,
2872 3786 2926 3832 et
2951 3777 3030 3832 sic
3053 3777 3348 3844 suscipicn~

1785 3863 1850 3919 da
1880 3875 1931 3917 ut
1962 3866 2027 3918 ad
2055 3867 2333 3934 auxilium,
2374 3882 2480 3921 non
2517 3867 2581 3922 ad
2611 3869 2968 3938 aequalitatem
3003 3869 3231 3925 miseria:
3260 3885 3348 3922 va-

1786 3958 1892 4011 leat
1923 3975 1935 4010 :
1969 3960 2410 4027 quemadmodum
2453 3977 2512 4016 se
2556 3963 2771 4017 inclinat
2794 3963 2883 4032 qui
2913 3980 3126 4019 manum
3154 3967 3348 4034 jaccnti

1785 4047 2028 4116 porrigit.
2071 4048 2194 4124 Non.
2213 4051 2354 4104 enim
2382 4064 2441 4103 se
2471 4051 2681 4119 projicit
2711 4062 2766 4105 ut
2793 4054 2949 4106 ambo
2981 4054 3225 4122 jaceant,
3252 4057 3346 4111 st-d

1785 4139 2022 4190 incurvat
2053 4146 2255 4192 tantum
2290 4139 2634 4207 utjacentem
2674 4145 2864 4212 erigat.
2907 4146 3086 4215 Neque
3130 4147 3231 4200 ulla
3263 4163 3347 4200 res

1784 4225 2075 4281 ofﬁciosum
2106 4228 2261 4283 istum
2294 4230 2525 4285 laborem
2549 4232 2613 4285 ad
2639 4236 2893 4301 portanda
2926 4252 3086 4291 onera
3119 4238 3342 4290 aliorum

1785 4317 1912 4372 facit
1952 4317 2175 4373 libenter
2215 4320 2490 4389 impendi,
2524 4322 2622 4377 nisi
2664 4338 2783 4378 cum
2814 4325 3107 4395 cogitamus
3151 4336 3343 4396 quanta

1787 4425 1883 4478 pro
1914 4413 1994 4464 nol
2018 4409 2061 4463 is
2092 4412 2365 4478 pertulerit
2403 4413 2657 4470 Dominus
2689 4409 2714 4469 ;¹
2739 4418 2859 4472 hinc
2884 4420 3022 4473 enim
3053 4420 3345 4477 admonens

2240 4524 2252 4559 :
2311 4507 2421 4563 IIoc
2466 4511 2657 4565 sentite
2706 4512 2759 4566 in
2813 4514 2962 4567 vobis
3010 4516 3148 4584 quod
3197 4526 3253 4572 et
3289 4517 3342 4573 iu

1781 4597 1989 4651 Christo
2015 4598 2137 4651 Jesu
2172 4615 2186 4652 :
2219 4601 2449 4669 quicum
2480 4601 2531 4656 in
2557 4602 2723 4658 forma
2756 4604 2846 4660 Dei
2888 4619 3026 4662 esset
3061 4650 3076 4673 ,
3119 4625 3220 4664 non
3259 4627 3343 4665 ra-

1779 4687 1955 4755 pinam
2004 4687 2289 4742 arbitratus
2327 4700 2410 4744 est
2448 4706 2570 4747 esse
2596 4707 2653 4746 se
2676 4696 2930 4763 aaqualem
2966 4696 3093 4762 Deo,
3135 4700 3228 4755 sed
3275 4716 3352 4756 se-

1780 4779 2061 4848 metipsum
2095 4781 2410 4852 exinanivit,
2445 4781 2672 4837 formam
2697 4786 2834 4841 servi
2859 4789 3150 4856 accipiens,
3185 4792 3236 4844 in
3263 4793 3337 4846 si-

1777 4868 2129 4924 militudinem
2175 4872 2446 4928 hominum
2506 4874 2678 4931 factus
2709 4917 2724 4941 ,
2773 4887 2826 4933 et
2857 4879 3039 4935 habitu
3096 4882 3340 4938 inventus

1780 4971 1835 5014 ut
1862 4959 2040 5018 homo.
2100 4961 2411 5017 IIumiIiavit
2464 4966 2807 5035 semetipsum
2870 4969 3038 5025 factus
3084 4972 3337 5028 obediens

1777 5064 1947 5118 usque
2008 5051 2072 5103 ad
2105 5064 2352 5119 mortem,
2390 5064 2614 5107 mortem
2643 5065 2820 5109 autem
2857 5059 3047 5113 crucis.
3079 5060 3333 5127 Superius

1778 5152 1952 5195 autem
1987 5143 2191 5197 dixerat
2220 5187 2233 5210 ,
2268 5145 2378 5199 Non
2411 5161 2528 5214 qua:
2558 5163 2652 5202 sua
2683 5160 2807 5202 sunt
2835 5150 3023 5220 singuli
3054 5153 3334 5208 intenden-

1778 5241 1876 5296 tes,
1900 5233 1990 5286 sed
2021 5251 2138 5303 qute
2154 5235 2373 5289 aliorum
2402 5254 2414 5288 :
2445 5238 2564 5292 huic
2594 5241 2868 5294 sententia:
2896 5241 3165 5296 contexuit
3191 5246 3332 5312 quod

1777 5325 1969 5380 dictum
2003 5338 2105 5391 est,
2143 5343 2262 5382 nam
2298 5328 2370 5381 ita
2401 5332 2638 5398 sequitur
2665 5348 2678 5383 :
2710 5331 2816 5384 Iloc
2860 5332 3051 5386 sentite
3092 5334 3142 5388 in
3182 5338 3332 5394 vobis

1775 5415 1912 5482 quod
1939 5425 1991 5469 et
2018 5417 2070 5470 in
2097 5418 2310 5473 Christo
2336 5418 2491 5483 Jesu;
2521 5421 2584 5473 ad
2636 5420 2733 5475 hoc
2770 5419 3051 5490 duntaxat,
3079 5436 3133 5480 nt
3155 5444 3335 5496 quem-

1776 5505 2058 5561 admodum
2092 5510 2178 5564 ille
2206 5510 2256 5563 in
2277 5525 2341 5564 eo
2363 5509 2502 5581 quod
2542 5510 2761 5565 Verbum
2794 5526 2917 5567 caro
2961 5514 3152 5571 factum
3200 5529 3278 5574 cst
3308 5564 3321 5584 ,

1776 5605 1824 5649 et
1856 5595 2112 5651 habitavit
2159 5599 2212 5653 in
2243 5597 2393 5654 nobis
2419 5641 2433 5661 .
2480 5611 2527 5653 et
2583 5600 2698 5654 sine
2746 5613 2961 5669 pet-cato
2992 5620 3110 5660 curn
3141 5621 3279 5662 esset
3314 5653 3328 5674 ,

1778 5697 1991 5755 peccata
2053 5704 2234 5746 nosra
2298 5692 2558 5773 suscepit,
2632 5706 2739 5746 non
2793 5695 3011 5750 attendit
3062 5711 3185 5764 sua,
3240 5696 3335 5754 Sed
