3904 6224
509 286 614 354 sas

1567 292 1628 350 D.
1671 290 1985 348 EUGYN‘II
2027 289 2321 348 ABBATIS
2356 292 2674 351 AFRICANI

3639 288 3730 345 9'31

508 418 696 464 nostra
726 426 738 461 :
772 409 842 462 ita
870 415 926 464 et
953 419 1051 462 nos
1079 405 1301 462 libenter
1331 402 1395 458 ad
1425 401 1542 473 ejus
1588 404 1936 460 imitationem
1990 403 2072 458 in-
2103 405 2151 464 Α
2182 419 2411 470 scamna,
2451 421 2544 475 per
2581 405 2853 462 charitatis
2879 404 3218 460 tolerantiam
3252 401 3634 472 perducantur;
3669 406 3730 458 ait

512 500 684 556 vicem
711 514 875 556 onera
906 507 1085 553 nostra
1114 503 1406 566 portemus.
1439 493 1574 548 lluic
1623 494 1933 564 cogitationi
1987 508 2075 550 ac-

513 590 656 644 cedit
677 590 834 644 etlam
857 587 946 643 illa
972 586 1240 657 ao'gitatio,
1259 585 1381 657 quia
1404 585 1496 642 ille
1517 587 1752 657 suscepit
1781 586 2100 654 hominem,

516 697 615 738 nos
643 690 816 754 autem
844 679 1084 735 homines
1110 692 1319 746 sumus,
1353 690 1408 734 et
1425 679 1770 735 considerare
1795 679 2074 748 debemus,

513 773 651 842 quod
681 770 1045 841 aegritudinem
1073 770 1188 828 sive
1217 770 1379 825 animi
1408 811 1424 838 ,
1474 771 1589 826 sive
1624 771 1886 841 corporis,
1917 786 2075 842 quam

470 908 474 911 _
515 866 568 916 in
605 861 818 915 homine
865 859 1046 928 aliqua
1082 859 1328 915 videmus
1352 900 1366 924 ,
1398 859 1561 915 etiam
1604 873 1702 915 nos
1741 859 1939 916 habere
1985 874 2079 930 po-

513 951 746 1018 tuimus,
795 960 885 1006 aut
933 965 1216 1022 possumus
1261 967 1275 1004 :
1330 949 1430 1008 hoc
1475 965 1602 1021 ergo
1650 950 1998 1007 exhibeamus
2026 950 2077 1008 ei

512 1043 665 1110 cujus
697 1041 1059 1096 infirmitatem
1113 1049 1326 1112 portare
1381 1041 1626 1098 volumus
1675 1041 1814 1113 qttod
1871 1041 1938 1097 ab
1986 1042 2079 1097 illo

515 1133 669 1186 nobis
701 1132 963 1188 vellemus
985 1133 1253 1197 exhiberi,
1280 1132 1325 1187 si
1357 1131 1495 1187 forte
1524 1146 1622 1187 nos
1649 1131 1702 1186 in
1726 1145 1787 1185 ea
1815 1146 2075 1198 essemus,

513 1233 569 1278 et
597 1222 710 1292 ipse
741 1238 845 1278 non
870 1231 1034 1279 esset.
1068 1222 1144 1278 Ad
1175 1222 1275 1278 hoc
1302 1222 1530 1292 pertinet
1557 1221 1698 1290 quod
1719 1222 1832 1292 ipse
1853 1224 2082 1292 Aposto-

517 1316 603 1371 lus
633 1316 705 1371 ait
735 1333 749 1369 :
777 1316 1035 1372 Omnibus
1063 1317 1238 1371 omnia
1270 1315 1436 1370 fartus
1456 1329 1597 1379 sum,
1623 1323 1682 1369 ιιι
1708 1325 1896 1370 omnes
1921 1315 2078 1369 lucri-

517 1409 780 1475 facerem;
809 1406 1092 1479 cogitando
1118 1403 1326 1462 scilicet
1355 1405 1408 1464 in
1438 1419 1505 1460 eo
1533 1407 1660 1459 vitio
1689 1406 1847 1460 etiam
1878 1420 1939 1461 se
1961 1419 2080 1461 esse

518 1502 755 1568 potuisse
786 1500 925 1554 unde
963 1497 1210 1567 cupiebat
1247 1498 1406 1552 alium
1435 1495 1669 1552 liberari.
1700 1496 2081 1566 Compatiendo

517 1589 658 1644 enim
681 1589 852 1659 potius
877 1588 928 1644 id
949 1588 1156 1658 agebat,
1190 1602 1293 1643 non
1325 1588 1654 1652 mentiendo,
1686 1589 1826 1642 sicut
1855 1587 2070 1658 quidam

515 1678 870 1750 suspicantur,
899 1688 954 1734 et
983 1678 1035 1734 hi
1064 1680 1293 1735 maxime
1321 1680 1411 1749 qui
1461 1677 1752 1734 mendaciis
1790 1678 2078 1733 defenden-

2179 496 2319 551 enim
2355 516 2368 551 :
2395 496 2510 552 Non
2525 505 2606 552 est
2625 511 2758 566 opus
2779 498 2924 551 sanis
2945 497 3204 559 medicus,
3232 495 3330 550 sed
3343 494 3724 564 :egrotantibus.

2181 587 2410 658 Ideoque
2433 588 2476 641 si
2499 597 2715 657 prepter
2739 587 2936 642 Christi
2954 587 3296 652 charitatcm,
3323 590 3498 641 etiam
3516 587 3724 655 eumqui

2179 679 2323 732 omni
2353 694 2416 733 ex
2447 687 2595 749 parte
2621 675 2862 733 fortassis
2889 687 3130 750 aegrotat,
3171 678 3441 747 repellere
3470 676 3538 730 ab
3563 677 3724 730 anitno

2180 785 2286 824 non
2303 768 2577 833 debemus,
2601 770 2849 839 quoniam
2868 771 3043 824 sanari
3069 780 3242 838 potest
3263 786 3357 838 per
3382 769 3607 824 Verbum
3624 766 3722 832 Dei,

2179 867 2378 928 quanto
2405 857 2578 914 minus
2607 874 2727 913 eum
2758 859 2846 928 qui
2881 868 3159 930 propterea
3185 859 3340 915 nobis
3378 857 3546 915 videri
3573 867 3721 928 potest

2179 956 2322 1004 tutus
2349 959 2577 1018 :egrotus
2593 989 2610 1017 ,
2640 949 2759 1019 quia
2781 948 3022 1018 quadam
3041 949 3157 1018 ejus
3179 951 3359 1006 saucia
3387 954 3442 1007 in
3466 954 3632 1021 primo
3658 954 3722 1006 in-

2178 1053 2361 1110 gressu
2389 1039 2634 1095 amicitiae
2657 1055 2760 1096 non
2793 1038 3058 1109 potuimus
3084 1043 3391 1107 sustinere;
3421 1044 3631 1115 etquod
3656 1053 3722 1098 est

2178 1133 2413 1201 gravius,
2454 1146 2574 1188 cum
2605 1132 2898 1192 offensione
2925 1131 3086 1186 animi
3115 1133 3183 1188 de
3225 1142 3338 1189 toto
3386 1135 3602 1191 homine
3626 1136 3719 1188 ausi

2179 1236 2362 1278 sumus
2393 1225 2725 1280 temerariam
2755 1223 3249 1298 prtejudlciijferre]
3263 1227 3601 1291 sententiam,
3633 1241 3718 1281 non

2182 1315 2426 1370 timentes
2455 1315 2594 1386 quod
2621 1315 2822 1371 dictum
2853 1325 2936 1371 est
2968 1333 2982 1370 :
3012 1315 3186 1371 Nolite
3210 1317 3474 1386 judicare,
3505 1332 3571 1371 ne
3593 1315 3719 1385 judi-

2179 1409 2401 1475 cemini;
2431 1419 2503 1475 et,
2532 1398 2716 1479 ln‘qua
2744 1424 2987 1464 mensura
3016 1409 3186 1464 mensi
3225 1407 3455 1472 fueritis,
3487 1409 3537 1462 in
3561 1423 3617 1462 ea
3646 1424 3720 1462 re-

2181 1498 2428 1553 metietur
2454 1499 2622 1564 vobis.
2651 1501 2802 1570 Smpe
2830 1510 3008 1554 autem
3035 1501 3121 1555 illa
3145 1515 3263 1569 quae
3285 1500 3424 1554 bona
3450 1507 3570 1553 sunt
3596 1499 3720 1566 prius

2177 1598 2454 1659 apparent,
2485 1591 2535 1644 in
2564 1591 2755 1668 quibus
2784 1593 2946 1646 etiam
2977 1592 3315 1646 temerarium
3357 1591 3720 1646 benevolente

2178 1679 2428 1749 iudicium
2456 1683 2746 1740 cavendum
2765 1692 2868 1749 est,
2895 1698 2981 1749 ne,
3011 1699 3129 1740 cum
3159 1692 3328 1738 totum
3355 1684 3546 1738 bonum
3584 1696 3718 1752 puta-

515 1774 597 1827 dls
627 1787 745 1843 qute
775 1787 968 1842 negare
991 1787 1095 1828 non
1127 1780 1369 1842 possunt,
1395 1769 1618 1841 alicujus
1648 1772 1821 1843 magni
1850 1771 2078 1842 exempli
2110 1781 2158 1843 Β
2184 1774 2346 1842 veris,
2368 1789 2430 1830 ea
2456 1790 2574 1846 quae
2604 1776 2795 1846 postea
2827 1776 2963 1831 mala
3003 1775 3368 1843 apparuerint,
3418 1789 3648 1830 securum
3673 1784 3719 1827 et

516 1864 867 1932 patrocinium
909 1863 1206 1935 requirunt.
1257 1861 1459 1918 Deinde
1496 1863 1657 1919 etiam
1689 1862 1816 1918 illud
1842 1863 2082 1932 cogitan-

517 1956 674 2022 dum,
707 1954 912 2010 nu'lum
961 1968 1082 2010 esse
1125 1951 1392 2008 hominem
1419 1953 1508 2024 qui
1551 1968 1656 2008 non
1687 1954 1854 2024 possit
1882 1952 2081 2010 habere

515 2046 728 2116 aliquod
752 2047 947 2100 bonum
972 2045 1114 2116 quod
1142 2052 1197 2100 tu
1219 2043 1454 2099 nondum
1479 2043 1663 2109 habes,
1689 2043 1896 2100 etiamsi
1921 2045 2082 2101 lateat

518 2141 570 2191 in
597 2153 700 2208 quo
721 2136 836 2193 sine
864 2136 1027 2192 dubio
1050 2136 1219 2206 possit
1256 2148 1377 2191 esse
1417 2135 1682 2202 superior.
1721 2136 1851 2201 Qum
1879 2135 2080 2203 cegita-

517 2231 592 2282 tio
615 2228 678 2282 ad
695 2228 1120 2283 contundendam
1141 2235 1195 2282 et
1219 2224 1571 2281 edomandam
1590 2223 1892 2293 superbiam
1915 2224 2078 2288 valet,

517 2337 586 2377 ne
605 2321 878 2377 arbitreris
919 2321 1167 2392 quoniam
1216 2326 1303 2374 tua
1329 2318 1572 2388 quaedam
1604 2316 1740 2372 bona
1770 2317 2007 2372 eminent
2026 2325 2082 2372 et

516 2420 798 2481 apparent,
831 2411 953 2467 ideo
981 2411 1206 2467 alterum
1259 2409 1402 2464 nulla
1435 2408 1636 2464 habere
1664 2421 1783 2478 qua:
1803 2406 2000 2463 lateant
2029 2414 2111 2462 et.

518 2504 742 2557 fortasse
785 2501 1006 2571 majoris
1047 2500 1300 2570 ponderis
1330 2499 1468 2554 bona
1497 2539 1514 2565 ,
1563 2498 1755 2570 quibus
1785 2507 1838 2554 te
1865 2508 2082 2568 superat

518 2593 881 2660 nescientem;
931 2607 1036 2647 non
1093 2592 1233 2648 enim
1291 2592 1398 2647 falli
1439 2607 1580 2657 nos,
1637 2601 1728 2648 aut
1775 2591 2083 2648 adulatione

518 2687 693 2752 potius
731 2685 802 2738 uti
831 2725 846 2750 ,
901 2685 1180 2756 Apostolus
1221 2684 1409 2755 jubet.
1442 2699 1563 2740 cum
1591 2684 1719 2740 dicit
1765 2702 1778 2738 :
1825 2683 1960 2755 ltihil
1992 2699 2085 2753 per

445 2823 452 2827 ..
517 2775 937 2840 contentionem,
968 2789 1138 2844 neque
1165 2789 1259 2844 per
1281 2775 1489 2828 inanem
1513 2775 1754 2845 gloriam,
1781 2770 1872 2830 se'd
1904 2775 1954 2829 itt
1985 2773 2082 2828 hu-

520 2865 742 2920 tnilitate
788 2863 1014 2928 mentis;
1054 2865 1190 2919 alter
1237 2863 1464 2919 alterum
1514 2864 1881 2920 existimantes
1927 2877 2086 2933 supe-

519 2958 716 3010 riorem
755 2955 854 3009 sibi
889 2972 902 3010 :
940 2970 1044 3010 non
1099 2955 1199 3010 hoc
1249 2957 1320 3010 ita
1370 2957 1627 3012 debemus
1670 2958 1999 3022 existimare,
2029 2967 2086 3012 ιιι

520 3063 624 3102 non
650 3048 1014 3105 existimemus
1043 3089 1058 3115 ,
1090 3047 1185 3103 sed
1216 3061 1312 3103 nos
1339 3047 1647 3105 existimare
1678 3049 1959 3120 fingamus,
1989 3048 2082 3104 sed

2183 1866 2495 1937 imparatum
2525 1874 2578 1922 te
2601 1867 2868 1922 inveniant
2896 1877 2948 1922 ct
2973 1869 3185 1937 gravius
3215 1866 3512 1930 offendant;
3536 1877 3588 1918 ut
3613 1880 3716 1918 eum

2181 1971 2337 2027 quem
2367 1964 2571 2013 temere
2599 1957 2885 2024 dilexeras,
2916 1957 3161 2012 arei-hius
3192 1957 3390 2019 oderis,
3417 1956 3554 2024 quod
3590 1955 3717 2008 nefas

2183 2057 2264 2103 est
2297 2062 2311 2101 :
2341 2049 2460 2117 quia
2490 2047 2697 2102 etiamsi
2725 2048 2861 2101 nulla
2889 2047 3006 2117 ejus
3046 2049 3181 2101 bona
3214 2047 3589 2115 prmcederenl,
3619 2045 3716 2099 hac

2181 2153 2300 2209 qua:
2348 2147 2466 2208 post
2505 2145 2860 2208 apparuezant
2907 2137 3041 2191 mala
3085 2138 3230 2205 prius
3269 2137 3578 2199 eminerent,
3604 2134 3714 2188 tule-

2184 2231 2346 2286 randa
2396 2239 2570 2286 tamen
2627 2238 2800 2300 erant,
2829 2230 3000 2285 donec
3045 2229 3222 2284 omnia
3273 2244 3395 2282 cum
3443 2228 3528 2282 ille
3555 2240 3714 2293 ageres

2181 2322 2370 2394 quibus
2401 2325 2521 2378 ta'lt
2551 2322 2726 2377 sanari
2780 2322 2984 2386 solent;
3036 2329 3236 2390 quanto
3279 2319 3466 2388 magis,
3512 2332 3616 2372 cunt
3657 2330 3712 2369 ea

2181 2412 2316 2469 bona
2343 2422 2726 2484 prtecesscrunt
2754 2422 3143 2483 quzctanquam
3173 2411 3395 2479 pignora
3426 2425 3517 2463 nos
3542 2408 3614 2462 de'
3633 2416 3710 2461 ent

2183 2504 2250 2560 ad
2290 2508 2582 2577 poster-iura
2623 2502 2895 2559 tolerantia
2935 2500 3341 2569 constringere?
3371 2501 3481 2568 Ipsa
3511 2507 3581 2552 est
3604 2510 3713 2565 ergo

2184 2597 2268 2651 lex
2340 2596 2538 2652 Christi
2591 2606 2647 2649 ut
2698 2594 2921 2650 invicem
2969 2606 3133 2646 onera
3187 2598 3366 2645 nostra
3427 2599 3713 2658 portemus:

2181 2687 2452 2746 Christum
2484 2697 2660 2743 autem
2692 2684 2960 2756 diligendo
2989 2683 3144 2738 facile
3167 2681 3490 2736 sustinemus
3517 2675 3712 2732 intirtni-

2187 2794 2347 2840 tatem
2377 2783 2616 2845 alterius,
2639 2779 2796 2834 etiam
2825 2793 2981 2848 quem
3013 2774 3242 2830 nondum
3259 2787 3475 2844 propter
3498 2786 3580 2824 sua
3599 2773 3713 2822 l-ona

2185 2876 2478 2945 diligimus;
2513 2872 2809 2944 cogitamus
2838 2870 2978 2924 enim
3013 2867 3132 2937 quia
3165 2867 3251 2919 ille
3275 2880 3432 2932 quem
3459 2862 3710 2930 diligimus.

2186 2965 2440 3022 Dominus
2470 2973 2683 3032 propter
2700 2976 2818 3016 eum
2835 2971 3088 3013 ‘mortuus
3112 2966 3214 3012 est.
3241 2956 3409 3022 Quam
3441 2953 3620 3008 charita
3642 2964 3712 3003 ent

2189 3056 2340 3112 nobis
2369 3053 2639 3123 apostolus
2670 3052 2860 3106 Paulus
2891 3049 3126 3118 ingessit,
3155 3061 3273 3100 cntn
3297 3045 3525 3098 diceret:
3558 3041 3613 3094 Et
3637 3053 3712 3106 pe-

517 3153 642 3194 vere
687 3140 1053 3195 existimemus
1094 3152 1252 3207 posse
1306 3152 1425 3194 esse
1470 3139 1670 3209 aliquid
1712 3139 1978 3194 oet-ultum
2031 3137 2083 3191 in
2113 3133 2160 3197 C
2193 3149 2314 3204 ribit
2343 3148 2586 3202 intirmus
2626 3146 2678 3199 in
2708 3153 2794 3197 tua
2834 3140 3054 3196 scientia
3105 3139 3285 3200 fraer,
3336 3143 3542 3204 prttpler
3581 3145 3709 3199 quem

517 3229 622 3284 alio
643 3245 747 3298 quo
771 3229 921 3285 nobis
959 3229 1204 3298 superior
1233 3230 1322 3298 sit,
1361 3229 1568 3284 etiarnsi
1596 3228 1789 3283 bonum
1821 3238 2081 3293 nostrum,

518 3337 623 3387 quo
636 3322 725 3375 illo
739 3321 981 3376 videmur
993 3322 1293 3391 superiores
1305 3335 1447 3386 esse,
1467 3336 1570 3376 non
1585 3321 1646 3375 sit
1663 3321 1812 3377 occul
1840 3336 1946 3375 um.
1967 3321 2084 3376 Istae

519 3411 867 3480 cogitationes
888 3412 1248 3482 depr‘imentes
1273 3411 1598 3478 supetbiam,
1622 3421 1676 3474 et
1693 3421 1945 3481 augentes
1959 3412 2085 3465 cha-

519 3501 750 3567 ritatem,
787 3502 892 3572 62
910 3499 1106 3557 faciunt
1133 3516 1294 3556 onera
1325 3498 1558 3556 fraterna
1590 3503 1815 3558 invicem
1858 3518 1962 3556 non
1993 3515 2087 3556 so-

520 3593 624 3646 lum
653 3607 804 3662 :equo
830 3594 1030 3659 animo,
1061 3593 1155 3648 sed
1202 3593 1362 3650 etiam
1411 3593 1762 3649 libentissime
1807 3594 2080 3648 sustineri.

520 3683 676 3737 Nullo
706 3684 862 3737 modo
887 3693 1064 3739 autem
1105 3683 1175 3737 de
1227 3699 1494 3752 quo'juam
1551 3684 1769 3738 homine
1818 3685 2086 3754 incognito

521 3773 736 3829 ferenda
757 3765 1016 3829 sentcntia
1041 3782 1142 3838 est,
1173 3784 1228 3828 et
1256 3788 1413 3828 nemo
1444 3774 1543 3827 nisi
1577 3788 1673 3842 per
1691 3774 1975 3828 amicitiam
1997 3786 2087 3829 co-

520 3865 812 3934 gnoscitur.
853 3864 915 3918 Et
954 3862 1072 3918 ideo
1115 3863 1411 3918 amicorum
1463 3864 1599 3917 ma'a
1626 3862 1825 3918 firmius
1855 3866 2089 3919 snstite»

524 3970 664 4021 mus,
689 3957 806 4024 quia
823 3954 957 4009 bona
979 3967 1162 4009 eoi-um
1191 3967 1288 4008 nos
1313 3953 1575 4008 delectant
1625 3961 1678 4006 et
1711 3963 1907 4007 tenent.
1954 3953 2086 4008 Nulo

522 4047 624 4100 lius
647 4046 822 4114 itaque
850 4043 1179 4114 repudianda
1225 4053 1309 4099 est
1349 4043 1600 4107 amicitia,
1651 4057 1770 4098 sese
1800 4043 2087 4112 ingerentls

521 4137 584 4192 ad
615 4136 899 4191 amicitiam
937 4135 1313 4203 repttlandam,
1343 4135 1447 4190 non
1473 4143 1531 4188 ut
1561 4135 1739 4190 statim
1779 4136 2084 4203 recipiatur,

523 4227 617 4284 sed
647 4235 702 4281 ut
725 4225 1058 4295 recipiendus
1080 4233 1313 4294 optetur.
1342 4232 1502 4293 atque
1529 4223 1599 4278 ita
1626 4233 1884 4280 tractetur
1915 4234 1968 4278 ut
1993 4240 2081 4279 re-

523 4318 626 4386 cipi
654 4317 845 4386 possit;
885 4316 1030 4370 illum
1061 4314 1202 4369 enim
1230 4303 1498 4382 receptum
1527 4315 1580 4369 in
1623 4315 1910 4368 amicitiam
1961 4331 2084 4384 pos-

523 4409 708 4463 sumus
737 4407 936 4467 dicere.
985 4406 1069 4460 cui
1100 4403 1277 4459 omnia
1309 4413 1492 4459 nostra
1535 4405 1755 4459 consilia
1807 4403 2086 4459 t-efundcre

2187 3236 2427 3292 Christus
2462 3244 2701 3290 mortuus
2752 3234 2875 3286 est!
2912 3240 2965 3284 ιιι
3006 3229 3047 3284 si
3099 3229 3246 3281 illum
3308 3224 3560 3276 inﬁrmum
3609 3234 3706 3286 pre-

2187 3340 2304 3400 pter
2334 3327 2520 3382 vitium
2547 3341 2652 3396 quo
2679 3324 2919 3379 infirmus
2951 3328 3033 3375 est
3070 3318 3242 3371 minus
3266 3315 3299 3369 d
3325 3315 3556 3383 ligatnns,
3585 3311 3705 3362 illutu

2187 3423 2238 3477 in
2267 3436 2332 3476 eo
2361 3419 2763 3475 consideremus
2785 3415 2870 3484 qui
2905 3420 3140 3464 mortuus
3185 3415 3266 3460 est
3298 3413 3504 3474 propter
3529 3404 3703 3470 ipsum:

2185 3512 2452 3567 Christum
2502 3519 2676 3562 autem
2709 3521 2812 3560 non
2855 3503 3097 3570 dilige'e,
3131 3513 3233 3552 non
3292 3494 3581 3553 infirmitas,
3629 3490 3705 3543 sed

2186 3617 2330 3657 mors
2353 3610 2453 3656 est.
2486 3588 2816 3668 Quapropter
2846 3593 3044 3664 ingenti
3072 3604 3223 3656 cura,
3249 3596 3303 3642 et
3347 3586 3602 3652 implorata
3631 3579 3703 3633 Ι)τί

2188 3689 2571 3753 misericordia,
2611 3685 2944 3756 cogitandum
2975 3693 3054 3738 est
3099 3695 3164 3735 ne
3205 3693 3303 3732 nos
3348 3676 3595 3729 Chrismm
3631 3685 3705 3722 ne-

2188 3783 2444 3853 gligamus
2491 3787 2704 3848 propter
2733 3774 3021 3838 infirmum,
3069 3786 3188 3825 cum
3238 3768 3498 3824 infirmum
3543 3762 3706 3818 debet-

2191 3889 2306 3928 mus
2336 3870 2555 3941 diligere
2589 3875 2801 3938 propter
2827 3865 3118 3920 Christum.

2642 4001 2864 4058 CAPUT
2902 3997 3296 4055 CCLXXXVII.

2191 4118 2266 4173 De
2297 4117 2343 4172 11
2350 4117 2491 4171 a'rcsi
2512 4095 2812 4185 Pelagiana,
2837 4127 2900 4165 ea:
2928 4111 3056 4185 libro
3086 4108 3147 4160 de
3173 4102 3466 4160 ﬂentibus
3484 4102 3545 4155 ad
3565 4098 3707 4166 Quod-

2689 4182 2940 4236 vulttleum
2963 4181 3255 4232 diacOnum.

2257 4299 2656 4368 Pelagianorum
2703 4303 2785 4351 est
2834 4291 3052 4346 haeresis
3103 4289 3202 4343 hoc
3231 4296 3466 4355 tempore
3505 4281 3704 4336 omnium

2188 4392 2572 4452 recentissima,
2609 4405 2638 4442 a
2665 4385 2876 4454 Pelagio
2913 4381 3173 4436 monacho
3201 4389 3409 4432 exorta.
3439 4376 3591 4442 Quem
3617 4386 3704 4424 rna-

525 4503 820 4559 audeamus
852 4517 866 4554 :
907 4509 960 4554 et
987 4499 1032 4554 si
1071 4499 1347 4568 quisquam
1379 4507 1460 4552 est
1487 4499 1573 4565 qui
1604 4512 1663 4552 se
1690 4511 1792 4551 non
1819 4499 1977 4553 audet
2007 4498 2089 4552 in-
2121 4489 2168 4549 D
2192 4489 2410 4556 sistrum
2439 4483 2718 4538 (Ζωιοείίιιε
2748 4480 2824 4534 δίο
2852 4486 3065 4531 “cuius
3091 4482 3190 4536 es"
3220 4482 3275 4526 ω
3315 4481 3596 4568 ξσῗθῗίίξτδ
3631 4481 3705 4566 φ’

527 4606 714 4661 gerere
761 4591 826 4644 ad
852 4589 1138 4643 amicitiam
1187 4587 1506 4653 faciendum,
1537 4602 1655 4642 cum
1696 4589 1872 4657 aliquo
1903 4599 2088 4643 nostro

514 4681 808 4755 temporali
861 4679 1062 4733 honore
1091 4687 1181 4731 aut
1227 4677 1484 4746 dignitate
1522 4688 1821 4742 revocetur,
1865 4677 2095 4732 descen~

529 4773 762 4829 dendum
803 4780 884 4826 est
912 4769 979 4824 ad
1011 4784 1156 4833 eum,
1191 4775 1246 4822 et
1274 4767 1601 4822 ollerendum
1640 4767 1711 4821 illi
1741 4768 1966 4838 quadam
1995 4782 2088 4823 co-

528 4864 712 4921 mitate
755 4871 809 4917 et
856 4860 1211 4915 stthmissione
1257 4857 1417 4912 animi
1461 4857 1598 4926 quod
1644 4856 1866 4930 [petere]
1909 4873 2002 4926 per
2029 4874 2087 4913 se

527 4954 642 5026 ipse
670 4968 772 5007 non
803 4951 963 5006 audet
991 4967 1006 5004 :
1036 4964 1165 5004 sane
1189 4948 1429 5017 quamvis
1459 4947 1646 5012 rarius,
1685 4955 1859 5001 tamen
1883 4948 2082 5017 aliquo-

529 5057 628 5103 ιεθε
675 5039 1000 5118 [aliquando]
1043 5038 1255 5104 accidit,
1306 5047 1363 5092 ut
1393 5035 1509 5106 ejus
1552 5051 1707 5107 quem
1759 5037 2006 5092 volumus
2035 5039 2086 5092 in

525 5138 808 5196 amicitiam
830 5135 1068 5203 recipere
1093 5131 1236 5201 prius
1260 5129 1755 5184 nobisinuotcscant
1775 5129 1911 5182 mala
1929 5143 2086 5196 quam

527 5234 699 5293 bene;
726 5228 916 5302 quibus
938 5224 1125 5281 offensi
1156 5234 1206 5278 et
1232 5219 1625 5291 quodammodo
1655 5221 1973 5288 repercussi,
2000 5237 2088 5278 re-

527 5322 814 5390 linquimus
843 5333 986 5383 eum,
1016 5326 1070 5370 et
1112 5314 1178 5368 ad
1207 5313 1464 5367 bonorum
1495 5312 1630 5378 ejus,
1674 5326 1790 5380 quas
1823 5311 1957 5366 forte
2001 5327 2091 5367 oc-

526 5413 748 5469 cultiora
771 5417 916 5474 sunt,
947 5405 1338 5478 indagationcm
1359 5418 1464 5458 non
1497 5402 1856 5471 pervenimus.
1890 5403 2086 5458 Admo-

531 5514 619 5558 net
665 5503 836 5571 itaque
866 5499 1118 5554 Dominus
1145 5505 1324 5550 noster
1353 5494 1509 5550 Jesus
1563 5491 1808 5547 Christus
1858 5495 1945 5563 qui
1991 5509 2086 5550 nos

532 5586 642 5646 vult
660 5590 798 5651 efﬁci
828 5588 1119 5645 imitatores
1146 5599 1293 5651 suos,
1316 5593 1374 5639 ut
1401 5583 1516 5652 ejus
1543 5581 1749 5637 infirma
1768 5582 2083 5649 toleremus;

537 5671 590 5747 ut
616 5681 678 5736 ad
708 5678 943 5750 qnmdam
977 5691 1104 5733 sana
1138 5675 1188 5731 in
1231 5688 1456 5746 quorum
1488 5670 1848 5729 delectatione
1876 5674 2086 5744 acquie-

2195 4592 2311 4631 rum
2354 4571 2656 4629 leestiani
2685 4570 2844 4624 etiam
2877 4572 3261 4633 nuncupentur.
3315 4562 3376 4616 lli
3426 4561 3510 4614 Ι)θί
3537 4560 3701 4628 gratia.

2193 4681 2294 4737 qua
2327 4660 2681 4733 prmdestinati
2710 4671 2892 4714 sumus
2932 4655 2984 4711 in
3025 4653 3363 4722 adoptionem
3397 4653 3603 4706 llliorum
3631 4663 3703 4715 per

2193 4761 2373 4817 .lesum
2393 4758 2682 4821 Christum,
2725 4752 2777 4808 in
2811 4754 3005 4822 ipsum.
3037 4757 3088 4802 et
3118 4763 3220 4813 qua
3249 4747 3481 4801 eruimur
3500 4744 3559 4798 de
3583 4753 3701 4811 [mte-

2193 4860 2330 4908 state
2360 4849 2719 4910 tenebrarum,
2750 4844 2879 4898 utin
2910 4854 3029 4896 eum
3069 4837 3376 4901 credamus,
3407 4833 3621 4904 atquein
3643 4847 3705 4884 rv-

2193 4959 2352 5016 gnum
2379 4943 2546 5011 ipsius
2573 4937 2971 5000 transleramur,
3013 4941 3228 5003 propter
3257 4927 3394 4998 quod
3425 4929 3497 4980 ait
3523 4941 3536 4978 :
3573 4922 3704 4976 Nemo

2192 5034 2340 5089 venit
2373 5031 2435 5086 ad
2463 5045 2568 5095 tne,
2603 5027 2701 5082 nisi
2734 5025 2889 5080 fuerit
2917 5023 2963 5078 ei
3010 5022 3190 5076 datum
3242 5033 3274 5072 a
3324 5018 3475 5072 Patre
3500 5027 3636 5067 meo:
3661 5018 3699 5063 et

2191 5141 2292 5194 qua
2321 5122 2629 5180 diffunditur
2661 5117 2893 5174 charitas
2923 5118 2976 5170 in
3001 5112 3254 5168 cordibus
3285 5110 3492 5171 nostris,
3523 5117 3572 5160 ut
3593 5105 3695 5157 lldes

2193 5233 2286 5288 per
2311 5213 2648 5271 dilectionem
2672 5216 2920 5280 operetur
2950 5223 2963 5260 :
2996 5206 3256 5260 intentum
3288 5200 3478 5255 inimici
3506 5199 3696 5288 sunt,“

2193 5284 2307 5363 sine
2330 5307 2428 5360 hac
2457 5317 2613 5374 posse
2639 5299 2906 5354 hominem
2929 5295 3149 5351 credant
3174 5292 3349 5346 facere
3366 5289 3528 5344 omnia
3552 5284 3695 5340 divina

2192 5398 2434 5456 mandata
2468 5413 2482 5451 :
2514 5409 2632 5451 cum
2660 5393 2704 5448 si
2735 5393 2835 5446 hoc
2878 5403 3059 5445 verum
3089 5394 3250 5450 esset,
3283 5384 3464 5436 frustra
3488 5377 3696 5434 Delum

2190 5492 2384 5546 dixisse
2428 5487 2697 5544 videretur
2747 5501 2760 5538 :
2810 5483 2940 5538 Sine
2987 5494 3072 5534 me
3117 5476 3246 5530 nihil
3295 5474 3502 5544 potestis
3535 5468 3690 5522 facere.

2193 5579 2427 5649 Denique
2454 5575 2742 5645 Pelagiusa
2785 5571 3031 5627 fratribus
3082 5569 3380 5635 increpalus
3421 5560 3543 5634 quod
3586 5554 3689 5649 nihil

2192 5642 2442 5726 tribueret
2489 5681 2516 5722 a
2540 5642 2749 5737 ijutorio
2796 5661 2977 5732 gratia:
3021 5657 3112 5714 Dei
3143 5657 3207 5711 ad
3236 5655 3350 5726 ejus
3384 5651 3597 5709 mandata
3631 5642 3691 5697 fa-
