3904 6224
137 308 236 364 985

1221 287 1656 352 τηεεΑυιιυεε
1691 281 1844 342 CAP.
1883 279 2300 340 CCLXXXVIII.

3263 273 3369 332 988

137 421 350 487 cit-uda,
384 417 712 488 θοι-τρι)ιὶοηί
743 429 924 472 eorum
955 413 1214 468 hactenus
1258 407 1440 469 cessit,
1493 411 1553 457 ut
1602 416 1706 455 non
1739 398 1782 456 Δ
1813 393 1899 448 hic
1928 392 2208 464 presbyter
2247 390 2365 454 fuit,
2396 396 2448 443 et
2477 386 2637 441 modo
2665 394 2748 441 est
2776 385 3039 440 Siccensis
3066 385 3366 453 episcopus,

142 526 258 567 eam
287 509 462 566 libero
491 509 710 564 arbitrio
739 513 1091 575 praeponeret,
1134 499 1228 578 sed
1270 494 1469 552 infideli
1498 491 1704 549 callidi-

140 610 247 658 tate
268 606 612 671 supponeret,
635 597 853 651 dicens:
877 593 954 648 Ad
979 592 1079 647 hoc
1102 605 1216 645 eam
1231 587 1345 643 dari
1373 582 1700 648 hominibus,

145 704 201 749 ut
227 708 347 761 quae
383 693 559 745 facere
586 703 679 759 per
707 686 929 740 liberum
973 680 1250 737 arbitrium
1294 676 1544 745 iubentur
1581 671 1705 727 faci-

151 783 249 837 lius
279 781 486 849 possint
514 777 733 844 implere
765 788 856 843 per
877 772 1118 842 gratiam.
1151 767 1384 824 Dicendo
1413 764 1615 833 utique,
1649 769 1706 815 ut

143 871 357 927 facilius
390 869 615 938 possint,
643 866 807 921 voluit
851 863 1016 930 credi,
1048 861 1254 917 etiamsi
1294 856 1583 917 difficilius,
1625 862 1706 907 ta-

146 981 265 1020 men
300 977 460 1030 posse
500 959 741 1013 homines
779 958 895 1012 sine
939 953 1106 1026 gratia
1138 950 1312 1005 divina
1343 947 1517 1002 facere
1558 944 1704 1013 iussa

141 1056 339 1110 divina.
373 1053 520 1107 Illam
547 1064 669 1105 vero
699 1049 915 1120 gratiam
951 1043 1068 1108 Dei,
1118 1040 1235 1094 sine
1279 1052 1381 1108 qua
1412 1035 1546 1089 nihil
1583 1031 1705 1087 boni

145 1155 427 1215 possumus
459 1140 652 1204 facere,
681 1153 784 1192 non
811 1149 932 1191 esse
959 1133 1140 1188 dicunt
1169 1127 1268 1183 nisi
1292 1143 1344 1182 tn
1369 1125 1537 1180 libero
1567 1121 1711 1177 arbi-
1735 1201 1740 1205 .

147 1212 268 1298 irin,
302 1229 447 1299 quod
488 1228 648 1283 nullis
671 1227 782 1282 suis
823 1220 1246 1295 praecedentibus
1285 1214 1490 1272 meritis
1517 1212 1585 1267 ab
1614 1213 1710 1268 illo

147 1322 349 1393 accepit
381 1330 562 1376 nostra
602 1329 809 1373 natura.
861 1314 942 1371 Ad
996 1313 1098 1368 hoc
1154 1319 1356 1366 tantum
1401 1307 1518 1376 ipso
1553 1304 1708 1375 adju-

145 1423 302 1468 vante
332 1426 431 1481 per
479 1426 627 1466 suam
657 1409 824 1478 legem
869 1413 1028 1474 atque
1079 1401 1397 1461 doctrinam.
1437 1406 1495 1451 ut
1542 1395 1712 1450 disca-

149 1519 264 1558 mus
307 1517 432 1574 qua
472 1502 645 1556 facere
689 1507 745 1554 et
789 1511 907 1564 qua:
956 1507 1174 1563 sperare
1225 1490 1544 1553 debeamus;
1603 1499 1710 1540 non

147 1605 318 1650 autem
344 1593 412 1647 ad
446 1593 546 1646 hoc
567 1599 623 1644 ut
648 1603 737 1658 per
758 1587 953 1641 donum
984 1583 1215 1652 Spiritus
1237 1580 1316 1634 sui
1346 1575 1563 1653 [sancti]
1593 1589 1712 1644 quae

148 1685 333 1738 didicet
351 1684 490 1737 imus
512 1695 631 1735 esse
669 1677 927 1739 facienda,
957 1675 1240 1729 faciamus:
1274 1684 1337 1724 ac
1367 1684 1462 1739 per
1493 1667 1594 1721 hoc
1622 1665 1711 1719 di-

1801 498 1924 538 cum
1954 490 2249 538 remeasset
2271 481 2340 546 ab
2368 478 2499 534 urbe
2546 478 2735 545 Iioma,
2765 487 2819 531 et
2863 476 2934 529 ibi
2982 490 3100 529 rum
3141 475 3367 543 quodam

1807 577 1929 631 talia
1961 577 2227 632 sentiente
2245 573 2578 645 confligeret,
2604 572 2688 626 vel
2717 585 2775 626 se
2797 569 3100 626 conﬂixisse
3126 566 3365 630 referret,

1803 680 1923 722 eum
1950 673 2261 736 argueretur
2282 659 2607 736 [urgeretur]
2645 661 2880 730 pondere
2908 657 3171 712 orationis
3197 656 3370 709 Domi.

1806 756 1939 814 uicae
1980 755 2236 828 (Urgebat
2277 755 2420 808 enim
2450 767 2570 808 eum
2615 762 2670 807 et
2713 751 2919 816 dicebat
2948 769 2963 804 :
2988 749 3044 805 Si
3092 748 3144 802 in
3189 756 3372 802 nostra

1805 854 2066 916 potestate
2119 851 2202 901 est
2250 859 2355 898 non
2407 849 2651 914 peccare.
2685 853 2738 898 et
2789 843 2840 895 in
2899 851 3077 895 nostra
3133 849 3371 911 potesta-

1805 944 1860 992 te
1898 944 1981 992 est
2031 950 2217 990 omnes
2255 945 2591 1004 peccatorum
2629 931 2960 988 'tentationes
3002 931 3131 986 solis
3183 932 3371 985 volun-

1810 1029 1947 1106 tatis.
1968 1039 2163 1084 nostra:
2191 1028 2391 1082 viribus
2427 1039 2701 1095 superare,
2733 1039 2897 1094 quare
2951 1024 3058 1078 Deo
3096 1023 3320 1079 dicimus
3351 1063 3369 1090 ,

1808 1120 1886 1176 Ne
1915 1136 2012 1175 nos
2035 1119 2232 1174 inferas
2285 1119 2338 1172 in
2390 1115 2793 1185 tentatiouem?)
2838 1114 2962 1184 quid
3013 1129 3136 1168 eum
3168 1115 3367 1183 putatis

1808 1205 2179 1277 respondisse?
2211 1205 2498 1276 Rogamus,
2532 1203 2723 1274 inquit.
2753 1203 2920 1258 Deum
2955 1219 2968 1257 :
3003 1201 3080 1258 Ne
3111 1218 3208 1257 nos
3233 1202 3375 1258 inre-

1811 1313 1900 1355 ras
1935 1299 1988 1352 in
2019 1297 2407 1361 tentatiouem,
2434 1310 2501 1351 ne
2527 1294 2726 1365 aliquid
2758 1294 2884 1349 mali
2921 1294 3201 1364 patiamttr,
3231 1294 3374 1363 quod

1811 1403 1917 1444 non
1947 1388 2200 1444 habemus
2231 1387 2284 1441 in
2334 1394 2596 1457 potestate
2623 1402 2639 1439 :
2662 1391 2730 1440 ne
2756 1397 2904 1439 ruam
2944 1383 3014 1438 de
3039 1398 3197 1466 equo,
3227 1393 3280 1438 et
3307 1398 3376 1438 ne

1810 1477 2046 1549 frangam
2070 1476 2282 1547 pedem,
2308 1490 2376 1531 ne
2406 1476 2543 1530 latro
2581 1489 2666 1529 me
2690 1473 2992 1540 interficiat,
3036 1483 3088 1529 et
3121 1473 3246 1543 quid
3279 1474 3378 1528 Itu-

1808 1567 2036 1639 jusmodi
2067 1585 2082 1622 :
2112 1566 2235 1622 Hac
2263 1566 2426 1634 enim,
2447 1566 2636 1636 inquit,
2659 1581 2763 1620 non
2789 1565 2961 1640 habeo
2992 1565 3044 1620 in
3075 1570 3377 1633 potestate:

1813 1674 1934 1714 nam
1957 1660 2174 1715 vincere
2185 1657 2507 1714 tentatioues
2522 1648 2860 1726 peccatorum
2884 1670 3147 1721 meorum,
3171 1655 3215 1710 si
3232 1654 3378 1717 volo,

147 1778 229 1830 vin
255 1783 339 1829 tus
371 1762 545 1828 nobis
567 1771 678 1825 dari
717 1767 993 1822 scientiam
1027 1763 1374 1823 confitentur,
1419 1773 1521 1828 qua
1556 1758 1709 1826 igno-
1744 1768 1789 1826 η
1812 1754 1867 1805 'et
1892 1763 2130 1820 possum.
2164 1749 2262 1803 nec
2303 1747 2397 1802 Dei
2423 1746 2697 1812 adiutorio
2741 1760 2979 1815 possum.
3014 1744 3236 1807 Videtis,
3269 1743 3381 1798 fia-

149 1868 317 1922 rantia
350 1865 582 1930 pellitur,
634 1859 945 1914 charitatem
995 1861 1171 1908 autem
1200 1850 1315 1904 dari
1358 1855 1578 1918 negant,
1610 1861 1711 1915 qua

152 1956 232 2026 pie
260 1956 495 2020 vivitur;
525 1961 582 2007 ut
608 1952 828 2011 scilicet,
859 1961 979 2003 cum
1010 1947 1081 2001 sit
1115 1944 1204 2000 Dei
1249 1943 1447 1998 donum
1488 1939 1713 1994 scientia

150 2028 410 2117 quas-sine
440 2043 694 2098 charitate
739 2039 911 2105 inflat,
960 2052 1065 2092 non
1097 2035 1170 2089 sit
1217 2034 1309 2088 Dei
1355 2030 1548 2085 donum
1600 2029 1713 2098 ip~a

154 2136 408 2199 citaritas,
436 2148 553 2203 qute
593 2139 648 2186 ut
695 2127 915 2184 scientia
965 2141 1070 2181 non
1128 2125 1298 2188 inflet,
1330 2121 1576 2176 mdificat.
1611 2120 1714 2174 De-

154 2235 359 2281 strnnnt
390 2226 550 2279 etiam
575 2225 843 2276 orationes
874 2232 1006 2286 quas
1036 2213 1162 2269 facit
1194 2212 1455 2275 Ecclesia,
1479 2211 1593 2265 sive
1622 2223 1716 2277 pro

159 2317 460 2372 infidelibus
485 2321 540 2368 et
569 2312 823 2366 doctrinm
851 2307 946 2362 Dei
987 2302 1376 2367 resistentibus,
1413 2310 1467 2354 ut
1495 2313 1718 2354 conver-

158 2416 328 2462 tantur
354 2405 420 2458 ad
448 2417 589 2465 eum,
633 2402 743 2454 sive
773 2411 867 2467 pr.o
889 2395 1156 2459 fidelibus,
1188 2401 1244 2445 ut
1272 2399 1528 2459 augeatur
1563 2387 1614 2441 in
1639 2385 1720 2441 eis

161 2498 306 2564 fides,
331 2505 386 2552 et
424 2501 762 2566 perseverent
803 2489 855 2544 in
885 2503 970 2544 ea.
1005 2486 1129 2541 llaec
1150 2485 1345 2554 quippe
1375 2496 1477 2535 non
1513 2479 1579 2533 ab
1607 2478 1722 2546 ipso
1753 2544 1758 2549 _

162 2589 417 2658 accipere,
447 2584 537 2641 sed
585 2600 611 2636 a
643 2582 831 2649 seipsis
859 2579 1102 2633 homines
1133 2575 1330 2629 habere
1369 2569 1717 2652 contendunt,

163 2679 378 2748 gratiam
429 2674 519 2730 Dei
550 2687 651 2744 qua
689 2671 972 2726 liberamur
1014 2666 1081 2721 ab
1135 2665 1426 2733 impietate,
1482 2660 1724 2715 dicentes

162 2771 450 2842 secundum
479 2777 661 2823 merita
681 2778 857 2820 nostra
885 2763 917 2816 d
938 2761 1020 2815 iri.
1052 2757 1204 2827 Quod
1237 2755 1449 2826 quidem
1477 2753 1725 2822 Pelagius

165 2862 215 2917 in
245 2858 533 2930 cpisCOpaIi
578 2856 781 2926 judicio
838 2850 1117 2906 Paitcsﬁno
1167 2845 1406 2902 damnari
1463 2843 1739 2906 tuetuens,‘

170 2950 424 3004 damnare
452 2946 753 3014 compulsus
783 2951 896 3004 est;
944 2940 1036 2995 sed
1088 2941 1140 2994 in
1190 2935 1574 3008 posterioribus
1615 2932 1726 2987 suis

168 3040 375 3107 scriptis
421 3040 521 3091 hoc
565 3035 826 3089 invenitur
865 3030 1077 3086 docere.
1120 3029 1174 3081 In
1229 3026 1280 3082 id
1323 3024 1480 3080 etiam
1512 3038 1727 3094 progre-

1813 1831 1940 1904 tres,
1971 1853 2129 1906 quam
2160 1836 2391 1906 maligna
2419 1836 2667 1900 heresis;
2700 1835 2889 1890 videtis
2937 1834 3382 1904 quemadmodum

1811 1942 1998 1982 omnes
2019 1924 2267 1991 horretis,
2294 1933 2481 1980 cavete
2508 1939 2578 1980 ne
2606 1924 2930 1995 capiamini;
2956 1923 3077 1979 novi
3099 1924 3242 1978 enim
3272 1925 3387 1978 cal-

1814 2015 2048 2072 liditates
2070 2024 2124 2070 et
2145 2013 2618 2085 tergiversationes
2634 2013 2912 2069 hominum
2937 2013 3216 2083 impiorum
3233 2029 3389 2069 aver-

1813 2123 1997 2165 sorum
2043 2121 2071 2160 a
2111 2106 2370 2171 veritate;
2413 2113 2467 2160 et
2496 2106 2620 2174 quia
2659 2105 2771 2175 jam
2816 2105 2870 2159 in
2912 2119 3038 2160 suas
3095 2105 3389 2160 sententias

1815 2199 2144 2264 ceciderunt,
2176 2197 2314 2254 vinci
2339 2196 2654 2265 nolentium,
2669 2196 2862 2265 videte,
2885 2197 3112 2254 obsecro
3129 2212 3243 2264 vos,
3260 2211 3389 2254 ecce

1817 2292 2016 2347 invenit
2045 2290 2185 2360 quod
2212 2283 2440 2356 diceret,
2467 2288 2588 2344 ideo
2622 2303 2721 2344 nos
2748 2288 2928 2346 dicere
2953 2306 2968 2345 :
2998 2288 3073 2344 Ne
3110 2303 3215 2344 nos
3254 2288 3388 2344 inle-

1819 2397 1905 2436 ras
1934 2382 1985 2435 in
2020 2379 2387 2448 tentatiouem,
2418 2395 2486 2434 ne
2513 2378 2718 2449 aliquid
2748 2377 2901 2434 nobis
2922 2379 3213 2446 contingat,
3241 2378 3384 2447 quod

1822 2486 1926 2525 non
1952 2471 2213 2526 habemus
2236 2470 2288 2525 in
2317 2475 2600 2539 potestate,
2623 2468 2914 2524 secundum
2943 2469 3185 2539 corporis
3216 2457 3391 2522 tenta-

1825 2560 2044 2616 tionem.
2107 2560 2234 2614 Inde
2289 2573 2417 2629 ergo
2469 2556 2681 2613 dicebat
2729 2557 3028 2613 Dominus:
3063 2556 3287 2628 Vigila!!!
3336 2565 3392 2613 et

1825 2662 2004 2717 orate,
2039 2667 2105 2706 re
2137 2650 2348 2705 intretis
2385 2649 2440 2704 in
2473 2648 2814 2705 tentationetn
2842 2664 2859 2718 ε
2890 2647 2990 2703 hoc
3022 2647 3237 2715 dicebit
3261 2664 3273 2698 :
3299 2645 3392 2700 Vi-

1824 2743 1984 2812 gilate
2025 2751 2078 2798 et
2120 2751 2299 2806 orate,
2336 2755 2404 2796 ne
2443 2739 2632 2810 pedem
2673 2738 2961 2809 fraugatis,
3004 2745 3096 2791 aut
3127 2749 3194 2791 tte
3233 2742 3395 2804 caput

1826 2834 2083 2900 dOIeIIIIS,
2130 2842 2220 2887 aut
2258 2848 2324 2887 ne
2374 2834 2427 2886 in
2477 2831 2726 2886 damnum
2773 2829 3085 2894 incurratis;
3137 2843 3243 2882 non
3290 2826 3394 2885 hoc

1827 2921 2062 2989 dicebat,
2101 2923 2194 2996 sed
2246 2921 2371 2991 quid
2412 2919 2661 2975 dicebat?
2689 2918 2830 2988 quod
2881 2918 3036 2974 Petro
3081 2917 3214 2972 dixit
3239 2934 3256 2971 :
3285 2915 3393 2972 Ito-

1829 3016 1945 3083 gttvi
1975 3029 2071 3084 pro
2118 3024 2194 3079 te,
2228 3027 2296 3069 ne
2323 3011 2535 3070 deficiat
2588 3011 2718 3066 fides
2759 3019 2882 3074 tua;
2929 3009 3150 3079 Iingavi,
3201 3008 3390 3078 inquit,

170 3129 380 3184 diuntur
409 3137 465 3180 ut
492 3126 668 3180 dicant
691 3125 850 3177 vitam
879 3122 1141 3193 iustorum
1173 3117 1223 3172 in
1250 3117 1350 3172 hoc
1385 3116 1581 3170 stcculo
1607 3114 1723 3166 nul-
1752 3127 1798 3191 ρ
1831 3138 1924 3192 ιιι-ο
1954 3133 2026 3191 ιθ,
2058 3123 2184 3180 (ἤθη
2239 3124 2378 3178 Deus
2406 3122 2641 3188 homini;
2688 3120 2955 3188 dominus,
3000 3134 3190 3186 serv";
3227 3116 3393 3190 magi-

175 3219 276 3274 lum
309 3219 528 3274 Omnino
567 3214 764 3270 habere
794 3220 1087 3283 peccatum,
1132 3218 1184 3264 et
1212 3223 1277 3263 ex
1321 3207 1402 3260 his
1435 3205 1554 3280 Eccl
1589 3204 1720 3258 siam

177 3309 369 3364 Christi
395 3309 448 3364 in
476 3307 574 3360 hac
598 3307 914 3360 mortalitate
944 3301 1142 3371 perfici,
1176 3309 1230 3353 ut
1259 3297 1329 3352 sit
1361 3296 1581 3350 omnino
1611 3297 1725 3349 sine

172 3397 372 3452 macula
417 3403 474 3451 et
502 3409 628 3464 ruga
663 3408 678 3447 :
705 3391 852 3460 quasi
887 3405 989 3445 non
1018 3389 1086 3444 sit
1114 3387 1309 3444 Christi
1341 3385 1575 3441 Ecclesia
1608 3400 1726 3453 quze

180 3497 287 3544 toto
326 3498 588 3544 terrarum
627 3484 758 3539 orbe
784 3484 976 3537 clamat
1028 3480 1092 3536 ad
1147 3479 1464 3534 Dominum:
1516 3477 1728 3531 Dimitte

176 3578 326 3632 nobis
357 3575 536 3631 debita
580 3579 780 3628 nositra.
826 3570 1079 3626 Parvulos
1116 3569 1274 3623 etiam
1321 3575 1514 3638 negant
1539 3581 1728 3621 secun-

178 3667 299 3724 dum
325 3668 495 3723 Atiam
523 3665 807 3721 carnaliter
835 3671 1011 3728 natos,
1033 3661 1330 3729 contagium
1360 3659 1545 3712 mortis
1568 3657 1730 3729 [anti-

179 3758 312 3830 quet]
348 3758 515 3831 prima
545 3755 817 3811 nativitate
856 3752 1195 3807 contrahere.
1222 3751 1311 3805 Sic
1337 3751 1478 3806 enim
1506 3765 1599 3805 eos
1620 3752 1735 3806 sine

179 3848 286 3904 ullo
306 3845 509 3917 peccati
531 3843 803 3914 originalis
824 3842 1036 3897 vinculo
1055 3847 1303 3895 asserunt
1320 3839 1488 3905 nasci,
1508 3849 1564 3893 ut
1589 3854 1736 3908 pror-

182 3951 269 3992 sus
296 3952 400 3992 non
433 3937 502 3991 sit
531 3936 669 4004 quod
701 3935 777 3989 eis
805 3940 1048 3999 oporteat
1071 3929 1305 3986 secunda
1345 3928 1620 3983 nativitate
1656 3929 1738 3983 di-

183 4028 344 4093 mitti;
373 4027 472 4082 sed
505 4041 597 4081 eos
627 4034 901 4093 propterea
934 4021 1185 4090 baptizari
1230 4028 1309 4085 ut,
1336 4019 1738 4088 regeneratioue

184 4116 430 4187 adiiptati,
463 4115 808 4185 admittuntur
835 4113 896 4167 ad
918 4127 1136 4181 regnum
1168 4111 1362 4174 Dei,de
1382 4110 1589 4166 bonoin
1623 4126 1765 4170 me-.

187 4205 280 4260 lius
312 4205 570 4270 translati,
600 4220 705 4258 non
737 4205 833 4257 ista
865 4201 1265 4270 regeneration-e
1288 4200 1356 4255 ab
1394 4200 1572 4271 aliquo
1601 4203 1740 4257 malo

188 4297 517 4368 obligationis
543 4298 736 4350 veteris
766 4294 1022 4348 absoluti:
1055 4306 1175 4346 nam
1206 4292 1414 4347 etiamsi
1441 4307 1548 4347 non
1572 4293 1743 4363 bapti-

190 4399 384 4458 aentur,
405 4387 718 4458 promittunt
741 4387 816 4441 eis
838 4395 986 4440 extra
1017 4399 1235 4453 regnum
1262 4383 1474 4453 quidem
1504 4383 1618 4449 Del,
1647 4383 1741 4439 sed

1825 3226 1954 3281 ster,
2004 3215 2601 3284 diseipuin;-metlicus,
2656 3222 2855 3283 aegroto
2887 3228 2904 3268 :
2933 3212 3111 3280 rogavi
3162 3226 3260 3280 pro
3314 3220 3393 3276 te,

1827 3308 1994 3377 quid?
2025 3322 2092 3361 ne
2118 3304 2328 3360 deficiat
2353 3323 2366 3358 :
2413 3304 2590 3370 Quid?
2619 3317 2808 3357 manus
2839 3311 2949 3366 tua,
2976 3315 3069 3370 pes
3098 3309 3236 3363 tuus,
3265 3315 3396 3355 ocu-

1827 3397 1907 3451 lus
1936 3407 2076 3458 tuus,
2109 3397 2280 3463 lingua
2314 3403 2423 3458 tua,
2453 3393 2630 3460 aliqua
2655 3393 2931 3463 paralys's.
2965 3391 3014 3445 id
3049 3398 3132 3446 est
3158 3390 3390 3446 dissolu-

1827 3485 1902 3539 tio
1942 3483 2336 3539 membrorumi
2362 3497 2488 3546 non,
2511 3481 2627 3550 sed,
2660 3496 2726 3536 ne
2763 3479 2974 3534 deficiat
3005 3479 3138 3534 fides
3158 3490 3264 3533 tua.
3297 3479 3395 3535 Se-

1829 3573 2058 3629 cundum
2083 3575 2213 3627 istos
2236 3572 2288 3627 itt
2322 3579 2582 3641 potestate
2622 3570 2899 3633 habemus,
2930 3583 2998 3623 ne
3025 3568 3236 3622 deﬁciat
3267 3568 3397 3623 fides

1833 3671 2036 3718 nostra.
2065 3663 2243 3728 Quare
2285 3676 2382 3731 pro
2409 3660 2560 3714 nobis
2583 3667 2798 3728 rogatur
2829 3658 2988 3723 Deus,
3037 3665 3092 3710 ut
3134 3658 3397 3713 concedat

1833 3765 2023 3821 rogare
2041 3751 2192 3805 nobis
2217 3750 2357 3819 quod
2382 3741 2470 3803 isti
2497 3748 2701 3814 dicunt,
2726 3762 2822 3801 nos
2844 3762 2955 3818 non
2977 3746 3174 3800 debere
3199 3762 3227 3799 a
3256 3762 3400 3801 sem-

1837 3842 2041 3911 piterna
2068 3840 2365 3910 majestate,
2389 3838 2481 3894 sed
2509 3839 2706 3893 habere
2757 3839 2808 3890 in
2853 3843 3137 3904 potestate.
3179 3834 3404 3890 Benedi-

1837 3930 2059 3991 Ctiones.
2085 3929 2275 3982 fratres
2300 3929 2432 3992 mei,
2464 3923 2860 3980 benedictiOnes
2890 3923 3120 3988 nostras,
3147 3938 3280 3992 quas
3308 3937 3402 3977 stt-

1840 4019 1944 4088 per'
1965 4035 2054 4073 vos
2078 4019 2318 4083 facimus,
2346 4024 2625 4079 evacuant,
2656 4013 2988 4076 eainaninnt,
3017 4012 3239 4066 elidunt.
3288 4013 3402 4065 Au-

1838 4108 1993 4164 distis
2013 4122 2120 4170 me,
2151 4106 2335 4172 credo,
2363 4103 2556 4159 fratres
2585 4104 2709 4167 niei,
2744 4102 2952 4172 quando
2981 4101 3117 4165 dico,
3158 4091 3402 4156 conversi

1840 4198 1905 4253 ad
1925 4199 2199 4254 Dominum
2227 4195 2603 4252 benedicamus
2625 4207 2817 4248 nomen
2833 4191 2980 4261 ejus;
3006 4190 3095 4245 det
3107 4190 3258 4245 nobis
3286 4205 3406 4258 per-

1841 4288 2167 4342 severarein
2226 4285 2490 4340 mandatis
2525 4284 2656 4346 suis,
2706 4278 2978 4335 ambulare
3021 4279 3074 4334 in
3123 4281 3204 4332 via
3259 4290 3404 4334 recta

1844 4377 2157 4432 eruditionis
2185 4389 2319 4443 suae,
2351 4375 2560 4443 placere
2591 4372 2669 4427 illi
2702 4371 2755 4425 in
2783 4370 2927 4424 omni
2969 4383 3134 4437 opere
3163 4369 3324 4435 bono,
3346 4365 3437 4423 et'

191 4485 357 4531 tamen
374 4457 634 4532 atternam
661 4484 713 4530 et
742 4476 948 4530 beatam
977 4473 1256 4544 quamdam
1275 4473 1435 4527 vitam
1464 4489 1636 4530 suam.
1663 4474 1746 4544 lp-
1779 4485 1828 4545 Ι)
1852 4478 2040 4523 αδδιδι-α
2071 4468 2214 4521 talia.
2241 4466 2485 4532 Prorsus,
2537 4463 2798 4533 inquiunt,
2845 4460 2946 4515 hoc
2972 4468 3140 4515 totum
3177 4457 3229 4511 in
3262 4472 3409 4527 pete-

191 4576 522 4634 sumquoque
540 4565 703 4619 Adam
717 4563 918 4628 dicunt,
939 4562 1144 4617 etiamsi
1169 4577 1270 4616 non
1287 4563 1752 4632 peccasset,fuisse
1853 4568 1903 4613 st
1921 4568 1987 4612 .te
2014 4568 2189 4612 nostra
2217 4569 2293 4612 εει
2322 4557 2690 4611 constitutum.
2728 4551 2868 4621 Ergo
2891 4565 2990 4606 nos
3034 4549 3258 4604 inaniter
3287 4546 3410 4601 talia

195 4668 406 4722 corpore
419 4655 732 4710 moriturum
753 4667 951 4722 ;neqne
972 4653 1041 4708 ita
1062 4662 1326 4707 mortuum
1343 4653 1532 4708 merito
1557 4653 1747 4722 culpae,

196 4745 282 4799 sed
324 4745 630 4799 conditione
668 4751 890 4797 naturae.
918 4741 1251 4812 Ohjiciuntur
1280 4744 1358 4796 eis
1396 4749 1448 4797 et
1483 4742 1586 4797 alia
1619 4757 1750 4798 non-

197 4835 349 4897 nulla,
381 4834 476 4889 sed
513 4833 610 4886 ista
638 4842 763 4886 sunt
801 4833 1058 4897 maxime,
1109 4847 1174 4886 ex
1223 4832 1412 4901 quibus
1450 4820 1750 4902 inte‘ligun-

200 4930 280 4979 tur
311 4927 470 4979 etiam
517 4922 628 4988 illa,
659 4921 746 4976 vel
769 4929 955 4977 cuncta
996 4921 1076 4974 vel
1107 4936 1239 4987 pene
1274 4931 1462 4977 cuncta
1493 4921 1747 4994 pendere.

636 5010 856 5067 CAPUT
893 5010 1304 5067 CCLXXXVIII.

1851 4647 2001 4702 vobis
2023 4657 2286 4715 optamus,
2307 4643 2651 4700 defendamus
2680 4656 2778 4696 nos
2798 4649 2852 4696 et
2875 4654 2993 4708 vos,
3021 4653 3087 4693 ne
3112 4647 3164 4694 et
3183 4649 3278 4691 nos
3299 4636 3414 4690 sine

1851 4753 2007 4794 causa
2030 4737 2429 4800 benedit-amus,
2460 4744 2515 4790 et
2536 4748 2629 4790 vos
2655 4735 2773 4788 sine
2800 4747 2958 4788 causa
2988 4731 3155 4786 Amen
3186 4728 3416 4783 substri-

1852 4830 2008 4886 hatis.
2040 4830 2250 4884 Fratres
2270 4829 2394 4894 mei,
2425 4827 2590 4883 Amen
2614 4833 2845 4881 vestrum
2874 4823 3090 4893 scriptio
3107 4830 3282 4877 vestra
3308 4831 3410 4882 est,

1854 4924 2136 4976 coiisetisin
2164 4929 2339 4975 vestra
2363 4929 2466 4984 est,
2493 4917 2830 4986 adstipulatio
2857 4925 3032 4971 vestra
3058 4921 3158 4974 est,
3191 4925 3258 4964 tte
3280 4915 3417 4964 torte

1857 5010 2019 5078 aliqui
2045 5015 2276 5081 ipsorum
2299 5019 2353 5066 et
2382 5025 2480 5064 nos
2499 5009 2820 5064 condemnet
2840 5014 2893 5060 et
2909 5019 3002 5058 vos
3026 5021 3039 5056 :
3067 5001 3412 5057 defendamus

204 5130 301 5200 63
331 5129 459 5186 “em
485 5127 548 5182 de
575 5128 750 5181 eadm
775 5123 1172 5200 pglggganqmm
1204 5126 1402 5191 hanc";
1434 5142 1498 5182 α
1529 5139 1758 5182 “mone
1861 5112 1961 5151 nos
1985 5098 2052 5152 de
2078 5097 2318 5168 apostolo
2345 5097 2528 5163 Paulo,
2559 5096 2834 5150 videamus
2856 5095 2898 5148 si
2919 5092 3036 5147 talia
3060 5089 3261 5158 Optavit
3280 5088 3418 5155 plebi

798 5195 878 5248 Ad
903 5194 1166 5263 papulum.

1863 5203 1994 5244 suis.
2024 5191 2219 5245 Audite
2245 5189 2368 5258 quid
2414 5188 2624 5254 dixerit,
2658 5187 2830 5257 qualia
2859 5197 3067 5239 oramus
3095 5195 3254 5249 super
3297 5192 3414 5246 vos,

275 5289 362 5344 Ilia
388 5289 496 5344 duo
528 5307 540 5341 :
567 5284 783 5343 Dimitte
813 5283 963 5339 nobis
983 5284 1160 5338 debita
1191 5294 1395 5354 nostra,
1427 5287 1561 5340 sicut
1582 5296 1635 5341 et
1663 5300 1762 5341 nos
1867 5281 2044 5334 audite
2070 5281 2194 5351 quid
2225 5280 2414 5335 dixerit
2439 5279 2667 5349 quodam
2699 5278 2816 5332 loco
2844 5291 2860 5329 :
2899 5288 3010 5329 rem
3041 5272 3254 5326 brevem
3277 5268 3426 5334 dico.

212 5377 520 5436 dimittimus
547 5376 870 5432 debitoribus
893 5373 1091 5429 nostris
1109 5416 1123 5442 ,
1156 5381 1230 5439 et,
1263 5374 1340 5429 Ne
1367 5390 1464 5430 nos
1488 5375 1686 5433 inferas
1713 5377 1725 5428 i

1867 5369 2006 5438 quod
2023 5369 2176 5436 dicis,
2197 5385 2229 5423 ο
2261 5383 2394 5424 nove
2415 5365 2685 5430 haeretice.
2707 5364 3006 5435 quicunque
3049 5374 3135 5415 me
3167 5357 3342 5422 audis,
3376 5357 3422 5412 si

218 5471 550 5524 teiitatiunem
568 5510 584 5534 ,
610 5465 822 5536 quando
841 5462 1134 5534 Pelagianis
1155 5463 1497 5533 objiciuntur,
1526 5466 1649 5536 quid
1676 5479 1768 5521 eos
1871 5473 2105 5527 prtesens
2133 5474 2214 5524 es,
2243 5457 2368 5528 quid
2417 5457 2587 5512 dicis?
2613 5455 2743 5523 Quia
2791 5466 2895 5506 non
2927 5464 3146 5519 peccare
3190 5448 3243 5524 in
3270 5457 3423 5517 pote-

219 5562 400 5628 pntatis
447 5557 774 5627 respondere
801 5555 823 5609 τ
855 5553 1054 5618 horrui,
1079 5551 1270 5611 fratres
1301 5553 1771 5624 tnei,'quandoau—

221 5647 360 5704 diri:
384 5664 483 5720 ego
524 5644 738 5716 quidem
771 5657 875 5698 non
904 5641 1081 5697 audivi
1109 5641 1326 5696 auribus
1350 5641 1502 5705 uicis,
1522 5642 1615 5697 sed
1648 5656 1771 5697 san-

223 5746 330 5794 ctus
356 5739 518 5797 frater
548 5746 601 5792 ct
628 5734 777 5815 coepi
809 5748 974 5806 cnpus
1002 5748 1151 5790 meus
1169 5731 1415 5794 Urbanus
1459 5743 1656 5798 noster.
1685 5733 1773 5806 qui

1872 5558 2010 5603 state
2054 5549 2132 5603 sic
2190 5549 2464 5611 habemus,
2513 5555 2570 5601 ut
2615 5547 2714 5598 hoc
2763 5543 2880 5598 sine
2930 5538 3190 5610 adiutorio
3235 5538 3425 5593 divina:

1870 5640 2053 5710 gratia
2077 5641 2298 5710 implere
2326 5641 2590 5711 possimus
2608 5636 2736 5703 ;ltoc
2763 5636 2918 5701 dicis,
2947 5635 3068 5700 hoc,
3086 5632 3275 5718 inquit,
3302 5645 3430 5698 ergo

1878 5734 1932 5789 in
1980 5742 2241 5805 potestate
2281 5732 2559 5798 habemus,
2588 5735 2691 5786 nan
2720 5739 2946 5800 peccare
2994 5724 3112 5782 sine
3162 5719 3423 5793 ailjnwm
