3904 6224
505 337 601 392 Ωεῗ

1550 318 1609 373 D.
1655 314 1971 372 EL'GYPPII
2009 313 2294 369 ABDATIS
2335 314 2654 370 AFlllfIANl

3624 320 3713 375 ,τι

504 442 637 496 Dei?
689 436 860 503 plane,
908 432 1097 499 inquit.
1146 429 1366 483 liberum
1400 426 1671 481 arbitrium
1715 436 1954 481 nostrum
1986 424 2050 478 ad
2083 429 2129 483 Α
2160 424 2353 479 fratres
2398 425 2499 479 mei
2535 442 2549 478 :
2590 425 2830 496 quisquis
2876 428 2939 482 ad
2975 442 3068 483 vos
3112 427 3429 491 accesserit,
3461 435 3511 481 ct
3539 428 3712 484 dixerit

503 533 603 584 hoc
630 530 781 583 nobis
808 524 1030 578 sufficit:
1054 519 1175 586 quid
1206 528 1288 573 est
1314 532 1441 587 ergo
1470 518 1608 587 quod
1642 518 1713 571 ait
1746 517 2051 584 Apostolus,

500 620 738 675 scribi-ns
767 614 829 667 ad
849 609 1182 666 Corinthios?
1208 608 1431 664 Oramus
1462 608 1525 661 ad
1555 608 1719 663 Deum
1746 624 1810 661 nc
1831 608 1955 675 qttid
1980 607 2057 660 fa-

503 707 656 762 ciatis
687 703 835 763 moli;
864 697 1189 762 attendistis,
1217 697 1456 764 audistis,
1487 697 1791 766 accepistis,
1835 702 1889 751 et
1931 696 2053 766 quia

506 790 987 861 manifestissimum
1034 797 1137 854 est,
1182 788 1297 841 sine
1341 786 1505 840 dubio
1552 784 1884 841 intellexistis
1912 785 2052 856 quod

499 881 667 935 oravit
696 880 980 955 Apostolus
1007 896 1023 935 :
1047 877 1287 943 Oramus,
1321 878 1514 946 inquit,
1539 878 1604 931 ad
1633 877 1798 931 Deum
1835 892 1900 931 ne
1930 877 2053 943 quid

497 973 678 1027 aciatis
700 974 859 1038 mali;
891 981 1095 1041 poterat
1132 971 1312 1025 dicere
1338 986 1353 1023 :
1385 970 1659 1024 Monctnus
1690 983 1783 1021 vos
1815 984 1880 1022 ne
1908 968 2035 1037 qttid

497 1061 705 1139 faciatis
732 1065 876 1127 mali,
899 1062 1151 1115 docemus
1180 1074 1275 1115 vos
1307 1075 1373 1114 ne
1400 1060 1525 1129 qttid
1553 1060 1754 1114 faciatis
1794 1060 1939 1123 ntali,
1970 1061 2053 1128 ju-

495 1152 688 1210 bemus
715 1152 884 1215 vobis,
918 1150 1254 1219 praecipimus
1277 1151 1463 1215 vobis;
1492 1149 1630 1219 quod
1663 1150 1873 1219 quidem
1902 1151 1945 1204 si
1976 1151 2055 1204 di—

497 1250 662 1307 ceret,
698 1251 893 1297 certum
926 1241 1144 1307 diceret,
1177 1242 1296 1309 quia
1350 1251 1403 1296 et
1449 1242 1690 1295 voluntas
1743 1254 1919 1296 no5tra
1949 1245 2054 1311 agit

497 1332 715 1402 aliquid,
749 1346 849 1386 non
882 1331 1022 1386 enim
1054 1331 1297 1385 voluntas
1352 1339 1529 1384 nostra
1579 1330 1711 1384 nihil
1758 1332 1889 1401 agit,
1941 1334 2053 1387 sola

493 1436 599 1479 non
628 1421 853 1485 sufficit;
877 1420 1061 1475 maluit
1084 1430 1257 1476 tamen
1284 1422 1482 1485 dicere,
1528 1421 1774 1486 Oramus,
1800 1433 1856 1476 ut
1886 1423 2050 1491 ipsam

495 1516 713 1585 gratiam
744 1515 1164 1581 commendaret,
1197 1525 1253 1569 ut
1298 1515 1651 1585 intelligerent
1699 1516 1793 1580 illi,
1842 1517 2054 1583 quando

497 1620 599 1660 non
630 1605 896 1661 sufficiunt
924 1607 1119 1676 aliquid
1160 1606 1303 1669 mali,
1354 1620 1457 1660 non
1495 1606 1607 1660 sola
1658 1621 1750 1660 sua
1782 1606 2053 1660 Voluntatc

492 1713 552 1753 se
580 1699 744 1778 vitare
770 1700 985 1763 malum,
1031 1698 1122 1753 sed
1172 1696 1434 1766 adjutorio
1500 1697 1592 1751 Dei
1645 1699 1868 1765 implere
1911 1701 2050 1766 quod

2159 513 2345 569 vobis:
2390 514 2526 581 Quid
2574 529 2700 584 ergo
2729 531 2824 573 nos
2866 518 3105 583 facimus,
3134 518 3179 572 si
3210 517 3345 571 nihil
3374 516 3623 571 habemus
3664 518 3709 571 in

2160 613 2417 671 pote~tate
2448 606 2547 660 nisi
2580 608 2717 663 Deus
2739 607 3066 674 dctomnia;
3098 624 3225 677 ergo
3255 622 3360 660 non
3387 621 3483 659 nos
3505 620 3709 659 corona-

2159 694 2233 747 bit
2264 694 2401 750 Deus
2420 734 2437 761 ,
2467 697 2557 751 sed
2586 711 2645 752 se
2675 700 2992 752 coronabit:
3020 698 3131 769 jam
3162 698 3361 753 videtis
3380 697 3499 763 quia
3527 694 3593 749 de
3629 696 3705 750 illa

2156 801 2287 840 vena
2312 787 2494 853 venit;
2526 804 2657 844 vena
2699 800 2803 854 est,
2842 790 2935 850 sed
2960 806 3224 845 venenum
3255 790 3448 843 habet:
3475 803 3704 857 percussa

2155 888 2237 932 est
2266 895 2404 932 t‘llllll
2427 895 2456 933 a
2482 890 2751 951 serpente,
2780 896 2907 936 sana
2936 897 3040 935 non
3070 891 3185 946 est;
3211 886 3309 935 hoc
3330 882 3470 936 enim
3498 880 3603 948 agit
3633 878 3705 932 to»

2157 967 2242 1021 tlte
2257 966 2500 1033 Satanas,
2524 971 2793 1038 quomodo
2815 985 2909 1041 per
2926 986 3128 1025 venena
3156 971 3525 1025 haereticorum
3549 970 3703 1037 ejicitt

2156 1056 2220 1108 de
2251 1058 2517 1122 Ecclesia,
2565 1060 2704 1113 sicut
2734 1068 2856 1114 tunc
2890 1076 2983 1130 per
3015 1075 3215 1115 venena
3267 1062 3531 1128 serpentis
3567 1059 3701 1125 ejecit

2156 1146 2221 1203 dc
2251 1148 2513 1215 Paradiso.
2545 1150 2697 1205 llltttu
2746 1166 2901 1206 nemo
2948 1152 3091 1206 dicat
3139 1152 3437 1205 absolutum
3484 1165 3601 1205 esse
3644 1150 3701 1201 ab

2156 1251 2201 1298 c_
2228 1238 2418 1305 tscopis
2435 1281 2446 1296 .
2465 1240 2710 1294 absoluta
2735 1251 2839 1303 est,
2861 1243 2955 1296 sed
2985 1241 3257 1296 confessio
3280 1239 3433 1310 quasi
3458 1239 3698 1294 correctio

2156 1326 2266 1395 ipsa
2290 1339 2373 1381 εει
2411 1329 2683 1391 absoluta.
2714 1347 2834 1399 quia
2877 1346 2937 1386 ea
2982 1346 3101 1400 quze
3132 1330 3269 1385 dixit
3306 1345 3428 1384 ante
3450 1330 3700 1398 episcopos

2156 1420 2414 1473 Cdlltollf'a
2443 1421 2773 1485 videbantur,
2792 1436 2907 1490 qua:
2928 1434 3103 1475 autem
3132 1420 3347 1490 scripsit
3368 1420 3420 1472 in
3452 1418 3699 1471 libristuis

2156 1508 2388 1577 episcopi
2415 1511 2503 1578 qui
2535 1511 2899 1575 absolverunt,
2926 1513 3248 1571 nescierunt,
3280 1520 3336 1565 et
3368 1512 3572 1562 forsitan
3597 1521 3701 1561 cor-

2156 1609 2333 1652 rectus
2358 1610 2456 1652 cst.
2492 1600 2786 1669 DcSperare
2815 1616 2955 1655 enim
2986 1600 3053 1653 de
3084 1601 3298 1653 homine
3327 1613 3431 1652 non
3464 1598 3695 1650 debemus

2156 1689 2243 1756 qui
2274 1688 2411 1744 forte
2437 1690 2556 1743 ftdct
2588 1690 2864 1746 catholica:
2883 1692 3097 1759 adjungi
3121 1706 3177 1745 se
3210 1691 3416 1751 maluit,
3444 1700 3491 1742 et
3513 1687 3571 1739 ad
3596 1686 3697 1753 ejus

493 1776 823 1857 iussum-est.
860 1788 1021 1858 Ergo,
1065 1786 1520 1855 fratreslquando
1547 1787 1869 1857 prmcip'tur,
1895 1801 2053 1857 agno-
2089 1783 2130 1840 Β
2159 1778 2381 1845 gratiam
2414 1780 2781 1847 auxiliumque
2804 1781 3064 1851 confugit,
3100 1782 3237 1835 forte
3263 1782 3363 1834 hoc
3400 1780 3577 1832 factum
3602 1776 3698 1846 εί

492 1879 627 1934 scite
665 1878 947 1933 voluntatis
977 1878 1276 1945 arbitrium,
1310 1878 1520 1946 quando
1546 1888 1728 1931 oratur
1758 1878 1899 1947 quod
1932 1895 2065 1948 pra:-

484 1969 705 2039 tcipitur,
736 1969 1002 2039 agnoscite
1029 1969 1209 2037 gratia:
1239 1969 1575 2034 beneficium,
1607 1978 1892 2038 utrumque
1915 1972 2061 2025 enim

398 2086 401 2087 ν
497 2064 551 2117 in
577 2061 864 2131 Scripturis
910 2061 1072 2116 babes
1102 2078 1115 2125 ;
1147 2070 1201 2115 et
1239 2061 1565 2130 praecipitur,
1596 2071 1649 2116 et
1692 2072 1894 2127 oratur,
1925 2062 2064 2133 quod

499 2152 821 2220 praccipitur,
843 2150 944 2206 hoc
970 2159 1151 2205 oratur
1175 2169 1187 2203 :
1216 2151 1388 2204 videte
1417 2151 1539 2219 quid
1571 2151 1691 2205 dico
1715 2169 1728 2215 ;
1756 2152 2063 2221 prtecipitur

498 2255 555 2297 ut
584 2242 935 2309 intelligamus
969 2260 981 2295 :
1014 2241 1184 2296 Nolite
1229 2256 1348 2297 esse
1396 2245 1531 2296 sicut
1572 2256 1739 2310 equus
1766 2253 1819 2295 et
1867 2244 2062 2309 multis,

498 2347 601 2385 non
633 2331 888 2385 habentes
915 2330 1277 2395 intellectum;
1310 2331 1531 2385 audistis
1560 2332 1680 2401 quia
1714 2332 1925 2401 jussum
1959 2348 1997 2387 e.
2022 2344 2061 2398 t,

499 2430 620 2489 pete
649 2430 704 2475 ut
732 2421 903 2492 possis
932 2420 1156 2487 implere
1206 2421 1345 2490 quod
1364 2422 1567 2490 iussum
1619 2430 1721 2477 est.
1763 2422 2059 2489 Quomodo,

502 2510 700 2580 inquis,
730 2511 884 2579 peto?
914 2510 1035 2565 audi
1067 2510 1118 2566 St
1140 2510 1397 2579 ripturam
1428 2511 1553 2581 quid
1579 2511 1673 2566 tibi
1706 2513 1909 2580 jnssum
1938 2524 2016 2567 est
2048 2530 2062 2567 :

408 2616 409 2619 ‘
499 2589 670 2657 Nolite
698 2615 814 2657 esse
839 2602 975 2656 sicut
995 2616 1163 2671 equus
1190 2612 1242 2658 et
1270 2602 1468 2665 mulus,
1496 2618 1599 2656 non
1626 2602 1880 2657 habentes
1907 2604 2063 2658 intel-

494 2692 728 2755 lectum;
761 2693 881 2760 quia
904 2691 1105 2758 jussum
1129 2699 1234 2756 est,
1262 2692 1517 2762 agnovisti
1545 2693 1864 2746 voluntatem
1898 2711 1910 2745 :
1942 2693 2064 2748 audi

494 2780 624 2848 quia
645 2790 845 2846 oratur,
868 2790 1192 2849 utagnoscas
1212 2782 1429 2851 gratiam
1455 2799 1468 2836 :
1487 2782 1561 2834 Da
1588 2781 1715 2835 mihi
1741 2782 2064 2851 intellectum

501 2876 561 2923 ut
578 2868 780 2922 discum
811 2869 1053 2924 mandata
1087 2876 1197 2935 tua;
1228 2869 1435 2940 jussum
1480 2886 1560 2925 εει
1590 2882 1645 2925 ιιι
1671 2872 1955 2927 habeamus
1981 2887 2065 2926 sa-

504 2958 777 3024 pientiam,
807 2958 927 3025 quia
963 2958 1168 3026 jussum
1220 2968 1305 3015 est
1358 2960 1507 3030 lego;
1540 2961 1627 3016 ubi
1658 2964 1807 3032 legis,
1868 2965 2068 3032 inquit?

505 3048 715 3115 Audite,
745 3048 843 3115 Qui
871 3048 1179 3115 insipientes
1209 3053 1339 3104 estis
1368 3051 1420 3104 in
1463 3053 1678 3120 pepulo,
1711 3061 1765 3108 et
1795 3055 1942 3110 stulti
1972 3057 2065 3110 ali-

2169 1872 2265 1932 sit;
2297 1880 2470 1924 tamen
2503 1886 2606 1925 non
2648 1870 2867 1927 lt.cre5ts
2894 1883 2974 1928 est
3001 1872 3261 1933 absttluta,
3295 1872 3388 1925 sed
3418 1872 3565 1923 homo
3595 1869 3696 1919 lu:-

2168 1960 2325 2014 rcsim
2354 1974 2575 2028 negans.
2996 1952 2997 1955 “

2630 2075 2852 2130 CAPUT
2891 2075 3259 2129 CCLXXXIX.

2171 2164 2317 2237 Quod
2349 2165 2591 2237 mundum
2643 2164 2773 2237 Deus
2818 2174 3018 2237 propter
3062 2168 3275 2237 gratiam
3315 2175 3488 2237 servet,
3517 2171 3691 2237 propter

2236 2236 2446 2286 liberant
2498 2236 2761 2287 arbitrium
2804 2230 3033 2304 )ttdicet;
3062 2230 3127 2287 ex
3174 2236 3389 2303 epistofa
3428 2234 3488 2285 ad
3533 2230 3693 2285 Valen-

2236 2314 2252 2355 ι
2260 2320 2307 2355 ιιι
2319 2322 2347 2355 ιι
2358 2321 2426 2356 ιιι.

2237 2413 2471 2467 Obsecro
2499 2413 2675 2482 itaque
2694 2428 2809 2479 vos,
2845 2412 3057 2479 fratres,
3091 2414 3225 2467 sicut
3244 2412 3535 2467 Corinthios
3560 2411 3690 2464 obse-

2167 2503 2330 2556 cravit
2376 2503 2660 2570 Apostolus
2690 2545 2703 2565 ,
2748 2518 2841 2571 per
2884 2519 3075 2557 nomen
3132 2504 3342 2557 Domini
3389 2504 3540 2556 nostri
3581 2501 3687 2555 issu

2168 2585 2398 2657 Christi,
2418 2600 2473 2643 ut
2502 2596 2672 2659 ipsum
2698 2592 2885 2647 dicatis
2912 2608 3117 2656 omnes,
3149 2604 3201 2647 et
3226 2609 3331 2646 non
3372 2595 3472 2645 sint
3494 2594 3537 2645 in
3565 2589 3691 2644 vobis

2166 2683 2471 2736 schismata.
2505 2682 2681 2736 Primo
2720 2683 2861 2736 enim
2893 2684 3148 2737 Dominus
3171 2684 3348 2748 Jesus,
3379 2684 3507 2736 sicut
3540 2678 3689 2747 scrip-

2170 2784 2277 2825 tum
2307 2780 2386 2825 est
2413 2772 2463 2823 in
2491 2771 2777 2839 Evangelia
2806 2771 3022 2827 Joannis
3049 2782 3202 2839 apost
3226 2774 3301 2837 vli,
3355 2788 3457 2826 non
3484 2770 3610 2825 venit
3637 2777 3688 2822 ut

2166 2861 2424 2931 judicaret
2467 2862 2744 2927 mundum,
2790 2863 2885 2918 sed
2926 2875 2980 2917 ut
3024 2864 3322 2917 salvaretur
3368 2863 3576 2916 mundus
3613 2875 3691 2929 per

2170 2953 2375 3019 ipsum;
2405 2943 2586 3021 postea
2614 2968 2761 3017 vero,
2788 2954 2927 3009 sicut
2966 2954 3147 3009 SCllbll
3192 2953 3465 3023 apostolus
3493 2952 3690 3013 Paulus,

2166 3042 2419 3112 judicabit
2448 3043 2588 3098 Deus
2618 3043 2896 3111 mundum,
2924 3043 3136 3113 quando
3168 3053 3425 3098 venturus
3457 3052 3549 3106 est,
3576 3045 3688 3095 sicut

505 3139 716 3207 quando
746 3138 944 3209 sapite;
983 3137 1093 3208 jam
1147 3138 1235 3194 ille
1258 3139 1382 3209 quid
1417 3140 1538 3195 dicit
1564 3144 1587 3194 ἰ
1615 3142 1772 3198 Vides
1802 3144 2066 3212 (ιιιυωοάο
2096 3139 2139 3201 C
2173 3141 2282 3187 tota
2311 3133 2547 3188 Ecclesia
2581 3136 2633 3188 in
2663 3133 2916 3205 Symbolo
2944 3134 3229 3189 confitetur
3254 3152 3271 3189 :
3293 3134 3531 3189 iudicare
3568 3130 3688 3183 rivos

505 3230 657 3283 nobis
686 3229 936 3297 praecepit
970 3229 1106 3284 Deus
1144 3238 1202 3284 ut
1236 3231 1527 3299 sapiamus.
1561 3231 1700 3299 Ergo
1726 3233 1981 3300 sapientia
2012 3235 2063 3287 in

506 3324 683 3373 nostra
705 3328 785 3374 est
808 3319 1101 3388 potestate?
1120 3318 1234 3374 Jam
1252 3318 1390 3383 dixi,
1420 3332 1736 3389 praeceptum
1760 3323 1958 3391 audivi,
1975 3341 2067 3379 vo-
2117 3349 2120 3351 λ

420 3449 426 3458 .
508 3408 761 3463 luntatem
808 3410 1060 3479 cognovi;
1107 3408 1229 3463 audi
1282 3411 1598 3474 orationem,
1634 3423 1689 3465 ιιι
1733 3415 1955 3482 gratiam
2012 3422 2066 3468 tu

502 3498 677 3571 possis
706 3513 1011 3567 agnoscere.
1045 3497 1119 3554 De
1148 3499 1406 3567 sapientia
1439 3502 1611 3569 agitur
1653 3518 1769 3572 qua)
1812 3503 1956 3573 jussa
1985 3515 2068 3557 est

506 3589 657 3647 nobis
688 3605 705 3643 :
736 3588 1012 3644 audiamus
1041 3590 1163 3660 quid
1214 3591 1359 3646 dicat
1399 3593 1668 3660 apostolus
1708 3593 1935 3646 Jacobtts
1968 3611 1980 3645 :
2012 3595 2066 3648 Si

507 3680 624 3745 quis
650 3687 825 3731 autem
853 3688 1086 3732 vestrum
1113 3678 1311 3753 indiget
1345 3681 1625 3748 sapientia,
1655 3683 1882 3747 postulet
1904 3697 1932 3734 a
1963 3682 2070 3737 Deo

508 3768 595 3841 qui
611 3767 693 3819 dat
712 3768 956 3820 omnibus
983 3765 1282 3833 afﬂuenter;
1304 3767 1516 3835 iubetur
1536 3769 1686 3823 nobis
1711 3772 2067 3826 continentia:

509 3854 596 3909 ubi
616 3854 865 3923 jubetan
891 3855 1173 3922 Apo~tolus
1188 3856 1254 3909 ad
1275 3854 1608 3909 Timotheum
1630 3870 1644 3908 :
1669 3854 1895 3912 Contine
1925 3869 1975 3913 te
1997 3860 2075 3928 ip-

508 3957 648 4008 sum;
676 3942 843 4011 jossio
863 3952 963 4006 est,
979 3944 1265 4012 prmeeptio
1293 3932 1733 4007 est,'audiendutn
1760 3954 1860 4011 est,
1877 3945 2075 4003 facit-n-

508 4032 634 4087 dnm
649 4041 748 4094 est,
770 4032 861 4085 sed
894 4030 992 4085 nisi
1020 4032 1156 4087 Deus
1182 4032 1415 4103 adjuvet,
1436 4048 1793 4090 remanemus.
1808 4036 2074 4096 Conamur

506 4121 721 4188 quidem
736 4120 905 4177 facere
917 4123 1271 4189 voluntate,'et
1284 4122 1466 4179 nititur
1479 4126 1672 4195 aliquid
1689 4128 1949 4197 voluntas,
1967 4147 2070 4187 non

508 4218 793 4279 praesumat
842 4212 1095 4279 potestas,
1140 4212 1237 4266 nisi
1270 4212 1549 4282 adjuvetur
1586 4215 1895 4283 infirmitas;
1928 4230 2074 4275 certe

510 4298 652 4354 enim
668 4300 869 4364 jussum
900 4308 983 4354 est
1007 4297 1259 4356 :Contine
1282 4311 1333 4358 te
1350 4304 1544 4369 ipsum.
1562 4304 1698 4359 Audi
1720 4308 1880 4362 alium
1900 4310 2070 4366 locum

510 4388 841 4456 Scriptum:
876 4386 943 4441 Et
968 4401 1090 4443 cum
1109 4389 1324 4456 scirem,
1362 4392 1546 4461 inquit,
1590 4395 1715 4462 quia
1760 4412 1915 4451 nemo
1954 4415 2073 4456 esse

2168 3234 2217 3280 et
2242 3233 2500 3280 mortuos.
2535 3225 2591 3281 Si
2622 3240 2750 3295 ergo
2780 3238 2883 3281 non
2912 3234 2995 3280 est
3018 3226 3109 3281 Dei
3132 3225 3327 3297 gratia,
3345 3223 3588 3295 quomodo
3605 3221 3689 3275 sal-

2177 3327 2268 3374 vat
2298 3318 2593 3373 munduml
2622 3328 2671 3373 et
2700 3319 2743 3374 si
2767 3334 2871 3373 non
2901 3328 2981 3374 est
3002 3319 3227 3374 liberum
3272 3318 3555 3379 arbitrium,
3578 3326 3688 3383 quo-

2169 3410 2327 3463 modo
2352 3408 2553 3477 jndicat
2579 3408 2872 3463 mundum?
2903 3408 3151 3465 Prohibet
3178 3408 3457 3476 Aposmlus
3492 3404 3679 3459 dicens:

2167 3496 2335 3552 Nemo
2359 3498 2611 3567 glorietur
2642 3498 2695 3552 in
2726 3498 2971 3562 homine;
3002 3508 3056 3553 et
3085 3499 3189 3551 aiio
3215 3498 3332 3552 loco
3364 3513 3377 3549 :
3410 3496 3503 3563 Qut
3525 3493 3683 3562 gloria-

2170 3596 2276 3651 tur,
2308 3589 2496 3659 inquit,
2532 3589 2582 3643 in
2631 3588 2856 3644 Domino
2902 3588 3177 3659 glorietur.
3209 3589 3285 3642 llli
3321 3603 3441 3643 vero
3487 3583 3686 3639 heretici

2170 3677 2374 3744 seipsos
2404 3692 2431 3729 a
2455 3676 2642 3746 seipsis
2667 3678 2841 3747 justos
2872 3678 2985 3733 fieri
3017 3687 3286 3747 putantes,
3324 3677 3468 3747 quasi
3500 3676 3587 3729 hoc
3621 3676 3686 3725 eLs

2172 3781 2280 3821 non
2313 3768 2454 3821 Deus
2491 3768 2716 3834 dederit,
2747 3768 2841 3823 sed
2870 3770 2970 3837 ipsi
3000 3769 3126 3835 sibi,
3155 3783 3257 3822 non
3302 3769 3478 3837 utique
3518 3768 3562 3821 in
3602 3764 3689 3818 Do-

2175 3856 2351 3921 mino,
2397 3856 2490 3910 sed
2534 3857 2586 3910 in
2632 3855 2933 3925 semetipsis
2980 3858 3301 3926 gloriantur;
3354 3850 3537 3910 talibus
3581 3851 3688 3907 dicit

2175 3944 2462 4015 Apostolus
2494 3964 2507 3999 :
2539 3947 2665 4011 Quis
2690 3947 2833 4021 enim
2867 3957 2917 4002 te
2944 3946 3231 4001 discernit?
3260 3946 3399 4015 quod
3435 3946 3545 4000 ideo
3565 3943 3593 3996 d
3611 3942 3685 4003 cit.

2173 4037 2293 4103 quia
2323 4036 2389 4090 de
2418 4050 2595 4091 massa
2638 4037 2780 4091 illius
2833 4036 3021 4105 perditi
3046 4038 3143 4092 tnis
3184 4052 3307 4107 quae
3353 4037 3483 4091 facta
3526 4042 3596 4088 est
3631 4047 3684 4085 et

2154 4126 2364 4190 ‘Adam,
2394 4140 2497 4181 non
2528 4126 2784 4181 discernit
2810 4128 3105 4192 hominem,
3137 4136 3195 4181 ιιι
3221 4143 3344 4182 eum
3374 4126 3523 4181 faciat
3544 4138 3621 4178 vas
3646 4123 3686 4173 in

2174 4216 2451 4284 honorem,
2479 4231 2583 4271 non
2606 4216 2659 4272 in
2688 4221 3088 4285 contume'iam,
3126 4220 3228 4275 nisi
3260 4220 3427 4273 Deus:
3458 4217 3540 4273 sed
3577 4229 3685 4283 qno-

2174 4311 2313 4361 niam
2338 4306 2497 4361 homo
2523 4309 2750 4364 carnalis
2778 4319 2833 4364 et
2855 4311 3083 4365 inaniter
3124 4312 3360 4375 inﬂatus,
3388 4325 3500 4365 cum
3533 4306 3680 4360 nodis-

2173 4395 2407 4461 set,Quis
2423 4397 2563 4451 enim
2587 4407 2643 4452 te
2657 4398 2905 4453 discernit
2916 4400 2940 4451 ἲ
2952 4403 3461 4469 ροεεειιεεροιιιίετε
3476 4399 3545 4453 vel
3564 4413 3631 4449 τοι
3642 4410 3683 4457 ε.

510 4484 683 4546 potest
704 4478 998 4544 continens,
1024 4478 1123 4532 nisi
1146 4478 1285 4534 Deus
1304 4480 1424 4547 det;
1452 4490 1506 4535 et
1535 4482 1635 4537 hoc
1664 4485 1830 4551 ipsum
1857 4496 1971 4541 erat
1989 4504 2069 4542 sa-
2102 4492 2152 4551 D
2177 4487 2254 4540 vel
2284 4487 2620 4555 cogitatione,
2654 4498 2708 4543 et
2737 4489 2917 4545 dicere
2950 4506 2963 4542 :
2996 4490 3258 4545 Discernit
3304 4506 3389 4545 me
3416 4489 3533 4543 fides
3568 4498 3682 4545 mea.

511 4568 705 4637 pientia
724 4569 862 4622 scire
892 4568 1041 4636 cujus
1070 4576 1211 4623 esset
1240 4568 1340 4623 boc
1360 4570 1585 4637 donum;
1623 4572 1685 4627 Et
1715 4576 1857 4648 quid,
1882 4577 2070 4645 inquit,

516 4654 661 4735 feci?
691 4657 794 4709 adii
821 4657 1098 4710 Dominum
1121 4658 1501 4725 etdeprecatus
1521 4675 1657 4714 sum.
1681 4663 1814 4730 Quid
1837 4680 1967 4733 opus
1994 4680 2074 4722 est

514 4748 678 4802 multa
706 4762 1035 4815 percurrere,
1062 4747 1249 4803 fratres
1283 4752 1421 4804 mei?
1451 4754 1703 4822 quidquid
1741 4756 1889 4810 nobis
1914 4756 2073 4825 jube-

514 4850 623 4905 tur,
654 4842 912 4896 orandum
943 4851 1023 4897 est
1046 4852 1105 4898 ut
1139 4844 1415 4913 impleatur
1450 4863 1462 4898 :
1489 4846 1579 4899 sed
1605 4862 1707 4900 non
1737 4848 1868 4901 sicut
1892 4849 2067 4905 dimit-

514 4939 688 4985 tamus
720 4926 837 4999 nos,
866 4942 921 4987 et
946 4935 1209 5002 quomodo
1232 4937 1356 5004 aegri
1384 4936 1655 5003 jaccamus
1683 4940 1875 5005 supini,
1913 4952 1967 4995 et
1987 4943 2070 4996 di-

512 5034 731 5075 camus:
780 5021 1095 5078 PluatDeus
1126 5039 1275 5079 escas
1323 5041 1481 5095 super
1523 5026 1683 5083 facies
1730 5040 1960 5094 nostras.
2012 5042 2070 5087 ut
2121 5037 2124 5040 ’

513 5127 729 5182 prorsus
756 5128 852 5169 nos
878 5114 1007 5168 nihil
1039 5129 1197 5184 agere
1227 5116 1445 5171 velimus
1470 5134 1485 5183 ;
1528 5126 1584 5174 et
1610 5135 1728 5175 cum
1770 5136 1889 5177 esea
1913 5137 2067 5177 com-

513 5205 659 5273 pluta
683 5205 842 5261 fuerit
879 5221 1039 5275 super
1078 5221 1139 5261 os
1163 5215 1427 5273 nostrum,
1455 5209 1713 5274 dicamus,
1743 5213 1901 5267 etiam
1930 5216 2069 5271 Deus

512 5295 697 5365 glotiat
718 5295 785 5352 de
814 5296 966 5351 nobis
998 5313 1010 5350 :
1040 5295 1237 5365 aliquid
1262 5306 1314 5352 et
1340 5311 1436 5352 nos
1461 5312 1618 5367 agere
1651 5299 1924 5368 debemus,
1957 5314 2066 5359 stu-

409 5416 413 5420 η
511 5385 641 5440 dere
665 5384 936 5447 debemus,
958 5383 1433 5452 couaridebe'mus,
1451 5395 1507 5442 ει
1523 5386 1573 5441 in
1596 5402 1660 5443 eo
1682 5390 1876 5459 gratias
1908 5407 2072 5464 agere

516 5476 568 5530 in
600 5493 703 5549 quo
733 5476 1082 5546 potuerimus;
1104 5478 1154 5532 in
1182 5493 1247 5533 eo
1272 5478 1412 5548 quod
1434 5494 1540 5532 non
1558 5483 1884 5549 potuerimus
1897 5501 2068 5540 orare.

516 5567 737 5634 Quando
765 5568 957 5638 gratias
990 5569 1125 5639 agis,
1154 5582 1312 5624 caves
1363 5584 1429 5623 ne
1476 5568 1744 5626 damneris
1785 5572 2064 5643 ingratos:

518 5657 726 5722 quando
746 5666 920 5712 autem
951 5659 1089 5727 quod
1114 5644 1346 5715 nondum
1376 5659 1541 5716 habes
1592 5662 1744 5730 petis,
1794 5679 1949 5721 caves
2003 5682 2069 5721 ne

519 5758 792 5803 renuntias
820 5744 1013 5813 inanis,
1033 5746 1155 5821 quia
1185 5749 1490 5821 impediris;
1526 5752 1752 5822 cogitate
1780 5767 1905 5827 ergo
1930 5755 2053 5827 ista.

2175 4574 2421 4629 discernit
2442 4590 2528 4631 me
2566 4577 2737 4631 oratio
2767 4592 2902 4641 mea,
2935 4578 3188 4634 discernit
3234 4595 3319 4633 me
3345 4579 3527 4648 juStitia
3561 4588 3680 4637 mea;

2173 4680 2294 4719 mox
2320 4667 2604 4735 Apostolus
2629 4669 2859 4723 occurrit
2884 4670 3290 4741 cegitationibus
3320 4672 3449 4739 ejus,
3468 4680 3515 4725 et
3542 4667 3677 4722 dixit:

2172 4759 2305 4824 Quid
2330 4762 2467 4813 enim
2498 4761 2662 4815 habes
2692 4761 2829 4830 quod
2857 4776 2960 4814 non
2987 4761 3279 4828 accepisti?
3305 4760 3346 4815 si
3371 4770 3531 4814 autem
3556 4772 3681 4809 acce-

2174 4850 2310 4916 pistt,
2344 4849 2464 4915 quid
2506 4850 2753 4920 gloriaris
2783 4852 2929 4920 quasi
2977 4865 3081 4905 non
3130 4851 3430 4919 acceperis?
3473 4852 3512 4903 si
3539 4856 3681 4901 autem

2173 4937 2481 5006 gloriantur,
2515 4956 2665 5008 quasi
2689 4956 2792 4995 non
2821 4946 3143 5009 acceperint,
3168 4942 3257 5010 qui
3285 4956 3343 4995 se
3366 4955 3389 4992 a
3411 4938 3579 5008 seipsis
3593 4936 3683 5005 jus-

2177 5028 2361 5082 tilicari
2390 5040 2593 5094 putant,
2622 5045 2683 5085 ac
2707 5046 2800 5097 per
2822 5030 2925 5084 hoc
2962 5032 3014 5085 in
3044 5031 3369 5099 semetipsis,
3402 5046 3497 5084 non
3534 5030 3577 5081 in
3604 5026 3684 5078 Do-

2177 5122 2318 5176 mino
2349 5123 2665 5191 gloriantur.
2700 5122 2889 5177 Dicunt
2923 5123 3144 5193 gratiam
3176 5123 3269 5177 Dei
3310 5122 3574 5180 secundum
3595 5128 3684 5170 tne-

2176 5216 2275 5266 rita
2306 5227 2484 5268 nostra
2513 5214 2650 5282 dari,
2682 5213 2823 5283 quod
2854 5215 3072 5271 omnino
3101 5214 3437 5270 falsissimum
3462 5221 3533 5267 cst
3557 5227 3571 5262 :
3599 5222 3683 5260 non

2176 5306 2296 5371 quia
2322 5307 2521 5360 nullum
2552 5314 2633 5360 est
2654 5307 2899 5361 meritum
2920 5306 3001 5361 vcl
3032 5307 3231 5363 bonum
3265 5308 3480 5376 piorum.
3503 5300 3684 5355 νοὶιωο

2174 5396 2283 5450 lttnt
2330 5399 2644 5465 impiorum;
2694 5396 2924 5465 alioquin
2972 5399 3239 5467 quomodo
3285 5396 3526 5465 judicabit
3567 5391 3680 5445 Dent

2177 5488 2462 5541 mundum?
2491 5486 2583 5541 sed
2632 5487 2997 5542 misericordia
3046 5496 3098 5542 et
3136 5487 3302 5555 gratia
3342 5485 3427 5541 Dei
3467 5474 3683 5538 convenil

2177 5577 2465 5645 hominem,
2496 5578 2561 5634 de
2597 5593 2699 5648 qua
2735 5578 2973 5648 psalmus
3004 5579 3171 5634 dicit:
3206 5580 3340 5633 Deus
3375 5591 3528 5641 meus,
3551 5572 3680 5627 mise-

2174 5668 2399 5724 l'lCOl'illa
2431 5669 2545 5738 ejus
2587 5672 2885 5739 praeveniet
2929 5686 3035 5734 me,
3086 5679 3141 5723 ut
3167 5669 3472 5739 justiticctur
3498 5663 3675 5731 impiis.

2173 5761 2271 5815 hoc
2298 5766 2401 5828 est,
2426 5773 2492 5815 ει
2523 5759 2690 5831 impio
2726 5759 2812 5815 flat
2838 5759 3033 5831 justus,
3057 5770 3109 5817 et
3146 5761 3362 5833 incipiat
3389 5755 3564 5813 habere
3585 5762 3674 5807 tle-
