3904 6224
169 292 283 349 93’)

1352 272 1783 347 τιιεελυπυε.
1824 287 1982 348 CAP.
2013 287 2217 344 ccxc.

3305 292 3410 348 990

170 411 341 465 ritum
365 412 589 492 bonum,
616 409 758 481 quod
790 408 1045 465 Dominus
1067 408 1341 465 coronabit
1365 407 1577 478 quando
1599 406 1743 477 judi-
1774 408 1819 465 Α
1854 405 1955 475 ipsi
1986 405 2172 475 gratiae
2200 405 2497 461 invenietur
2524 406 2782 477 ingratus,
2807 406 2905 476 qui
2917 416 3115 475 preter
3136 408 3278 463 illam
3303 411 3411 463 vult

164 500 685 574 caluiturjmundus.
735 498 853 567 Ipsa
898 508 981 554 est
1030 499 1171 555 enim
1219 500 1441 568 quaestio
1470 498 1535 552 de
1575 498 1741 567 gratia

172 591 275 645 Dei
306 590 429 660 quae
453 591 579 646 fecit
601 599 658 643 ttt
685 587 925 643 homines
956 603 1060 644 non
1102 589 1458 658 intelligentes
1496 596 1745 658 putarent

167 683 484 747 apostolum
524 680 742 735 Paulum
788 680 965 735 dicere
993 697 1008 735 :
1036 680 1309 736 Faciamus
1347 680 1503 746 mala,
1552 688 1611 735 ut
1656 695 1745 733 ve-

173 770 337 825 niant
372 771 535 825 bona.
575 768 724 825 Unde
752 770 1020 839 apostolus
1060 771 1241 825 Petrus
1264 772 1315 825 in
1359 770 1588 827 secunda
1627 770 1741 839 epi-

96 880 99 883 ι
165 862 316 914 stola
359 874 455 914 sua
482 876 495 913 :
527 859 882 929 Quapropter,
914 860 1115 930 inquit,
1143 862 1467 926 charissitni,
1504 861 1615 916 hazc
1643 876 1741 915 ex-

168 963 491 1021 spectantes
537 954 761 1024 satagitc
813 955 1043 1009 inviolati
1102 964 1156 1009 et
1221 954 1542 1007 immaculati
1603 955 1740 1023 apud

174 1041 354 1096 Deum
409 1040 575 1115 [eum]
606 1042 823 1113 reperiri
853 1045 905 1101 in
938 1058 1083 1113 pace,
1116 1053 1169 1099 et
1211 1044 1417 1097 Domini
1451 1044 1615 1096 nostri
1648 1058 1741 1111 pa-

167 1134 425 1189 tientiam
453 1137 676 1191 salutem
707 1138 1023 1201 existimate,
1056 1140 1197 1199 sicut
1228 1136 1603 1192 dilectissimus
1634 1136 1742 1191 fra-

168 1235 259 1280 ter
293 1235 479 1281 noster
528 1228 719 1283 Paulus
762 1230 1054 1284 secundum
1094 1243 1211 1283 eam
1262 1244 1381 1297 quae
1412 1228 1533 1282 data
1579 1238 1659 1282 est
1690 1227 1739 1282 ei

166 1318 498 1387 sapientiam
529 1318 743 1387 scripsit
762 1320 941 1384 vobis,
968 1328 1026 1373 ut
1050 1327 1103 1373 et
1130 1320 1180 1372 in
1204 1318 1450 1372 omnibus
1478 1317 1738 1386 epistolis,

164 1410 405 1477 loquens
427 1410 478 1463 in
505 1410 581 1463 eis
612 1408 677 1463 de
706 1408 786 1463 his
814 1408 863 1461 in
900 1408 1089 1477 quibus
1119 1416 1239 1461 sunt
1278 1407 1517 1474 qumdam
1547 1404 1738 1460 difiici-

164 1497 241 1552 lia
277 1499 571 1564 intellectu,
603 1513 718 1570 quas
741 1496 939 1554 indocti
969 1506 1022 1551 et
1053 1496 1330 1551 instabiles
1360 1495 1599 1549 homines
1620 1509 1740 1563 pcr-

164 1596 391 1641 vertunt
438 1588 575 1642 sicut
622 1596 677 1640 et
722 1594 941 1640 cteteras
990 1584 1309 1652 Scriptores,
1348 1585 1412 1638 ad
1462 1584 1736 1654 proprium

160 1692 332 1732 suum
366 1677 661 1731 interitum.
688 1676 882 1729 Cavete
916 1690 1041 1743 ergo
1071 1674 1209 1743 quod
1250 1683 1429 1729 tantus
1468 1673 1737 1742 apostolus

1856 498 2041 552 vivere
2072 498 2123 550 in
2164 497 2386 565 peccato
2414 512 2506 566 per
2527 512 2681 566 quam
2706 500 2963 555 morimur
2990 509 3229 569 peccato.

2326 704 2329 707 _
2388 626 2611 685 CAPUT
2648 630 2845 687 ccxc.

1849 740 1948 806 Qui
1991 741 2101 793 sine
2146 740 2255 809 lege
2300 752 2664 813 peccaverunt,
2706 743 2823 813 sine
2874 744 2983 812 lege
3028 745 3295 813 peribunt;
3344 759 3410 799 ea:

2458 810 2631 864 eodem
2658 812 2805 867 libro.

1918 935 2015 991 Ubi
2044 937 2253 1001 dicitur,
2283 938 2389 991 noli
2414 936 2515 992 hoc
2539 947 2591 993 el
2613 937 2722 991 noli
2754 938 2903 1001 illud,
2929 939 3083 994 ctubi
3115 939 3179 992 ad
3204 939 3404 1010 aliquid

1821 1025 2142 1092 ,facicndum
2172 1028 2255 1083 vel
2282 1044 2385 1081 non
2420 1028 2716 1081 faciendum
2748 1029 2801 1082 in
2827 1029 3018 1083 divinis
3042 1028 3255 1082 monitis
3276 1044 3408 1097 opus

1844 1119 2128 1173 voluntatis
2144 1120 2521 1189 exigitur,salis
2534 1119 2755 1174 liberum
2770 1118 3095 1175 demonstrat
3108 1120 3407 1174 arbitrium.

1842 1208 2009 1265 Nemo
2030 1225 2155 1278 ergo
2170 1211 2331 1265 Deum
2345 1218 2590 1266 causatur
2602 1211 2654 1264 in
2667 1210 2827 1266 corde
2841 1211 3058 1277 suo,sed
3075 1212 3173 1266 sibi
3188 1211 3408 1279 imputet

1842 1302 2064 1371 quisque
2091 1292 2209 1357 cum
2259 1311 2469 1372 peccat;
2510 1317 2687 1373 neque
2716 1318 2838 1357 cum
2880 1302 3078 1373 aliquid
3116 1302 3407 1358 secundum

1843 1391 2008 1445 Deum
2040 1405 2337 1465 operatur,
2384 1394 2579 1447 alienet
2626 1392 2729 1446 hoc
2772 1407 2801 1446 a
2849 1392 3061 1462 pr0pria
3109 1393 3407 1447 voluntate.

1835 1481 2062 1547 Quando
2103 1482 2245 1537 enim
2278 1484 2461 1537 volens
2502 1483 2602 1537 hoc
2631 1482 2777 1547 facit,
2811 1492 2937 1537 tunc
2986 1482 3267 1538 dicendum
3299 1492 3404 1551 est,

1839 1588 1972 1639 opus
2000 1573 2197 1626 bonum
2218 1617 2231 1639 ,
2269 1581 2393 1628 tunc
2420 1572 2680 1642 speranda
2718 1583 2802 1627 est
2830 1572 2951 1626 boni
2984 1573 3161 1641 operis
3202 1587 3406 1627 merces

1841 1661 1907 1715 ab
1935 1675 1999 1715 eo
2022 1660 2089 1714 de
2112 1676 2218 1731 quo
2244 1662 2438 1717 dictum
2465 1670 2568 1728 est,
2621 1661 2720 1728 Qui
2765 1662 2953 1716 reddet
2990 1664 3281 1732 unicuique
3319 1677 3405 1718 se-

162 1776 279 1820 tnm
312 1766 623 1823 terribiliter
652 1764 808 1828 dicit;
839 1773 893 1819 et
929 1765 1013 1817 ubi
1042 1763 1247 1818 sentitis
1293 1779 1387 1818 vos
1408 1780 1518 1817 non
1544 1765 1738 1819 intelli-

1842 1750 2070 1804 cundutn
2108 1765 2270 1817 opera
2301 1766 2415 1807 sua.
2446 1752 2545 1817 Qtti
2575 1766 2707 1821 ergo
2747 1762 3006 1806 noverunt
3046 1751 3223 1806 divina
3253 1767 3405 1805 man-

160 1873 323 1926 gerc,
349 1858 557 1915 interim
580 1858 779 1913 credite
794 1857 987 1912 divinis
1011 1856 1254 1927 eloquiis,
1279 1857 1402 1923 quia
1427 1863 1479 1910 et
1511 1855 1739 1909 liberum

160 1949 297 2021 rest]
330 1950 561 2003 hominis
581 1950 879 2013 arbitrium,
904 1958 958 2005 et
986 1949 1152 2020 gratia
1182 1949 1295 2014 Dei,
1319 1946 1433 2002 sine
1461 1948 1615 2016 cujus
1650 1947 1745 2001 ad-

159 2042 372 2109 jutorio
422 2041 649 2096 liberum
699 2041 972 2095 arbitrium
1021 2055 1120 2096 nec
1164 2040 1403 2095 converti
1458 2048 1632 2107 potest
1675 2039 1740 2093 ad

161 2128 365 2197 Deum,
406 2145 506 2184 nec
538 2130 796 2199 proficere
840 2129 888 2181 in
936 2129 1075 2184 Deo:
1106 2138 1159 2184 et
1198 2128 1338 2197 quod
1378 2127 1459 2197 pie
1498 2127 1735 2192 creditis,

160 2228 220 2273 ut
252 2220 420 2275 etiam
458 2220 726 2287 sapienter
767 2219 1071 2287 intelligatis
1117 2228 1298 2282 orate;
1329 2227 1381 2272 et
1418 2218 1481 2271 ad
1530 2217 1629 2272 hoc
1662 2219 1741 2286 ip-

159 2320 287 2361 sum
313 2308 480 2375 enim,
515 2308 564 2360 id
604 2317 685 2361 est
715 2316 772 2361 ut
814 2310 1077 2375 sapienter
1117 2308 1489 2375 intelligamus,
1528 2315 1608 2361 est
1636 2307 1739 2360 titi-

159 2413 273 2467 que
302 2398 527 2452 liberum
565 2397 860 2453 arbitrium.
886 2396 995 2453 Nisi
1038 2396 1178 2451 enim
1214 2398 1380 2451 libero
1413 2397 1634 2452 arb'trio
1659 2397 1739 2451 in-

159 2489 529 2557 telligerrntus
553 2501 712 2559 atque
752 2504 1082 2558 saperemus,
1108 2505 1209 2543 non
1245 2490 1395 2543 nobis
1422 2490 1739 2557 prmcipere-

162 2588 256 2632 tur
290 2578 503 2632 dicente
522 2578 790 2648 Scriptura
818 2596 830 2631 :
859 2579 1135 2645 lntelligite
1156 2594 1281 2646 ergo
1309 2580 1395 2647 qui
1424 2579 1736 2648 insipientes

159 2661 301 2724 estis
348 2670 400 2721 in
447 2669 659 2738 populo,
687 2677 742 2723 et
782 2670 929 2723 stulti
962 2670 1240 2738 aliquando
1287 2672 1472 2739 sapite.
1516 2671 1590 2724 Eo
1622 2671 1737 2739 ipso

158 2762 365 2830 quippe
388 2776 492 2828 quo
522 2768 841 2829 praeceptum
867 2770 1021 2829 atque
1044 2762 1357 2830 imperatum
1388 2770 1469 2816 est
1502 2772 1554 2817 ut
1580 2762 1738 2817 intel-

160 2850 402 2920 ligamus
441 2858 599 2919 atque
638 2850 937 2918 sapiamus,
978 2850 1276 2905 obetlientia
1331 2861 1511 2905 nostra
1556 2852 1734 2919 requi-

160 2941 326 3004 ritur,
352 2954 469 3008 quae
493 2939 631 2994 nulla
658 2949 832 3009 potest
860 2957 979 2997 esse
1007 2942 1123 2995 sine
1149 2941 1315 2996 libero
1344 2942 1601 3006 arbitrio;
1634 2941 1727 2996 sed

160 3029 207 3083 si
242 3039 432 3098 posset
458 3029 558 3085 hoc
596 3031 767 3099 ipsum
797 3031 915 3085 sine
941 3030 1200 3100 adjutorio
1228 3033 1411 3101 gratiae
1434 3031 1591 3103 [Dei]
1618 3032 1728 3087 ﬁeri

1843 1838 1987 1903 data,
2017 1840 2251 1893 aufertur
2281 1838 2357 1893 cis
2388 1840 2660 1893 excusatio
2688 1854 2843 1909 quam
2872 1841 3043 1895 solent
3073 1840 3270 1896 habere
3300 1841 3403 1895 lto-

1843 1930 2012 1982 mines
2054 1930 2119 1983 de
2160 1930 2486 1997 ignorantia;
2514 1928 2607 1983 sed
2640 1943 2739 1984 nec
2768 1929 2865 1997 ipsi
2904 1929 3021 1985 sine
3052 1944 3207 1998 paena
3251 1940 3408 1986 erunt

1840 2019 1927 2085 qui
1960 2020 2127 2087 legem
2161 2017 2251 2072 Dei
2289 2019 2531 2073 nesciunt
2560 2035 2575 2073 :
2616 2018 2706 2087 qui
2743 2020 2884 2074 enim
2914 2020 3031 2075 sine
3060 2021 3177 2087 lege
3207 2036 3401 2090 pecca-

1840 2118 2050 2173 verunt,
2081 2111 2197 2165 sine
2230 2111 2343 2179 lege
2372 2111 2644 2179 peribunt;
2677 2112 2763 2179 qui
2794 2120 2966 2166 autem
2999 2113 3049 2165 in
3075 2112 3189 2181 lege
3216 2126 3406 2181 pecca-

1840 2207 2053 2263 verunt,
2086 2214 2179 2267 per
2212 2200 2378 2267 legem
2414 2200 2811 2268 iudicabuntur.
2843 2200 2992 2267 Quod
3024 2201 3151 2256 milti
3184 2215 3288 2256 non
3325 2202 3405 2255 vi-

1838 2290 1992 2344 detur
2025 2292 2334 2359 Apostoium
2365 2291 2439 2345 i'a
2463 2292 2688 2357 dixisse,
2724 2300 2973 2361 tanquam
3004 2291 3154 2362 pejus
3197 2291 3401 2361 aliquid

1842 2377 2219 2446 significaverit
2264 2393 2381 2432 esse
2423 2393 2671 2447 passuros
2714 2380 2802 2448 qui
2848 2381 3016 2448 legem
3064 2382 3311 2433 nesciunt
3350 2378 3404 2434 in

1841 2471 2071 2535 peccatis
2098 2468 2228 2534 suis,
2263 2483 2420 2537 quam
2452 2468 2570 2524 illos
2608 2470 2697 2537 qui
2725 2466 2901 2523 sciunt
2932 2488 2943 2522 ε
2975 2469 3126 2538 pejus
3156 2471 3295 2525 enim
3326 2471 3402 2524 vi-

1840 2561 1993 2613 detur
2034 2574 2152 2615 esse
2198 2561 2393 2629 perire,
2422 2576 2579 2630 quam
2608 2560 2867 2631 .judicari.
2902 2560 3006 2617 Sed
3048 2578 3166 2615 cum
3209 2562 3309 2617 hoc
3337 2562 3404 2617 de

1836 2651 2082 2718 gentibus
2129 2662 2182 2707 et
2220 2652 2416 2707 Judteis
2472 2653 2798 2722 loqueretur,
2844 2654 2965 2724 quia
3020 2654 3097 2707 illi
3137 2655 3253 2709 sine
3288 2656 3407 2726 lege

1837 2750 1981 2804 sunt,
2012 2741 2097 2795 isti
2137 2751 2313 2816 autem
2347 2744 2519 2813 legem
2549 2752 2887 2813 acceperunt,
2936 2743 3056 2813 quis
3084 2744 3278 2799 audeat
3318 2745 3405 2799 di-

1836 2844 1959 2884 core
1984 2831 2195 2886 intimos
2225 2832 2313 2900 qui
2342 2835 2391 2886 in
2424 2835 2539 2903 lege
2567 2843 2786 2903 peccant
2825 2850 2929 2888 non
2958 2850 3080 2889 esse
3116 2838 3400 2905 perituros,

1836 2933 1957 2973 cum
1988 2920 2037 2973 in
2068 2918 2333 2975 Christum
2367 2939 2471 2977 non
2503 2910 2846 2990 crediderint,
2877 2927 3303 2996 quandoquidem
3335 2927 3404 2984 de

1836 3010 1941 3065 illis
1968 3012 2165 3066 dictum
2210 3008 2291 3066 est
2320 3031 2331 3067 :
2363 3014 2463 3069 Per
2505 3015 2673 3083 legem
2706 3015 3116 3085 judicabuntur;
3148 3018 3266 3072 sine
3302 3018 3404 3074 fide

160 3138 268 3195 per
296 3124 521 3178 liberum
542 3123 839 3188 arbitrium,
866 3133 920 3177 ut
947 3124 1369 3193 intelligeremus
1394 3132 1555 3193 atque
1585 3139 1731 3193 sape-

1842 3101 1974 3154 euim
2022 3101 2222 3156 Christi
2252 3118 2409 3158 nemo
2448 3102 2673 3159 liberari:
2708 3115 2880 3174 potest
2914 3122 2928 3161 :
2967 3120 3032 3161 ac
3072 3122 3166 3177 per
3194 3106 3295 3162 hoc
3322 3107 3397 3164 ita

161 3229 378 3278 remus,
419 3229 522 3269 non
566 3215 833 3291 diceretur
862 3216 1009 3271 Deo:
1038 3216 1262 3290 Damihi
1304 3216 1630 3273 intellectum
1678 3226 1735 3270 ut

162 3303 373 3358 discam
420 3302 664 3358 mandata
694 3314 821 3370 tua;
857 3318 1028 3373 neque
1058 3307 1112 3359 in
1150 3304 1436 3373 Evangelio
1478 3307 1732 3373 scriptum

162 3407 313 3451 esset
351 3411 363 3446 :
409 3393 557 3451 Tunc
594 3396 802 3463 aperuit
852 3396 957 3451 illis
1000 3410 1233 3461 sensum,
1276 3404 1332 3451 ut
1378 3397 1735 3467 intelligerent

159 3482 512 3549 Betipturas;
543 3498 641 3538 nec
676 3483 905 3538 Jacohus
942 3486 1213 3552 apmtolus
1250 3484 1451 3540 diceret
1482 3505 1493 3539 :
1523 3486 1577 3540 Si
1616 3486 1735 3554 quis

162 3582 352 3635 autem
385 3582 615 3628 vestrum
649 3572 847 3643 indiget
875 3575 1157 3643 sapientia,
1183 3575 1414 3643 postulet
1435 3589 1463 3629 a
1488 3577 1615 3641 Deo,
1647 3576 1735 3645 qui

164 3659 264 3713 dat
293 3659 543 3715 omnibus
570 3661 872 3728 affluenter,
906 3672 955 3717 et
980 3678 1081 3718 non
1114 3663 1473 3730 improperat;
1500 3674 1554 3719 et
1591 3665 1740 3718 dabi-

166 3760 262 3806 tur
303 3751 373 3804 ei.
406 3751 756 3820 Quapropter,
809 3753 1164 3818 dilectissimi,
1220 3754 1519 3825 quicunque
1568 3754 1734 3809 dicit:

168 3839 437 3895 Voluntas
468 3856 583 3895 mea
626 3842 755 3895 mihi
787 3842 983 3897 sufﬁcit
1010 3845 1071 3897 ad
1104 3843 1343 3899 facienda
1380 3859 1542 3910 Opera
1577 3846 1735 3911 bona,

165 3930 415 3987 declinat
453 3932 505 3985 in
530 3932 832 3998 dexteram;
867 3936 957 3986 sed
1000 3950 1181 3988 rursus
1214 3936 1286 3987 illi
1314 3936 1398 4003 qui
1432 3926 1619 4005 putant
1646 3937 1736 3990 ho-

166 4039 296 4078 nam
347 4022 506 4077 vitatn
555 4038 671 4079 esse
718 4023 1089 4092 deserendum,
1136 4028 1345 4094 quando
1388 4027 1610 4081 audiunt
1660 4028 1738 4081 sic

167 4112 273 4168 Dei
320 4113 540 4183 gratiam
595 4112 892 4180 prmdicari,
926 4125 980 4167 ut
1022 4116 1269 4170 credatur
1310 4124 1365 4170 et
1413 4117 1738 4186 intelligatur

165 4206 474 4261 voluntates
492 4206 762 4261 hominum
778 4206 945 4275 ipsam
958 4222 1021 4262 ex
1037 4207 1186 4263 malis
1202 4210 1366 4263 bonas
1382 4208 1579 4274 facere,
1595 4210 1737 4278 ipsas

167 4298 337 4354 etiam
370 4312 502 4367 quas
542 4298 727 4353 iecerit
762 4300 1049 4364 custodire,
1088 4308 1144 4353 et
1187 4310 1466 4368 propterea
1506 4300 1690 4355 dicunt
1722 4340 1739 4366 ,

168 4390 462 4446 Faciamus
498 4390 633 4443 mala
666 4399 721 4443 ut
754 4391 967 4443 veniant
998 4390 1152 4455 bona,
1182 4392 1233 4444 in
1275 4392 1547 4445 sinistram
1577 4390 1740 4445 decli-

1830 3188 2210 3261 judicabuntur
2248 3203 2305 3247 ut
2344 3204 2594 3263 pereant;
2629 3209 2748 3259 nam
2782 3197 2825 3249 si
2868 3196 3019 3266 pejor
3047 3206 3132 3253 est
3159 3199 3404 3254 conditio

1837 3283 2182 3338 nescientium
2214 3299 2369 3350 quam
2397 3285 2677 3339 scientium
2700 3285 2867 3354 legem
2900 3286 3288 3355 Dei,quomodo
3312 3296 3403 3344 vc-

1836 3390 1950 3428 rum
1971 3375 2074 3429 erit
2098 3376 2237 3445 quod
2268 3378 2317 3430 in
2343 3378 2625 3445 Evangelio
2654 3377 2909 3432 Dominus
2936 3380 3009 3434 ait
3036 3396 3049 3432 :
3077 3379 3276 3436 Servus
3310 3382 3404 3451 qui

1837 3466 2009 3521 nescit
2044 3466 2370 3521 voluntatem
2396 3466 2600 3521 Domini
2646 3470 2750 3534 sui,
2782 3477 2837 3523 et
2878 3468 3005 3524 facit
3026 3470 3180 3540 digna
3211 3470 3402 3541 plagis,

1840 3558 2515 3628 vapulabitpauca;servus
2531 3569 2708 3613 autem
2730 3560 2818 3628 qui
2843 3561 2941 3613 scit
2963 3561 3287 3615 voluntatem
3308 3561 3407 3616 do-

1841 3649 1970 3703 mini
1997 3648 2098 3710 sui.
2126 3657 2181 3704 et
2198 3649 2320 3703 facit
2340 3649 2494 3719 digna
2522 3648 2713 3717 plagis,
2748 3649 3018 3715 vapulabit
3046 3649 3230 3710 multa.
3268 3647 3408 3706 Ecce

1842 3740 1926 3795 ubi
1983 3740 2213 3795 ostendit
2267 3738 2479 3809 gravius
2539 3754 2762 3809 peccare
2820 3740 3089 3796 hominem
3144 3740 3405 3796 scientem

1840 3846 1994 3898 quam
2047 3830 2417 3883 nescientem:
2464 3844 2561 3883 nec
2604 3839 2777 3882 tamen
2826 3830 2943 3884 ideo
2995 3829 3404 3899 confugiendum

1839 3928 1921 3974 est
1962 3920 2029 3974 ad
2078 3922 2385 3991 ignorantia:
2436 3920 2703 3985 tenebras,
2740 3919 2876 3974 utin
2924 3921 3003 3975 eis
3042 3921 3267 3990 quisque
3314 3937 3406 3976 re-

1839 4012 2013 4079 quirat
2077 4012 2516 4073 excusationem;
2569 4011 2711 4064 aliud
2772 4020 2853 4065 est
2911 4013 3050 4067 enim
3126 4015 3404 4079 nescisse,

1838 4102 1981 4157 aliud
2035 4102 2173 4158 scire
2228 4102 2483 4157 noluisse.
2538 4101 2789 4157 Voluntas
2836 4103 3030 4171 quippe
3074 4104 3310 4172 arguitur
3350 4104 3407 4159 in

1840 4208 1906 4249 eo
1934 4195 2001 4249 de
2049 4208 2156 4264 quo
2192 4193 2425 4247 dicitur:
2461 4192 2638 4247 Noluit
2677 4192 2973 4263 intelligere
2998 4201 3055 4247 ut
3094 4194 3229 4249 bene
3278 4210 3406 4265 age-
3472 4198 3473 4201 ‘

1842 4294 1925 4339 rct
1947 4325 1963 4349 ,
2014 4283 2108 4338 sed
2138 4294 2191 4337 et
2231 4283 2317 4338 illa
2351 4283 2645 4351 ignorantia
2672 4325 2686 4348 ,
2714 4298 2831 4351 quat
2857 4298 2963 4337 non
2989 4290 3074 4337 est
3106 4297 3291 4338 eorum
3319 4284 3409 4353 qui

1842 4376 1979 4429 scire
2038 4372 2246 4438 nolunt,
2301 4373 2395 4427 sed
2425 4386 2607 4425 eorum
2654 4372 2741 4437 qui
2799 4380 3047 4439 tanquam
3097 4371 3409 4439 simpliciter

171 4489 308 4536 nant
333 4497 348 4535 :
378 4480 498 4534 ideo
527 4479 675 4534 vobis
700 4479 869 4534 dixit:
902 4479 1014 4532 Non
1043 4480 1316 4533 deciinetis
1342 4494 1509 4548 neque
1536 4480 1587 4532 in
1612 4479 1738 4533 dex-

1849 4466 2114 4529 nesciunt,
2154 4463 2420 4517 neminem
2444 4464 2521 4517 sic
2556 4471 2773 4517 excusat
2819 4471 2875 4515 ut
2919 4462 3248 4530 sempiterno
3290 4463 3410 4533 igne

171 4582 370 4634 teram,
404 4586 574 4641 neque
601 4572 651 4626 in
680 4572 983 4638 sinistram;
1026 4572 1125 4625 hoc
1154 4585 1253 4637 est,
1290 4588 1353 4625 ne
1383 4574 1461 4626 sic
1490 4569 1740 4627 defenda-

169 4665 243 4719 tis
292 4662 546 4717 .liberum
622 4663 937 4723 arbitrium,
1019 4673 1074 4717 ut
1126 4664 1175 4717 ei
1230 4665 1365 4717 bona
1413 4646 1574 4731 opera
1624 4663 1741 4717 sine

110 4769 116 4775 '
170 4752 269 4809 Del
311 4752 482 4821 gratia
515 4752 788 4806 tribuatis:
823 4769 889 4807 no
931 4754 1015 4807 sic
1057 4753 1351 4809 defendatis
1391 4752 1636 4821 gratiam,
1683 4761 1739 4805 ut

168 4843 328 4913 quasi
356 4843 422 4897 de
449 4843 537 4916 illa
568 4857 744 4899 securi
777 4846 913 4898 mala
946 4859 1103 4911 Opera
1131 4844 1399 4915 diligatis;
1451 4845 1590 4914 quod
1623 4845 1735 4913 ipsa

167 4936 345 5005 gratia
372 4934 466 4989 Dei
503 4943 709 4990 avertat
729 4950 757 4987 a
783 4934 953 4989 vobis.
986 4934 1188 4989 Talium
1232 4934 1426 5004 quippe
1450 4934 1609 4990 verba
1641 4934 1739 4986 sibi

172 5041 482 5096 proponens
508 5026 791 5095 Apostolus
838 5026 910 5080 ait
945 5043 956 5079 :
984 5026 1115 5092 Quid
1149 5039 1271 5093 ergo
1300 5024 1577 5079 dicemus"
1622 5038 1738 5091 per-

171 5118 510 5171 mauehuuus
546 5116 597 5171 in
636 5126 871 5185 peccato,
906 5127 961 5170 ut
1004 5116 1172 5185 gratia
1192 5115 1334 5187 [Dei]
1364 5116 1635 5171 abundet?
1663 5124 1743 5169 at-

170 5225 280 5276 que
310 5208 396 5261 his
422 5208 599 5262 verbis
640 5208 908 5263 hominum
939 5209 1256 5272 errantium,
1294 5219 1347 5263 et
1382 5208 1473 5262 Dei
1518 5207 1739 5278 gratiam

173 5314 281 5353 non
313 5298 742 5367 intelligentium,
770 5299 1037 5368 re<pondit
1066 5308 1123 5352 ut
1152 5299 1335 5353 debuit
1369 5299 1552 5353 dicens
1592 5316 1605 5353 :
1635 5294 1739 5353 Ab-

170 5391 267 5445 si’.
294 5387 353 5442 Si
383 5390 523 5443 enim
552 5392 743 5443 mortui
767 5406 949 5444 sumus
973 5398 1209 5458 peccato,
1227 5391 1491 5457 quomodo
1506 5392 1741 5445 vivemus

173 5480 227 5534 in
254 5479 355 5534 eo?
386 5478 517 5534 nihil
548 5479 651 5534 dici
680 5480 847 5550 potuit
877 5480 1087 5535 brevius
1117 5490 1171 5534 et
1196 5481 1414 5545 melius;
1446 5481 1569 5549 quid
1601 5481 1740 5537 enim

173 5570 333 5627 nobis
365 5570 529 5640 gratia
567 5571 660 5626 Dei
693 5572 875 5627 utilius
911 5572 1119 5627 confert
1157 5570 1207 5624 in
1228 5571 1327 5625 hoc
1361 5571 1613 5637 praesenti
1643 5586 1743 5624 sae—

176 5661 307 5741 culo
329 5659 583 5731 maligno,
612 5660 714 5731 nisi
739 5671 792 5716 ut
818 5662 1105 5718 moriamur
1138 5660 1388 5732 peccato?
1420 5661 1495 5716 At:
1517 5675 1611 5733 per
1640 5661 1741 5717 hoc

1844 4572 1949 4641 65
1976 4588 2075 4623 non
2101 4572 2305 4635 ardeat,
2330 4572 2373 4625 si
2409 4579 2687 4638 propterea
2733 4584 2836 4622 non
2886 4569 3115 4623 credidit
3140 4572 3259 4636 quia
3303 4588 3409 4627 non

1847 4664 2042 4715 audivit
2072 4661 2437 4728 omninoquid
2467 4659 2746 4723 crederet,.
2771 4660 2864 4714 sed
2892 4659 3119 4721 fortasse
3136 4672 3198 4713 ut
3226 4662 3409 4717 mitius

1846 4754 2048 4807 ardeat.
2084 4753 2195 4807 Non
2241 4753 2382 4806 enim
2422 4753 2537 4806 sine
2589 4766 2744 4805 causa
2783 4751 2983 4805 dictum
3032 4762 3155 4807 est:
3188 4753 3410 4810 Eii'nnde

1847 4846 1978 4899 iram
2005 4858 2143 4899 tuam
2168 4845 2218 4898 in
2244 4854 2428 4915 gentes
2470 4858 2587 4912 quae
2640 4851 2691 4897 te
2718 4857 2825 4897 non
2880 4852 3175 4910 noverunt;
3199 4854 3247 4898 et
3281 4846 3409 4901 illud

1849 4935 1990 5003 quod
2037 4934 2108 4988 ait
2157 4934 2481 5001 Apostolus:
2514 4932 2647 4988 Cum
2682 4936 2892 4990 venerit
2919 4933 2969 4984 in
3034 4934 3244 4987 flamma
3276 4935 3410 5003 ignis

1847 5027 1976 5079 dare
2008 5024 2291 5079 vindictam
2318 5024 2370 5078 in
2402 5038 2495 5077 eos
2546 5024 2635 5093 qui
2678 5024 2926 5093 ignorant
2972 5024 3159 5078 Deum.
3185 5023 3411 5080 Verum-

1850 5123 2023 5168 tamen
2049 5124 2106 5169 ut
2158 5114 2448 5168 habeamus
2488 5122 2541 5168 et
2588 5114 2757 5182 ipsam
2806 5115 3101 5181 scientiam,
3152 5129 3220 5169 ne
3268 5114 3411 5173 dicat

1848 5205 2233 5272 unusquisque,
2260 5202 2494 5269 Neseivi,
2522 5218 2631 5259 non
2661 5204 2865 5267 audivi,
2898 5216 2999 5255 non
3025 5203 3285 5269 intellexi,
3309 5220 3406 5259 vo-

1847 5294 2019 5347 luntas
2054 5294 2369 5348 convenitur
2401 5293 2772 5361 humana,'ubi
2814 5292 3043 5347 dicitur:
3072 5286 3249 5349 Nolite
3287 5308 3410 5350 esse

1845 5382 2003 5455 [fieri]
2042 5386 2180 5438 sicut
2226 5399 2397 5454 equus
2440 5393 2495 5439 et
2523 5386 2717 5447 mulus,
2743 5384 2794 5437 in
2834 5383 3026 5451 quibus
3069 5397 3175 5437 non
3201 5392 3284 5437 est
3327 5385 3410 5437 in-

1844 5474 2124 5539 teliectus;
2151 5476 2395 5544 quamvis
2421 5474 2569 5543 pejor
2589 5482 2838 5543 appareat
2854 5473 2918 5527 ds
2941 5488 3045 5542 quo
3057 5472 3259 5527 dictum
3280 5483 3360 5529 est
3390 5489 3407 5528 :

1845 5567 2031 5622 Verbis
2055 5582 2159 5621 non
2215 5567 2584 5624 emendabitur
2638 5579 2823 5621 servus
2853 5564 3040 5628 durus;
3067 5564 3111 5619 si
3142 5565 3284 5619 enim
3333 5567 3413 5621 ill-

1846 5658 2143 5731 teiiexerit,
2169 5674 2273 5716 non
2302 5658 2571 5717 obaudiet.
2602 5654 3043 5725 Quando-autem
3071 5656 3201 5712 dicit
3228 5654 3409 5727 homo,
