3904 6224
490 199 593 258 091

1552 197 1612 253 n.
1655 193 1976 253 eucvrru
2015 193 2307 252 auums
2344 181 2667 254 AFntCA-Nl

489 320 608 383 Heu
635 332 854 389 possum
896 293 1069 372 facere
1099 312 1236 381 quod
1283 309 1461 380 ιιτυιιίι
1482 311 1609 371 itur,
1636 308 1887 376 quoniam
1916 319 2050 360 eon-
2082 309 2129 365 A
2158 305 2246 360 rit.
2277 305 2362 361 Ad
2383 307 2483 361 hoc
2501 308 2646 362 enim
2671 306 2816 362 valet
2837 306 2980 378 quod
3021 308 3279 379 scriptum
3306 317 3392 364 est
3416 328 3434 363 ;
3465 308 3524 364 Si
3547 314 3718 368 νοιυε.

491 412 818 480 copim-entia
849 422 969 464 mea
997 407 1209 469 vincor,
1235 405 1346 474 jam
1395 401 1612 470 quidem
1641 401 1709 456 de
1756 399 2054 470 ignorantia

495 516 600 552 non
632 499 791 552 habet
810 495 1224 557 excusationem,
1249 506 1346 546 nec
1360 491 1524 546 Deum
1547 499 1796 545 causatur
1817 489 1869 543 in
1895 489 2058 543 corde

493 603 612 648 suo.
639 587 733 640 sed
759 585 955 640 malum
1004 600 1157 639 suum
1190 586 1244 645 in
1274 598 1333 640 se
1369 583 1642 653 cognoscit
1685 591 1742 636 et
1770 582 1934 637 dolet.
1960 580 2055 635 Cui

495 687 666 727 tamen
693 672 822 728 dicit
849 675 1133 744 Apostolus
1167 691 1180 728 :
1213 674 1329 729 Noli
1353 673 1491 728 vinci
1529 687 1559 728 a
1590 671 1756 738 malo,
1783 672 1878 728 sed
1903 674 2056 726 vince

492 765 546 818 in
574 765 714 817 bono
741 764 976 828 malum;
1024 775 1081 821 et
1107 765 1289 836 utique
1335 766 1419 821 cui
1467 765 1692 831 dicitur,
1721 764 1838 820 Noli
1888 765 2054 829 vinci,

490 854 770 910 arbitrium
790 856 908 912 sine
919 857 1079 912 dubio
1102 857 1387 913 voluntatis
1407 856 1524 926 ejus
1541 855 1860 912 convenitur
1880 872 1894 920 ;
1918 854 2055 910 ve’ie

489 944 633 997 enim
661 955 717 998 et
740 945 880 1000 nolle
925 947 1158 1016 propria
1209 946 1499 1002 vo'untatis
1536 956 1639 1000 est.
1668 944 1773 1001 Sed
1814 954 2057 999 metuen-

490 1016 724 1089 dumest
751 1050 818 1090 ne
846 1036 946 1090 ista
975 1037 1151 1092 omnia
1179 1036 1354 1092 divina
1380 1036 1778 1101 testimonia,.et
1803 1050 2059 1107 quatenu-

489 1133 596 1189 que
613 1121 715 1176 alia
736 1133 880 1185 sunt,
911 1140 1029 1194 qua:
1067 1126 1184 1180 sine
1211 1125 1543 1178 dubitatione
1571 1137 1692 1179 sunt
1717 1126 1965 1195 plurima,
2000 1125 2054 1178 in

491 1207 803 1267 defens'one
830 1212 1207 1269 liberiarbitrii
1235 1215 1312 1269 sic
1333 1216 1716 1284 intelligantur,
1751 1226 1811 1270 ιιι
1858 1217 1925 1269 ad
1975 1219 2057 1272 vi-

488 1299 610 1355 tam
645 1300 783 1368 piam
827 1309 882 1356 et
917 1301 1107 1362 bonam
1161 1305 1662 1366 conversationem.
1709 1307 1795 1361 cui
1846 1321 2055 1361 merces

465 1399 687 1458 {uterus
713 1392 955 1458 debetur,
985 1394 1252 1464 adjutorio
1294 1405 1351 1452 et
1375 1398 1560 1467 gratias
1615 1398 1708 1454 Dei
1751 1399 1900 1453 locus
1945 1415 2050 1454 non

490 1478 838 1550 relinquatur,
878 1492 934 1537 et
983 1483 1178 1539 audeat
1217 1485 1379 1541 miser
1418 1485 1613 1556 homo,
1658 1489 1871 1558 quando
1917 1487 2053 1543 bene

489 1567 615 1623 vivit
642 1578 696 1625 et
724 1569 863 1628 bene
911 1584 1187 1644 operatur,
1228 1576 1310 1632 vel
1372 1579 1547 1645 potius
1588 1578 1724 1635 bene
1769 1580 1952 1636 vivere
1999 1589 2054 1636 et

2159 409 2255 460 ns,
2293 397 2632 451 conservabit:
2669 397 2911 452 mandata
2932 438 2956 465 ,
2986 406 3047 453 ut
3086 399 3246 454 homo
3271 400 3363 470 qui
3409 399 3642 456 voluerit
3671 413 3726 458 et

2158 499 2265 538 non
2295 487 2550 554 potuerit,
2574 486 2807 558 umidum
2838 491 3095 558 se‘plene
3143 488 3282 546 velle
3330 503 3646 560 mouerat,
3673 506 3723 548 et

2158 582 2275 627 oret
2305 584 2361 626 ut
2390 573 2584 627 habeat
2625 582 2824 630 tantam
2855 578 3182 634 voluntatem
3214 590 3415 649 quanta
3441 574 3722 638 sllicitat!

2158 660 2424 730 implenda
2459 662 2737 730 mandata;
2774 667 2853 721 sic
2886 669 3085 736 quippe
3134 668 3418 740 adjuvetur
3461 681 3521 725 ut
3569 671 3760 750 faciat_

2157 749 2296 821 quod
2320 749 2580 820 jubetur:
2626 763 2751 808 tunc
2787 755 2930 809 enim
2958 758 3090 813 utile
3116 771 3198 815 est
3225 761 3360 817 velle
3383 777 3508 817 cu.
3544 777 3721 832 posss-

2146 855 2296 903 mus,
2326 849 2380 896 et
2404 849 2526 896 tunc
2550 842 2678 897 utile
2704 853 2786 899 e-t
2813 860 2968 914 posse
2991 862 3112 902 cum
3135 851 3378 908 volumus
3395 868 3564 918 nam
3595 855 3712 924 quid

2160 945 2204 998 p.
2223 929 2379 985 ode~t
2397 931 2441 986 si
2471 933 2611 1001 quod
2662 949 2766 987 non
2818 949 3127 1004 possumus,
3157 941 3407 997 volums
3428 981 3448 1008 ,
3478 945 3718 1014 astqnd

2161 1034 2476 1088 possumus,
2502 1022 2783 1079 uolumus?
2814 1026 3058 1096 Magnum
3086 1031 3286 1100 aliquid
3314 1048 3376 1088 se
3414 1034 3558 1089 seire
3579 1034 3718 1090 Pela-

2154 1111 2295 1178 giani
2321 1121 2531 1180 putant,
2561 1114 2773 1181 quando
2802 1116 3008 1186 dicunt,
3040 1117 3154 1195 Non
3179 1120 3395 1189 iube-ret
3429 1123 3569 1179 Dem
3588 1124 3718 1193 and

2156 1201 2320 1256 sciret
2341 1215 2446 1255 non
2475 1216 2631 1267 posse
2660 1204 2728 1260 ab
2755 1203 2970 1262 homine
3012 1208 3129 1264 ﬁeri
3166 1212 3327 1279 :quis
3359 1215 3467 1268 hoc
3494 1215 3718 1269 nescisti

2154 1287 2248 1342 sed
2272 1285 2393 1343 ideo
2417 1289 2569 1358 jubet
2596 1292 2768 1361 aliqua
2796 1309 2913 1364 qua:
2944 1312 3048 1350 non
3074 1310 3387 1366 possmus,
3421 1309 3482 1354 ut
3516 1302 3716 1356 noveri-

2155 1391 2274 1431 mus
2301 1371 2523 1445 qu'd.ab
2545 1379 2636 1434 illo
2659 1392 2837 1449 petere
2877 1384 3197 1454 debeamus;
3225 1388 3340 1456 ipsa
3377 1402 3464 1444 est
3492 1393 3634 1445 enim
3661 1391 3716 1446 l-

2152 1465 2250 1520 des
2279 1483 2398 1536 quze
2419 1469 2622 1524 orando
2659 1470 2928 1541 impetrat.
2975 1475 3213 1545 Denique
3245 1478 3361 1547 ipse
3403 1479 3496 1546 qui
3547 1479 3712 1546 dixit,

2154 1552 2214 1632 Si
2245 1556 2498 1623 volneris,
2521 1561 2862 1616 conservabis
2885 1564 3154 1629 mandata,
3175 1565 3230 1620 in
3252 1565 3448 1643 eodem
3470 1566 3607 1621 libro
3632 1568 3715 1624 Ec-

489 1655 624 1720 b‘ene
649 1664 861 1727 operari
889 1643 990 1719 sibi
1021 1666 1253 1734 videtur,
1278 1666 1330 1723 iu
1360 1643 1558 1738 seipse,
1604 1685 1711 1724 non
1747 1672 1800 1726 in
1827 1671 2053 1726 Omnino
2089 1665 2130 1724 Β
2160 1643 2757 1758 ῗῗξδξξῖίξθξξίίῑθθξξίίξ
2969 1653 3098 1758 qi?“
3121 1671 3136 1708 ³
3162 1653 3298 1758 om.
3335 1654 3495 1758 δ’δίί,
3537 1657 3589 1711 in
3629 1673 3713 1714 ’¹⁶

488 1747 729 1819 ﬂorim,
761 1761 814 1817 et
842 1767 990 1824 "mu
1021 1767 1168 1812 mm
1209 1757 1420 1814 vivendi
1445 1737 1497 1815 in
1525 1760 1705 1830 “ipso
1751 1777 1971 1829 ponere,
2000 1770 2059 1817 ut
2165 1751 2287 1790 meo
2310 1746 2428 1792 cust
2462 1737 2623 1830 diam,
2651 1746 2705 1795 et
2732 1756 2894 1810 super
2929 1742 3070 1799 labia
3110 1761 3231 1800 mea
3254 1746 3588 1818 signacl'e
3629 1761 3712 1802 as-

488 1852 740 1924 sequatur
759 1860 882 1902 eum
909 1849 1246 1905 maledictum
1269 1850 1516 1909 Ieremia:
1556 1855 1829 1924 propheta:
1869 1856 2055 1912 dicen-

488 1928 558 1984 tis
587 1947 600 1982 :
631 1914 942 1990 Haledietus
965 1937 1122 2013 ιιοιιιο
1150 1939 1240 2010 qui
1261 1954 1412 2010 spem
1442 1914 1600 1999 habm
1735 1945 1969 2013 homine,
2003 1956 2056 2002 et

485 2018 665 2075 ﬁrmat
690 2037 906 2078 carnem
928 2021 1127 2082 brachii
1151 2029 1252 2096 sui,
1286 2041 1340 2105 et
1390 2045 1421 2086 a
1451 2032 1680 2088 Domino
1700 2035 1932 2092 discedit
1961 2053 2055 2094 cor

484 2107 622 2179 ejus.
657 2110 963 2184 lntelligite,
993 2115 1204 2180 ftatres.
1235 2120 1337 2175 hoc
1371 2125 1749 2193 ’propheticum
1804 2130 2051 2183 testimo-

401 2235 403 2237 ι
485 2200 674 2258 nium:
702 2205 825 2276 quia
878 2206 1022 2261 enim
1062 2224 1167 2264 non
1212 2211 1352 2266 dixit
1403 2215 1694 2284 propheta,
1736 2201 2051 2274 Maledictus

484 2291 760 2362 homoqui
782 2309 934 2363 spem
968 2298 1127 2357 habet
1154 2301 1208 2357 in
1238 2303 1439 2374 seipse,
1480 2316 1661 2375 posset
1685 2309 1843 2364 alicui
1883 2311 2050 2368 videri

482 2380 826 2438 ideo'dictum
857 2401 1016 2452 esse,
1039 2389 1535 2450 hiulelictus'homo
1562 2396 1653 2466 qui
1691 2413 1840 2467 spem
1892 2398 2052 2477 habet

483 2471 536 2527 iu
567 2470 804 2540 homine,
827 2484 886 2531 ut
906 2493 1064 2533 nemo
1089 2495 1239 2551 apem
1269 2484 1458 2542 habeat
1489 2486 1540 2542 in
1587 2489 1756 2545 altero
1812 2474 2049 2561 homine,

483 2562 584 2627 sed
611 2563 664 2618 in
690 2579 751 2620 se
780 2583 794 2618 :
825 2575 1032 2638 utergo
1060 2575 1368 2629 ostenderet
1395 2576 1474 2631 sic
1501 2591 1562 2632 se
1587 2580 1932 2639 admonuisse
1956 2584 2050 2639 ho-

485 2651 706 2719 minem,
730 2662 789 2708 ut
816 2669 915 2712 nec
943 2658 998 2712 iu
1049 2660 1229 2728 seipse
1267 2660 1489 2719 haberet
1536 2681 1708 2735 spem,
1768 2681 2048 2739 propterea

483 2755 608 2795 cum
629 2742 872 2813 dixisset,
906 2747 1215 2805 sisic-dictus
1265 2751 1425 2808 homo
1475 2758 1563 2824 qui
1593 2773 1744 2826 spem
1792 2761 1952 2818 habet
1997 2765 2048 2820 in

482 2831 723 2900 homine,
746 2849 874 2890 mox
904 2837 1105 2893 addidit
1137 2855 1152 2894 :
1185 2841 1250 2895 Et
1278 2841 1447 2898 ﬁrmat
1474 2862 1692 2904 carnem
1721 2851 1922 2909 brachii
1941 2857 2047 2910 sui.

481 2919 761 2978 Brachium
787 2940 882 2995 pro
912 2930 1138 2998 petentia
1171 2934 1347 3002 posuit
1390 2942 1646 3008 operandi
1674 2961 1692 2996 .:
1722 2945 1773 2999 in
1832 2949 2047 3004 nomine

477 3023 656 3069 autem
686 3017 864 3074 carnis
901 3021 1236 3092 intelligenda
1267 3035 1351 3081 est
1399 3029 1630 3088 humana
1659 3035 1950 3108 fragilitas;
1981 3056 2046 3096 ac
2072 3021 2117 3082 (ἶ

479 3116 575 3192 per
604 3102 705 3160 hoc
727 3106 901 3161 ﬁrmat
929 3124 1145 3167 carnem
1171 3115 1371 3172 brachii
1401 3121 1480 3173 sui
1508 3121 1598 3190 qui
1622 3102 1912 3192 potentiam
1940 3131 2045 3184 fra-

475 3191 638 3260 gilem
674 3205 834 3265 atque
877 3201 1197 3272 invalidam,
1243 3208 1294 3263 id
1337 3219 1422 3265 est
1456 3191 1763 3283 humanam,
1795 3221 2042 3278 sufﬁcere

441 3347 444 3352 λ
477 3286 581 3341 sibi
609 3288 677 3343 ad
709 3289 846 3346 bene
864 3297 1189 3364 operandam
1221 3310 1404 3374 putat,
1436 3319 1533 3360 nec
1569 3307 1888 3375 adjutorium
1919 3328 2043 3383 spe-

443 3385 562 3468 ,rat
588 3394 616 3432 a
647 3380 890 3439 Domino.
924 3385 1149 3458 Propter
1183 3392 1284 3448 hoc
1325 3395 1466 3450 enim
1502 3399 1750 3468 subjecit,
1785 3403 1849 3456 Et
1876 3419 1904 3456 a
1939 3380 2042 3459 Do-

475 3467 622 3559 mino
653 3471 880 3528 discedit
909 3489 1002 3532 cor
1042 3479 1160 3548 ejus
1190 3498 1206 3537 :
1238 3498 1337 3539 nos
1379 3501 1508 3557 ergo
1526 3467 1613 3542 ad,
1636 3490 1772 3546 bene
1809 3507 2041 3559 oneran-

474 3558 602 3615 dum
625 3577 774 3631 spem
798 3581 902 3622 non
934 3569 1221 3629 habeamus
1252 3577 1304 3632 in
1352 3580 1585 3645 homine.
1613 3583 1886 3640 ﬁrmantes
1925 3602 2041 3641 car-
2109 3611 2114 3615 ·

476 3663 596 3704 nem
629 3651 830 3710 brachii
856 3662 1045 3728 nostri,
1078 3678 1176 3718 nec
1203 3679 1232 3718 a
1257 3666 1478 3724 Domino
1507 3671 1744 3728 discedat
1788 3689 1881 3728 cor
1913 3693 2040 3731 nos-

477 3749 498 3795 t
527 3746 744 3809 um,sed
767 3748 814 3801 ei
834 3748 976 3805 dicat
996 3769 1011 3806 :
1032 3755 1256 3824 Adjutor
1284 3775 1434 3815 meus
1457 3773 1595 3828 esto,
1615 3780 1680 3818 nc
1701 3748 2040 3837 derelinquas

475 3849 590 3903 me;
625 3839 1024 3900 meminerimus
1076 3863 1197 3904 eum
1253 3851 1430 3908 dicere
1472 3870 1486 3908 :
1523 3855 1591 3911 Et
1641 3861 2034 3925 convertimini,
2090 3911 2092 3916 ,

468 3934 524 3981 et
547 3926 736 3984 vivetis
760 3946 776 3996 ;
800 3940 857 3986 et
879 3936 965 3989 cui
991 3938 1194 3993 dicitur
1224 3958 1238 3995 :
1263 3940 1527 4005 Converte
1577 3963 1695 4013 nos,
1727 3950 1896 4017 itcus;
1925 3970 2037 4007 "te"

425 4067 427 4069 .
469 4020 783 4110 minerimus
813 4025 980 4083 Deum
1018 4031 1202 4088 dicere
1245 4051 1259 4088 :
1311 4036 1560 4108 Prnjicite
1600 4057 1630 4095 a
1662 4043 1811 4098 vobis
1849 4061 2035 4104 omnes

471 4107 768 4177 impietatcs
800 4127 1031 4185 vestras,
1056 4136 1177 4177 cum
1210 4125 1324 4194 ipse
1356 4107 1615 4196 justilicel.
1643 4135 1897 4202 impium;
1924 4154 2035 4193 me-

468 4201 779 4259 minerimus
809 4207 980 4275 ipsum
1008 4212 1188 4269 dicere
1216 4234 1230 4269 :
1266 4217 1446 4275 Facite
1483 4223 1635 4279 vobis
1688 4201 1784 4282 cor
1813 4245 2028 4296 novum,

547 4383 1016 4483 spitimm‘novum
1062 4395 1201 4470 dabo
1230 4402 1399 4458 vobis.
1431 4407 1708 4471 Quomodo
1734 4427 1863 4483 ergo
1885 4383 2027 4483 quod

466 4469 590 4576 dicit
624 4489 637 4523 :
689 4474 869 4576 Facite
907 4483 1081 4576 vobis,
1111 4469 1210 4561 hoc
1256 4491 1407 4560 dicit,
1433 4469 1579 4554 Dabo
1623 4469 1827 4559 Vobis;
1863 4469 2030 4576 quare

469 4557 638 4626 jubet.
670 4567 713 4616 si
748 4565 859 4634 ipse
889 4569 1109 4629 daturus
1135 4558 1257 4636 est!
1306 4557 1471 4650 quare
1498 4589 1606 4656 dat,
1637 4595 1682 4647 sl
1705 4557 1893 4650 humi:

469 4662 618 4754 uirus
648 4659 895 4754 est-anisi
927 4664 1050 4734 quia
1085 4667 1177 4724 dat
1212 4674 1351 4740 quod
1382 4675 1538 4745 jubet
1570 4697 1687 4737 cum
1715 4686 1930 4754 adjuvat
1974 4700 2030 4745 ιιι

470 4737 628 4839 faciat
659 4745 739 4839 cui
769 4746 960 4815 jubet?
995 4737 1338 4832 Semper'est
1373 4737 1470 4839 [vin]
1516 4772 1668 4828 nobis
1699 4737 1940 4834 voluntas

464 4829 614 4940 hera,
645 4836 738 4889 sed
774 4853 874 4895 non
901 4857 1113 4915 semper
1131 4861 1215 4908 est
1253 4829 1390 4911 bona
1425 4829 1553 4917 :laut
1575 4869 1716 4935 enim
1739 4829 2026 4940 Va‘j‘ustitia

464 4917 633 4977 libera
658 4936 740 4980 est
767 4933 980 4998 quando
1011 4940 1172 4994 servit
1215 4957 1454 5016 peccato,
1485 4962 1541 5006 et
1569 4933 1690 5012 tunc
1737 4917 1876 5016 maia
1905 4974 1991 5019 est
2013 4958 2035 5032 ;’

462 5021 553 5061 aut
591 5026 619 5063 a
669 5030 889 5083 peccato
924 5024 1087 5082 libera
1123 5041 1209 5086 est
1248 5040 1460 5106 quando
1492 5048 1654 5111 servit
1687 5049 1906 5118 justitia:
1928 5097 1944 5121 ,
1976 5021 2031 5112 et

463 5109 598 5211 tunc.
615 5119 691 5159 est
718 5109 872 5166 bona.
908 5114 1085 5174 Gratia
1135 5140 1260 5181 vero
1289 5129 1380 5185 Dei
1415 5109 1627 5206 semper
1673 5109 1758 5196 est
1782 5109 1944 5211 bona,

464 5203 560 5306 per
585 5191 720 5306 hanc
744 5213 800 5252 ιιι
825 5202 905 5306 sit.
932 5205 1093 5266 homo
1123 5218 1411 5277 voluntatis
1433 5191 2030 5306 'home—qui-priusul'n‘i;

417 5342 424 5348 .
463 5280 749 5394 voluntatis
804 5293 976 5362 malae,
1009 5315 1104 5367 per
1159 5304 1297 5363 hanc
1339 5316 1500 5369 etiam
1543 5318 1599 5373 tit
1636 5280 1699 5375 ιιι
1737 5280 2029 5394 ipsa-“hbui;

463 5372 679 5477 volutus
699 5419 734 5444 _,
765 5396 884 5451 qua:
907 5387 1016 5456 jam
1033 5407 1152 5451 esse
1192 5402 1374 5472 (mpit,
1404 5421 1676 5477 augeatur,
1703 5372 1884 5471 et.tam
1909 5437 2022 5475 ma-

462 5472 562 5581 ius
583 5466 710 5581 fieri,
744 5481 810 5581 ut.
831 5477 997 5544 possit
1019 5481 1243 5557 implere
1280 5466 1758 5572 divina‘htaudata,
1783 5466 2029 5581 qui-enio—

466 5549 618 5612 luerit
643 5555 666 5632 f
669 5563 810 5632 quod
843 5549 1247 5660 poteritjicum‘
1273 5549 2029 5674 «nepetae—timeam:

2159 1833 2354 1891 tutum,
2384 1842 2452 1883 ne
2471 1827 2606 1884 forte
2619 1832 2806 1885 cadam
2833 1831 2900 1887 ab
2920 1832 3185 1905 ipsis,[et]
3208 1835 3385 1905 lingua
3402 1851 3520 1892 mea
3541 1837 3716 1906 perdat

2156 1931 2264 1971 me.
2289 1916 2404 1972 Jam
2432 1929 2580 1974 cvrte
2609 1922 2856 1976 mandata
2909 1933 3229 1992 acceperat:
3259 1927 3470 1982 Cohibe
3496 1929 3714 1999 lingua-

2157 2015 2298 2062 tuam
2329 2025 2357 2062 a
2385 2009 2548 2075 malo,
2581 2022 2635 2066 et
2668 2011 2803 2065 labia
2834 2021 2921 2068 tua
2953 2030 3019 2069 ne
3048 2014 3332 2084 loquantur
3351 2017 3560 2070 dolum.
3585 2019 3707 2072 Cum

2151 2111 2282 2168 ergo
2312 2113 2494 2154 verum
2526 2101 2596 2154 sit
2623 2101 2764 2171 quod
2793 2103 2968 2159 dixit:
3000 2104 3058 2160 Si
3092 2105 3350 2174 volueris,
3383 2108 3708 2162 crte-servabis

2152 2189 2426 2254 mandata,
2457 2205 2621 2258 quare
2644 2194 2834 2258 quarrit
2881 2193 2934 2248 in
2973 2209 3068 2250 ore
3096 2209 3196 2251 suo
3220 2197 3338 2253 dari
3380 2197 3708 2253 custodia!

2086 2290 2097 2300 '
2153 2278 2344 2334 similis
2365 2281 2411 2334 ei
2441 2282 2530 2350 qui
2552 2281 2682 2336 dicit
2709 2281 2760 2337 in
2787 2284 2993 2351 psalmo
3023 2303 3038 2342 :
3070 2286 3237 2355 Pone,
3269 2289 3516 2348 Domine.
3539 2301 3704 2345 caste-

2151 2365 2292 2423 dlam
2321 2369 2405 2424 ori
2427 2386 2581 2437 meo;
2617 2387 2720 2427 non
2750 2375 2798 2427 ei
2836 2374 3032 2431 sufﬁcit
3078 2377 3389 2432 mandatum
3416 2378 3512 2433 Dei
3550 2388 3604 2434 et
3625 2393 3703 2433 vu-

2153 2455 2329 2513 luntas
2365 2474 2480 2524 sua,
2519 2462 2948 2532 quandoquidem
3006 2467 3050 2520 si
3091 2467 3323 2522 voluerit
3374 2469 3699 2526 conservabit

2149 2548 2417 2616 mandata.
2450 2551 2615 2618 Quam
2649 2553 2807 2608 multa
2843 2556 2933 2611 Dei
2970 2559 3215 2613 mandata
3247 2568 3376 2614 sunt
3405 2570 3585 2616 contra
3610 2577 3690 2617 sub

2151 2641 2413 2709 perbiam,
2440 2640 2546 2709 jam
2571 2645 2718 2698 novit
2742 2661 2827 2711 ea,
2855 2656 2910 2701 et
2953 2648 2998 2703 si
3047 2651 3272 2707 Voluerit
3302 2651 3602 2709 obseth
3625 2648 3699 2709 es.

2151 2727 2331 2794 Quare
2356 2743 2484 2800 ergo
2515 2735 2674 2800 paulo
2705 2742 2824 2803 post
2844 2735 2972 2789 dicit
3006 2753 3021 2789 :
3055 2737 3278 2794 Domine
3318 2739 3480 2795 Pater
3501 2750 3552 2795 et
3579 2741 3698 2796 De.

2149 2822 2276 2873 vita:
2306 2837 2459 2886 mea),
2480 2825 2761 2880 elationem
2790 2827 3066 2884 oculorum
3093 2845 3160 2884 ne
3177 2831 3394 2888 dederis
3408 2835 3550 2889 mtbi.
3577 2832 3680 2890 Ja-

2151 2908 2359 2966 dixerat
2382 2912 2433 2966 ei
2457 2913 2562 2968 Lex
2596 2932 2608 2966 :
2642 2916 2753 2970 Non
2803 2921 3180 2987 concupisces;
3221 2916 3354 2977 velit
3381 2939 3510 2993 ergo
3533 2933 3582 2979 et
3625 2923 3693 2978 is.

2149 3000 2256 3053 ciat
2285 3001 2426 3071 quod
2449 3002 2667 3071 jubetur
2688 3045 2702 3068 ,
2732 3010 2982 3072 quonam
3014 3010 3056 3063 si
3103 3010 3333 3065 voluerit
3384 3011 3695 3067 conservabit

2148 3091 2430 3156 mandata;
2456 3109 2620 3162 quare
2643 3098 2884 3166 sequitur
2911 3106 2967 3152 et
3014 3099 3045 3153 d
3071 3099 3141 3154 cit
3175 3118 3188 3153 :
3217 3102 3692 3171 Concupiscemiast

2147 3193 2329 3237 averte
2361 3171 2404 3236 ai
2441 3199 2562 3249 me;
2613 3190 2799 3241 centra
2843 3188 3108 3244 luxuriam
3155 3193 3296 3247 Deus
3343 3208 3500 3261 quam
3545 3192 3689 3247 multa

2145 3274 2410 3329 mandavit
2429 3275 2453 3328 ἲ
2475 3275 2628 3330 faciat
2650 3264 2741 3344 ea;
2755 3278 2876 3349 quia
2890 3281 2935 3334 si
2962 3282 3189 3335 voluerit
3207 3283 3545 3338 conservabit
3562 3299 3691 3338 mas-

2147 3362 2292 3417 datu.
2322 3364 2454 3431 Quid
2481 3376 2566 3419 est
2587 3368 2734 3443 quod.
2755 3369 2946 3423 clamat
2973 3372 3038 3424 ad
3074 3372 3238 3440 Deum
3274 3390 3289 3426 :
3322 3373 3532 3428 Ventris
3554 3389 3690 3443 appe-

2144 3454 2260 3508 titio
2285 3465 2340 3510 et
2364 3459 2674 3513 concubitus
2699 3475 2767 3516 ne
2811 3465 3172 3531 apprehendat
3203 3465 3324 3522 me?
3351 3465 3411 3522 Si
3435 3468 3542 3520 bsic
3566 3469 3610 3521 ei
3638 3467 3682 3521 is

2154 3546 2404 3615 praesenti
2426 3546 2743 3613 diceremus,
2775 3552 3073 3609 rectissime
3103 3554 3256 3609 nobis
3283 3555 3620 3628 responderet
3643 3565 3689 3613 et

2142 3634 2344 3687 diceret
2374 3653 2387 3687 :
2421 3635 2497 3689 Ex
2531 3637 2626 3690 iSta
2660 3641 2903 3696 oratione
2947 3659 3089 3708 mea,
3138 3660 3239 3711 qua
3285 3646 3402 3701 haec
3432 3663 3460 3700 a
3490 3647 3688 3702 Domino

2146 3732 2289 3791 peto,
2323 3724 2600 3794 intelligite
2628 3731 2899 3797 quomodo
2931 3733 3182 3803 dixerim,
3215 3737 3270 3790 Si
3297 3737 3525 3794 volneris
3571 3751 3684 3792 con-

2112 3813 2378 3867 servahis
2428 3818 2671 3870 mandatu
2710 3831 2959 3877 :certum
3006 3833 3091 3880 est
3129 3828 3274 3881 enim
3322 3844 3422 3884 nos
3464 3831 3682 3884 mandata

2137 3919 2357 3959 servare
2377 3906 2420 3959 si
2455 3907 2719 3976 volumus,
2745 3913 2838 3967 sed
2869 3916 2993 3983 quia
3037 3928 3367 3992 przeptratur
3403 3921 3628 3974 voluntas
3652 3935 3680 3972 a

2138 3996 2396 4062 Domino,
2428 4001 2495 4052 ab
2540 4000 2628 4054 illo
2669 4006 2952 4070 petendum
2994 4017 3074 4061 est
3115 4019 3170 4062 ut
3210 4018 3416 4065 tantum
3470 4013 3669 4085 velis:

2133 4096 2388 4153 quantum
2420 4086 2615 4144 sufﬁcit
2655 4098 2713 4144 ut
2745 4093 2992 4149 voleudo
3031 4096 3310 4152 faciamus.
3361 4099 3566 4156 Certum
3607 4109 3679 4156 est

2135 4189 2232 4230 nos
2260 4176 2400 4232 vclle
2428 4192 2551 4233 cum
2593 4181 2969 4250 volumus,sed
2993 4187 3088 4242 ille
3119 4189 3246 4244 facit
3267 4201 3327 4245 ut
3355 4193 3568 4248 ve‘imus
3593 4193 3675 4246 bo-

2136 4281 2286 4330 num,
2319 4268 2386 4323 de
2411 4284 2516 4340 quo
2543 4270 2744 4328 dictum
2775 4284 2878 4341 est,
2910 4286 2968 4332 ut
2997 4282 3156 4346 paulo
3185 4291 3314 4338 ante
3357 4285 3522 4353 posui,
3553 4281 3672 4353 quod

2061 4375 2109 4433 ο
2136 4368 2457 4422 ριπθρειῐδιιιιιν
2479 4361 2726 4418 voluntas
2772 4379 2798 4416 a
2831 4365 3078 4434 Domino,
3103 4369 3172 4424 de
3211 4387 3316 4439 quo
3367 4373 3672 4429 dietamest:

2142 4446 2180 4499 Α
2206 4445 2430 4501 Domino
2460 4464 2680 4516 gressus
2713 4455 2945 4510 hominis
2967 4457 3266 4528 dirigentur
3285 4503 3302 4527 ,
3333 4473 3388 4518 et
3415 4465 3546 4518 viam
3572 4464 3673 4533 ejus

2138 4535 2311 4600 volet;
2341 4538 2406 4591 de
2428 4554 2532 4606 quo
2576 4541 2773 4596 dictum
2803 4554 2886 4598 est
2911 4564 2923 4598 :
2955 4546 3055 4614 Qui
3075 4561 3331 4618 operatur
3373 4554 3424 4608 in
3462 4555 3596 4608 vobis
3625 4563 3671 4608 et

2137 4625 2296 4679 velle.
2333 4626 2549 4683 Certum
2577 4641 2660 4685 cst
2694 4647 2792 4686 nos
2827 4633 3002 4691 facere
3029 4652 3151 4694 cum
3188 4642 3411 4697 facimus
3443 4663 3457 4698 :
3493 4644 3670 4699 sedilis

2135 4714 2258 4768 facit
2282 4725 2338 4770 ut
2364 4717 2640 4789 faciamus,
2670 4714 2955 4791 prmbendo
2992 4727 3136 4783 vires
3174 4729 3565 4788 efﬁcacissimas
3590 4747 3668 4784 vo-

2134 4804 2351 4872 luntati,
2386 4811 2475 4878 qui
2502 4811 2637 4866 dixit
2670 4831 2682 4866 :
2717 4814 2927 4871 Faciam
2949 4819 3667 4890 utinjusticatienibustacis

2128 4898 2433 4964 ambuletis,
2466 4912 2520 4956 et
2543 4903 2741 4970 judicia
2772 4922 2887 4962 mea
2915 4909 3218 4968 observetis
3247 4925 3303 4969 et
3325 4915 3534 4970 faciatis.
3553 4915 3664 4968 (ἰ

2129 4989 2278 5054 dicit,
2306 4989 2519 5044 Faciam
2548 5002 2600 5046 ut
2625 4994 2848 5061 faciatis,
2867 4999 2993 5067 quid
3034 5001 3176 5056 aliud
3218 5003 3349 5058 dicit
3379 5006 3496 5072 nisi,
3522 5003 3664 5058 Aufe-

2135 5094 2245 5132 ram
2286 5095 2315 5132 a
2352 5082 2506 5136 vobis
2545 5098 2638 5137 cor
2671 5085 2957 5155 lapideum,
2991 5094 3132 5148 unde
3171 5110 3277 5149 non
3311 5096 3664 5160 faciebatis,e:

2133 5168 2272 5222 dabo
2308 5185 2401 5224 cor
2431 5187 2702 5240 earneum,
2750 5174 2886 5236 unde
2923 5183 3160 5237 faciatis?
3196 5195 3253 5239 et
3295 5187 3394 5242 hoc
3422 5189 3536 5256 quid
3571 5193 3655 5248 est.

2138 5261 2258 5324 nisi,
2291 5261 2542 5318 Auferam
2584 5281 2675 5322 cor
2720 5269 2908 5325 durum
2933 5316 2946 5338 ,
2987 5274 3126 5329 unde
3157 5291 3262 5332 non
3304 5278 3653 5341 faciebam.“

2136 5347 2274 5402 dabo
2295 5363 2386 5403 cor
2413 5353 2691 5420 obediens,
2725 5359 2864 5414 unde
2893 5363 3137 5417 faciatis?
3169 5366 3263 5420 Ille
3293 5367 3411 5422 facit
3441 5379 3491 5421 ut
3516 5365 3649 5420 lacis-

2137 5451 2274 5499 mus,
2306 5441 2388 5494 cui
2419 5441 2546 5497 dicit
2578 5445 2772 5500 homo:
2807 5449 2981 5516 Pone,
3017 5453 3257 5522 Domine,
3287 5457 3558 5512 custodian
3581 5453 3646 5507 ori

2135 5542 2252 5582 meo
2276 5543 2290 5580 ;
2325 5530 2427 5585 hoc
2447 5543 2529 5587 est
2548 5537 2690 5591 enim
2719 5538 2918 5606 dicere,
2959 5543 3064 5599 Fac
3087 5549 3366 5616 ut'ponam
3395 5547 3644 5607 custodim

2131 5619 2213 5673 ori
2241 5635 2380 5688 meo,
2403 5625 2543 5695 quod
2575 5626 2889 5688 beneﬁcium
2929 5634 3020 5693 Dei
3045 5639 3157 5708 ja
3186 5641 3357 5701 iuerat
3377 5650 3642 5702 causeam
