3904 6224
216 301 332 364 ὀὗ

1395 301 1828 362 THESAURUS.
1865 304 2022 362 CAP.
2059 303 2281 364 CCXCI.

3357 272 3492 376 θυι

213 421 314 491 ιιιί
339 417 486 478 dixit
511 437 528 476 :
557 420 716 479 Posui
751 419 833 477 ori
870 434 992 476 meo
1025 417 1340 475 custodiam.
1375 416 1476 486 Qui
1501 434 1632 489 ergo
1659 420 1770 474 vult
1804 423 1854 482 Α
1880 418 2045 473 Deum
2074 418 2270 475 habere
2300 421 2352 476 in
2379 385 2586 490 notitia,
2609 422 2824 479 tradidit
2853 422 2974 498 illos
2997 421 3136 480 Deus
3165 424 3218 479 in
3265 440 3454 496 repro-

165 577 170 580 _
211 511 514 569 heereDei
540 511 869 580 mandatum,
899 519 956 565 et
976 524 1080 563 non
1104 515 1298 578 potest,
1319 506 1428 577 jam
1441 507 1655 578 quidem
1678 508 1781 562 ha-

208 599 312 657 bet
332 602 666 659 voluntatem
689 601 906 668 bonam,
930 599 1026 654 sed
1059 599 1236 654 adhuc
1266 613 1480 669 parvam
1519 608 1576 652 et
1601 598 1788 653 invali-

209 692 376 758 dan;
407 693 604 762 poterit
623 684 826 756 autent,
850 703 971 744 cum
997 703 1244 759 magnam
1267 688 1514 744 habuerit
1532 697 1586 744 et
1603 688 1789 743 robus-

195 769 354 839 ‘tan.
382 783 608 852 Quando
626 781 768 853 enim
799 791 1058 853 martyres
1087 794 1274 852 magna
1315 780 1402 835 illa
1431 781 1676 835 mandata
1705 781 1786 836 fe-

205 882 430 939 cerunt,
455 886 645 941 magna
674 873 860 942 ut'que
884 870 1177 937 voluntate,
1214 871 1314 926 hoc
1340 880 1422 926 est
1447 885 1632 942 magna
1654 869 1782 925 cha-

208 961 396 1028 ritate,
425 960 702 1028 fecerunt;
729 960 798 1017 de
824 975 940 1032 qua
956 959 1218 1017 charitate
1247 962 1362 1031 ipse
1387 961 1645 1016 Dominus
1673 962 1781 1015 ait:

167 1124 176 1130 _
212 1049 482 1122 Ilius-ent
512 1051 649 1120 bane
674 1051 988 1108 charitatem
1011 1066 1170 1108 nemo
1197 1051 1377 1115 habet,
1405 1066 1563 1122 quam
1585 1061 1643 1105 ut
1667 1050 1785 1106 ani-

107 1142 116 1150 “
207 1154 358 1196 ἰιι
386 1156 538 1197 sua.
568 1149 729 1212 ponat
764 1156 863 1214 pro
899 1143 1086 1198 amicis
1123 1143 1267 1209 suis;
1301 1142 1443 1199 unde
1470 1151 1525 1197 et
1546 1141 1784 1211 Aposto-

111 1278 121 1282 _
205 1229 445 1286 Indicit
464 1230 748 1300 :Quie'n
773 1231 948 1302 diligit
977 1225 1300 1301 proximum,
1321 1231 1492 1298 legem
1506 1229 1778 1300 implevit;

207 1335 342 1378 IIII
353 1320 824 1396 Nonadulterahis,
836 1321 952 1376 Non
965 1320 1305 1391 homicidium
1318 1319 1500 1388 facies,
1517 1319 1630 1375 Non
1645 1318 1698 1374 fu
1727 1334 1780 1374 a-

207 1411 384 1480 lteris.
397 1414 512 1471 Non
526 1408 892 1485 concupisces,
911 1423 963 1470 et
974 1415 1018 1469 si
1030 1414 1169 1485 quod
1189 1424 1271 1470 est
1283 1412 1427 1469 aliud
1444 1412 1774 1478 mandatum,

207 1505 270 1560 in
290 1504 396 1560 hoc
413 1519 663 1560 acrinonc
673 1504 1050 1575 recapitulatur
1067 1521 1080 1558 :
1097 1505 1291 1573 Diliges
1309 1502 1606 1574 proximum
1630 1511 1776 1557 tuum

209 1600 464 1663 mgna
493 1592 744 1660 teipsutn.
764 1591 987 1648 Dilectio
1010 1591 1441 1661 prosimimalum
1457 1604 1560 1644 non
1584 1604 1776 1657 Opera—

211 1689 304 1740 II'
324 1685 466 1756 ιω
481 1684 755 1755 plenitudo
765 1698 895 1753 ergo
909 1683 1039 1754 legis
1055 1692 1136 1738 est
1147 1682 1360 1736 dilectio
1381 1698 1395 1741 ;
1418 1680 1585 1749 ipsam
1598 1680 1775 1734 chari-

1891 509 2011 564 bam
2042 524 2294 577 mentem,
2321 522 2380 568 ut
2406 515 2602 571 faciant
2624 532 2685 572 ea
2713 532 2834 588 qua:
2857 531 2964 572 non
3014 516 3361 572 conveniunt.
3393 519 3459 573 Et

1888 599 1952 650 ad
1977 592 2299 656 τιιθιιδιιιοιιὶι
2321 618 2478 658 enses
2509 608 2559 659 in
2593 590 2828 674 Epistula
2857 607 3089 663 secunda
3131 606 3208 662 ait
3226 606 3296 663 de
3339 623 3456 677 qut-

1888 686 2108 742 busdam
2132 705 2149 746 :
2176 691 2278 746 Pro
2300 708 2366 748 eo
2391 695 2529 762 quod
2560 695 2899 752 dilectionem
2931 699 3172 753 veritatis
3202 713 3308 754 non
3358 714 3450 752 re-

1887 783 2161 842 ceperunt,
2194 787 2248 830 ut
2278 778 2411 832 salvi
2442 781 2647 848 fierent,
2681 780 2804 838 ideo
2827 784 2987 838 tuittit
3005 773 3115 857 illis
3145 785 3285 841 Deus
3325 802 3454 854 opo-

1879 865 2146 921 rationetu
2173 870 2393 935 erroris,
2419 878 2478 924 ut
2503 871 2723 925 credant
2748 873 3045 942 mendacio,
3074 886 3127 930 ut
3143 875 3450 946 iudicentur

1882 966 2072 1010 omnes
2102 953 2194 1024 qui
2220 970 2324 1011 non
2367 960 2709 1015 crediderunt
2756 961 2987 1026 veritati,
3035 966 3128 1019 sed
3166 980 3448 1022 coarsenso-

1883 1048 2012 1096 runt
2037 1041 2324 1114 iniquitati.
2349 1045 2439 1100 liis
2468 1057 2524 1102 et
2561 1049 2755 1123 talibus
2784 1051 3101 1106 testimoniis
3143 1053 3447 1110 divinorum

1881 1131 2236 1201 eloquiuruut,
2261 1149 2380 1204 qua
2407 1138 2581 1191 «mnia
2609 1152 3031 1194 commemorare
3052 1140 3210 1195 nitn's
3230 1145 3444 1212 pet-lou-

1872 1235 2002 1291 gum
2020 1220 2131 1288 est,
2159 1224 2292 1278 satis
2314 1231 2570 1295 quantum
2601 1225 2850 1308 existimo
2878 1228 3264 1292 manifestatur,
3313 1246 3446 1299 ope.

1888 1312 1996 1374 rari
2050 1311 2219 1368 Deu
2275 1314 2329 1369 iu
2359 1314 2612 1371 cordibus
2654 1315 2950 1384 hominum,
3008 1318 3074 1372 ad
3125 1319 3451 1376 inclinandus

1877 1413 2064 1458 eorum
2089 1402 2387 1460 voluntates
2429 1420 2747 1476 quocunque
2782 1407 3028 1471 voluerit,
3053 1408 3168 1463 sive
3205 1410 3269 1463 ad
3311 1410 3448 1465 bona
3555 1406 3558 1409 ’

1876 1505 1974 1561 pro
1995 1506 2089 1548 sua
2117 1493 2504 1563 misericordia,
2525 1498 2641 1551 sive
2663 1496 2730 1551 ad
2746 1498 2880 1551 mala
2905 1513 2997 1567 pro
3013 1499 3215 1555 meritis
3237 1516 3444 1568 eorum,

1870 1579 2286 1654 judicioutique
2306 1597 2405 1639 suo
2430 1584 2713 1654 aliquando
2732 1598 2938 1654 aperto,
2956 1587 3240 1655 aliquando
3265 1591 3446 1644 oeci-l-

1877 1681 1952 1735 to,
1978 1686 2194 1747 semper
2217 1683 2395 1731 autem
2421 1676 2584 1745 justo.
2626 1676 2815 1731 Fixum
2845 1677 2987 1732 enim
3033 1678 3191 1733 debet
3231 1695 3354 1734 esse
3391 1689 3444 1734 et

210 1750 674 1843 talenfapostolus
716 1750 904 1846 Petrus
942 1750 1176 1826 nondum
1224 1770 1428 1835 habuit,
1459 1769 1673 1838 quando
1701 1750 1847 1839 ιί-’Β
1874 1761 2144 1818 immobile
2189 1764 2241 1818 in
2289 1764 2451 1818 corde
2504 1774 2703 1829 vestro,
2751 1767 2874 1834 quia
2926 1780 3029 1820 non
3070 1779 3152 1820 est
3194 1769 3442 1835 iniquitas

211 1874 369 1917 more
396 1861 677 1915 Dominum
699 1868 781 1916 ter
814 1859 1050 1931 negavit.
1075 1859 1257 1914 Timor
1285 1857 1428 1914 enim
1468 1871 1571 1911 non
1608 1867 1688 1912 est
1721 1859 1774 1913 in

205 1949 508 2018 charitate,
535 1949 674 2005 sicut
709 1951 781 2004 ait
810 1947 1044 2006 Joannes
1083 1950 1405 2019 evangelista
1453 1949 1505 2003 in
1541 1948 1774 2015 Epistula

203 2051 330 2109 sla,
353 2038 463 2109 sed
492 2039 729 2109 perfecta
758 2031 994 2095 cbaritas
1030 2039 1173 2094 foras
1211 2038 1373 2094 mittit
1410 2040 1692 2104 timorem;
1720 2047 1774 2093 et

209 2136 416 2197 amen,
453 2129 708 2203 quamvis
755 2143 918 2200 parva
962 2138 1018 2184 et
1071 2129 1400 2199 imperfecta,
1444 2143 1549 2183 non
1588 2127 1774 2184 deerat

205 2217 428 2288 qundo
452 2217 667 2274 dicebat
703 2217 928 2273 Domino
959 2236 973 2272 :
1003 2218 1246 2273 Animam
1275 2232 1445 2273 meam
1474 2231 1569 2286 pro
1599 2224 1650 2272 te
1680 2231 1773 2286 po-

207 2321 334 2363 nant
349 2323 371 2364 :
400 2307 621 2377 putabat
643 2308 786 2363 enim
810 2322 871 2364 se
897 2322 1056 2377 posse
1078 2309 1217 2377 quod
1239 2321 1298 2363 se
1325 2307 1461 2363 velle
1487 2305 1769 2370 sentiebat,

205 2403 266 2452 et
289 2393 416 2467 quis
435 2395 613 2462 istam,
633 2396 736 2452 etsi
781 2411 1021 2468 parvam,
1038 2397 1166 2452 dare
1180 2406 1411 2466 coeperat
1432 2387 1767 2462 citat-uatem,

205 2482 316 2539 nisi
339 2481 550 2555 ille'qui
578 2469 842 2556 praeparat
855 2485 1200 2552 voluntatem,
1217 2493 1269 2540 et
1291 2488 1628 2554 conpetando
1648 2500 1768 2554 per-

204 2573 321 2630 Ieit
342 2574 485 2645 quod
506 2576 777 2644 operando
803 2577 990 2646 incipit
1006 2616 1023 2643 ,
1045 2577 1295 2647 quoniam
1324 2577 1440 2648 ipse
1469 2586 1524 2656 ut
1548 2577 1768 2632 velimus

205 2672 463 2734 operatur
488 2664 769 2737 incipiens,
798 2668 887 2736 qui
914 2667 1229 2726 volentibus.
1259 2675 1580 2737 cooperatur
1610 2666 1778 2748 perii:

205 2754 385 2812 eieil?
417 2754 642 2825 Propter
665 2757 805 2827 quod
827 2759 899 2812 ait
929 2757 1212 2828 Apostolus
1240 2775 1256 2814 :
1288 2757 1610 2814 Certussum
1631 2770 1766 2828 quo-

205 2844 354 2900 nia-
382 2845 473 2914 qui
498 2855 750 2916 oprratur
777 2848 828 2902 in
859 2849 1010 2904 vobis
1028 2863 1163 2919 opus
1191 2846 1769 2918 bonum,periicietus-

205 2948 319 3006 quo
348 2935 407 2991 in
430 2936 574 2992 diem
610 2936 739 2994 Jesu
781 2938 1000 2994 Christi.
1030 2938 1096 2995 Ut
1117 2955 1245 3010 ergo
1269 2939 1514 3004 velimus,
1541 2939 1657 2994 sine
1672 2952 1768 2992 no-

202 3023 294 3081 bis
313 3033 601 3096 operatur;
632 3043 753 3083 eum
780 3037 955 3083 autem
983 3029 1246 3096 volumus,
1269 3040 1319 3084 et
1342 3029 1417 3084 sic
1443 3029 1684 3084 volumus
1709 3037 1766 3083 ut

1873 1851 2011 1921 apud
2042 1852 2206 1906 Deum
2233 1868 2249 1916 ;
2279 1868 2341 1907 ac
2371 1869 2467 1922 per
2496 1853 2596 1907 hoc
2619 1855 2833 1920 quando
2855 1855 3024 1923 legitis
3053 1857 3104 1910 in
3134 1855 3443 1911 litteris've-

1873 1941 2041 1997 ritatis
2067 1957 2097 1997 a
2123 1943 2234 1998 Deo
2257 1943 2436 1999 seduci
2465 1943 2724 2006 homines,
2755 1952 2846 1999 aut
2875 1944 3114 2015 obtundi,
3145 1949 3226 2019 vel
3269 1949 3443 2001 obdu-

1871 2034 1976 2089 rari
2003 2033 2167 2090 corda
2196 2049 2406 2104 eorum,
2436 2036 2600 2092 nolite
2633 2036 2877 2092 dubitare
2928 2039 3264 2106 praecessisse
3302 2040 3439 2094 mula

1870 2127 2059 2182 merita
2080 2141 2290 2192 eorum,
2314 2127 2528 2197 utjuste
2549 2129 2648 2182 ista
2679 2123 3002 2196 paterentur,
3053 2143 3120 2183 ne
3155 2115 3441 2185 incurratis

1869 2215 1923 2271 in
1943 2215 2071 2271 illud
2103 2217 2754 2286 proverbiumSalotnouis
2781 2217 3122 2286 :lnsipientia
3145 2218 3244 2274 viri
3275 2219 3439 2275 vlulat

1847 2303 1981 2361 .vias
2007 2317 2162 2371 e,us;
2202 2303 2367 2360 Deum
2395 2313 2571 2360 autem
2602 2321 2849 2361 causatur
2872 2305 2924 2361 in
2960 2308 3122 2362 corde
3147 2322 3265 2363 suo.
3293 2306 3437 2363 Gra-

1869 2396 1944 2450 tia
1970 2410 2100 2450 vero
2130 2411 2234 2450 non
2258 2397 2547 2452 secundum
2579 2398 2763 2453 merita
2795 2399 3067 2453 hominum
3097 2401 3273 2467 datur,
3304 2383 3436 2458 alio-

1868 2482 1994 2552 quin
2023 2482 2190 2555 gratia
2211 2483 2322 2554 jam
2349 2500 2452 2540 non
2472 2495 2555 2540 est
2577 2487 2766 2555 gratia,
2796 2487 2915 2558 quia
2936 2488 3053 2543 ideo
3080 2482 3245 2558 gratia
3277 2489 3434 2546 vnea-

1823 2631 1830 2660 ί
1869 2578 1985 2637 tur,
2021 2573 2142 2643 quia
2162 2577 2325 2644 gratis
2351 2575 2527 2631 datur.
2562 2574 2619 2632 Si
2644 2584 2819 2632 autem
2840 2589 3022 2649 potens
3048 2591 3154 2650 est,
3198 2581 3315 2637 sive
3343 2598 3434 2654 per

1866 2663 2085 2734 angelos
2112 2663 2303 2729 honos,
2332 2668 2445 2723 sive
2477 2682 2570 2729 ter
2609 2665 2799 2735 malos,
2829 2669 2940 2726 sive
2967 2668 3279 2743 quecunque
3326 2673 3434 2729 alio

1867 2753 2049 2822 modo,
2076 2757 2288 2827 operari
2316 2764 2481 2814 etiam
2511 2760 2564 2815 in
2589 2752 2842 2835 cordibus
2863 2758 3150 2830 "malorum,
3180 2780 3275 2834 pro
3319 2780 3435 2822 tue-
3497 2817 3499 2819 .

1867 2845 1985 2900 ritis
2009 2859 2193 2901 eorum
2222 2862 2451 2917 quorum
2478 2850 2730 2905 malitiam
2757 2867 2862 2905 non
2894 2851 3009 2919 ipse
3038 2852 3180 2920 fecit,
3214 2847 3309 2911 sed
3337 2860 3431 2913 'ant

1865 2936 2191 3007 originaliter
2218 2947 2384 2994 tracta
2412 2947 2493 2994 est
2518 2939 2586 2995 ah
2611 2939 2796 3007 Adam,
2824 2951 2915 2996 aut
2956 2942 3127 3004 crevit
3170 2957 3264 3012 per
3306 2943 3432 3014 prd-

1865 3027 2033 3097 priam
2062 3027 2424 3093 voluntatem;
2453 3029 2577 3102 quid
2606 3021 2802 3086 mirum
2825 3039 2908 3086 est
2935 3032 2979 3086 si
3015 3029 3127 3102 'per
3169 3033 3427 3104 Spiritum

200 3113 485 3186 heia-ns,
507 3116 783 3197 nobiscum
809 3129 1146 3189 cooperatur,
1190 3129 1364 3175 tamen
1403 3120 1521 3174 siue
1560 3118 1650 3174 illo
1678 3117 1760 3174 vel
1787 3121 1836 3184 ο
1863 3124 2104 3171 sanctum
2119 3126 2371 3185 operatur
2395 3117 2448 3173 in
2473 3115 3250 3176 eordibuselectorumsuortitn
3265 3115 3427 3189 bona,

199 3215 460 3273 Opunte
486 3216 546 3262 ut
563 3208 820 3275 velimus,
849 3209 932 3265 vel
961 3218 1283 3278 cooperante
1314 3219 1368 3263 ut
1405 3207 1577 3284 [cum]
1606 3210 1758 3265 voln-

202 3306 351 3358 ιιι..
379 3294 448 3349 ad
476 3294 616 3352 bona
647 3297 860 3367 pietatis
883 3312 1048 3368 opera
1076 3298 1208 3353 nihil
1239 3301 1494 3354 valemus.
1531 3301 1604 3357 De
1632 3318 1760 3372 ope.

200 3388 360 3436 rante
382 3379 474 3437 illo
503 3390 563 3437 ut
583 3382 812 3439 velimus
837 3381 1038 3439 dictum
1069 3395 1152 3440 est
1183 3402 1197 3437 :
1231 3385 1368 3441 Deus
1399 3396 1480 3441 est
1507 3387 1647 3443 enim
1670 3390 1758 3459 qui

199 3476 456 3538 operatur
485 3471 538 3526 in
558 3471 730 3539 vobis,
755 3480 812 3528 et
837 3473 972 3529 velle
998 3489 1014 3539 ;
1044 3473 1113 3529 de
1140 3483 1460 3543 cooperante
1497 3476 1612 3542 illo,
1636 3492 1756 3534 cum

200 3556 328 3643 iam
348 3561 592 3617 volumus
626 3571 681 3618 et
715 3563 944 3619 volendo
991 3563 1218 3620 facimus
1249 3582 1263 3620 :
1293 3559 1534 3632 Scimus,
1567 3568 1757 3639 inquit,

108 3650 110 3656 ’
199 3653 453 3722 quoniam
498 3655 836 3724 diligentibus
882 3655 1048 3710 Deum
1094 3656 1272 3712 nuntia
1315 3669 1667 3729 cooperantur
1703 3658 1759 3715 in

202 3744 427 3801 ιοιιιιιιι.
444 3745 581 3813 Quid
611 3757 697 3802 est
715 3747 928 3813 Omnia,
943 3747 1043 3803 nisi
1056 3759 1108 3804 et
1128 3747 1270 3819 ipsas
1289 3749 1551 3804 terribiles
1567 3764 1761 3804 ωηε-

199 3856 309 3910 que
346 3842 666 3912 passiones?
691 3844 900 3898 sarcina
937 3843 1130 3914 quippe
1170 3845 1282 3910 illa,
1310 3859 1430 3914 qute
1461 3843 1757 3900 infirmitati

200 3931 384 4000 gravis
411 3941 514 3996 est,
547 3930 931 3987 ievis'eflicitur
951 3932 1220 3988 cbaritati.
1247 3932 1464 3988 Talibus
1492 3934 1632 3986 enim
1657 3933 1759 3986 Do-

198 4020 380 4091 snilus
402 4019 535 4075 dixit
553 4034 673 4075 esse
694 4034 845 4081 suam
867 4022 1126 4076 sarcinam
1158 4022 1349 4087 levem,
1372 4021 1542 4091 qualis
1574 4022 1758 4077 Petrus

201 4105 304 4164 iuit
319 4107 534 4179 quando
563 4093 750 4178 passus
779 4117 863 4164 est
907 4124 1002 4179 pro
1038 4107 1274 4176 Christo,
1312 4125 1416 4165 non
1458 4111 1625 4180 qualis
1662 4110 1759 4168 fuit

201 4196 412 4269 quando
433 4198 644 4267 negavit
665 4197 954 4253 Christum.
979 4197 1137 4254 istam
1151 4200 1484 4266 claritatem,
1503 4201 1553 4256 id
1570 4210 1652 4256 est
1680 4201 1759 4256 di-

201 4285 327 4342 τί..
382 4299 566 4340 amore
608 4285 1037 4341 ardentissimatn
1084 4287 1430 4353 voluntatem,
1483 4303 1756 4344 commen—

201 4372 337 4430 dans
364 4375 647 4443 Apostolus
673 4377 835 4432 dicit:
867 4376 996 4447 Quis
1024 4392 1121 4434 nos
1151 4379 1416 4449 separabit
1441 4395 1470 4433 a
1492 4381 1755 4437 charitate

201 4462 448 4522 Mli!
473 4473 580 4524 etc.

334 4568 337 4571 -
747 4537 968 4594 CAPUT
996 4536 1213 4595 CCXCI.
1321 4577 1326 4582 ι

205 4623 360 4696 Quod
381 4625 556 4682 cordis
598 4627 859 4682 indurauit:
893 4629 1289 4698 praecedentibus
1335 4629 1483 4684 malis
1536 4630 1648 4700 ﬁat,
1697 4630 1761 4686 ea:

802 4703 977 4751 eodem
1002 4700 1146 4753 libro.

277 4804 546 4876 Scriptum
574 4807 721 4870 estin
744 4805 1036 4863 Proverbio
1061 4808 1406 4884 {Proverbiis}
1426 4810 1758 4871 Salomonis:

202 4894 611 4964 Situ-impetus
633 4910 803 4968 aqua,
830 4898 907 4952 sic
928 4912 1022 4953 cor
1051 4901 1188 4968 regis
1215 4901 1264 4954 in
1293 4917 1449 4956 manu
1477 4904 1597 4969 Dei;
1622 4919 1757 4973 quu-

202 4997 413 5056 cunque
437 4986 664 5041 voluerit
689 4987 1118 5044 inclinabitillud.
1149 4990 1281 5046 Etin
1308 4994 1512 5061 psalmo
1537 5009 1622 5057 etv
1649 4994 1758 5050 dic-

204 5084 314 5129 tum
341 5085 424 5131 est
449 5076 520 5130 de
538 5075 800 5148 Egyptiis
820 5071 942 5146 quid
958 5080 1037 5133 eis
1056 5078 1234 5134 fecerit
1258 5081 1394 5137 Deus
1414 5100 1425 5135 :
1453 5082 1519 5137 Et
1537 5097 1760 5139 conver-

209 5161 276 5217 tit
299 5177 396 5217 enr
419 5177 641 5230 eorum,
673 5175 730 5224 ut
754 5166 993 5221 odissent
1022 5168 1270 5236 populum
1316 5170 1453 5241 eius,
1478 5181 1532 5228 et
1579 5173 1755 5229 dolum

202 5249 438 5307 [acuent
479 5251 532 5306 in
559 5268 742 5310 servos
770 5255 908 5324 ejus.
940 5255 994 5309 in
1040 5256 1228 5313 litteris
1265 5261 1425 5314 etiam
1453 5263 1757 5333 apostolicis

200 5338 378 5394 videte
399 5355 520 5410 qua
547 5345 741 5411 scripta
775 5354 918 5413 sunt,
946 5353 1002 5399 ut
1023 5345 1075 5398 in
1105 5345 1338 5414 Epistula
1369 5349 1516 5404 Pauli
1545 5360 1758 5421 apostoo

199 5428 237 5484 li
261 5429 329 5484 ad
351 5431 647 5489 Romanos:
676 5434 958 5504 Propterea
991 5435 1202 5491 tradidit
1252 5435 1371 5494 illus
1401 5438 1539 5496 Deus
1569 5442 1620 5496 ιιι
1663 5444 1758 5498 de-

201 5521 596 5578 sideriaeordis
634 5540 844 5591 eotum,
888 5527 939 5580 in
985 5528 1407 5595 immunditiam;
1437 5531 1559 5586 item
1605 5532 1756 5602 paulo

204 5619 329 5677 post
357 5605 390 5665 ε’
433 5612 720 5682 Proxima
781 5617 996 5672 tradidit
1041 5615 1164 5672 illos
1212 5620 1428 5674 Deusin
1479 5625 1754 5690 passiones

203 5697 536 5769 imminit;
560 5704 684 5760 item
715 5707 876 5775 paulo
911 5717 1063 5780 post:
1089 5708 1246 5765 Sicut.
1266 5723 1370 5766 non
1401 5712 1754 5783 probaverunt

1859 3202 1950 3273 qui
1977 3214 2235 3275 operatus
2257 3215 2338 3261 est
2363 3215 2420 3261 ut
2439 3205 2551 3276 ipsa
2583 3208 2743 3263 corda
2771 3217 2952 3264 essent
2978 3224 3043 3264 ea
3077 3211 3230 3264 malis
3255 3207 3424 3267 bona:

1857 3291 1951 3348 sed
2007 3289 2350 3362 suspicentur
2397 3295 2642 3352 homines
2681 3297 2816 3365 qutel
2841 3297 2928 3352 bet
2972 3303 3027 3353 et
3068 3301 3252 3354 merita
3288 3300 3425 3356 bona

1857 3371 1976 3461 qua
1985 3375 2174 3459 putant
2195 3385 2492 3453 praecedere
2509 3397 2564 3440 ut
2577 3385 2933 3456 justlﬁceutttr
2947 3403 3041 3459 per
3055 3390 3145 3445 Dei
3166 3393 3390 3461 gratiam
3401 3438 3416 3460 ,

1858 3459 1964 3553 non
1992 3473 2351 3543 intelligentes
2376 3471 2494 3532 cum
2517 3477 2620 3534 hoc
2645 3477 3005 3544 dicunt,'niltil
3038 3459 3425 3556 aliud-[dicere]

1857 3579 2015 3632 quam
2047 3579 2323 3636 negarese
2346 3568 2594 3639 gratiam,
2631 3568 2755 3637 sed,
2783 3578 2841 3624 ut
2888 3569 3022 3634 disi,
3057 3571 3207 3636 uuod
3241 3574 3426 3628 volunt
3542 3570 3545 3572 ’

1860 3652 1928 3731 de
1951 3652 2242 3722 majoribus
2268 3658 2608 3726 suspicentur
2622 3657 2691 3712 de
2717 3658 2971 3727 parvulis?
2985 3645 3142 3716 Certe
3161 3657 3427 3731 Pet-gitti“

1859 3730 1986 3812 quid
2015 3745 2372 3814 respondeant
2397 3762 2504 3802 non
2533 3747 2828 3815 inveniunt,
2856 3765 3079 3818 quorum
3112 3765 3208 3807 nec
3231 3730 3426 3806 volun-

1860 3840 1941 3888 tas
1970 3833 2071 3888 ulla
2093 3844 2176 3890 est
2198 3835 2251 3890 in
2280 3837 2586 3907 accipienda
2610 3840 2798 3910 gratia,
2822 3840 2971 3908 cujus
2997 3841 3284 3898 voluntatis
3313 3858 3424 3899 me-

1859 3923 2017 3976 ritum
2049 3926 2387 3995 praecessisse
2414 3926 2616 3990 dicant,
2644 3937 2697 3981 et
2723 3927 2940 3994 insuper
2968 3944 3059 3982 eos
3110 3912 3422 4004 etiatu'cutn

1860 4009 1985 4065 ﬂetu
2016 4011 2262 4069 reluctari
2289 4013 2531 4070 videmus
2554 4014 2766 4084 quando
2793 4015 3124 4083 baptizantur
3146 4024 3200 4072 et
3244 4017 3420 4072 divina

1856 4098 2185 4156 sacramenta
2219 4094 2540 4175 percipiunt,
2565 4104 2705 4172 quod
2732 4103 2812 4172 eis
2834 4105 2899 4158 ad
2941 4119 3186 4173 magnum
3233 4106 3421 4174 impie-

1857 4188 1978 4242 tatis
2007 4197 2277 4258 peccatum
2324 4191 2698 4262 imputaretur.
2741 4192 2787 4248 si
2829 4191 2938 4263 jam
2987 4194 3153 4249 libero
3195 4194 3420 4252 arbitrio

1856 4285 2146 4335 uterentur.
2164 4281 2228 4335 Et
2241 4288 2415 4337 tamen
2433 4280 2607 4338 haeret
2619 4283 2775 4336 etiam
2790 4283 2840 4336 in
2855 4281 3233 4338 reluctantibus
3248 4285 3415 4354 gratia

1857 4370 2373 4440 apertissime,nullo
2402 4371 2543 4427 bono
2573 4373 2764 4429 merito
2796 4373 3155 4441 praecedente;
3186 4378 3416 4446 alioquin

1784 4467 1839 4528 ι)
1864 4460 2028 4528 gratia
2045 4459 2156 4530 jam
2188 4475 2292 4516 non
2321 4469 2466 4517 esset
2486 4462 2677 4534 gratia,
2706 4470 2760 4517 et
2779 4462 3060 4533 aliquando
3087 4464 3208 4520 lliiis
3237 4464 3421 4521 inﬁde-

1864 4546 1990 4602 lium
2022 4557 2302 4618 presutur
2341 4554 2454 4606 hec
2476 4551 2664 4622 gratia,
2696 4566 2815 4607 cum
2845 4554 3049 4607 occulta
3105 4553 3196 4609 Dei
3245 4558 3417 4624 provi-

1863 4637 2045 4695 dentia
2096 4641 2148 4694 in
2178 4639 2422 4697 manibus
2473 4641 2680 4711 piorum
2724 4641 3202 4714 quomodocunque
3237 4658 3418 4715 perve-

1844 4728 2042 4796 niunt;
2071 4730 2359 4802 aliquando
2380 4731 2470 4788 lilii
2485 4733 2714 4789 fidelium
2737 4749 2842 4789 non
2863 4748 2980 4789 eam
2998 4749 3412 4806 consequuntur,

1845 4820 2040 4892 aliquo
2067 4821 2446 4893 impedimento
2475 4825 2735 4892 existente
2759 4839 2826 4880 ne
2859 4824 3024 4895 possit
3074 4825 3420 4898 periclitanti.

1861 4909 1960 4966 bus
1985 4911 2278 4969 subveniri.
2312 4913 2472 4970 Fiunt
2498 4929 2623 4970 vero
2649 4915 2746 4970 ista
2777 4929 2872 4986 per
2896 4917 3154 4970 occuttam
3177 4914 3267 4969 Dei
3297 4928 3419 4983 pro-
3495 4916 3501 4921 ’

1862 4998 2168 5067 videntium,
2191 5003 2340 5074 cujus
2357 5001 2711 5060 inscrutabilia
2732 5013 2853 5060 sunt
2874 5003 3093 5073 judicia,
3121 5011 3173 5058 et
3198 5004 3418 5058 investi-

1861 5105 1894 5160 g
1928 5089 2060 5146 biles
2106 5091 2208 5147 vite
2259 5093 2376 5164 ejus
2402 5094 2582 5164 :quod
2608 5103 2665 5148 ut
2692 5094 2972 5161 Apostolus
3016 5091 3246 5157 diceret,
3291 5093 3416 5161 quid

1860 5179 2162 5249 prteiliterit
2184 5181 2458 5240 intuemini
2485 5199 2500 5236 ι
2527 5181 2712 5256 agebat
2738 5183 2878 5238 enim
2907 5180 2972 5236 de
2995 5179 3189 5235 Judacia
3207 5187 3264 5236 et
3288 5195 3417 5251 geu-

1861 5268 2020 5334 tibus,
2047 5283 2167 5324 cum
2195 5271 2453 5326 scriberet
2479 5269 2544 5326 ad
2577 5269 2861 5325 Romanos.
2891 5269 2943 5323 id
2989 5278 3068 5324 est
3116 5270 3179 5321 ad
3204 5267 3412 5338 gentes,

1859 5365 1915 5411 ct
1940 5361 2044 5432 nitt_
2062 5358 2210 5413 Sicut
2236 5357 2374 5414 enim
2392 5349 2681 5427 aliquando
2704 5372 2796 5415 vos
2820 5372 2922 5412 non
2949 5359 3251 5413 credidistis
3282 5360 3412 5425 Deo,

1851 5461 2001 5501 nunc
2037 5457 2211 5502 autem
2242 5449 2655 5506 misericordiam
2693 5450 2955 5504 consecuti
2987 5449 3118 5503 estis
3147 5445 3269 5520 [in]
3299 5448 3414 5503 illo-

1861 5552 1973 5591 rum
1995 5537 2391 5614 incredulitate;
2425 5542 2494 5594 ita
2522 5551 2571 5594 et
2601 5538 2653 5594 lii
2682 5551 2822 5594 nunc
2859 5555 2962 5591 non
2994 5539 3329 5594 credidi-runt
3362 5541 3414 5594 in

1859 5639 2088 5682 vostram
2111 5629 2555 5694 misericordiam,
2582 5638 2700 5684 utet
2722 5625 2823 5697 ipsi
2848 5626 3261 5684 misericordiam
3288 5644 3410 5685 con-

1857 5726 2168 5788 sequantur.
2193 5719 2460 5777 Conclusit
2479 5722 2620 5776 enirn
2640 5715 2779 5776 Deus
2795 5732 2980 5776 omnes
3010 5718 3061 5774 iu
3084 5719 3417 5786 iz-lidelitate,
