3904 6224
494 282 600 339 995

1561 265 1620 318 n.
1662 256 1973 317 EUGYI‘PII
2017 254 2304 310 annms
2343 238 2659 309 AFRICANI
3611 256 3700 313 oss

491 406 553 451 ut
581 393 816 449 omnium
843 388 1187 443 misereatur:
1220 390 1273 437 et
1296 370 1872 440 cumattendissctquid
1899 368 2045 421 dixe-
2081 367 2128 423 Λ
2157 369 2275 432 quia
2310 381 2410 418 non
2437 366 2534 419 crit
2560 362 2732 416 inanis
2755 360 2900 415 labor
2925 368 3117 426 vester,
3144 358 3188 415 si
3216 360 3269 413 in
3302 359 3437 415 bono
3454 368 3701 434 prepositn

498 488 585 547 rit,
636 481 901 537 admirans
956 472 1233 529 sententia:
1268 484 1374 524 sua:
1398 477 1597 523 certam
1620 462 1830 532 quidem
1864 459 2055 513 verita-

498 589 625 639 tem,
671 571 760 625 sed
808 580 1047 636 magnam
1087 561 1517 633 profunditatem,
1565 570 1687 609 mox
1738 549 2057 607 exclamavit

494 667 652 733 atque
676 664 780 715 ait:
806 660 849 713 0
880 656 1100 711 altitudo
1118 655 1413 708 divitiarum
1446 644 1718 715 sapientia:
1735 650 1790 695 ct
1816 640 2057 733 scientia:

503 724 614 809 Dei!
646 764 802 820 quam
826 744 1190 801 inscrutabilia
1222 749 1345 793 sunt
1370 736 1562 807 judicia
1586 733 1721 802 ejus,
1755 738 1810 782 et
1841 724 2059 781 investi-

496 816 697 911 gabiles
752 838 847 891 via:
878 836 1021 904 ejus!
1054 834 1175 886 Haec
1200 831 1340 883 enim
1390 823 1587 894 judicia
1620 816 1979 875 inscrutabilia
2009 821 2063 868 et

496 908 719 998 investig
740 929 887 981 tbiles
922 925 1034 978 vias
1065 919 1298 991 perversi
1328 916 1574 969 homines
1599 926 1701 964 non
1740 908 2059 975 cogitantes,

496 1031 551 1076 et
586 994 840 1088 proclives
871 1013 935 1066 ad
986 1003 1497 1077 reprehendendum,
1548 1013 1652 1051 non
1680 996 1854 1050 idonei
1895 994 1959 1047 ad
1986 994 2062 1046 iu-

498 1085 860 1177 telligendum,
887 1101 1134 1171 putabant
1159 1093 1531 1163 etjactitabant
1555 1087 1827 1157 apostolos
1850 1085 2065 1138 dicere:

499 1201 775 1257 Faciamus
804 1196 960 1256 mala,
988 1199 1043 1243 ut
1066 1190 1275 1240 veniant
1300 1184 1470 1247 bona;
1492 1179 1628 1249 quod
1660 1178 1801 1231 absit
1831 1185 1888 1229 ut
1912 1190 2068 1243 apos-

500 1291 591 1343 toli
624 1290 861 1341 dicerent
889 1299 902 1335 :
929 1280 1018 1334 sed
1053 1276 1291 1329 homines
1324 1288 1429 1324 non
1478 1266 1952 1336 intelligenteshoc
1976 1278 2070 1331 pu-

500 1384 679 1435 tabant
706 1377 831 1443 dici,
863 1372 1071 1443 quando
1094 1367 1377 1421 audiebant
1410 1361 1549 1431 quod
1581 1360 1714 1412 dixit
1744 1355 2065 1425 Apostolus:

498 1469 605 1523 Lex
666 1475 841 1519 autem
906 1456 1241 1519 subintravit,
1305 1464 1361 1507 ut
1420 1450 1711 1506 abundaret
1773 1448 2068 1512 delictum;

498 1561 585 1615 ubi
632 1568 806 1610 autem
857 1548 1142 1607 abundavit
1170 1546 1445 1606 delictum,
1483 1538 2073 1609 superabundavith-

498 1651 610 1714 tia;
656 1648 750 1702 sed
803 1644 984 1713 utique
1046 1639 1217 1710 gratia
1272 1636 1325 1690 id
1387 1633 1495 1703 agit
1540 1640 1597 1685 ut
1637 1631 1747 1701 jam
1801 1629 1928 1682 liant
1976 1630 2072 1680 bo-

2159 457 2517 526 ptoﬁcientes,
2551 454 2898 521 perseveretis
2928 466 3093 521 usque
3120 452 3175 505 in
3205 451 3385 507 ﬁnem.
3409 452 3539 507 Deus
3554 457 3699 521 enim,

2159 549 2246 616 qui
2295 546 2450 600 modo
2472 544 2577 597 illis
2606 558 2738 613 quos
2762 543 2947 597 liberat
2976 558 3078 596 non
3104 541 3279 596 reddit
3299 543 3574 595 secundum
3593 560 3702 611 ope.

2161 650 2219 689 ra
2245 648 2454 696 eorum,
2490 642 2614 687 tunc
2666 631 2854 685 reddet
2899 631 3186 699 unicuique
3233 630 3513 684 secundum
3562 646 3701 698 opm

2160 725 2294 794 ejus.
2329 724 2536 777 Reddet
2561 720 2777 773 omnino
2807 721 2946 773 Deus
2994 729 3049 774 et
3080 722 3217 773 mala
3250 736 3346 788 pro
3386 721 3551 788 malis,
3590 737 3683 787 quo

2163 815 2498 883 uiamjustus
2525 820 2627 875 cst,
2668 819 2721 863 et
2753 810 2888 863 bona
2924 824 3019 874 pro
3052 810 3228 872 malis,
3276 812 3513 877 quoniam
3559 811 3703 863 bonus

2163 913 2267 969 est,
2314 914 2366 957 et
2420 903 2555 956 bona
2607 914 2703 967 pro
2761 899 2935 963 bonis,
2999 900 3248 965 quoniam
3306 900 3469 952 bonus
3513 910 3563 953 et
3611 899 3704 966 jus-

2168 1004 2260 1058 tus,
2313 1004 2422 1058 est;
2487 990 2851 1045 tantummodo
2904 989 3035 1042 tnala
3096 1005 3191 1056 pro
3250 991 3400 1044 bonis
3450 1007 3545 1044 non
3603 991 3703 1044 red-

2167 1086 2279 1149 det,
2312 1084 2558 1153 quoniam
2589 1082 2813 1149 iujnstus
2843 1096 2945 1133 non
2972 1094 3076 1133 εει.
3106 1078 3312 1133 Reddet
3334 1095 3455 1148 ergo
3478 1081 3601 1133 mala
3625 1095 3704 1147 pro

2170 1180 2346 1243 malis,
2379 1192 2585 1246 poenam
2617 1190 2713 1243 pro
2740 1174 3016 1241 injusritia,
3040 1181 3093 1226 et
3121 1172 3307 1225 reddet
3338 1175 3464 1224 bona
3494 1188 3579 1239 pro
3610 1186 3705 1224 ina-

2170 1270 2257 1335 lis,
2286 1270 2509 1339 gratiam
2538 1280 2631 1335 pro
2661 1263 2916 1333 injuStitia
2942 1280 2955 1328 ;
2979 1271 3034 1317 et
3065 1262 3254 1317 reddet
3277 1262 3407 1316 bona
3441 1277 3529 1330 pro
3549 1262 3701 1325 bonis,

2171 1358 2394 1427 gratiam
2414 1370 2507 1425 pro
2533 1353 2723 1423 gratia.

2728 1432 2954 1489 CAPUT
2971 1432 3213 1486 CCXCIL

2178 1507 2311 1562 Bina
2332 1508 2565 1576 quendam
2589 1503 2791 1569 dividit,
2825 1502 2982 1576 Posse
3006 1519 3107 1554 non
3138 1517 3365 1576 peccare,
3385 1511 3430 1554 ct
3452 1500 3558 1576 Non
3582 1515 3705 1570 pom

2253 1565 2460 1645 peccare
2479 1575 2756 1645 ;~similiter
2781 1565 2831 1645 et
2876 1574 2937 1645 de
2965 1565 3154 1645 morte;
3198 1588 3262 1624 ea:
3291 1565 3418 1645 libro
3442 1574 3497 1624 de
3520 1565 3706 1638 Correp-

2254 1640 2387 1699 tione
2414 1654 2461 1697 et
2488 1643 2667 1697 Gratia
2692 1644 2759 1693 ad
2794 1640 3118 1694 Valentinum
3145 1651 3191 1694 et
3220 1640 3501 1693 monachos.

500 1757 567 1795 na
616 1740 683 1793 ab
723 1740 803 1793 eis
850 1738 938 1807 Qui
995 1736 1228 1788 feceram
1277 1728 1437 1793 mala.
1490 1741 1597 1781 "0“
1646 1735 1702 1778 υι
1732 1729 2075 1791 βετεθνθτεηι
2106 1723 2153 1783 Β
2250 1732 2388 1800 Quid
2442 1730 2543 1784 erit
2588 1738 2766 1783 autem
2816 1728 3035 1783 liberius
3065 1728 3232 1782 Ibero
3268 1728 3499 1793 arbitrio,
3524 1726 3707 1796 quando

502 1829 751 1890 inrualis,
782 1834 836 1879 et
861 1824 1008 1879 reddi
1040 1822 1138 1875 sibi
1185 1818 1490 1872 existiment
1537 1815 1693 1869 bona.
1736 1813 1849 1867 Non
1894 1813 2072 1880 itaque

503 1918 697 1972 debent
724 1918 923 1978 dicere,
941 1911 1217 1966 Faciamus
1242 1908 1380 1961 mala
1424 1915 1477 1958 ut
1517 1906 1732 1958 veniant
1768 1900 2067 1965 bona:sed,

505 2007 749 2064 Fecimus
764 2005 918 2068 mala,
948 2010 1003 2055 et
1023 2006 1282 2053 venerunt
1309 1998 1467 2058 bona,
1488 1996 1599 2061 jam
1626 1992 1665 2045 la
1717 2004 1884 2043 .amus
1913 1991 2069 2051 bona,

504 2107 562 2148 ut
594 2096 645 2147 in
696 2093 873 2145 futuro
916 2088 1111 2143 sreculo
1142 2085 1459 2151 recipiamus
1490 2097 1583 2150 pro
1608 2081 1762 2133 bonis
1791 2079 1948 2137 bona,
1981 2080 2069 2145 qui

504 2189 559 2241 in
616 2186 715 2238 hoc
767 2182 961 2236 saeculo
1003 2179 1285 2247 recipimus
1337 2192 1430 2243 pro
1462 2176 1613 2228 malis
1662 2175 1819 2226 bona.
1852 2171 2073 2239 Pr0pter

503 2276 641 2346 quod
673 2276 921 2342 scriptum
954 2272 1110 2326 estin
1136 2270 1367 2338 psalmo,
1399 2268 1441 2320 Μ
1470 2266 1811 2319 sericordium
1844 2273 1897 2317 et
1933 2263 2072 2328 judi-

504 2370 643 2422 cium
693 2368 916 2421 cantabo
946 2366 1061 2425 tibi,
1117 2363 1358 2415 Domine.
1395 2361 1531 2412 l't‘iw
1598 2361 1772 2425 itaque
1804 2373 1905 2408 rion
1958 2356 2073 2406 ideo

506 2458 828 2512 venitFiiins
860 2455 1085 2508 hominis
1108 2455 1155 2505 in
1187 2451 1457 2505 mundum
1492 2466 1539 2499 ’κ
1578 2450 1766 2509 imiimi
1800 2445 2070 2507 mundum,

507 2550 600 2604 sed
628 2560 678 2602 ut
710 2552 943 2601 salvetur
972 2547 1197 2599 mundus
1232 2560 1321 2611 per
1352 2543 1461 2607 ips"
1512 2562 1551 2589 ιι
1600 2576 1619 2589 η,
1650 2558 1689 2591 ιι)
1728 2548 1947 2605 propter
1978 2540 2077 2588 tui-

508 2640 845 2692 sericordunn
875 2655 885 2701 ;
918 2647 1097 2705 postea
1146 2649 1270 2687 vero
1302 2650 1393 2701 per
1418 2634 1469 2699 ju
1502 2640 1543 2681 ῑιη
1610 2652 1669 2679 vi:
1722 2646 1964 2683 maturus
1995 2639 2075 2681 est

510 2733 742 2802 judicare
770 2736 912 2782 vivos
938 2739 990 2782 et
1022 2741 1281 2780 mortuos.
1309 2725 1557 2790 Quamvis
1606 2734 1654 2775 vi
1692 2728 1735 2773 ιη
1791 2726 1889 2775 hoc
1937 2730 2074 2773 tem-

513 2837 640 2889 pore
673 2822 779 2890 ipsa
838 2820 1054 2873 salvalio
1082 2834 1184 2872 non
1219 2817 1309 2869 iiut
1335 2816 1676 2882 siuejmliuio,
1712 2818 1799 2865 RC'l
1825 2813 2073 2875 occulto;

515 2910 747 2964 idCOnit:
771 2909 1086 2977 lnjndicium
1106 2908 1223 2960 veni
1251 2908 1300 2959 in
1327 2910 1461 2958 hunc
1481 2906 1753 2963 mundum,
1780 2903 1940 2968 utqui
1970 2918 2072 2953 non

510 3000 693 3053 vident
724 2998 1099 3067 Videantetqui
1135 2998 1445 3049 videnlcmei
1468 2997 1583 3045 {iam
1634 2998 1703 3046 Ad
1730 2994 2071 3057 «ultaergo

512 3090 606 3145 Dei
635 3088 826 3158 judicia
858 3098 1124 3153 revocate,
1158 3086 1387 3156 quando'
1410 3087 1597 3137 vniam
1652 3086 1698 3135 ω

511 3196 666 3250 quam
699 3196 841 3235 certe
868 3180 1085 3244 habent,
1112 3194 1296 3232 omnes
1323 3180 1517 3244 parvuli
1550 3176 1715 3225 ξμιιιηςςδ
1736 3190 1761 3223 ti
1790 3177 1940 3223 vium
1976 3188 2077 3225 ma-

512 3274 620 3326 lum
653 3273 919 3325 trahentes
955 3286 1018 3323 ex
1063 3271 1249 3335 Adam,
1283 3268 1402 3320 huic
1450 3270 1711 3320 Sili>'-‘t‘ii.'i
1772 3280 1803 3315 π
1847 3266 2079 3331 impure-

513 3374 629 3421 tur;
664 3362 739 3414 illi
770 3378 869 3414 non
904 3358 1198 3424 subveniri,
1233 3368 1287 3411 ut
1311 3359 1361 3410 in
1386 3359 1497 3423 ipsa
1532 3358 1851 3421 obligatione
1884 3370 2075 3405 lllU!‘i:t~

513 3463 625 3506 tur:
658 3451 803 3503 illum
833 3452 1149 3518 baptilatztrtt
1182 3448 1404 3514 relinqui
1435 3449 1485 3500 in
1510 3446 1605 3497 hac
1637 3446 1761 3509 vita,
1792 3444 1893 3512 67
1921 3460 2077 3511 quem

516 3538 783 3606 prmscivit
832 3538 968 3590 Deus
997 3538 1213 3604 impium
1260 3534 1515 3596 futurum,
1552 3536 1705 3586 istum
1734 3550 1860 3585 vero
1912 3534 2079 3597 bapti-

517 3636 693 3681 zatum
726 3616 835 3694 rapi
882 3642 945 3679 ex
978 3626 1075 3679 hth
1106 3626 1232 3688 vita,
1266 3640 1330 3677 ne
1397 3624 1595 3679 malitia
1655 3632 1884 3675 mutaret
1928 3622 2085 3673 intel-

517 3720 711 3773 lectum
760 3718 908 3784 ejus:
948 3725 1002 3770 et
1048 3717 1210 3770 nolite
1247 3716 1297 3768 in
1330 3714 1445 3767 istis
1488 3714 1615 3767 dare
1660 3712 1969 3779 injustitiam
2004 3712 2083 3763 vel

517 3807 869 3875 insipientiam
900 3806 1022 3865 Deo,
1044 3804 1180 3873 apud
1202 3804 1596 3872 quemjnstitim
1628 3802 1744 3855 fons
1775 3812 1854 3855 Cal.
1903 3812 1956 3856 et
1998 3818 2086 3855 sa-

522 3898 763 3967 pientite;
796 3897 889 3950 scd
918 3896 1053 3950 sicut
1082 3909 1175 3948 vos
1202 3895 1511 3948 exhortatus
1543 3910 1656 3948 sum
1683 3894 1745 3946 ab
1776 3894 1926 3946 initio
1970 3907 2084 3945 ser-

523 3989 693 4043 monis
720 3988 894 4056 hujus,
928 3989 979 4040 in
1012 3986 1150 4055 quod
1205 3987 1539 4054 pervenisus,
1591 3985 1639 4038 in
1682 4001 1744 4038 eo
1789 3985 2085 4039 ambulate:

520 4079 696 4133 ethoc
715 4092 926 4146 quoque
964 4077 1112 4130 vobis
1134 4076 1274 4129 Deus
1312 4075 1588 4141 revelabit,
1622 4078 1719 4128 etsi
1753 4090 1854 4127 non
1897 4076 1947 4127 in
1990 4075 2088 4129 hac

520 4170 650 4232 vita,
676 4178 819 4222 certe
844 4169 894 4220 in
926 4168 1089 4221 altera
1116 4203 1130 4229 ,
1157 4167 1285 4221 nihil
1329 4178 1412 4222 est
1450 4169 1587 4221 enim
1636 4167 1899 4220 occultum
1947 4168 2086 4235 quod

522 4273 629 4313 non
659 4258 1000 4312 revelabitur.
1034 4257 1251 4323 Quando
1282 4272 1408 4326 ergo
1446 4260 1639 4311 auditis
1682 4259 1960 4311 Dominum
2004 4261 2087 4313 di-

521 4357 757 4402 centem:
792 4346 902 4416 Ego
955 4347 1209 4401 Dominus
1240 4346 1424 4400 seduxi
1459 4348 1766 4416 prophetam
1824 4349 2003 4411 illum;
2038 4362 2090 4403 et

2174 1839 2277 1879 non
2340 1822 2533 1892 poterit
2587 1822 2789 1882 servire
2844 1830 3093 1889 peccato,
3147 1835 3267 1887 qua:
3320 1819 3481 1872 futura
3524 1828 3624 1873 erat
3657 1828 3704 1872 et

2178 1914 2401 1980 homini,
2433 1916 2567 1967 sicut
2592 1913 2729 1966 facta
2752 1921 2832 1967 est
2856 1914 3057 1980 angelis
3082 1912 3301 1978 sanctis,
3327 1926 3519 1965 merces
3537 1910 3705 1963 merit!

2173 2008 2325 2061 Nunc
2371 2014 2545 2057 autem
2596 2019 2690 2073 per
2731 2013 3003 2071 peccatum
3051 2003 3258 2070 perdito
3288 2002 3423 2055 bono
3451 2010 3633 2061 tncrto,
3662 2000 3704 2051 in

2172 2100 2257 2153 his
2304 2100 2391 2168 qui
2445 2099 2736 2152 liberantur
2786 2096 2980 2151 factum
3029 2106 3111 2151 est
3154 2097 3351 2149 donum
3394 2098 3705 2164 gratia',qu:e

2174 2206 2376 2245 merces
2400 2192 2573 2244 meriti
2606 2189 2776 2241 futura
2809 2200 2944 2242 erat.
2978 2189 3311 2257 Quapropzer
3347 2188 3397 2241 bi
3422 2204 3459 2239 ia
3489 2189 3573 2241 ista
3598 2188 3705 2255 quid

2174 2287 2311 2340 inter
2357 2296 2415 2334 se
2460 2279 2705 2333 dill'erant
2749 2278 3028 2345 diligenter
3056 2286 3109 2330 et
3135 2278 3411 2345 vigilanter
3437 2280 3705 2328 intuendum

2171 2382 2255 2423 est
2288 2389 2298 2421 :
2330 2385 2484 2438 posse
2514 2384 2616 2421 non
2647 2383 2885 2437 peooare,
2917 2377 2967 2421 et
2998 2383 3102 2420 non
3132 2380 3289 2429 posse
3312 2381 3551 2436 peccare;
3578 2380 3707 2433 passa

2178 2476 2281 2514 non
2310 2460 2465 2517 mori,
2511 2468 2565 2511 ct
2594 2474 2696 2511 non
2730 2472 2881 2525 posse
2924 2456 3084 2522 mori;
3120 2458 3314 2510 bonum
3345 2471 3490 2523 posse
3517 2475 3605 2509 non
3630 2456 3708 2509 de-

2176 2564 2374 2612 serere,
2404 2547 2594 2600 bonum
2629 2562 2728 2599 non
2764 2560 2917 2613 posse
2947 2546 3214 2599 deserere.
3249 2544 3420 2598 Potuit
3461 2546 3585 2597 enim
3616 2560 3702 2595 non

2179 2654 2399 2705 pene-are
2454 2639 2651 2705 primus
2723 2633 2913 2699 homo,
2960 2637 3123 2703 potuit
3201 2651 3303 2687 non
3361 2636 3506 2695 mori,
3571 2634 3711 2701 potuit

2184 2730 2379 2781 bonum
2452 2731 2595 2777 uou'
2638 2726 2905 2778 deserere.
2985 2725 3230 2789 Nmnjuid
3300 2725 3483 2777 dltlttll
3540 2735 3709 2783 sumus,

2185 2835 2287 2872 non
2325 2819 2493 2886 potuit
2540 2830 2764 2882 peccare
2803 2818 2890 2884 qui
2936 2815 3038 2868 tale
3086 2815 3313 2868 habebat
3359 2815 3560 2868 liberum
3599 2812 3715 2866 arbi-

2182 2910 2380 2959 trium?
2403 2918 2513 2971 aut,
2544 2922 2645 2958 non
2676 2907 2841 2972 potuit
2871 2907 3003 2957 mori
3029 2906 3108 2957 cui
3127 2906 3327 2958 dictum
3354 2916 3431 2957 est
3451 2926 3461 2958 :
3484 2904 3532 2957 Si
3561 2917 3715 2971 pecca-

2180 3002 2339 3063 veris,
2386 3011 2556 3051 morte
2607 2997 2885 3051 morieris?
2918 3005 3025 3059 aut,
3061 3010 3164 3048 non
3196 3000 3365 3063 potuit
3389 3000 3566 3048 bonum
3586 2995 3716 3047 des:-

1760 3102 1859 3133 ‘I‘Tiil
1918 3096 2075 3134 Causa
2109 3069 2151 3129 Ο
2188 3106 2322 3148 rere,
2376 3106 2491 3142 cum
2529 3090 2625 3141 hoc.
2665 3088 2932 3156 peccando
2954 3087 3274 3149 deseruerit,
3307 3100 3358 3140 et
3386 3086 3498 3139 ideo
3521 3099 3717 3139 mortuus

2181 3182 2271 3234 sit?
2298 3181 2470 3233 Prima
2498 3194 2624 3247 ergo
2652 3181 2867 3231 libertas
2885 3180 3175 3231 voluntatis
3194 3188 3307 3231 erat
3331 3192 3484 3247 posse
3508 3193 3597 3230 non
3619 3190 3718 3244 pec-

2180 3287 2322 3334 citre,
2350 3274 2632 3325 novissima
2662 3276 2763 3323 erit
2789 3272 2953 3323 multo
2986 3270 3175 3338 major,
3200 3285 3307 3323 non
3338 3284 3488 3339 posse
3517 3281 3716 3337 peccare.

2194 3361 2369 3414 Prima
2428 3362 2796 3413 immortalitas
2838 3372 2951 3413 erat
2981 3374 3135 3427 posse
3167 3376 3269 3414 non
3294 3363 3448 3424 mori,
3482 3359 3719 3413 novissima

2186 3456 2289 3505 erit
2316 3452 2479 3505 multo
2510 3452 2698 3515 major,
2730 3465 2831 3502 non
2865 3463 3017 3517 posse
3047 3449 3197 3501 mori.
3229 3449 3403 3502 Prima
3430 3461 3536 3501 erat
3563 3462 3712 3516 perse-

2186 3544 2439 3596 verantia:
2466 3549 2722 3607 potestas,
2752 3541 2947 3592 bonum
2974 3553 3128 3605 posse
3156 3554 3259 3591 non
3292 3539 3550 3602 deserere,
3575 3536 3719 3588 noris-

2188 3633 2318 3686 sima
2361 3631 2460 3684 erit
2521 3630 2929 3697 perseverantiae
2959 3631 3206 3695 felicitas,
3243 3633 3435 3683 bonum
3470 3644 3562 3682 non
3591 3641 3717 3695 posse

2186 3722 2454 3776 deserere.
2482 3721 2719 3790 Nunquid
2754 3722 2873 3789 quia
2898 3730 3052 3774 erunt
3082 3722 3223 3773 bona
3253 3720 3528 3773 novissima
3556 3717 3721 3786 potiora

2196 3823 2356 3879 atque
2390 3810 2651 3881 meliora,
2688 3812 2804 3864 idco
2843 3810 3052 3865 fuerunt
3081 3810 3166 3864 illa
3194 3809 3472 3879 prima,\el
3495 3810 3637 3869 nulla,
3660 3817 3723 3869 vel

2192 3900 2387 3969 parva?
2437 3901 2667 3966 itemque
2723 3900 2832 3968 ipsa
2886 3901 3143 3968 adjutoria
3190 3899 3553 3969 diStinguenda
3588 3909 3720 3950 sunt:

2188 3988 2339 4041 aliud
2397 3987 2715 4053 adjutorium
2770 3987 2884 4041 sine
2935 4005 3037 4056 quo
3067 3988 3265 4057 aliquid
3294 4005 3397 4043 non
3431 3988 3502 4047 (it,
3535 3998 3580 4039 et
3605 3986 3645 4038 al
3668 3984 3721 4037 nd

2197 4088 2280 4132 est
2335 4078 2653 4146 adjutorium
2700 4092 2803 4146 quo
2847 4078 3044 4147 aliquid
3104 4081 3177 4132 lit.
3213 4080 3343 4134 Nam
3368 4082 3479 4134 sine
3503 4079 3724 4131 alimentis

2205 4185 2308 4222 non
2326 4183 2603 4235 possumus
2618 4170 2813 4234 vivere,
2832 4184 2929 4224 nec
2949 4183 3120 4223 tamen
3133 4185 3254 4225 cum
3268 4171 3524 4224 adfuerint
3540 4168 3722 4219 alimen-

2202 4267 2275 4323 ta,
2301 4262 2377 4311 eis
2410 4260 2463 4311 lit
2489 4268 2546 4311 ut
2573 4260 2712 4311 vivat
2745 4260 2831 4327 qui
2854 4261 2985 4313 mori
3007 4263 3252 4314 voluerit.
3289 4262 3425 4329 Ergo
3451 4258 3721 4327 adjutorium

2200 4350 2577 4403 alimentorum
2603 4360 2677 4403 est
2709 4352 2823 4404 sine
2851 4365 3074 4419 quonon
3125 4351 3183 4403 ﬁt
3215 4367 3317 4404 non
3348 4367 3452 4418 quo
3478 4352 3590 4402 [itut
3612 4349 3723 4397 riva-

525 4436 665 4505 quod
698 4436 771 4490 ait
802 4437 1119 4503 Apostolus:
1152 4436 1315 4505 Cujus
1341 4440 1451 4489 vult
1492 4437 1788 4500 miseretur,
1840 4448 1891 4491 et
1939 4456 2093 4506 quem
2126 4412 2175 4471 θ
2203 4458 2355 4505 mus;
2390 4453 2439 4494 at
2472 4458 2599 4495 vero
2650 4442 2917 4496 beatitudo
2943 4458 3099 4508 quam
3132 4459 3237 4496 non
3265 4412 3419 4497 hab-et
3442 4444 3603 4505 homo,
3628 4454 3723 4491 cum

523 4530 634 4583 vult
660 4529 913 4593 obdurat;
948 4531 997 4582 in
1030 4544 1093 4583 eo
1139 4545 1295 4598 quem
1348 4530 1529 4583 seduci
1573 4522 1829 4595 permittit
1875 4532 1955 4585 vel
2000 4533 2100 4585 ob-

524 4620 724 4684 durari,
746 4622 877 4673 mala
897 4622 1009 4689 ejus
1030 4623 1210 4675 merita
1225 4621 1448 4677 credite.
1468 4625 1521 4677 ln
1546 4636 1609 4677 eo
1630 4638 1757 4679 vero
1771 4626 1918 4692 cujus
1944 4623 2102 4678 mise-

525 4719 692 4772 retur,
708 4711 927 4779 gratiam
951 4711 1039 4764 Dei
1058 4728 1157 4765 non
1176 4713 1444 4768 reddentis
1460 4716 1593 4767 mala
1613 4731 1706 4783 pro
1720 4718 1892 4782 malis,
1909 4720 2001 4771 sed
2020 4724 2103 4772 ho-

526 4817 590 4855 na
606 4816 700 4869 pro
715 4801 864 4855 malis
888 4802 1107 4856 lideliter
1124 4805 1540 4861 etiudubitanter
1563 4810 1849 4876 agnoscite.
1868 4812 1970 4864 Nec
1986 4812 2104 4867 ideo

522 4893 775 4947 auferatis
791 4908 817 4945 a
839 4882 1343 4949 Pharaoueliberum
1364 4899 1660 4964 arbitrium,
1682 4901 1799 4969 quia
1819 4900 1998 4954 multis
2016 4904 2064 4956 lo
2080 4933 2094 4944 ~

522 4986 602 5039 cis
626 4984 943 5039 dicitDeus:
972 4984 1079 5053 Ego
1104 4985 1338 5039 induravi
1364 4990 1713 5056 Pharaonem,
1736 4993 1841 5055 vel,
1878 4991 2095 5046 Indura-

526 5075 575 5129 vi
606 5083 693 5127 aut
720 5075 977 5129 indurabo
1005 5089 1097 5129 cor
1130 5075 1451 5143 Pharaonis;
1485 5096 1588 5134 non
1620 5084 1759 5135 enim
1811 5095 2093 5151 pronterea

526 5164 641 5233 ipsa
673 5164 877 5219 Pharao
909 5180 1012 5218 non
1040 5165 1299 5220 induravit
1330 5182 1420 5221 cor
1451 5186 1633 5223 suum:
1668 5187 1787 5225 nam
1814 5182 1870 5225 el.
1899 5173 1997 5227 hoc
2028 5175 2093 5228 de

527 5254 618 5307 illo
640 5253 847 5321 legitur,
880 5254 1089 5323 quando
1120 5254 1291 5321 ablata
1326 5265 1404 5308 est
1432 5258 1496 5310 ab
1513 5259 1774 5329 Egyptiis
1802 5263 2086 5334 κυνάμυια,

526 5346 733 5399 dicente
762 5345 1035 5413 Scriptura
1070 5364 1081 5399 :
1109 5346 1180 5425 ’Et
1211 5348 1504 5418 ingravavit
1553 5350 1763 5405 Pharao
1794 5370 1886 5407 cor
1917 5370 2091 5419 Suum,

528 5446 580 5487 et
612 5436 662 5489 in
691 5436 791 5490 isto
823 5448 1079 5505 tempore,
1113 5449 1165 5494 et
1192 5440 1355 5493 noluit
1385 5442 1649 5495 dimittere
1692 5445 1939 5511 populum
1968 5463 1983 5509 ;
2031 5460 2093 5499 ac

532 5539 621 5590 per
654 5525 749 5579 hoc
776 5537 827 5581 et
859 5527 994 5580 Deus
1018 5528 1278 5584 induravit
1309 5546 1400 5598 per
1423 5532 1619 5599 justum
1641 5531 1920 5601 judicium,
1940 5551 1987 5590 et
2014 5536 2093 5602 ip-

532 5632 589 5669 se
620 5615 820 5671 Pharao
844 5617 985 5689 jperj
1008 5620 1229 5675 liberum
1261 5622 1555 5677 arbitrium.
1584 5622 1727 5677 Certi
1759 5642 1884 5694 ergo
1920 5638 2092 5683 estote

2204 4531 2324 4584 data
2358 4533 2537 4599 fuerit,
2569 4534 2821 4585 continuo
2849 4533 2903 4585 llt
2925 4532 3132 4585 beatus.
3176 4532 3498 4601 Adjutorium
3518 4539 3589 4583 est
3612 4527 3721 4580 enim

2208 4640 2309 4676 non
2356 4624 2527 4677 solum
2578 4625 2693 4679 sine
2746 4639 2849 4691 quo
2904 4639 3007 4676 non
3061 4622 3135 4685 ﬁt,
3184 4638 3367 4677 verum
3396 4624 3542 4678 etiarn
3570 4622 3725 4689 qn-li.

2209 4726 2423 4782 pr0pter
2464 4717 2600 4781 quod
2644 4719 2818 4771 datur.
2864 4718 3196 4784 Quapropter
3248 4716 3350 4770 hoc
3378 4716 3725 4783 adjutoriumet

2210 4818 2315 4871 quo
2346 4805 2397 4856 [it
2421 4814 2519 4868 cst,
2558 4815 2608 4859 et
2644 4810 2758 4858 sine
2789 4820 2892 4873 quo
2918 4822 3020 4860 non
3052 4807 3129 4871 lit,
3163 4806 3288 4876 quia
3318 4816 3370 4859 et
3398 4808 3437 4860 si
3458 4806 3566 4859 data
3601 4801 3724 4854 fuerit

2210 4893 2413 4946 homini
2442 4896 2731 4960 beatitudo,
2766 4896 3017 4950 continuo
3046 4897 3103 4949 lit
3127 4900 3333 4963 beatus;
3361 4908 3411 4951 et
3432 4896 3473 4950 si
3492 4896 3595 4949 data
3616 4909 3723 4945 nun-

2201 5001 2358 5053 quam
2394 4988 2567 5052 l‘uerit,
2585 5002 2850 5054 nunquam
2869 4990 2991 5043 erit.
3029 4990 3297 5042 Alimenta
3319 5005 3439 5041 vero
3461 5004 3552 5041 non
3572 4997 3721 5038 mnst-

2201 5086 2430 5145 quenter
2476 5076 2674 5130 faciunt
2713 5087 2768 5130 ut
2815 5078 2970 5131 homo
2998 5077 3164 5139 vivat,
3206 5078 3297 5130 sed
3333 5087 3495 5129 tamen
3521 5075 3618 5128 sine
3644 5072 3720 5121 itis

2203 5184 2306 5221 non
2359 5176 2529 5235 potest
2580 5172 2779 5223 vivere.
2830 5168 3008 5223 Primo
3056 5169 3232 5237 itaque
3262 5168 3474 5229 homini,
3505 5164 3581 5231 qui
3608 5164 3649 5213 in
3671 5174 3720 5211 en

2204 5260 2342 5313 bono
2363 5276 2468 5329 quo
2494 5260 2657 5314 lactus
2678 5268 2794 5315 erat
2819 5269 2995 5315 rectus
3021 5270 3295 5327 acceperat
3339 5272 3486 5327 posse
3510 5270 3599 5308 non
3625 5265 3714 5319 per-

2206 5369 2345 5417 care,
2406 5368 2561 5421 posse
2625 5369 2730 5408 non
2780 5353 2937 5415 mori,
2992 5367 3145 5421 posse
3199 5353 3366 5419 ipsum
3422 5351 3598 5403 bonum
3638 5353 3715 5394 aen

2206 5444 2470 5508 deserere,
2520 5442 2698 5496 datum
2728 5454 2811 5497 est
2848 5441 3173 5511 adjutorium
3204 5438 3614 5510 perseverantiae,
3637 5443 3715 5483 ιω

2204 5550 2308 5603 quo
2367 5535 2517 5591 lieret
2540 5544 2596 5589 ut
2628 5544 3015 5603 perseveraret,
3045 5533 3137 5587 sed
3169 5533 3282 5588 sine
3306 5548 3407 5602 quo
3428 5546 3515 5601 per
3538 5527 3714 5583 libertiIl

2205 5626 2481 5683 arbitrium
2510 5643 2852 5698 perseverare
2876 5640 2981 5681 non
3006 5635 3179 5695 potest
3206 5624 3442 5697 lposset].
3475 5621 3604 5676 Nunc
3621 5625 3715 5667 teni
