  <div class='ocr_page' id='page_1' title='image "/cluster/home/n/w/nwhite01/storage/ocr_20150623/61-62/uva.x000827102/1086.png"; bbox 0 0 3830 6228; ppageno 0'>
   <div class='ocr_carea' id='block_1_1' title="bbox 135 283 2220 368">
    <p class='ocr_par' dir='ltr' id='par_1_1' title="bbox 135 283 2220 368">
     <span class='ocr_line' id='line_1_1' title="bbox 135 283 2220 368; baseline -0.003 0"><span class='ocrx_word' id='word_1_1' title='bbox 135 313 225 368; x_wconf 75' lang='lat'><strong>997</strong></span> <span class='ocrx_word' id='word_1_2' title='bbox 1237 283 1639 368; x_wconf 49' lang='lat' dir='ltr'><strong>’Tnssauut</strong></span> <span class='ocrx_word' id='word_1_3' title='bbox 1661 306 1718 364; x_wconf 88' lang='lat' dir='ltr'><strong>s.</strong></span> <span class='ocrx_word' id='word_1_4' title='bbox 1761 303 1912 360; x_wconf 65' lang='lat' dir='ltr'><strong>car.</strong></span> <span class='ocrx_word' id='word_1_5' title='bbox 1956 302 2220 361; x_wconf 76' lang='lat' dir='ltr'><strong>ccxcut.</strong></span> 
     </span>
    </p>
   </div>
   <div class='ocr_carea' id='block_1_2' title="bbox 3273 288 3378 352">
    <p class='ocr_par' dir='ltr' id='par_1_2' title="bbox 3273 288 3378 352">
     <span class='ocr_line' id='line_1_2' title="bbox 3273 288 3378 352; baseline 0.01 -2"><span class='ocrx_word' id='word_1_6' title='bbox 3273 288 3378 352; x_wconf 71' lang='lat'><strong>998</strong></span> 
     </span>
    </p>
   </div>
   <div class='ocr_carea' id='block_1_3' title="bbox 132 409 3377 494">
    <p class='ocr_par' dir='ltr' id='par_1_3' title="bbox 132 409 3377 494">
     <span class='ocr_line' id='line_1_3' title="bbox 132 409 3377 494; baseline -0.002 -23"><span class='ocrx_word' id='word_1_7' title='bbox 132 421 318 476; x_wconf 73' lang='lat' dir='ltr'><strong>sanctis</strong></span> <span class='ocrx_word' id='word_1_8' title='bbox 360 422 415 476; x_wconf 89' lang='lat' dir='ltr'><strong>in</strong></span> <span class='ocrx_word' id='word_1_9' title='bbox 445 434 667 494; x_wconf 83' lang='lat' dir='ltr'><strong>regnum</strong></span> <span class='ocrx_word' id='word_1_10' title='bbox 698 418 791 473; x_wconf 81' lang='lat' dir='ltr'><strong>Dei</strong></span> <span class='ocrx_word' id='word_1_11' title='bbox 824 431 915 487; x_wconf 87' lang='lat' dir='ltr'><strong>per</strong></span> <span class='ocrx_word' id='word_1_12' title='bbox 937 418 1161 488; x_wconf 91' lang='lat' dir='ltr'><strong>gratiam</strong></span> <span class='ocrx_word' id='word_1_13' title='bbox 1192 418 1286 473; x_wconf 86' lang='lat' dir='ltr'><strong>Dei</strong></span> <span class='ocrx_word' id='word_1_14' title='bbox 1318 418 1710 487; x_wconf 71' lang='lat' dir='ltr'><strong>prmdcstinatis</strong></span> <span class='ocrx_word' id='word_1_15' title='bbox 1744 421 1786 478; x_wconf 80' lang='grc' dir='ltr'><strong>Α</strong></span> <span class='ocrx_word' id='word_1_16' title='bbox 1815 414 1973 467; x_wconf 85' lang='lat' dir='ltr'><strong>etiam</strong></span> <span class='ocrx_word' id='word_1_17' title='bbox 2023 411 2436 481; x_wconf 67' lang='lat' dir='ltr'><strong>perseveraturis</strong></span> <span class='ocrx_word' id='word_1_18' title='bbox 2481 412 2679 468; x_wconf 83' lang='lat' dir='ltr'><strong>sanctis</strong></span> <span class='ocrx_word' id='word_1_19' title='bbox 2706 410 2785 470; x_wconf 89' lang='lat' dir='ltr'><strong>sic</strong></span> <span class='ocrx_word' id='word_1_20' title='bbox 2810 410 2908 467; x_wconf 90' lang='lat' dir='ltr'><strong>ista</strong></span> <span class='ocrx_word' id='word_1_21' title='bbox 2933 409 3200 474; x_wconf 89' lang='lat' dir='ltr'><strong>dicuntur,</strong></span> <span class='ocrx_word' id='word_1_22' title='bbox 3226 424 3377 479; x_wconf 80' lang='lat' dir='ltr'><strong>quasi</strong></span> 
     </span>
    </p>
   </div>
   <div class='ocr_carea' id='block_1_4' title="bbox 132 510 1705 584">
    <p class='ocr_par' dir='ltr' id='par_1_4' title="bbox 132 510 1705 584">
     <span class='ocr_line' id='line_1_4' title="bbox 132 510 1705 584; baseline -0.004 -17"><span class='ocrx_word' id='word_1_23' title='bbox 132 526 225 567; x_wconf 88' lang='lat' dir='ltr'><strong>non</strong></span> <span class='ocrx_word' id='word_1_24' title='bbox 253 515 353 568; x_wconf 90' lang='lat' dir='ltr'><strong>tale</strong></span> <span class='ocrx_word' id='word_1_25' title='bbox 378 513 703 584; x_wconf 85' lang='lat' dir='ltr'><strong>adjutorium</strong></span> <span class='ocrx_word' id='word_1_26' title='bbox 737 511 1146 578; x_wconf 65' lang='lat' dir='ltr'><strong>perseverantiae</strong></span> <span class='ocrx_word' id='word_1_27' title='bbox 1181 510 1357 576; x_wconf 88' lang='lat' dir='ltr'><strong>datur,</strong></span> <span class='ocrx_word' id='word_1_28' title='bbox 1394 511 1486 566; x_wconf 91' lang='lat' dir='ltr'><strong>sed</strong></span> <span class='ocrx_word' id='word_1_29' title='bbox 1520 511 1621 564; x_wconf 87' lang='lat' dir='ltr'><strong>tale</strong></span> <span class='ocrx_word' id='word_1_30' title='bbox 1650 516 1705 563; x_wconf 94' lang='grc' dir='ltr'><strong>ιιι</strong></span> 
     </span>
    </p>
   </div>
   <div class='ocr_carea' id='block_1_5' title="bbox 130 602 1705 675">
    <p class='ocr_par' dir='ltr' id='par_1_5' title="bbox 130 602 1705 675">
     <span class='ocr_line' id='line_1_5' title="bbox 130 602 1705 675; baseline -0.002 -14"><span class='ocrx_word' id='word_1_31' title='bbox 130 608 201 661; x_wconf 87' lang='lat' dir='ltr'><strong>eis</strong></span> <span class='ocrx_word' id='word_1_32' title='bbox 243 606 640 675; x_wconf 72' lang='lat' dir='ltr'><strong>perseverantia</strong></span> <span class='ocrx_word' id='word_1_33' title='bbox 679 605 792 671; x_wconf 91' lang='lat' dir='ltr'><strong>ipsa</strong></span> <span class='ocrx_word' id='word_1_34' title='bbox 841 604 1097 669; x_wconf 88' lang='lat' dir='ltr'><strong>donetur;</strong></span> <span class='ocrx_word' id='word_1_35' title='bbox 1150 619 1257 659; x_wconf 90' lang='lat' dir='ltr'><strong>non</strong></span> <span class='ocrx_word' id='word_1_36' title='bbox 1304 605 1472 659; x_wconf 80' lang='lat' dir='ltr'><strong>Stilum</strong></span> <span class='ocrx_word' id='word_1_37' title='bbox 1504 613 1558 658; x_wconf 92' lang='lat' dir='ltr'><strong>ut</strong></span> <span class='ocrx_word' id='word_1_38' title='bbox 1589 602 1705 658; x_wconf 86' lang='lat' dir='ltr'><strong>sine</strong></span> 
     </span>
    </p>
   </div>
   <div class='ocr_carea' id='block_1_6' title="bbox 128 695 1701 765">
    <p class='ocr_par' dir='ltr' id='par_1_6' title="bbox 128 695 1701 765">
     <span class='ocr_line' id='line_1_6' title="bbox 128 695 1701 765; baseline -0.004 -14"><span class='ocrx_word' id='word_1_39' title='bbox 128 700 221 754; x_wconf 88' lang='lat' dir='ltr'><strong>isto</strong></span> <span class='ocrx_word' id='word_1_40' title='bbox 273 700 415 750; x_wconf 87' lang='lat' dir='ltr'><strong>dono</strong></span> <span class='ocrx_word' id='word_1_41' title='bbox 473 704 875 765; x_wconf 87' lang='lat' dir='ltr'><strong>perseverantes</strong></span> <span class='ocrx_word' id='word_1_42' title='bbox 917 709 1035 749; x_wconf 85' lang='lat' dir='ltr'><strong>esse</strong></span> <span class='ocrx_word' id='word_1_43' title='bbox 1094 709 1197 749; x_wconf 92' lang='lat' dir='ltr'><strong>non</strong></span> <span class='ocrx_word' id='word_1_44' title='bbox 1243 695 1467 764; x_wconf 90' lang='lat' dir='ltr'><strong>possint,</strong></span> <span class='ocrx_word' id='word_1_45' title='bbox 1519 707 1701 747; x_wconf 78' lang='lat' dir='ltr'><strong>verum</strong></span> 
     </span>
    </p>
   </div>
   <div class='ocr_carea' id='block_1_7' title="bbox 131 787 1700 858">
    <p class='ocr_par' dir='ltr' id='par_1_7' title="bbox 131 787 1700 858">
     <span class='ocr_line' id='line_1_7' title="bbox 131 787 1700 858; baseline -0.001 -17"><span class='ocrx_word' id='word_1_46' title='bbox 131 792 280 843; x_wconf 76' lang='lat' dir='ltr'><strong>etiam</strong></span> <span class='ocrx_word' id='word_1_47' title='bbox 315 801 371 842; x_wconf 90' lang='lat' dir='ltr'><strong>ut</strong></span> <span class='ocrx_word' id='word_1_48' title='bbox 402 804 500 855; x_wconf 79' lang='lat' dir='ltr'><strong>per</strong></span> <span class='ocrx_word' id='word_1_49' title='bbox 529 788 626 841; x_wconf 88' lang='lat' dir='ltr'><strong>hoc</strong></span> <span class='ocrx_word' id='word_1_50' title='bbox 665 788 859 841; x_wconf 70' lang='lat' dir='ltr'><strong>donusn</strong></span> <span class='ocrx_word' id='word_1_51' title='bbox 895 789 1107 843; x_wconf 83' lang='lat' dir='ltr'><strong>nonnisi</strong></span> <span class='ocrx_word' id='word_1_52' title='bbox 1142 800 1548 858; x_wconf 81' lang='lat' dir='ltr'><strong>perseverantes</strong></span> <span class='ocrx_word' id='word_1_53' title='bbox 1573 787 1700 840; x_wconf 90' lang='lat' dir='ltr'><strong>siut.</strong></span> 
     </span>
    </p>
   </div>
   <div class='ocr_carea' id='block_1_8' title="bbox 126 877 1696 950">
    <p class='ocr_par' dir='ltr' id='par_1_8' title="bbox 126 877 1696 950">
     <span class='ocr_line' id='line_1_8' title="bbox 126 877 1696 950; baseline -0.001 -18"><span class='ocrx_word' id='word_1_54' title='bbox 126 879 233 933; x_wconf 74' lang='lat' dir='ltr'><strong>Non</strong></span> <span class='ocrx_word' id='word_1_55' title='bbox 263 879 433 932; x_wconf 91' lang='lat' dir='ltr'><strong>solum</strong></span> <span class='ocrx_word' id='word_1_56' title='bbox 456 883 603 933; x_wconf 85' lang='lat' dir='ltr'><strong>enim</strong></span> <span class='ocrx_word' id='word_1_57' title='bbox 632 879 763 932; x_wconf 80' lang='lat' dir='ltr'><strong>dixit</strong></span> <span class='ocrx_word' id='word_1_58' title='bbox 789 896 800 929; x_wconf 91' lang='lat'>:</span> <span class='ocrx_word' id='word_1_59' title='bbox 827 877 955 933; x_wconf 82' lang='lat' dir='ltr'><strong>Sine</strong></span> <span class='ocrx_word' id='word_1_60' title='bbox 981 894 1066 933; x_wconf 89' lang='lat' dir='ltr'><strong>me</strong></span> <span class='ocrx_word' id='word_1_61' title='bbox 1090 880 1221 934; x_wconf 85' lang='lat' dir='ltr'><strong>nihil</strong></span> <span class='ocrx_word' id='word_1_62' title='bbox 1251 881 1469 950; x_wconf 75' lang='lat' dir='ltr'><strong>potestis</strong></span> <span class='ocrx_word' id='word_1_63' title='bbox 1492 878 1696 941; x_wconf 81' lang='lat' dir='ltr'><strong>facere;</strong></span> 
     </span>
    </p>
   </div>
   <div class='ocr_carea' id='block_1_9' title="bbox 126 969 1702 1045">
    <p class='ocr_par' dir='ltr' id='par_1_9' title="bbox 126 969 1702 1045">
     <span class='ocr_line' id='line_1_9' title="bbox 126 969 1702 1045; baseline 0.002 -23"><span class='ocrx_word' id='word_1_64' title='bbox 126 986 298 1022; x_wconf 61' lang='lat' dir='ltr'><strong>verum</strong></span> <span class='ocrx_word' id='word_1_65' title='bbox 349 971 516 1024; x_wconf 90' lang='lat' dir='ltr'><strong>etiam</strong></span> <span class='ocrx_word' id='word_1_66' title='bbox 540 969 673 1024; x_wconf 83' lang='lat' dir='ltr'><strong>dixit</strong></span> <span class='ocrx_word' id='word_1_67' title='bbox 719 987 730 1022; x_wconf 88' lang='lat'>:</span> <span class='ocrx_word' id='word_1_68' title='bbox 777 970 890 1025; x_wconf 87' lang='lat' dir='ltr'><strong>Non</strong></span> <span class='ocrx_word' id='word_1_69' title='bbox 931 986 1024 1025; x_wconf 85' lang='lat' dir='ltr'><strong>vos</strong></span> <span class='ocrx_word' id='word_1_70' title='bbox 1050 987 1135 1027; x_wconf 87' lang='lat' dir='ltr'><strong>me</strong></span> <span class='ocrx_word' id='word_1_71' title='bbox 1172 973 1430 1045; x_wconf 87' lang='lat' dir='ltr'><strong>elegistis,</strong></span> <span class='ocrx_word' id='word_1_72' title='bbox 1470 972 1563 1027; x_wconf 87' lang='lat' dir='ltr'><strong>sed</strong></span> <span class='ocrx_word' id='word_1_73' title='bbox 1603 986 1702 1040; x_wconf 91' lang='lat' dir='ltr'><strong>ego</strong></span> 
     </span>
    </p>
   </div>
   <div class='ocr_carea' id='block_1_10' title="bbox 126 1060 1700 1127">
    <p class='ocr_par' dir='ltr' id='par_1_10' title="bbox 126 1060 1700 1127">
     <span class='ocr_line' id='line_1_10' title="bbox 126 1060 1700 1127; baseline 0.002 -15"><span class='ocrx_word' id='word_1_74' title='bbox 126 1060 249 1127; x_wconf 76' lang='lat' dir='ltr'><strong>elegi</strong></span> <span class='ocrx_word' id='word_1_75' title='bbox 299 1072 412 1124; x_wconf 68' lang='lat' dir='ltr'><strong>vos,</strong></span> <span class='ocrx_word' id='word_1_76' title='bbox 462 1067 518 1113; x_wconf 88' lang='lat' dir='ltr'><strong>et</strong></span> <span class='ocrx_word' id='word_1_77' title='bbox 554 1060 703 1127; x_wconf 88' lang='lat' dir='ltr'><strong>posui</strong></span> <span class='ocrx_word' id='word_1_78' title='bbox 753 1076 846 1113; x_wconf 89' lang='lat' dir='ltr'><strong>vos</strong></span> <span class='ocrx_word' id='word_1_79' title='bbox 870 1070 925 1114; x_wconf 95' lang='lat' dir='ltr'><strong>ut</strong></span> <span class='ocrx_word' id='word_1_80' title='bbox 953 1063 1086 1115; x_wconf 64' lang='lat' dir='ltr'><strong>eatis</strong></span> <span class='ocrx_word' id='word_1_81' title='bbox 1115 1071 1168 1115; x_wconf 91' lang='lat' dir='ltr'><strong>et</strong></span> <span class='ocrx_word' id='word_1_82' title='bbox 1193 1060 1419 1125; x_wconf 71' lang='lat' dir='ltr'><strong>fructum</strong></span> <span class='ocrx_word' id='word_1_83' title='bbox 1447 1062 1700 1125; x_wconf 67' lang='lat' dir='ltr'><strong>alienatis,</strong></span> 
     </span>
    </p>
   </div>
   <div class='ocr_carea' id='block_1_11' title="bbox 128 1138 1699 1218">
    <p class='ocr_par' dir='ltr' id='par_1_11' title="bbox 128 1138 1699 1218">
     <span class='ocr_line' id='line_1_11' title="bbox 128 1138 1699 1218; baseline 0.004 -20"><span class='ocrx_word' id='word_1_84' title='bbox 128 1157 177 1199; x_wconf 84' lang='lat' dir='ltr'><strong>et</strong></span> <span class='ocrx_word' id='word_1_85' title='bbox 243 1147 444 1201; x_wconf 79' lang='lat' dir='ltr'><strong>fructus</strong></span> <span class='ocrx_word' id='word_1_86' title='bbox 502 1158 679 1202; x_wconf 88' lang='lat' dir='ltr'><strong>vester</strong></span> <span class='ocrx_word' id='word_1_87' title='bbox 732 1160 944 1210; x_wconf 82' lang='lat' dir='ltr'><strong>maneat</strong></span> <span class='ocrx_word' id='word_1_88' title='bbox 985 1168 997 1203; x_wconf 93' lang='lat'><strong>:</strong></span> <span class='ocrx_word' id='word_1_89' title='bbox 1035 1150 1226 1218; x_wconf 83' lang='lat' dir='ltr'><strong>quibus</strong></span> <span class='ocrx_word' id='word_1_90' title='bbox 1265 1138 1441 1207; x_wconf 86' lang='lat' dir='ltr'><strong>verbis</strong></span> <span class='ocrx_word' id='word_1_91' title='bbox 1478 1153 1556 1205; x_wconf 89' lang='lat' dir='ltr'><strong>eis</strong></span> <span class='ocrx_word' id='word_1_92' title='bbox 1594 1168 1699 1205; x_wconf 89' lang='lat' dir='ltr'><strong>non</strong></span> 
     </span>
    </p>
   </div>
   <div class='ocr_carea' id='block_1_12' title="bbox 126 1236 1700 1311">
    <p class='ocr_par' dir='ltr' id='par_1_12' title="bbox 126 1236 1700 1311">
     <span class='ocr_line' id='line_1_12' title="bbox 126 1236 1700 1311; baseline 0.005 -22"><span class='ocrx_word' id='word_1_93' title='bbox 126 1237 282 1290; x_wconf 90' lang='lat' dir='ltr'><strong>solum</strong></span> <span class='ocrx_word' id='word_1_94' title='bbox 308 1236 601 1306; x_wconf 81' lang='lat' dir='ltr'><strong>justitiam,</strong></span> <span class='ocrx_word' id='word_1_95' title='bbox 631 1254 812 1293; x_wconf 87' lang='lat' dir='ltr'><strong>verum</strong></span> <span class='ocrx_word' id='word_1_96' title='bbox 855 1240 1014 1294; x_wconf 90' lang='lat' dir='ltr'><strong>etiam</strong></span> <span class='ocrx_word' id='word_1_97' title='bbox 1040 1240 1090 1295; x_wconf 91' lang='lat' dir='ltr'><strong>in</strong></span> <span class='ocrx_word' id='word_1_98' title='bbox 1134 1241 1220 1295; x_wconf 91' lang='lat' dir='ltr'><strong>illa</strong></span> <span class='ocrx_word' id='word_1_99' title='bbox 1252 1244 1700 1311; x_wconf 88' lang='lat' dir='ltr'><strong>perseverantiam</strong></span> 
     </span>
    </p>
   </div>
   <div class='ocr_carea' id='block_1_13' title="bbox 125 1324 1701 1400">
    <p class='ocr_par' dir='ltr' id='par_1_13' title="bbox 125 1324 1701 1400">
     <span class='ocr_line' id='line_1_13' title="bbox 125 1324 1701 1400; baseline 0.006 -22"><span class='ocrx_word' id='word_1_100' title='bbox 125 1339 179 1378; x_wconf 83' lang='lat' dir='ltr'><strong>se</strong></span> <span class='ocrx_word' id='word_1_101' title='bbox 205 1324 416 1379; x_wconf 77' lang='lat' dir='ltr'><strong>dedisse</strong></span> <span class='ocrx_word' id='word_1_102' title='bbox 448 1328 782 1381; x_wconf 68' lang='lat' dir='ltr'><strong>monstravit.</strong></span> <span class='ocrx_word' id='word_1_103' title='bbox 815 1328 1027 1382; x_wconf 74' lang='lat' dir='ltr'><strong>Christo</strong></span> <span class='ocrx_word' id='word_1_104' title='bbox 1055 1329 1192 1383; x_wconf 85' lang='lat' dir='ltr'><strong>enim</strong></span> <span class='ocrx_word' id='word_1_105' title='bbox 1222 1333 1298 1385; x_wconf 87' lang='lat' dir='ltr'><strong>sic</strong></span> <span class='ocrx_word' id='word_1_106' title='bbox 1335 1346 1429 1386; x_wconf 87' lang='lat' dir='ltr'><strong>eos</strong></span> <span class='ocrx_word' id='word_1_107' title='bbox 1471 1342 1701 1400; x_wconf 77' lang='lat' dir='ltr'><strong>ponente</strong></span> 
     </span>
    </p>
   </div>
   <div class='ocr_carea' id='block_1_14' title="bbox 128 1418 1697 1488">
    <p class='ocr_par' dir='ltr' id='par_1_14' title="bbox 128 1418 1697 1488">
     <span class='ocr_line' id='line_1_14' title="bbox 128 1418 1697 1488; baseline 0.006 -20"><span class='ocrx_word' id='word_1_108' title='bbox 128 1425 179 1469; x_wconf 92' lang='lat' dir='ltr'><strong>ut</strong></span> <span class='ocrx_word' id='word_1_109' title='bbox 201 1424 341 1480; x_wconf 70' lang='lat' dir='ltr'><strong>eaut;</strong></span> <span class='ocrx_word' id='word_1_110' title='bbox 361 1427 417 1471; x_wconf 90' lang='lat' dir='ltr'><strong>et</strong></span> <span class='ocrx_word' id='word_1_111' title='bbox 438 1418 925 1483; x_wconf 80' lang='lat' dir='ltr'><strong>l‘ructumatl‘erant,</strong></span> <span class='ocrx_word' id='word_1_112' title='bbox 950 1431 1003 1475; x_wconf 88' lang='lat' dir='ltr'><strong>et</strong></span> <span class='ocrx_word' id='word_1_113' title='bbox 1024 1420 1224 1476; x_wconf 78' lang='lat' dir='ltr'><strong>fructus</strong></span> <span class='ocrx_word' id='word_1_114' title='bbox 1249 1438 1435 1477; x_wconf 82' lang='lat' dir='ltr'><strong>eorum</strong></span> <span class='ocrx_word' id='word_1_115' title='bbox 1462 1432 1697 1488; x_wconf 87' lang='lat' dir='ltr'><strong>maneat,</strong></span> 
     </span>
    </p>
   </div>
   <div class='ocr_carea' id='block_1_15' title="bbox 126 1507 1698 1581">
    <p class='ocr_par' dir='ltr' id='par_1_15' title="bbox 126 1507 1698 1581">
     <span class='ocr_line' id='line_1_15' title="bbox 126 1507 1698 1581; baseline 0.004 -22"><span class='ocrx_word' id='word_1_116' title='bbox 126 1507 236 1575; x_wconf 84' lang='lat' dir='ltr'><strong>quis</strong></span> <span class='ocrx_word' id='word_1_117' title='bbox 250 1507 447 1562; x_wconf 81' lang='lat' dir='ltr'><strong>audeat</strong></span> <span class='ocrx_word' id='word_1_118' title='bbox 465 1508 665 1575; x_wconf 83' lang='lat' dir='ltr'><strong>dicere,</strong></span> <span class='ocrx_word' id='word_1_119' title='bbox 699 1508 938 1563; x_wconf 83' lang='lat' dir='ltr'><strong>Forsitan</strong></span> <span class='ocrx_word' id='word_1_120' title='bbox 960 1525 1061 1564; x_wconf 87' lang='lat' dir='ltr'><strong>non</strong></span> <span class='ocrx_word' id='word_1_121' title='bbox 1087 1512 1353 1567; x_wconf 88' lang='lat' dir='ltr'><strong>manebit?</strong></span> <span class='ocrx_word' id='word_1_122' title='bbox 1379 1513 1542 1581; x_wconf 84' lang='lat' dir='ltr'><strong>Sinep</strong></span> <span class='ocrx_word' id='word_1_123' title='bbox 1558 1514 1698 1567; x_wconf 79' lang='lat' dir='ltr'><strong>tnui-</strong></span> 
     </span>
    </p>
   </div>
   <div class='ocr_carea' id='block_1_16' title="bbox 134 1602 1696 1673">
    <p class='ocr_par' dir='ltr' id='par_1_16' title="bbox 134 1602 1696 1673">
     <span class='ocr_line' id='line_1_16' title="bbox 134 1602 1696 1673; baseline 0.003 -18"><span class='ocrx_word' id='word_1_124' title='bbox 134 1603 288 1657; x_wconf 86' lang='lat' dir='ltr'><strong>teotia</strong></span> <span class='ocrx_word' id='word_1_125' title='bbox 332 1615 457 1657; x_wconf 87' lang='lat' dir='ltr'><strong>sunt</strong></span> <span class='ocrx_word' id='word_1_126' title='bbox 506 1602 647 1657; x_wconf 86' lang='lat' dir='ltr'><strong>enim</strong></span> <span class='ocrx_word' id='word_1_127' title='bbox 691 1603 831 1657; x_wconf 88' lang='lat' dir='ltr'><strong>dona</strong></span> <span class='ocrx_word' id='word_1_128' title='bbox 871 1613 926 1658; x_wconf 90' lang='lat' dir='ltr'><strong>et</strong></span> <span class='ocrx_word' id='word_1_129' title='bbox 950 1606 1157 1660; x_wconf 86' lang='lat' dir='ltr'><strong>vocatio</strong></span> <span class='ocrx_word' id='word_1_130' title='bbox 1191 1607 1316 1673; x_wconf 85' lang='lat' dir='ltr'><strong>Dei,</strong></span> <span class='ocrx_word' id='word_1_131' title='bbox 1359 1607 1453 1661; x_wconf 91' lang='lat' dir='ltr'><strong>sed</strong></span> <span class='ocrx_word' id='word_1_132' title='bbox 1487 1607 1696 1660; x_wconf 90' lang='lat' dir='ltr'><strong>vocatio</strong></span> 
     </span>
    </p>
   </div>
   <div class='ocr_carea' id='block_1_17' title="bbox 127 1692 1695 1763">
    <p class='ocr_par' dir='ltr' id='par_1_17' title="bbox 127 1692 1695 1763">
     <span class='ocr_line' id='line_1_17' title="bbox 127 1692 1695 1763; baseline 0.003 -19"><span class='ocrx_word' id='word_1_133' title='bbox 127 1704 301 1745; x_wconf 89' lang='lat' dir='ltr'><strong>eorum</strong></span> <span class='ocrx_word' id='word_1_134' title='bbox 348 1692 439 1760; x_wconf 89' lang='lat' dir='ltr'><strong>qui</strong></span> <span class='ocrx_word' id='word_1_135' title='bbox 489 1693 780 1746; x_wconf 86' lang='lat' dir='ltr'><strong>secundum</strong></span> <span class='ocrx_word' id='word_1_136' title='bbox 823 1695 1150 1761; x_wconf 90' lang='lat' dir='ltr'><strong>propositum</strong></span> <span class='ocrx_word' id='word_1_137' title='bbox 1197 1694 1367 1747; x_wconf 81' lang='lat' dir='ltr'><strong>vocati</strong></span> <span class='ocrx_word' id='word_1_138' title='bbox 1398 1701 1566 1747; x_wconf 90' lang='lat' dir='ltr'><strong>sunt:</strong></span> <span class='ocrx_word' id='word_1_139' title='bbox 1599 1709 1695 1763; x_wconf 90' lang='lat' dir='ltr'><strong>pro</strong></span> 
     </span>
    </p>
   </div>
   <div class='ocr_carea' id='block_1_18' title="bbox 1807 501 3376 574">
    <p class='ocr_par' dir='ltr' id='par_1_18' title="bbox 1807 501 3376 574">
     <span class='ocr_line' id='line_1_18' title="bbox 1807 501 3376 574; baseline -0.002 -16"><span class='ocrx_word' id='word_1_140' title='bbox 1807 518 1901 558; x_wconf 71' lang='lat' dir='ltr'><strong>eos</strong></span> <span class='ocrx_word' id='word_1_141' title='bbox 1966 514 2397 574; x_wconf 73' lang='lat' dir='ltr'><strong>perseveraturos</strong></span> <span class='ocrx_word' id='word_1_142' title='bbox 2459 503 2717 559; x_wconf 88' lang='lat' dir='ltr'><strong>habeatur</strong></span> <span class='ocrx_word' id='word_1_143' title='bbox 2772 504 3054 570; x_wconf 89' lang='lat' dir='ltr'><strong>incertum,</strong></span> <span class='ocrx_word' id='word_1_144' title='bbox 3103 501 3211 571; x_wconf 78' lang='lat'><strong>68</strong></span> <span class='ocrx_word' id='word_1_145' title='bbox 3271 514 3376 555; x_wconf 86' lang='lat' dir='ltr'><strong>non</strong></span> 
     </span>
    </p>
   </div>
   <div class='ocr_carea' id='block_1_19' title="bbox 1806 590 3378 663">
    <p class='ocr_par' dir='ltr' id='par_1_19' title="bbox 1806 590 3378 663">
     <span class='ocr_line' id='line_1_19' title="bbox 1806 590 3378 663; baseline -0.003 -16"><span class='ocrx_word' id='word_1_146' title='bbox 1806 594 1961 648; x_wconf 86' lang='lat' dir='ltr'><strong>aliter</strong></span> <span class='ocrx_word' id='word_1_147' title='bbox 1990 593 2102 648; x_wconf 77' lang='lat' dir='ltr'><strong>haec</strong></span> <span class='ocrx_word' id='word_1_148' title='bbox 2152 594 2335 651; x_wconf 88' lang='lat' dir='ltr'><strong>audire</strong></span> <span class='ocrx_word' id='word_1_149' title='bbox 2378 592 2572 649; x_wconf 88' lang='lat' dir='ltr'><strong>debent</strong></span> <span class='ocrx_word' id='word_1_150' title='bbox 2619 594 2810 663; x_wconf 75' lang='lat' dir='ltr'><strong>quibus</strong></span> <span class='ocrx_word' id='word_1_151' title='bbox 2847 592 3187 663; x_wconf 68' lang='lat' dir='ltr'><strong>expcdituen</strong></span> <span class='ocrx_word' id='word_1_152' title='bbox 3212 590 3378 644; x_wconf 89' lang='lat' dir='ltr'><strong>altum</strong></span> 
     </span>
    </p>
   </div>
   <div class='ocr_carea' id='block_1_20' title="bbox 1805 681 3379 751">
    <p class='ocr_par' dir='ltr' id='par_1_20' title="bbox 1805 681 3379 751">
     <span class='ocr_line' id='line_1_20' title="bbox 1805 681 3379 751; baseline -0.002 -13"><span class='ocrx_word' id='word_1_153' title='bbox 1805 700 2014 751; x_wconf 81' lang='lat' dir='ltr'><strong>sapere,</strong></span> <span class='ocrx_word' id='word_1_154' title='bbox 2045 687 2137 740; x_wconf 84' lang='lat' dir='ltr'><strong>sed</strong></span> <span class='ocrx_word' id='word_1_155' title='bbox 2176 686 2383 740; x_wconf 90' lang='lat' dir='ltr'><strong>timere.</strong></span> <span class='ocrx_word' id='word_1_156' title='bbox 2424 685 2552 751; x_wconf 86' lang='lat' dir='ltr'><strong>Quis</strong></span> <span class='ocrx_word' id='word_1_157' title='bbox 2593 686 2731 738; x_wconf 89' lang='lat' dir='ltr'><strong>enim</strong></span> <span class='ocrx_word' id='word_1_158' title='bbox 2774 700 2840 738; x_wconf 82' lang='lat' dir='ltr'><strong>ex</strong></span> <span class='ocrx_word' id='word_1_159' title='bbox 2878 681 3212 737; x_wconf 85' lang='lat' dir='ltr'><strong>multitudine</strong></span> <span class='ocrx_word' id='word_1_160' title='bbox 3247 681 3379 735; x_wconf 83' lang='lat' dir='ltr'><strong>iide-</strong></span> 
     </span>
    </p>
   </div>
   <div class='ocr_carea' id='block_1_21' title="bbox 1804 774 3379 846">
    <p class='ocr_par' dir='ltr' id='par_1_21' title="bbox 1804 774 3379 846">
     <span class='ocr_line' id='line_1_21' title="bbox 1804 774 3379 846; baseline -0.003 -16"><span class='ocrx_word' id='word_1_161' title='bbox 1804 777 1948 839; x_wconf 88' lang='lat' dir='ltr'><strong>lium,</strong></span> <span class='ocrx_word' id='word_1_162' title='bbox 1982 778 2216 846; x_wconf 87' lang='lat' dir='ltr'><strong>quandiu</strong></span> <span class='ocrx_word' id='word_1_163' title='bbox 2253 779 2303 829; x_wconf 90' lang='lat' dir='ltr'><strong>iu</strong></span> <span class='ocrx_word' id='word_1_164' title='bbox 2338 779 2436 831; x_wconf 88' lang='lat' dir='ltr'><strong>hac</strong></span> <span class='ocrx_word' id='word_1_165' title='bbox 2480 774 2800 830; x_wconf 83' lang='lat' dir='ltr'><strong>mortalitate</strong></span> <span class='ocrx_word' id='word_1_166' title='bbox 2829 775 3038 842; x_wconf 84' lang='lat' dir='ltr'><strong>vivitur,</strong></span> <span class='ocrx_word' id='word_1_167' title='bbox 3071 774 3123 827; x_wconf 92' lang='lat' dir='ltr'><strong>in</strong></span> <span class='ocrx_word' id='word_1_168' title='bbox 3154 786 3379 827; x_wconf 89' lang='lat' dir='ltr'><strong>numero</strong></span> 
     </span>
    </p>
   </div>
   <div class='ocr_carea' id='block_1_22' title="bbox 1805 849 3377 942">
    <p class='ocr_par' dir='ltr' id='par_1_22' title="bbox 1805 849 3377 942">
     <span class='ocr_line' id='line_1_22' title="bbox 1805 849 3377 942; baseline -0.003 -19"><span class='ocrx_word' id='word_1_169' title='bbox 1805 849 2298 941; x_wconf 67' lang='lat' dir='ltr'><strong>praedestinatorum</strong></span> <span class='ocrx_word' id='word_1_170' title='bbox 2327 889 2386 927; x_wconf 92' lang='lat' dir='ltr'><strong>se</strong></span> <span class='ocrx_word' id='word_1_171' title='bbox 2412 886 2533 928; x_wconf 88' lang='lat' dir='ltr'><strong>esse</strong></span> <span class='ocrx_word' id='word_1_172' title='bbox 2556 870 2873 942; x_wconf 65' lang='lat' dir='ltr'><strong>praesumat?</strong></span> <span class='ocrx_word' id='word_1_173' title='bbox 2896 870 3029 936; x_wconf 85' lang='lat' dir='ltr'><strong>Quia</strong></span> <span class='ocrx_word' id='word_1_174' title='bbox 3050 869 3101 922; x_wconf 88' lang='lat' dir='ltr'><strong>id</strong></span> <span class='ocrx_word' id='word_1_175' title='bbox 3123 866 3377 923; x_wconf 82' lang='lat' dir='ltr'><strong>occultari</strong></span> 
     </span>
    </p>
   </div>
   <div class='ocr_carea' id='block_1_23' title="bbox 1801 958 3380 1028">
    <p class='ocr_par' dir='ltr' id='par_1_23' title="bbox 1801 958 3380 1028">
     <span class='ocr_line' id='line_1_23' title="bbox 1801 958 3380 1028; baseline -0.003 -13"><span class='ocrx_word' id='word_1_176' title='bbox 1801 976 1935 1027; x_wconf 87' lang='lat' dir='ltr'><strong>cpus</strong></span> <span class='ocrx_word' id='word_1_177' title='bbox 1985 972 2065 1015; x_wconf 78' lang='lat' dir='ltr'><strong>est</strong></span> <span class='ocrx_word' id='word_1_178' title='bbox 2106 963 2156 1017; x_wconf 91' lang='lat' dir='ltr'><strong>in</strong></span> <span class='ocrx_word' id='word_1_179' title='bbox 2202 964 2301 1017; x_wconf 92' lang='lat' dir='ltr'><strong>hoc</strong></span> <span class='ocrx_word' id='word_1_180' title='bbox 2330 963 2469 1028; x_wconf 92' lang='lat' dir='ltr'><strong>loco,</strong></span> <span class='ocrx_word' id='word_1_181' title='bbox 2500 962 2585 1017; x_wconf 89' lang='lat' dir='ltr'><strong>ubi</strong></span> <span class='ocrx_word' id='word_1_182' title='bbox 2633 963 2711 1016; x_wconf 89' lang='lat' dir='ltr'><strong>sic</strong></span> <span class='ocrx_word' id='word_1_183' title='bbox 2739 960 2969 1016; x_wconf 91' lang='lat' dir='ltr'><strong>cavenda</strong></span> <span class='ocrx_word' id='word_1_184' title='bbox 2998 967 3080 1013; x_wconf 89' lang='lat' dir='ltr'><strong>est</strong></span> <span class='ocrx_word' id='word_1_185' title='bbox 3104 958 3290 1023; x_wconf 90' lang='lat' dir='ltr'><strong>elatio,</strong></span> <span class='ocrx_word' id='word_1_186' title='bbox 3323 966 3380 1011; x_wconf 88' lang='lat' dir='ltr'><strong>ut</strong></span> 
     </span>
    </p>
   </div>
   <div class='ocr_carea' id='block_1_24' title="bbox 1803 1045 3377 1121">
    <p class='ocr_par' dir='ltr' id='par_1_24' title="bbox 1803 1045 3377 1121">
     <span class='ocr_line' id='line_1_24' title="bbox 1803 1045 3377 1121; baseline -0.003 -16"><span class='ocrx_word' id='word_1_187' title='bbox 1803 1060 1958 1105; x_wconf 89' lang='lat' dir='ltr'><strong>ctam</strong></span> <span class='ocrx_word' id='word_1_188' title='bbox 2011 1045 2104 1120; x_wconf 76' lang='lat' dir='ltr'><strong>per</strong></span> <span class='ocrx_word' id='word_1_189' title='bbox 2150 1052 2360 1106; x_wconf 75' lang='lat' dir='ltr'><strong>Satanae</strong></span> <span class='ocrx_word' id='word_1_190' title='bbox 2407 1050 2679 1121; x_wconf 79' lang='lat' dir='ltr'><strong>angelum,</strong></span> <span class='ocrx_word' id='word_1_191' title='bbox 2718 1067 2784 1106; x_wconf 91' lang='lat' dir='ltr'><strong>ne</strong></span> <span class='ocrx_word' id='word_1_192' title='bbox 2810 1050 3377 1113; x_wconf 78' lang='lat' dir='ltr'><strong>extolleretur,tantus</strong></span> 
     </span>
    </p>
   </div>
   <div class='ocr_carea' id='block_1_25' title="bbox 1802 1137 3377 1214">
    <p class='ocr_par' dir='ltr' id='par_1_25' title="bbox 1802 1137 3377 1214">
     <span class='ocr_line' id='line_1_25' title="bbox 1802 1137 3377 1214; baseline -0.004 -16"><span class='ocrx_word' id='word_1_193' title='bbox 1802 1145 2229 1211; x_wconf 83' lang='lat' dir='ltr'><strong>colapliizaretur</strong></span> <span class='ocrx_word' id='word_1_194' title='bbox 2246 1144 2553 1214; x_wconf 85' lang='lat' dir='ltr'><strong>apostolus;</strong></span> <span class='ocrx_word' id='word_1_195' title='bbox 2580 1144 2703 1199; x_wconf 88' lang='lat' dir='ltr'><strong>hinc</strong></span> <span class='ocrx_word' id='word_1_196' title='bbox 2718 1142 2972 1212; x_wconf 88' lang='lat' dir='ltr'><strong>apostolis</strong></span> <span class='ocrx_word' id='word_1_197' title='bbox 2994 1140 3297 1196; x_wconf 84' lang='lat' dir='ltr'><strong>dicebatur:</strong></span> <span class='ocrx_word' id='word_1_198' title='bbox 3318 1137 3377 1193; x_wconf 88' lang='lat' dir='ltr'><strong>Si</strong></span> 
     </span>
    </p>
   </div>
   <div class='ocr_carea' id='block_1_26' title="bbox 1804 1231 3377 1305">
    <p class='ocr_par' dir='ltr' id='par_1_26' title="bbox 1804 1231 3377 1305">
     <span class='ocr_line' id='line_1_26' title="bbox 1804 1231 3377 1305; baseline -0.001 -17"><span class='ocrx_word' id='word_1_199' title='bbox 1804 1250 1937 1288; x_wconf 85' lang='lat' dir='ltr'><strong>mau-</strong></span> <span class='ocrx_word' id='word_1_200' title='bbox 1956 1236 2104 1291; x_wconf 88' lang='lat' dir='ltr'><strong>eritis</strong></span> <span class='ocrx_word' id='word_1_201' title='bbox 2140 1236 2208 1299; x_wconf 52' lang='lat' dir='ltr'><strong>in,</strong></span> <span class='ocrx_word' id='word_1_202' title='bbox 2238 1251 2344 1302; x_wconf 92' lang='lat' dir='ltr'><strong>me,</strong></span> <span class='ocrx_word' id='word_1_203' title='bbox 2374 1236 2585 1291; x_wconf 72' lang='lat' dir='ltr'><strong>dicente</strong></span> <span class='ocrx_word' id='word_1_204' title='bbox 2616 1236 2705 1289; x_wconf 91' lang='lat' dir='ltr'><strong>illo</strong></span> <span class='ocrx_word' id='word_1_205' title='bbox 2728 1236 2817 1305; x_wconf 90' lang='lat' dir='ltr'><strong>qui</strong></span> <span class='ocrx_word' id='word_1_206' title='bbox 2840 1250 2933 1291; x_wconf 90' lang='lat' dir='ltr'><strong>eos</strong></span> <span class='ocrx_word' id='word_1_207' title='bbox 2964 1234 3145 1305; x_wconf 89' lang='lat' dir='ltr'><strong>utique</strong></span> <span class='ocrx_word' id='word_1_208' title='bbox 3174 1231 3377 1288; x_wconf 79' lang='lat' dir='ltr'><strong>sciebat</strong></span> 
     </span>
    </p>
   </div>
   <div class='ocr_carea' id='block_1_27' title="bbox 1800 1324 3377 1396">
    <p class='ocr_par' dir='ltr' id='par_1_27' title="bbox 1800 1324 3377 1396">
     <span class='ocr_line' id='line_1_27' title="bbox 1800 1324 3377 1396; baseline -0.003 -17"><span class='ocrx_word' id='word_1_209' title='bbox 1800 1338 1919 1379; x_wconf 89' lang='lat' dir='ltr'><strong>esse</strong></span> <span class='ocrx_word' id='word_1_210' title='bbox 1951 1340 2251 1392; x_wconf 85' lang='lat' dir='ltr'><strong>mansuros,</strong></span> <span class='ocrx_word' id='word_1_211' title='bbox 2296 1335 2350 1382; x_wconf 89' lang='lat' dir='ltr'><strong>et</strong></span> <span class='ocrx_word' id='word_1_212' title='bbox 2394 1341 2491 1395; x_wconf 90' lang='lat' dir='ltr'><strong>per</strong></span> <span class='ocrx_word' id='word_1_213' title='bbox 2540 1326 2874 1396; x_wconf 88' lang='lat' dir='ltr'><strong>pr0phetam,</strong></span> <span class='ocrx_word' id='word_1_214' title='bbox 2916 1325 2972 1379; x_wconf 89' lang='lat' dir='ltr'><strong>Si</strong></span> <span class='ocrx_word' id='word_1_215' title='bbox 3019 1324 3293 1379; x_wconf 77' lang='lat' dir='ltr'><strong>volueritis</strong></span> <span class='ocrx_word' id='word_1_216' title='bbox 3321 1330 3377 1377; x_wconf 87' lang='lat' dir='ltr'><strong>et</strong></span> 
     </span>
    </p>
   </div>
   <div class='ocr_carea' id='block_1_28' title="bbox 1799 1413 3375 1489">
    <p class='ocr_par' dir='ltr' id='par_1_28' title="bbox 1799 1413 3375 1489">
     <span class='ocr_line' id='line_1_28' title="bbox 1799 1413 3375 1489; baseline -0.001 -22"><span class='ocrx_word' id='word_1_217' title='bbox 1799 1414 2141 1471; x_wconf 69' lang='lat' dir='ltr'><strong>obaudieritis</strong></span> <span class='ocrx_word' id='word_1_218' title='bbox 2158 1431 2241 1472; x_wconf 92' lang='lat' dir='ltr'><strong>me</strong></span> <span class='ocrx_word' id='word_1_219' title='bbox 2258 1430 2376 1470; x_wconf 91' lang='lat' dir='ltr'><strong>cum</strong></span> <span class='ocrx_word' id='word_1_220' title='bbox 2394 1416 2574 1489; x_wconf 88' lang='lat' dir='ltr'><strong>utique</strong></span> <span class='ocrx_word' id='word_1_221' title='bbox 2594 1415 2754 1471; x_wconf 83' lang='lat' dir='ltr'><strong>sciret</strong></span> <span class='ocrx_word' id='word_1_222' title='bbox 2773 1415 2884 1485; x_wconf 90' lang='lat' dir='ltr'><strong>ipse</strong></span> <span class='ocrx_word' id='word_1_223' title='bbox 2901 1416 2952 1470; x_wconf 92' lang='lat' dir='ltr'><strong>in</strong></span> <span class='ocrx_word' id='word_1_224' title='bbox 2974 1413 3163 1484; x_wconf 86' lang='lat' dir='ltr'><strong>quibus</strong></span> <span class='ocrx_word' id='word_1_225' title='bbox 3187 1426 3375 1482; x_wconf 87' lang='lat' dir='ltr'><strong>opera-</strong></span> 
     </span>
    </p>
   </div>
   <div class='ocr_carea' id='block_1_29' title="bbox 1802 1504 3378 1573">
    <p class='ocr_par' dir='ltr' id='par_1_29' title="bbox 1802 1504 3378 1573">
     <span class='ocr_line' id='line_1_29' title="bbox 1802 1504 3378 1573; baseline -0.001 -17"><span class='ocrx_word' id='word_1_226' title='bbox 1802 1513 1949 1557; x_wconf 89' lang='lat' dir='ltr'><strong>retur</strong></span> <span class='ocrx_word' id='word_1_227' title='bbox 1969 1514 2023 1559; x_wconf 90' lang='lat' dir='ltr'><strong>et</strong></span> <span class='ocrx_word' id='word_1_228' title='bbox 2043 1504 2210 1571; x_wconf 86' lang='lat' dir='ltr'><strong>velle;</strong></span> <span class='ocrx_word' id='word_1_229' title='bbox 2232 1514 2286 1560; x_wconf 92' lang='lat' dir='ltr'><strong>et</strong></span> <span class='ocrx_word' id='word_1_230' title='bbox 2312 1505 2507 1564; x_wconf 80' lang='lat' dir='ltr'><strong>similia</strong></span> <span class='ocrx_word' id='word_1_231' title='bbox 2530 1508 2691 1561; x_wconf 89' lang='lat' dir='ltr'><strong>multa</strong></span> <span class='ocrx_word' id='word_1_232' title='bbox 2712 1504 2988 1571; x_wconf 89' lang='lat' dir='ltr'><strong>dicuntur;</strong></span> <span class='ocrx_word' id='word_1_233' title='bbox 3014 1518 3133 1559; x_wconf 86' lang='lat' dir='ltr'><strong>nam</strong></span> <span class='ocrx_word' id='word_1_234' title='bbox 3158 1509 3378 1573; x_wconf 71' lang='lat' dir='ltr'><strong>propter</strong></span> 
     </span>
    </p>
   </div>
   <div class='ocr_carea' id='block_1_30' title="bbox 1798 1590 3369 1665">
    <p class='ocr_par' dir='ltr' id='par_1_30' title="bbox 1798 1590 3369 1665">
     <span class='ocr_line' id='line_1_30' title="bbox 1798 1590 3369 1665; baseline 0.001 -22"><span class='ocrx_word' id='word_1_235' title='bbox 1798 1590 1954 1659; x_wconf 83' lang='lat' dir='ltr'><strong>hujus</strong></span> <span class='ocrx_word' id='word_1_236' title='bbox 1984 1594 2263 1649; x_wconf 87' lang='lat' dir='ltr'><strong>utilitatem</strong></span> <span class='ocrx_word' id='word_1_237' title='bbox 2288 1594 2503 1665; x_wconf 81' lang='lat' dir='ltr'><strong>secreti,</strong></span> <span class='ocrx_word' id='word_1_238' title='bbox 2535 1609 2601 1651; x_wconf 89' lang='lat' dir='ltr'><strong>ne</strong></span> <span class='ocrx_word' id='word_1_239' title='bbox 2626 1593 2762 1649; x_wconf 80' lang='lat' dir='ltr'><strong>forte</strong></span> <span class='ocrx_word' id='word_1_240' title='bbox 2801 1594 2919 1663; x_wconf 89' lang='lat' dir='ltr'><strong>quis</strong></span> <span class='ocrx_word' id='word_1_241' title='bbox 2939 1593 3244 1659; x_wconf 81' lang='lat' dir='ltr'><strong>extollatur,</strong></span> <span class='ocrx_word' id='word_1_242' title='bbox 3273 1590 3369 1646; x_wconf 87' lang='lat' dir='ltr'><strong>sed</strong></span> 
     </span>
    </p>
   </div>
   <div class='ocr_carea' id='block_1_31' title="bbox 1797 1682 3375 1753">
    <p class='ocr_par' dir='ltr' id='par_1_31' title="bbox 1797 1682 3375 1753">
     <span class='ocr_line' id='line_1_31' title="bbox 1797 1682 3375 1753; baseline -0.001 -18"><span class='ocrx_word' id='word_1_243' title='bbox 1797 1696 1985 1737; x_wconf 87' lang='lat' dir='ltr'><strong>omnes</strong></span> <span class='ocrx_word' id='word_1_244' title='bbox 2034 1685 2193 1749; x_wconf 85' lang='lat' dir='ltr'><strong>etiam</strong></span> <span class='ocrx_word' id='word_1_245' title='bbox 2239 1685 2328 1753; x_wconf 90' lang='lat' dir='ltr'><strong>qui</strong></span> <span class='ocrx_word' id='word_1_246' title='bbox 2360 1685 2498 1740; x_wconf 90' lang='lat' dir='ltr'><strong>bene</strong></span> <span class='ocrx_word' id='word_1_247' title='bbox 2527 1694 2751 1740; x_wconf 91' lang='lat' dir='ltr'><strong>currunt</strong></span> <span class='ocrx_word' id='word_1_248' title='bbox 2775 1687 3015 1750; x_wconf 88' lang='lat' dir='ltr'><strong>timeant,</strong></span> <span class='ocrx_word' id='word_1_249' title='bbox 3043 1683 3168 1738; x_wconf 92' lang='lat' dir='ltr'><strong>dum</strong></span> <span class='ocrx_word' id='word_1_250' title='bbox 3194 1682 3375 1737; x_wconf 76' lang='lat' dir='ltr'><strong>occul-</strong></span> 
     </span>
    </p>
   </div>
   <div class='ocr_carea' id='block_1_32' title="bbox 128 1765 1698 1852">
    <p class='ocr_par' dir='ltr' id='par_1_32' title="bbox 128 1776 1698 1852">
     <span class='ocr_line' id='line_1_32' title="bbox 128 1776 1698 1852; baseline 0.002 -17"><span class='ocrx_word' id='word_1_251' title='bbox 128 1780 205 1836; x_wconf 88' lang='lat' dir='ltr'><strong>his</strong></span> <span class='ocrx_word' id='word_1_252' title='bbox 253 1776 413 1852; x_wconf 79' lang='lat' dir='ltr'><strong>igitur</strong></span> <span class='ocrx_word' id='word_1_253' title='bbox 472 1783 843 1851; x_wconf 88' lang='lat' dir='ltr'><strong>interpellante</strong></span> <span class='ocrx_word' id='word_1_254' title='bbox 889 1782 1104 1838; x_wconf 87' lang='lat' dir='ltr'><strong>Christo</strong></span> <span class='ocrx_word' id='word_1_255' title='bbox 1127 1798 1194 1838; x_wconf 91' lang='lat' dir='ltr'><strong>ne</strong></span> <span class='ocrx_word' id='word_1_256' title='bbox 1216 1782 1427 1838; x_wconf 78' lang='lat' dir='ltr'><strong>deﬁciat</strong></span> <span class='ocrx_word' id='word_1_257' title='bbox 1457 1784 1589 1839; x_wconf 87' lang='lat' dir='ltr'><strong>lides</strong></span> <span class='ocrx_word' id='word_1_258' title='bbox 1610 1801 1698 1840; x_wconf 91' lang='lat' dir='ltr'><strong>eo-</strong></span> 
     </span>
    </p>
   </div>
   <div class='ocr_carea' id='block_1_33' title="bbox 1803 1765 3377 1852">
    <p class='ocr_par' dir='ltr' id='par_1_33' title="bbox 1803 1765 3377 1844">
     <span class='ocr_line' id='line_1_33' title="bbox 1803 1765 3377 1844; baseline 0.001 -19"><span class='ocrx_word' id='word_1_259' title='bbox 1803 1780 1914 1825; x_wconf 92' lang='lat' dir='ltr'><strong>tum</strong></span> <span class='ocrx_word' id='word_1_260' title='bbox 1961 1782 2045 1826; x_wconf 92' lang='lat' dir='ltr'><strong>est</strong></span> <span class='ocrx_word' id='word_1_261' title='bbox 2086 1765 2178 1842; x_wconf 85' lang='lat' dir='ltr'><strong>qui</strong></span> <span class='ocrx_word' id='word_1_262' title='bbox 2220 1775 2562 1842; x_wconf 84' lang='lat' dir='ltr'><strong>perveniant;</strong></span> <span class='ocrx_word' id='word_1_263' title='bbox 2616 1786 2831 1844; x_wconf 88' lang='lat' dir='ltr'><strong>propter</strong></span> <span class='ocrx_word' id='word_1_264' title='bbox 2870 1776 3029 1843; x_wconf 88' lang='lat' dir='ltr'><strong>hujus</strong></span> <span class='ocrx_word' id='word_1_265' title='bbox 3072 1790 3198 1842; x_wconf 83' lang='lat' dir='ltr'><strong>ergo</strong></span> <span class='ocrx_word' id='word_1_266' title='bbox 3234 1773 3377 1829; x_wconf 88' lang='lat' dir='ltr'><strong>util-</strong></span> 
     </span>
    </p>
   </div>
   <div class='ocr_carea' id='block_1_34' title="bbox 128 1870 1702 1942">
    <p class='ocr_par' dir='ltr' id='par_1_34' title="bbox 128 1870 1702 1942">
     <span class='ocr_line' id='line_1_34' title="bbox 128 1870 1702 1942; baseline 0.004 -20"><span class='ocrx_word' id='word_1_267' title='bbox 128 1884 260 1931; x_wconf 85' lang='lat' dir='ltr'><strong>rum,</strong></span> <span class='ocrx_word' id='word_1_268' title='bbox 307 1871 426 1923; x_wconf 87' lang='lat' dir='ltr'><strong>sine</strong></span> <span class='ocrx_word' id='word_1_269' title='bbox 480 1870 641 1925; x_wconf 91' lang='lat' dir='ltr'><strong>dubio</strong></span> <span class='ocrx_word' id='word_1_270' title='bbox 673 1886 776 1924; x_wconf 91' lang='lat' dir='ltr'><strong>nou</strong></span> <span class='ocrx_word' id='word_1_271' title='bbox 824 1870 1035 1933; x_wconf 78' lang='lat' dir='ltr'><strong>deﬁciet</strong></span> <span class='ocrx_word' id='word_1_272' title='bbox 1085 1886 1255 1942; x_wconf 89' lang='lat' dir='ltr'><strong>usque</strong></span> <span class='ocrx_word' id='word_1_273' title='bbox 1303 1873 1357 1927; x_wconf 92' lang='lat' dir='ltr'><strong>in</strong></span> <span class='ocrx_word' id='word_1_274' title='bbox 1410 1873 1590 1941; x_wconf 88' lang='lat' dir='ltr'><strong>tinem,</strong></span> <span class='ocrx_word' id='word_1_275' title='bbox 1638 1889 1702 1930; x_wconf 89' lang='lat' dir='ltr'><strong>ac</strong></span> 
     </span>
    </p>
   </div>
   <div class='ocr_carea' id='block_1_35' title="bbox 130 1959 1701 2031">
    <p class='ocr_par' dir='ltr' id='par_1_35' title="bbox 130 1959 1701 2031">
     <span class='ocr_line' id='line_1_35' title="bbox 130 1959 1701 2031; baseline 0.006 -23"><span class='ocrx_word' id='word_1_276' title='bbox 130 1973 218 2028; x_wconf 88' lang='lat' dir='ltr'><strong>per</strong></span> <span class='ocrx_word' id='word_1_277' title='bbox 269 1959 371 2013; x_wconf 92' lang='lat' dir='ltr'><strong>hoc</strong></span> <span class='ocrx_word' id='word_1_278' title='bbox 427 1960 791 2029; x_wconf 81' lang='lat' dir='ltr'><strong>perseverabit</strong></span> <span class='ocrx_word' id='word_1_279' title='bbox 822 1975 987 2031; x_wconf 87' lang='lat' dir='ltr'><strong>usque</strong></span> <span class='ocrx_word' id='word_1_280' title='bbox 1040 1961 1091 2015; x_wconf 92' lang='lat' dir='ltr'><strong>in</strong></span> <span class='ocrx_word' id='word_1_281' title='bbox 1120 1962 1299 2026; x_wconf 84' lang='lat' dir='ltr'><strong>tinem,</strong></span> <span class='ocrx_word' id='word_1_282' title='bbox 1333 1978 1431 2018; x_wconf 79' lang='lat' dir='ltr'><strong>nec</strong></span> <span class='ocrx_word' id='word_1_283' title='bbox 1450 1978 1566 2018; x_wconf 90' lang='lat' dir='ltr'><strong>eam</strong></span> <span class='ocrx_word' id='word_1_284' title='bbox 1600 1965 1701 2019; x_wconf 88' lang='lat' dir='ltr'><strong>nisi</strong></span> 
     </span>
    </p>
   </div>
   <div class='ocr_carea' id='block_1_36' title="bbox 130 2050 1702 2123">
    <p class='ocr_par' dir='ltr' id='par_1_36' title="bbox 130 2050 1702 2123">
     <span class='ocr_line' id='line_1_36' title="bbox 130 2050 1702 2123; baseline 0.005 -21"><span class='ocrx_word' id='word_1_285' title='bbox 130 2062 425 2104; x_wconf 87' lang='lat' dir='ltr'><strong>manentem</strong></span> <span class='ocrx_word' id='word_1_286' title='bbox 473 2050 598 2104; x_wconf 83' lang='lat' dir='ltr'><strong>vita:</strong></span> <span class='ocrx_word' id='word_1_287' title='bbox 648 2050 805 2119; x_wconf 81' lang='lat' dir='ltr'><strong>hujus</strong></span> <span class='ocrx_word' id='word_1_288' title='bbox 854 2052 1055 2106; x_wconf 84' lang='lat' dir='ltr'><strong>invenit</strong></span> <span class='ocrx_word' id='word_1_289' title='bbox 1104 2051 1240 2105; x_wconf 80' lang='lat' dir='ltr'><strong>linis.</strong></span> <span class='ocrx_word' id='word_1_290' title='bbox 1294 2051 1459 2122; x_wconf 76' lang='lat' dir='ltr'><strong>Majbr</strong></span> <span class='ocrx_word' id='word_1_291' title='bbox 1506 2052 1702 2123; x_wconf 83' lang='lat' dir='ltr'><strong>quippe</strong></span> 
     </span>
    </p>
   </div>
   <div class='ocr_carea' id='block_1_37' title="bbox 129 2139 1702 2201">
    <p class='ocr_par' dir='ltr' id='par_1_37' title="bbox 129 2139 1702 2201">
     <span class='ocr_line' id='line_1_37' title="bbox 129 2139 1702 2201; baseline 0.006 -9"><span class='ocrx_word' id='word_1_292' title='bbox 129 2139 335 2193; x_wconf 85' lang='lat' dir='ltr'><strong>libertas</strong></span> <span class='ocrx_word' id='word_1_293' title='bbox 362 2150 447 2194; x_wconf 89' lang='lat' dir='ltr'><strong>est</strong></span> <span class='ocrx_word' id='word_1_294' title='bbox 471 2142 773 2195; x_wconf 89' lang='lat' dir='ltr'><strong>necessaria</strong></span> <span class='ocrx_word' id='word_1_295' title='bbox 795 2140 1053 2196; x_wconf 89' lang='lat' dir='ltr'><strong>adversus</strong></span> <span class='ocrx_word' id='word_1_296' title='bbox 1083 2150 1157 2196; x_wconf 85' lang='lat' dir='ltr'><strong>tet</strong></span> <span class='ocrx_word' id='word_1_297' title='bbox 1179 2152 1234 2197; x_wconf 84' lang='lat' dir='ltr'><strong>et</strong></span> <span class='ocrx_word' id='word_1_298' title='bbox 1260 2152 1430 2198; x_wconf 83' lang='lat' dir='ltr'><strong>tantas</strong></span> <span class='ocrx_word' id='word_1_299' title='bbox 1452 2148 1702 2201; x_wconf 90' lang='lat' dir='ltr'><strong>teutatio-</strong></span> 
     </span>
    </p>
   </div>
   <div class='ocr_carea' id='block_1_38' title="bbox 131 2228 1699 2303">
    <p class='ocr_par' dir='ltr' id='par_1_38' title="bbox 131 2228 1699 2303">
     <span class='ocr_line' id='line_1_38' title="bbox 131 2228 1699 2303; baseline 0.006 -21"><span class='ocrx_word' id='word_1_300' title='bbox 131 2244 237 2296; x_wconf 82' lang='lat' dir='ltr'><strong>nes,</strong></span> <span class='ocrx_word' id='word_1_301' title='bbox 268 2245 387 2299; x_wconf 76' lang='lat' dir='ltr'><strong>qua:</strong></span> <span class='ocrx_word' id='word_1_302' title='bbox 416 2232 469 2281; x_wconf 91' lang='lat' dir='ltr'><strong>in</strong></span> <span class='ocrx_word' id='word_1_303' title='bbox 504 2228 750 2298; x_wconf 81' lang='lat' dir='ltr'><strong>paradiso</strong></span> <span class='ocrx_word' id='word_1_304' title='bbox 781 2245 883 2285; x_wconf 88' lang='lat' dir='ltr'><strong>nou</strong></span> <span class='ocrx_word' id='word_1_305' title='bbox 918 2231 1154 2299; x_wconf 77' lang='lat' dir='ltr'><strong>luerunt,</strong></span> <span class='ocrx_word' id='word_1_306' title='bbox 1183 2233 1324 2288; x_wconf 90' lang='lat' dir='ltr'><strong>dono</strong></span> <span class='ocrx_word' id='word_1_307' title='bbox 1358 2250 1699 2303; x_wconf 78' lang='lat' dir='ltr'><strong>perseveran-</strong></span> 
     </span>
    </p>
   </div>
   <div class='ocr_carea' id='block_1_39' title="bbox 130 2318 1698 2394">
    <p class='ocr_par' dir='ltr' id='par_1_39' title="bbox 130 2318 1698 2394">
     <span class='ocr_line' id='line_1_39' title="bbox 130 2318 1698 2394; baseline 0.008 -24"><span class='ocrx_word' id='word_1_308' title='bbox 130 2318 209 2372; x_wconf 65' lang='lat' dir='ltr'><strong>tia:</strong></span> <span class='ocrx_word' id='word_1_309' title='bbox 232 2320 431 2373; x_wconf 88' lang='lat' dir='ltr'><strong>munita</strong></span> <span class='ocrx_word' id='word_1_310' title='bbox 456 2328 617 2388; x_wconf 90' lang='lat' dir='ltr'><strong>atque</strong></span> <span class='ocrx_word' id='word_1_311' title='bbox 645 2320 873 2387; x_wconf 82' lang='lat' dir='ltr'><strong>lirmata,</strong></span> <span class='ocrx_word' id='word_1_312' title='bbox 908 2332 961 2374; x_wconf 93' lang='lat' dir='ltr'><strong>ut</strong></span> <span class='ocrx_word' id='word_1_313' title='bbox 987 2337 1105 2375; x_wconf 90' lang='lat' dir='ltr'><strong>cum</strong></span> <span class='ocrx_word' id='word_1_314' title='bbox 1132 2324 1379 2379; x_wconf 89' lang='lat' dir='ltr'><strong>omnibus</strong></span> <span class='ocrx_word' id='word_1_315' title='bbox 1407 2328 1698 2394; x_wconf 88' lang='lat' dir='ltr'><strong>amoribus,</strong></span> 
     </span>
    </p>
   </div>
   <div class='ocr_carea' id='block_1_40' title="bbox 132 2409 1701 2479">
    <p class='ocr_par' dir='ltr' id='par_1_40' title="bbox 132 2409 1701 2479">
     <span class='ocr_line' id='line_1_40' title="bbox 132 2409 1701 2479; baseline 0.004 -16"><span class='ocrx_word' id='word_1_316' title='bbox 132 2409 445 2474; x_wconf 83' lang='lat' dir='ltr'><strong>terroribus,</strong></span> <span class='ocrx_word' id='word_1_317' title='bbox 479 2409 755 2464; x_wconf 89' lang='lat' dir='ltr'><strong>erroribus</strong></span> <span class='ocrx_word' id='word_1_318' title='bbox 785 2413 897 2465; x_wconf 87' lang='lat' dir='ltr'><strong>suis</strong></span> <span class='ocrx_word' id='word_1_319' title='bbox 920 2410 1162 2466; x_wconf 88' lang='lat' dir='ltr'><strong>vincatur</strong></span> <span class='ocrx_word' id='word_1_320' title='bbox 1211 2413 1295 2468; x_wconf 88' lang='lat' dir='ltr'><strong>hic</strong></span> <span class='ocrx_word' id='word_1_321' title='bbox 1325 2415 1572 2479; x_wconf 87' lang='lat' dir='ltr'><strong>mundus,</strong></span> <span class='ocrx_word' id='word_1_322' title='bbox 1602 2417 1701 2475; x_wconf 90' lang='lat' dir='ltr'><strong>hoe</strong></span> 
     </span>
    </p>
   </div>
   <div class='ocr_carea' id='block_1_41' title="bbox 132 2501 1698 2573">
    <p class='ocr_par' dir='ltr' id='par_1_41' title="bbox 132 2501 1698 2573">
     <span class='ocr_line' id='line_1_41' title="bbox 132 2501 1698 2573; baseline 0.006 -20"><span class='ocrx_word' id='word_1_323' title='bbox 132 2511 427 2553; x_wconf 82' lang='lat' dir='ltr'><strong>sanctorum</strong></span> <span class='ocrx_word' id='word_1_324' title='bbox 489 2502 741 2569; x_wconf 82' lang='lat' dir='ltr'><strong>martyria</strong></span> <span class='ocrx_word' id='word_1_325' title='bbox 773 2501 1089 2557; x_wconf 90' lang='lat' dir='ltr'><strong>docuerunt.</strong></span> <span class='ocrx_word' id='word_1_326' title='bbox 1120 2502 1352 2573; x_wconf 75' lang='lat' dir='ltr'><strong>Denique</strong></span> <span class='ocrx_word' id='word_1_327' title='bbox 1379 2505 1488 2571; x_wconf 92' lang='lat' dir='ltr'><strong>ille,</strong></span> <span class='ocrx_word' id='word_1_328' title='bbox 1514 2514 1565 2561; x_wconf 89' lang='lat' dir='ltr'><strong>et</strong></span> <span class='ocrx_word' id='word_1_329' title='bbox 1590 2517 1698 2563; x_wconf 86' lang='lat' dir='ltr'><strong>ter-</strong></span> 
     </span>
    </p>
   </div>
   <div class='ocr_carea' id='block_1_42' title="bbox 134 2590 1701 2666">
    <p class='ocr_par' dir='ltr' id='par_1_42' title="bbox 134 2590 1701 2666">
     <span class='ocr_line' id='line_1_42' title="bbox 134 2590 1701 2666; baseline 0.006 -23"><span class='ocrx_word' id='word_1_330' title='bbox 134 2596 272 2644; x_wconf 87' lang='lat' dir='ltr'><strong>rente</strong></span> <span class='ocrx_word' id='word_1_331' title='bbox 295 2590 467 2653; x_wconf 80' lang='lat' dir='ltr'><strong>nullo,</strong></span> <span class='ocrx_word' id='word_1_332' title='bbox 522 2598 574 2643; x_wconf 91' lang='lat' dir='ltr'><strong>et</strong></span> <span class='ocrx_word' id='word_1_333' title='bbox 617 2590 833 2660; x_wconf 86' lang='lat' dir='ltr'><strong>insuper</strong></span> <span class='ocrx_word' id='word_1_334' title='bbox 879 2601 1061 2646; x_wconf 89' lang='lat' dir='ltr'><strong>contra</strong></span> <span class='ocrx_word' id='word_1_335' title='bbox 1114 2592 1205 2648; x_wconf 86' lang='lat' dir='ltr'><strong>Dei</strong></span> <span class='ocrx_word' id='word_1_336' title='bbox 1254 2597 1502 2651; x_wconf 88' lang='lat' dir='ltr'><strong>terrentis</strong></span> <span class='ocrx_word' id='word_1_337' title='bbox 1534 2596 1701 2666; x_wconf 91' lang='lat' dir='ltr'><strong>impe-</strong></span> 
     </span>
    </p>
   </div>
   <div class='ocr_carea' id='block_1_43' title="bbox 134 2678 1699 2749">
    <p class='ocr_par' dir='ltr' id='par_1_43' title="bbox 134 2678 1699 2749">
     <span class='ocr_line' id='line_1_43' title="bbox 134 2678 1699 2749; baseline 0.008 -19"><span class='ocrx_word' id='word_1_338' title='bbox 134 2679 283 2745; x_wconf 89' lang='lat' dir='ltr'><strong>rium,</strong></span> <span class='ocrx_word' id='word_1_339' title='bbox 316 2678 491 2733; x_wconf 89' lang='lat' dir='ltr'><strong>libero</strong></span> <span class='ocrx_word' id='word_1_340' title='bbox 530 2694 698 2749; x_wconf 90' lang='lat' dir='ltr'><strong>usque</strong></span> <span class='ocrx_word' id='word_1_341' title='bbox 726 2681 946 2735; x_wconf 87' lang='lat' dir='ltr'><strong>arbitrio</strong></span> <span class='ocrx_word' id='word_1_342' title='bbox 976 2698 1078 2736; x_wconf 91' lang='lat' dir='ltr'><strong>non</strong></span> <span class='ocrx_word' id='word_1_343' title='bbox 1104 2686 1247 2737; x_wconf 89' lang='lat' dir='ltr'><strong>stetit</strong></span> <span class='ocrx_word' id='word_1_344' title='bbox 1273 2684 1325 2738; x_wconf 89' lang='lat' dir='ltr'><strong>in</strong></span> <span class='ocrx_word' id='word_1_345' title='bbox 1354 2696 1497 2739; x_wconf 89' lang='lat' dir='ltr'><strong>tanta</strong></span> <span class='ocrx_word' id='word_1_346' title='bbox 1526 2686 1699 2742; x_wconf 84' lang='lat' dir='ltr'><strong>felici-</strong></span> 
     </span>
    </p>
   </div>
   <div class='ocr_carea' id='block_1_44' title="bbox 135 2769 1697 2843">
    <p class='ocr_par' dir='ltr' id='par_1_44' title="bbox 135 2769 1697 2843">
     <span class='ocr_line' id='line_1_44' title="bbox 135 2769 1697 2843; baseline 0.007 -21"><span class='ocrx_word' id='word_1_347' title='bbox 135 2777 273 2835; x_wconf 75' lang='lat' dir='ltr'><strong>tate,t</strong></span> <span class='ocrx_word' id='word_1_348' title='bbox 294 2769 345 2823; x_wconf 90' lang='lat' dir='ltr'><strong>in</strong></span> <span class='ocrx_word' id='word_1_349' title='bbox 406 2777 553 2823; x_wconf 87' lang='lat' dir='ltr'><strong>tanta</strong></span> <span class='ocrx_word' id='word_1_350' title='bbox 601 2785 704 2823; x_wconf 88' lang='lat' dir='ltr'><strong>non</strong></span> <span class='ocrx_word' id='word_1_351' title='bbox 756 2772 1007 2838; x_wconf 88' lang='lat' dir='ltr'><strong>peccandi</strong></span> <span class='ocrx_word' id='word_1_352' title='bbox 1057 2772 1351 2839; x_wconf 79' lang='lat' dir='ltr'><strong>facilitate;</strong></span> <span class='ocrx_word' id='word_1_353' title='bbox 1382 2774 1472 2830; x_wconf 84' lang='lat' dir='ltr'><strong>isti</strong></span> <span class='ocrx_word' id='word_1_354' title='bbox 1499 2786 1697 2843; x_wconf 80' lang='lat' dir='ltr'><strong>autent,</strong></span> 
     </span>
    </p>
   </div>
   <div class='ocr_carea' id='block_1_45' title="bbox 136 2862 1698 2934">
    <p class='ocr_par' dir='ltr' id='par_1_45' title="bbox 136 2862 1698 2934">
     <span class='ocr_line' id='line_1_45' title="bbox 136 2862 1698 2934; baseline 0.004 -19"><span class='ocrx_word' id='word_1_355' title='bbox 136 2876 233 2916; x_wconf 89' lang='lat' dir='ltr'><strong>non</strong></span> <span class='ocrx_word' id='word_1_356' title='bbox 283 2863 405 2916; x_wconf 91' lang='lat' dir='ltr'><strong>dico</strong></span> <span class='ocrx_word' id='word_1_357' title='bbox 458 2871 689 2917; x_wconf 88' lang='lat' dir='ltr'><strong>terrente</strong></span> <span class='ocrx_word' id='word_1_358' title='bbox 721 2862 934 2928; x_wconf 86' lang='lat' dir='ltr'><strong>mundo,</strong></span> <span class='ocrx_word' id='word_1_359' title='bbox 965 2864 1057 2919; x_wconf 90' lang='lat' dir='ltr'><strong>sed</strong></span> <span class='ocrx_word' id='word_1_360' title='bbox 1100 2866 1354 2922; x_wconf 60' lang='lat' dir='ltr'><strong>saeviente</strong></span> <span class='ocrx_word' id='word_1_361' title='bbox 1380 2882 1446 2923; x_wconf 91' lang='lat' dir='ltr'><strong>ne</strong></span> <span class='ocrx_word' id='word_1_362' title='bbox 1475 2878 1698 2934; x_wconf 87' lang='lat' dir='ltr'><strong>starent,</strong></span> 
     </span>
    </p>
   </div>
   <div class='ocr_carea' id='block_1_46' title="bbox 134 2954 1699 3028">
    <p class='ocr_par' dir='ltr' id='par_1_46' title="bbox 134 2954 1699 3028">
     <span class='ocr_line' id='line_1_46' title="bbox 134 2954 1699 3028; baseline 0.007 -23"><span class='ocrx_word' id='word_1_363' title='bbox 134 2963 387 3009; x_wconf 83' lang='lat' dir='ltr'><strong>steterunt</strong></span> <span class='ocrx_word' id='word_1_364' title='bbox 421 2955 474 3007; x_wconf 86' lang='lat' dir='ltr'><strong>in</strong></span> <span class='ocrx_word' id='word_1_365' title='bbox 520 2954 622 3008; x_wconf 86' lang='lat' dir='ltr'><strong>tide</strong></span> <span class='ocrx_word' id='word_1_366' title='bbox 652 2973 664 3005; x_wconf 93' lang='lat'><strong>:</strong></span> <span class='ocrx_word' id='word_1_367' title='bbox 696 2970 815 3009; x_wconf 86' lang='lat' dir='ltr'><strong>cum</strong></span> <span class='ocrx_word' id='word_1_368' title='bbox 871 2956 1075 3011; x_wconf 72' lang='lat' dir='ltr'><strong>videret</strong></span> <span class='ocrx_word' id='word_1_369' title='bbox 1121 2958 1211 3014; x_wconf 89' lang='lat' dir='ltr'><strong>ille</strong></span> <span class='ocrx_word' id='word_1_370' title='bbox 1252 2958 1387 3013; x_wconf 87' lang='lat' dir='ltr'><strong>bona</strong></span> <span class='ocrx_word' id='word_1_371' title='bbox 1418 2964 1699 3028; x_wconf 73' lang='lat' dir='ltr'><strong>prtesentia</strong></span> 
     </span>
    </p>
   </div>
   <div class='ocr_carea' id='block_1_47' title="bbox 136 3046 1695 3121">
    <p class='ocr_par' dir='ltr' id='par_1_47' title="bbox 136 3046 1695 3121">
     <span class='ocr_line' id='line_1_47' title="bbox 136 3046 1695 3121; baseline 0.007 -24"><span class='ocrx_word' id='word_1_372' title='bbox 136 3059 246 3113; x_wconf 72' lang='lat' dir='ltr'><strong>qua:</strong></span> <span class='ocrx_word' id='word_1_373' title='bbox 294 3046 468 3101; x_wconf 76' lang='lat' dir='ltr'><strong>fuerat</strong></span> <span class='ocrx_word' id='word_1_374' title='bbox 500 3047 802 3114; x_wconf 86' lang='lat' dir='ltr'><strong>relicturus,</strong></span> <span class='ocrx_word' id='word_1_375' title='bbox 837 3049 925 3102; x_wconf 79' lang='lat' dir='ltr'><strong>iSli</strong></span> <span class='ocrx_word' id='word_1_376' title='bbox 950 3049 1118 3104; x_wconf 80' lang='lat' dir='ltr'><strong>futura</strong></span> <span class='ocrx_word' id='word_1_377' title='bbox 1143 3066 1260 3119; x_wconf 64' lang='lat' dir='ltr'><strong>quae</strong></span> <span class='ocrx_word' id='word_1_378' title='bbox 1282 3054 1550 3121; x_wconf 83' lang='lat' dir='ltr'><strong>accepturi</strong></span> <span class='ocrx_word' id='word_1_379' title='bbox 1580 3056 1695 3108; x_wconf 82' lang='lat' dir='ltr'><strong>iue-</strong></span> 
     </span>
    </p>
   </div>
   <div class='ocr_carea' id='block_1_48' title="bbox 1806 1862 3406 1941">
    <p class='ocr_par' dir='ltr' id='par_1_48' title="bbox 1806 1862 3406 1941">
     <span class='ocr_line' id='line_1_48' title="bbox 1806 1862 3406 1941; baseline 0.008 -29"><span class='ocrx_word' id='word_1_380' title='bbox 1806 1868 1964 1913; x_wconf 86' lang='lat' dir='ltr'><strong>tatem</strong></span> <span class='ocrx_word' id='word_1_381' title='bbox 1998 1862 2212 1927; x_wconf 88' lang='lat' dir='ltr'><strong>secreti,</strong></span> <span class='ocrx_word' id='word_1_382' title='bbox 2249 1862 2572 1917; x_wconf 89' lang='lat' dir='ltr'><strong>credendum</strong></span> <span class='ocrx_word' id='word_1_383' title='bbox 2618 1874 2697 1917; x_wconf 83' lang='lat' dir='ltr'><strong>est</strong></span> <span class='ocrx_word' id='word_1_384' title='bbox 2727 1866 2983 1932; x_wconf 88' lang='lat' dir='ltr'><strong>quosdam</strong></span> <span class='ocrx_word' id='word_1_385' title='bbox 3013 1866 3078 1923; x_wconf 91' lang='lat' dir='ltr'><strong>de</strong></span> <span class='ocrx_word' id='word_1_386' title='bbox 3108 1867 3225 1922; x_wconf 82' lang='lat' dir='ltr'><strong>ﬁliis</strong></span> <span class='ocrx_word' id='word_1_387' title='bbox 3249 1883 3406 1941; x_wconf 58' lang='lat' dir='ltr'><strong>per.-</strong></span> 
     </span>
    </p>
   </div>
   <div class='ocr_carea' id='block_1_49' title="bbox 1803 1949 3374 2027">
    <p class='ocr_par' dir='ltr' id='par_1_49' title="bbox 1803 1949 3374 2027">
     <span class='ocr_line' id='line_1_49' title="bbox 1803 1949 3374 2027; baseline 0.007 -24"><span class='ocrx_word' id='word_1_388' title='bbox 1803 1949 2037 2012; x_wconf 83' lang='lat' dir='ltr'><strong>ditionis,</strong></span> <span class='ocrx_word' id='word_1_389' title='bbox 2096 1965 2201 2004; x_wconf 90' lang='lat' dir='ltr'><strong>non</strong></span> <span class='ocrx_word' id='word_1_390' title='bbox 2244 1961 2465 2020; x_wconf 88' lang='lat' dir='ltr'><strong>accepto</strong></span> <span class='ocrx_word' id='word_1_391' title='bbox 2514 1951 2654 2007; x_wconf 90' lang='lat' dir='ltr'><strong>dono</strong></span> <span class='ocrx_word' id='word_1_392' title='bbox 2709 1955 3078 2021; x_wconf 82' lang='lat' dir='ltr'><strong>perseverandi</strong></span> <span class='ocrx_word' id='word_1_393' title='bbox 3113 1973 3281 2027; x_wconf 70' lang='lat' dir='ltr'><strong>usque</strong></span> <span class='ocrx_word' id='word_1_394' title='bbox 3313 1961 3374 2014; x_wconf 74' lang='lat' dir='ltr'><strong>&#39;iu</strong></span> 
     </span>
    </p>
   </div>
   <div class='ocr_carea' id='block_1_50' title="bbox 1804 2044 3374 2122">
    <p class='ocr_par' dir='ltr' id='par_1_50' title="bbox 1804 2044 3374 2122">
     <span class='ocr_line' id='line_1_50' title="bbox 1804 2044 3374 2122; baseline 0.006 -24"><span class='ocrx_word' id='word_1_395' title='bbox 1804 2044 1987 2108; x_wconf 83' lang='lat' dir='ltr'><strong>tinem,</strong></span> <span class='ocrx_word' id='word_1_396' title='bbox 2013 2045 2062 2098; x_wconf 91' lang='lat' dir='ltr'><strong>in</strong></span> <span class='ocrx_word' id='word_1_397' title='bbox 2089 2044 2213 2119; x_wconf 80' lang='lat' dir='ltr'><strong>ﬁde,</strong></span> <span class='ocrx_word' id='word_1_398' title='bbox 2230 2060 2349 2115; x_wconf 65' lang='lat' dir='ltr'><strong>qum</strong></span> <span class='ocrx_word' id='word_1_399' title='bbox 2371 2060 2464 2114; x_wconf 91' lang='lat' dir='ltr'><strong>per</strong></span> <span class='ocrx_word' id='word_1_400' title='bbox 2489 2045 2824 2100; x_wconf 86' lang='lat' dir='ltr'><strong>dilectionem</strong></span> <span class='ocrx_word' id='word_1_401' title='bbox 2849 2059 3117 2118; x_wconf 84' lang='lat' dir='ltr'><strong>operatur,</strong></span> <span class='ocrx_word' id='word_1_402' title='bbox 3140 2051 3374 2122; x_wconf 87' lang='lat' dir='ltr'><strong>incipere</strong></span> 
     </span>
    </p>
   </div>
   <div class='ocr_carea' id='block_1_51' title="bbox 1803 2137 3374 2211">
    <p class='ocr_par' dir='ltr' id='par_1_51' title="bbox 1803 2137 3374 2211">
     <span class='ocr_line' id='line_1_51' title="bbox 1803 2137 3374 2211; baseline 0.008 -20"><span class='ocrx_word' id='word_1_403' title='bbox 1803 2140 1999 2202; x_wconf 82' lang='lat' dir='ltr'><strong>vivere,</strong></span> <span class='ocrx_word' id='word_1_404' title='bbox 2056 2148 2108 2192; x_wconf 89' lang='lat' dir='ltr'><strong>et</strong></span> <span class='ocrx_word' id='word_1_405' title='bbox 2155 2137 2459 2207; x_wconf 85' lang='lat' dir='ltr'><strong>aliquandiu</strong></span> <span class='ocrx_word' id='word_1_406' title='bbox 2510 2137 2737 2193; x_wconf 81' lang='lat' dir='ltr'><strong>ﬁdeliter</strong></span> <span class='ocrx_word' id='word_1_407' title='bbox 2787 2153 2847 2193; x_wconf 90' lang='lat' dir='ltr'><strong>ac</strong></span> <span class='ocrx_word' id='word_1_408' title='bbox 2893 2140 3039 2210; x_wconf 86' lang='lat' dir='ltr'><strong>juste</strong></span> <span class='ocrx_word' id='word_1_409' title='bbox 3081 2148 3280 2211; x_wconf 88' lang='lat' dir='ltr'><strong>vivere,</strong></span> <span class='ocrx_word' id='word_1_410' title='bbox 3319 2157 3374 2203; x_wconf 89' lang='lat' dir='ltr'><strong>et</strong></span> 
     </span>
    </p>
   </div>
   <div class='ocr_carea' id='block_1_52' title="bbox 1802 2220 3376 2302">
    <p class='ocr_par' dir='ltr' id='par_1_52' title="bbox 1802 2220 3376 2302">
     <span class='ocr_line' id='line_1_52' title="bbox 1802 2220 3376 2302; baseline 0.008 -25"><span class='ocrx_word' id='word_1_411' title='bbox 1802 2238 1980 2295; x_wconf 90' lang='lat' dir='ltr'><strong>postea</strong></span> <span class='ocrx_word' id='word_1_412' title='bbox 2022 2226 2240 2291; x_wconf 88' lang='lat' dir='ltr'><strong>cadere;</strong></span> <span class='ocrx_word' id='word_1_413' title='bbox 2273 2241 2444 2297; x_wconf 91' lang='lat' dir='ltr'><strong>neque</strong></span> <span class='ocrx_word' id='word_1_414' title='bbox 2484 2227 2549 2281; x_wconf 77' lang='lat' dir='ltr'><strong>ile</strong></span> <span class='ocrx_word' id='word_1_415' title='bbox 2581 2220 2680 2281; x_wconf 83' lang='lat' dir='ltr'><strong>hac</strong></span> <span class='ocrx_word' id='word_1_416' title='bbox 2710 2228 2813 2282; x_wconf 87' lang='lat' dir='ltr'><strong>vita</strong></span> <span class='ocrx_word' id='word_1_417' title='bbox 2847 2232 3149 2302; x_wconf 83' lang='lat' dir='ltr'><strong>priusquam</strong></span> <span class='ocrx_word' id='word_1_418' title='bbox 3177 2236 3275 2290; x_wconf 89' lang='lat' dir='ltr'><strong>hoc</strong></span> <span class='ocrx_word' id='word_1_419' title='bbox 3298 2236 3376 2293; x_wconf 79' lang='lat' dir='ltr'><strong>eis</strong></span> 
     </span>
    </p>
   </div>
   <div class='ocr_carea' id='block_1_53' title="bbox 1799 2315 3373 2396">
    <p class='ocr_par' dir='ltr' id='par_1_53' title="bbox 1799 2315 3373 2396">
     <span class='ocr_line' id='line_1_53' title="bbox 1799 2315 3373 2396; baseline 0.007 -27"><span class='ocrx_word' id='word_1_420' title='bbox 1799 2318 2068 2384; x_wconf 87' lang='lat' dir='ltr'><strong>contingat</strong></span> <span class='ocrx_word' id='word_1_421' title='bbox 2140 2315 2357 2381; x_wconf 81' lang='lat' dir='ltr'><strong>auferri,</strong></span> <span class='ocrx_word' id='word_1_422' title='bbox 2411 2331 2636 2385; x_wconf 85' lang='lat' dir='ltr'><strong>quorum</strong></span> <span class='ocrx_word' id='word_1_423' title='bbox 2690 2316 2736 2371; x_wconf 87' lang='lat' dir='ltr'><strong>si</strong></span> <span class='ocrx_word' id='word_1_424' title='bbox 2788 2320 3373 2396; x_wconf 17' lang='lat' dir='ltr'><strong>neminitcontigisSet,</strong></span> 
     </span>
    </p>
   </div>
   <div class='ocr_carea' id='block_1_54' title="bbox 1802 2407 3373 2473">
    <p class='ocr_par' dir='ltr' id='par_1_54' title="bbox 1802 2407 3373 2473">
     <span class='ocr_line' id='line_1_54' title="bbox 1802 2407 3373 2473; baseline 0.01 -15"><span class='ocrx_word' id='word_1_425' title='bbox 1802 2408 1984 2461; x_wconf 89' lang='lat' dir='ltr'><strong>tandiu</strong></span> <span class='ocrx_word' id='word_1_426' title='bbox 2014 2407 2273 2462; x_wconf 85' lang='lat' dir='ltr'><strong>haberent</strong></span> <span class='ocrx_word' id='word_1_427' title='bbox 2320 2408 2561 2463; x_wconf 86' lang='lat' dir='ltr'><strong>homines</strong></span> <span class='ocrx_word' id='word_1_428' title='bbox 2588 2409 2745 2463; x_wconf 86' lang='lat' dir='ltr'><strong>istum</strong></span> <span class='ocrx_word' id='word_1_429' title='bbox 2785 2410 3185 2468; x_wconf 88' lang='lat' dir='ltr'><strong>saluberrimum</strong></span> <span class='ocrx_word' id='word_1_430' title='bbox 3219 2416 3373 2473; x_wconf 80' lang='lat' dir='ltr'><strong>tirno-</strong></span> 
     </span>
    </p>
   </div>
   <div class='ocr_carea' id='block_1_55' title="bbox 1802 2496 3374 2568">
    <p class='ocr_par' dir='ltr' id='par_1_55' title="bbox 1802 2496 3374 2568">
     <span class='ocr_line' id='line_1_55' title="bbox 1802 2496 3374 2568; baseline 0.006 -17"><span class='ocrx_word' id='word_1_431' title='bbox 1802 2512 1913 2552; x_wconf 89' lang='lat' dir='ltr'><strong>tem</strong></span> <span class='ocrx_word' id='word_1_432' title='bbox 1933 2513 2035 2565; x_wconf 88' lang='lat' dir='ltr'><strong>quo</strong></span> <span class='ocrx_word' id='word_1_433' title='bbox 2060 2496 2238 2551; x_wconf 84' lang='lat' dir='ltr'><strong>vitium</strong></span> <span class='ocrx_word' id='word_1_434' title='bbox 2259 2497 2506 2551; x_wconf 74' lang='lat' dir='ltr'><strong>elationis</strong></span> <span class='ocrx_word' id='word_1_435' title='bbox 2529 2498 2871 2568; x_wconf 87' lang='lat' dir='ltr'><strong>opprimitur,</strong></span> <span class='ocrx_word' id='word_1_436' title='bbox 2891 2499 3064 2556; x_wconf 84' lang='lat' dir='ltr'><strong>donec</strong></span> <span class='ocrx_word' id='word_1_437' title='bbox 3082 2503 3150 2557; x_wconf 88' lang='lat' dir='ltr'><strong>ad</strong></span> <span class='ocrx_word' id='word_1_438' title='bbox 3172 2504 3374 2561; x_wconf 81' lang='lat' dir='ltr'><strong>Chriin</strong></span> 
     </span>
    </p>
   </div>
   <div class='ocr_carea' id='block_1_56' title="bbox 1800 2587 3373 2670">
    <p class='ocr_par' dir='ltr' id='par_1_56' title="bbox 1800 2587 3373 2670">
     <span class='ocr_line' id='line_1_56' title="bbox 1800 2587 3373 2670; baseline 0.011 -32"><span class='ocrx_word' id='word_1_439' title='bbox 1800 2587 2046 2657; x_wconf 79' lang='lat' dir='ltr'><strong>gratiam,</strong></span> <span class='ocrx_word' id='word_1_440' title='bbox 2089 2604 2193 2658; x_wconf 92' lang='lat' dir='ltr'><strong>qua</strong></span> <span class='ocrx_word' id='word_1_441' title='bbox 2249 2592 2334 2658; x_wconf 87' lang='lat' dir='ltr'><strong>pie</strong></span> <span class='ocrx_word' id='word_1_442' title='bbox 2362 2589 2579 2659; x_wconf 83' lang='lat' dir='ltr'><strong>vivitur,</strong></span> <span class='ocrx_word' id='word_1_443' title='bbox 2609 2594 2964 2661; x_wconf 80' lang='lat' dir='ltr'><strong>pervenirent,</strong></span> <span class='ocrx_word' id='word_1_444' title='bbox 2997 2595 3247 2668; x_wconf 85' lang='lat' dir='ltr'><strong>deinceps</strong></span> <span class='ocrx_word' id='word_1_445' title='bbox 3261 2601 3373 2670; x_wconf 88' lang='lat' dir='ltr'><strong>jam</strong></span> 
     </span>
    </p>
   </div>
   <div class='ocr_carea' id='block_1_57' title="bbox 1800 2678 3377 2761">
    <p class='ocr_par' dir='ltr' id='par_1_57' title="bbox 1800 2678 3377 2761">
     <span class='ocr_line' id='line_1_57' title="bbox 1800 2678 3377 2761; baseline 0.011 -31"><span class='ocrx_word' id='word_1_446' title='bbox 1800 2678 1973 2733; x_wconf 85' lang='lat' dir='ltr'><strong>securi</strong></span> <span class='ocrx_word' id='word_1_447' title='bbox 2015 2684 2277 2751; x_wconf 83' lang='lat' dir='ltr'><strong>nunquam</strong></span> <span class='ocrx_word' id='word_1_448' title='bbox 2331 2697 2389 2737; x_wconf 83' lang='lat' dir='ltr'><strong>se</strong></span> <span class='ocrx_word' id='word_1_449' title='bbox 2418 2683 2484 2737; x_wconf 89' lang='lat' dir='ltr'><strong>ab</strong></span> <span class='ocrx_word' id='word_1_450' title='bbox 2527 2684 2616 2737; x_wconf 88' lang='lat' dir='ltr'><strong>illo</strong></span> <span class='ocrx_word' id='word_1_451' title='bbox 2643 2699 2762 2741; x_wconf 90' lang='lat' dir='ltr'><strong>esse</strong></span> <span class='ocrx_word' id='word_1_452' title='bbox 2796 2700 3015 2743; x_wconf 88' lang='lat' dir='ltr'><strong>casuros</strong></span> <span class='ocrx_word' id='word_1_453' title='bbox 3048 2703 3063 2743; x_wconf 90' lang='lat'><strong>:</strong></span> <span class='ocrx_word' id='word_1_454' title='bbox 3092 2704 3208 2761; x_wconf 68' lang='lat' dir='ltr'><strong>qua:</strong></span> <span class='ocrx_word' id='word_1_455' title='bbox 3240 2708 3377 2761; x_wconf 52' lang='lat' dir='ltr'><strong>prae</strong></span> 
     </span>
    </p>
   </div>
   <div class='ocr_carea' id='block_1_58' title="bbox 1798 2773 3377 2851">
    <p class='ocr_par' dir='ltr' id='par_1_58' title="bbox 1798 2773 3377 2851">
     <span class='ocr_line' id='line_1_58' title="bbox 1798 2773 3377 2851; baseline 0.011 -28"><span class='ocrx_word' id='word_1_456' title='bbox 1798 2773 2031 2841; x_wconf 89' lang='lat' dir='ltr'><strong>sumptio</strong></span> <span class='ocrx_word' id='word_1_457' title='bbox 2085 2773 2137 2827; x_wconf 91' lang='lat' dir='ltr'><strong>in</strong></span> <span class='ocrx_word' id='word_1_458' title='bbox 2194 2776 2295 2828; x_wconf 89' lang='lat' dir='ltr'><strong>isto</strong></span> <span class='ocrx_word' id='word_1_459' title='bbox 2351 2775 2699 2831; x_wconf 87' lang='lat' dir='ltr'><strong>tentationum</strong></span> <span class='ocrx_word' id='word_1_460' title='bbox 2745 2777 2863 2833; x_wconf 90' lang='lat' dir='ltr'><strong>loco</strong></span> <span class='ocrx_word' id='word_1_461' title='bbox 2891 2791 2995 2834; x_wconf 91' lang='lat' dir='ltr'><strong>non</strong></span> <span class='ocrx_word' id='word_1_462' title='bbox 3024 2780 3258 2851; x_wconf 82' lang='lat' dir='ltr'><strong>expedit,</strong></span> <span class='ocrx_word' id='word_1_463' title='bbox 3289 2785 3377 2841; x_wconf 76' lang='lat' dir='ltr'><strong>lilii</strong></span> 
     </span>
    </p>
   </div>
   <div class='ocr_carea' id='block_1_59' title="bbox 1802 2856 3375 2939">
    <p class='ocr_par' dir='ltr' id='par_1_59' title="bbox 1802 2856 3375 2939">
     <span class='ocr_line' id='line_1_59' title="bbox 1802 2856 3375 2939; baseline 0.008 -22"><span class='ocrx_word' id='word_1_464' title='bbox 1802 2873 1943 2918; x_wconf 88' lang='lat' dir='ltr'><strong>tanta</strong></span> <span class='ocrx_word' id='word_1_465' title='bbox 1990 2874 2073 2920; x_wconf 90' lang='lat' dir='ltr'><strong>est</strong></span> <span class='ocrx_word' id='word_1_466' title='bbox 2112 2856 2407 2930; x_wconf 81' lang='lat' dir='ltr'><strong>infirmitas,</strong></span> <span class='ocrx_word' id='word_1_467' title='bbox 2452 2875 2511 2921; x_wconf 91' lang='lat' dir='ltr'><strong>ut</strong></span> <span class='ocrx_word' id='word_1_468' title='bbox 2557 2867 2860 2937; x_wconf 85' lang='lat' dir='ltr'><strong>superbiam</strong></span> <span class='ocrx_word' id='word_1_469' title='bbox 2912 2858 3080 2937; x_wconf 85' lang='lat' dir='ltr'><strong>possit</strong></span> <span class='ocrx_word' id='word_1_470' title='bbox 3117 2886 3375 2939; x_wconf 86' lang='lat' dir='ltr'><strong>generare</strong></span> 
     </span>
    </p>
   </div>
   <div class='ocr_carea' id='block_1_60' title="bbox 1800 2958 3375 3036">
    <p class='ocr_par' dir='ltr' id='par_1_60' title="bbox 1800 2958 3375 3036">
     <span class='ocr_line' id='line_1_60' title="bbox 1800 2958 3375 3036; baseline 0.007 -25"><span class='ocrx_word' id='word_1_471' title='bbox 1800 2961 2081 3014; x_wconf 83' lang='lat' dir='ltr'><strong>securitas.</strong></span> <span class='ocrx_word' id='word_1_472' title='bbox 2112 2958 2347 3029; x_wconf 89' lang='lat' dir='ltr'><strong>Denique</strong></span> <span class='ocrx_word' id='word_1_473' title='bbox 2373 2961 2531 3015; x_wconf 90' lang='lat' dir='ltr'><strong>etiam</strong></span> <span class='ocrx_word' id='word_1_474' title='bbox 2558 2960 2657 3035; x_wconf 88' lang='lat' dir='ltr'><strong>hoc</strong></span> <span class='ocrx_word' id='word_1_475' title='bbox 2688 2962 2806 3027; x_wconf 88' lang='lat' dir='ltr'><strong>erit,</strong></span> <span class='ocrx_word' id='word_1_476' title='bbox 2831 2962 2923 3017; x_wconf 90' lang='lat' dir='ltr'><strong>sed</strong></span> <span class='ocrx_word' id='word_1_477' title='bbox 2957 2972 3079 3020; x_wconf 89' lang='lat' dir='ltr'><strong>tunc</strong></span> <span class='ocrx_word' id='word_1_478' title='bbox 3104 2965 3245 3033; x_wconf 87' lang='lat' dir='ltr'><strong>quod</strong></span> <span class='ocrx_word' id='word_1_479' title='bbox 3261 2966 3375 3036; x_wconf 87' lang='lat' dir='ltr'><strong>jam</strong></span> 
     </span>
    </p>
   </div>
   <div class='ocr_carea' id='block_1_61' title="bbox 1799 3037 3371 3125">
    <p class='ocr_par' dir='ltr' id='par_1_61' title="bbox 1799 3037 3371 3125">
     <span class='ocr_line' id='line_1_61' title="bbox 1799 3037 3371 3125; baseline 0.006 -24"><span class='ocrx_word' id='word_1_480' title='bbox 1799 3063 1828 3101; x_wconf 92' lang='lat' dir='ltr'><strong>e</strong></span> <span class='ocrx_word' id='word_1_481' title='bbox 1862 3058 1879 3101; x_wconf 90' lang='lat' dir='ltr'><strong>t</strong></span> <span class='ocrx_word' id='word_1_482' title='bbox 1934 3050 1983 3100; x_wconf 91' lang='lat' dir='ltr'><strong>iu</strong></span> <span class='ocrx_word' id='word_1_483' title='bbox 2017 3037 2218 3119; x_wconf 81' lang='lat' dir='ltr'><strong>angelis</strong></span> <span class='ocrx_word' id='word_1_484' title='bbox 2259 3050 2418 3104; x_wconf 89' lang='lat' dir='ltr'><strong>etiam</strong></span> <span class='ocrx_word' id='word_1_485' title='bbox 2453 3050 2505 3103; x_wconf 90' lang='lat' dir='ltr'><strong>iu</strong></span> <span class='ocrx_word' id='word_1_486' title='bbox 2537 3051 2842 3107; x_wconf 88' lang='lat' dir='ltr'><strong>hominibus</strong></span> <span class='ocrx_word' id='word_1_487' title='bbox 2871 3055 2993 3120; x_wconf 88' lang='lat' dir='ltr'><strong>erit,</strong></span> <span class='ocrx_word' id='word_1_488' title='bbox 3042 3058 3253 3125; x_wconf 89' lang='lat' dir='ltr'><strong>quando</strong></span> <span class='ocrx_word' id='word_1_489' title='bbox 3280 3072 3371 3111; x_wconf 87' lang='lat' dir='ltr'><strong>su-</strong></span> 
     </span>
    </p>
   </div>
   <div class='ocr_carea' id='block_1_62' title="bbox 141 3129 2631 3208">
    <p class='ocr_par' dir='ltr' id='par_1_62' title="bbox 141 3129 2631 3208">
     <span class='ocr_line' id='line_1_62' title="bbox 141 3129 2631 3208; baseline 0.008 -21"><span class='ocrx_word' id='word_1_490' title='bbox 141 3145 271 3199; x_wconf 80' lang='lat' dir='ltr'><strong>rant,</strong></span> <span class='ocrx_word' id='word_1_491' title='bbox 323 3150 428 3190; x_wconf 87' lang='lat' dir='ltr'><strong>non</strong></span> <span class='ocrx_word' id='word_1_492' title='bbox 485 3138 756 3202; x_wconf 70' lang='lat' dir='ltr'><strong>viderent;</strong></span> <span class='ocrx_word' id='word_1_493' title='bbox 810 3138 949 3193; x_wconf 90' lang='lat' dir='ltr'><strong>unde</strong></span> <span class='ocrx_word' id='word_1_494' title='bbox 993 3139 1114 3206; x_wconf 91' lang='lat' dir='ltr'><strong>hoc,</strong></span> <span class='ocrx_word' id='word_1_495' title='bbox 1168 3142 1267 3195; x_wconf 86' lang='lat' dir='ltr'><strong>nisi</strong></span> <span class='ocrx_word' id='word_1_496' title='bbox 1297 3142 1527 3198; x_wconf 90' lang='lat' dir='ltr'><strong>donante</strong></span> <span class='ocrx_word' id='word_1_497' title='bbox 1550 3144 1639 3199; x_wconf 92' lang='lat' dir='ltr'><strong>illo</strong></span> <span class='ocrx_word' id='word_1_498' title='bbox 1669 3162 1697 3199; x_wconf 88' lang='lat' dir='ltr'><strong>a</strong></span> <span class='ocrx_word' id='word_1_499' title='bbox 1729 3129 1773 3189; x_wconf 67' lang='grc' dir='ltr'><strong>(ἶ</strong></span> <span class='ocrx_word' id='word_1_500' title='bbox 1806 3139 1981 3207; x_wconf 67' lang='grc' dir='ltr'><strong>ρειἸιίθ</strong></span> <span class='ocrx_word' id='word_1_501' title='bbox 2006 3140 2108 3193; x_wconf 70' lang='grc' dir='ltr'>ιιιιᾶ</span> <span class='ocrx_word' id='word_1_502' title='bbox 2138 3154 2257 3194; x_wconf 68' lang='lat'><strong>653°</strong></span> <span class='ocrx_word' id='word_1_503' title='bbox 2288 3154 2390 3193; x_wconf 84' lang='grc' dir='ltr'><strong>ηοη</strong></span> <span class='ocrx_word' id='word_1_504' title='bbox 2416 3142 2631 3208; x_wconf 61' lang='lat' dir='ltr'><strong>Pomm-</strong></span> 
     </span>
    </p>
   </div>
   <div class='ocr_carea' id='block_1_63' title="bbox 139 3226 1700 3299">
    <p class='ocr_par' dir='ltr' id='par_1_63' title="bbox 139 3226 1700 3299">
     <span class='ocr_line' id='line_1_63' title="bbox 139 3226 1700 3299; baseline 0.006 -22"><span class='ocrx_word' id='word_1_505' title='bbox 139 3238 236 3292; x_wconf 88' lang='lat' dir='ltr'><strong>quo</strong></span> <span class='ocrx_word' id='word_1_506' title='bbox 279 3226 704 3281; x_wconf 73' lang='lat' dir='ltr'><strong>mi~ericordiam</strong></span> <span class='ocrx_word' id='word_1_507' title='bbox 759 3229 1031 3283; x_wconf 82' lang='lat' dir='ltr'><strong>consecuti</strong></span> <span class='ocrx_word' id='word_1_508' title='bbox 1055 3242 1173 3282; x_wconf 90' lang='lat' dir='ltr'><strong>sunt</strong></span> <span class='ocrx_word' id='word_1_509' title='bbox 1202 3240 1256 3283; x_wconf 92' lang='lat' dir='ltr'><strong>ut</strong></span> <span class='ocrx_word' id='word_1_510' title='bbox 1286 3229 1469 3287; x_wconf 59' lang='lat' dir='ltr'><strong>tldeles</strong></span> <span class='ocrx_word' id='word_1_511' title='bbox 1499 3244 1700 3299; x_wconf 87' lang='lat' dir='ltr'><strong>essent,</strong></span> 
     </span>
    </p>
   </div>
   <div class='ocr_carea' id='block_1_64' title="bbox 139 3318 1699 3393">
    <p class='ocr_par' dir='ltr' id='par_1_64' title="bbox 139 3318 1699 3393">
     <span class='ocr_line' id='line_1_64' title="bbox 139 3318 1699 3393; baseline 0.01 -27"><span class='ocrx_word' id='word_1_512' title='bbox 139 3328 168 3366; x_wconf 84' lang='lat' dir='ltr'><strong>a</strong></span> <span class='ocrx_word' id='word_1_513' title='bbox 210 3330 313 3385; x_wconf 91' lang='lat' dir='ltr'><strong>quo</strong></span> <span class='ocrx_word' id='word_1_514' title='bbox 355 3326 678 3385; x_wconf 73' lang='lat' dir='ltr'><strong>acceperunt</strong></span> <span class='ocrx_word' id='word_1_515' title='bbox 710 3318 961 3384; x_wconf 78' lang='lat' dir='ltr'><strong>Spiritum</strong></span> <span class='ocrx_word' id='word_1_516' title='bbox 993 3334 1095 3373; x_wconf 90' lang='lat' dir='ltr'><strong>non</strong></span> <span class='ocrx_word' id='word_1_517' title='bbox 1128 3321 1351 3389; x_wconf 87' lang='lat' dir='ltr'><strong>timoris,</strong></span> <span class='ocrx_word' id='word_1_518' title='bbox 1385 3338 1488 3391; x_wconf 92' lang='lat' dir='ltr'><strong>quo</strong></span> <span class='ocrx_word' id='word_1_519' title='bbox 1519 3340 1699 3393; x_wconf 82' lang='lat' dir='ltr'><strong>perse-</strong></span> 
     </span>
    </p>
   </div>
   <div class='ocr_carea' id='block_1_65' title="bbox 140 3406 1699 3473">
    <p class='ocr_par' dir='ltr' id='par_1_65' title="bbox 140 3406 1699 3473">
     <span class='ocr_line' id='line_1_65' title="bbox 140 3406 1699 3473; baseline 0.009 -16"><span class='ocrx_word' id='word_1_520' title='bbox 140 3406 414 3473; x_wconf 86' lang='lat' dir='ltr'><strong>quentibus</strong></span> <span class='ocrx_word' id='word_1_521' title='bbox 445 3408 723 3469; x_wconf 82' lang='lat' dir='ltr'><strong>cederent,</strong></span> <span class='ocrx_word' id='word_1_522' title='bbox 760 3408 851 3461; x_wconf 85' lang='lat' dir='ltr'><strong>sed</strong></span> <span class='ocrx_word' id='word_1_523' title='bbox 886 3410 1090 3464; x_wconf 80' lang='lat' dir='ltr'><strong>virtutis</strong></span> <span class='ocrx_word' id='word_1_524' title='bbox 1121 3420 1172 3463; x_wconf 89' lang='lat' dir='ltr'><strong>et</strong></span> <span class='ocrx_word' id='word_1_525' title='bbox 1201 3412 1471 3467; x_wconf 82' lang='lat' dir='ltr'><strong>cliaritatis</strong></span> <span class='ocrx_word' id='word_1_526' title='bbox 1498 3424 1555 3469; x_wconf 75' lang='lat' dir='ltr'><strong>et</strong></span> <span class='ocrx_word' id='word_1_527' title='bbox 1575 3430 1699 3471; x_wconf 78' lang='lat' dir='ltr'><strong>con-</strong></span> 
     </span>
    </p>
   </div>
   <div class='ocr_carea' id='block_1_66' title="bbox 141 3498 1694 3571">
    <p class='ocr_par' dir='ltr' id='par_1_66' title="bbox 141 3498 1694 3571">
     <span class='ocr_line' id='line_1_66' title="bbox 141 3498 1694 3571; baseline 0.008 -22"><span class='ocrx_word' id='word_1_528' title='bbox 141 3498 387 3559; x_wconf 74' lang='lat' dir='ltr'><strong>litterulae.</strong></span> <span class='ocrx_word' id='word_1_529' title='bbox 442 3516 547 3567; x_wconf 90' lang='lat' dir='ltr'><strong>quo</strong></span> <span class='ocrx_word' id='word_1_530' title='bbox 596 3512 780 3553; x_wconf 83' lang='lat' dir='ltr'><strong>cuncta</strong></span> <span class='ocrx_word' id='word_1_531' title='bbox 840 3504 1115 3569; x_wconf 83' lang='lat' dir='ltr'><strong>minantia,</strong></span> <span class='ocrx_word' id='word_1_532' title='bbox 1170 3514 1361 3558; x_wconf 85' lang='lat' dir='ltr'><strong>cuncta</strong></span> <span class='ocrx_word' id='word_1_533' title='bbox 1402 3507 1694 3571; x_wconf 86' lang='lat' dir='ltr'><strong>iuvitautia,</strong></span> 
     </span>
    </p>
   </div>
   <div class='ocr_carea' id='block_1_67' title="bbox 139 3588 1701 3666">
    <p class='ocr_par' dir='ltr' id='par_1_67' title="bbox 139 3588 1701 3666">
     <span class='ocr_line' id='line_1_67' title="bbox 139 3588 1701 3666; baseline 0.007 -24"><span class='ocrx_word' id='word_1_534' title='bbox 139 3600 318 3645; x_wconf 84' lang='lat' dir='ltr'><strong>cuncta</strong></span> <span class='ocrx_word' id='word_1_535' title='bbox 366 3588 612 3646; x_wconf 87' lang='lat' dir='ltr'><strong>cruciant</strong></span> <span class='ocrx_word' id='word_1_536' title='bbox 642 3607 670 3645; x_wconf 87' lang='lat' dir='ltr'><strong>a</strong></span> <span class='ocrx_word' id='word_1_537' title='bbox 719 3604 1053 3661; x_wconf 87' lang='lat' dir='ltr'><strong>superarent.</strong></span> <span class='ocrx_word' id='word_1_538' title='bbox 1091 3595 1313 3665; x_wconf 86' lang='lat' dir='ltr'><strong>llliergo</strong></span> <span class='ocrx_word' id='word_1_539' title='bbox 1340 3598 1453 3652; x_wconf 89' lang='lat' dir='ltr'><strong>sine</strong></span> <span class='ocrx_word' id='word_1_540' title='bbox 1484 3609 1701 3666; x_wconf 85' lang='lat' dir='ltr'><strong>peccato</strong></span> 
     </span>
    </p>
   </div>
   <div class='ocr_carea' id='block_1_68' title="bbox 142 3680 1701 3753">
    <p class='ocr_par' dir='ltr' id='par_1_68' title="bbox 142 3680 1701 3753">
     <span class='ocr_line' id='line_1_68' title="bbox 142 3680 1701 3753; baseline 0.008 -21"><span class='ocrx_word' id='word_1_541' title='bbox 142 3680 241 3734; x_wconf 92' lang='lat' dir='ltr'><strong>ullo</strong></span> <span class='ocrx_word' id='word_1_542' title='bbox 261 3681 381 3735; x_wconf 85' lang='lat' dir='ltr'><strong>data</strong></span> <span class='ocrx_word' id='word_1_543' title='bbox 404 3691 489 3737; x_wconf 84' lang='lat' dir='ltr'><strong>est</strong></span> <span class='ocrx_word' id='word_1_544' title='bbox 510 3696 631 3736; x_wconf 91' lang='lat' dir='ltr'><strong>cum</strong></span> <span class='ocrx_word' id='word_1_545' title='bbox 656 3698 755 3751; x_wconf 89' lang='lat' dir='ltr'><strong>qua</strong></span> <span class='ocrx_word' id='word_1_546' title='bbox 788 3684 1028 3737; x_wconf 78' lang='lat' dir='ltr'><strong>conditus</strong></span> <span class='ocrx_word' id='word_1_547' title='bbox 1057 3696 1135 3737; x_wconf 89' lang='lat' dir='ltr'><strong>est</strong></span> <span class='ocrx_word' id='word_1_548' title='bbox 1162 3688 1409 3739; x_wconf 84' lang='lat' dir='ltr'><strong>voluntas</strong></span> <span class='ocrx_word' id='word_1_549' title='bbox 1429 3687 1615 3753; x_wconf 87' lang='lat' dir='ltr'><strong>libera,</strong></span> <span class='ocrx_word' id='word_1_550' title='bbox 1649 3700 1701 3743; x_wconf 90' lang='lat' dir='ltr'><strong>et</strong></span> 
     </span>
    </p>
   </div>
   <div class='ocr_carea' id='block_1_69' title="bbox 141 3774 1705 3853">
    <p class='ocr_par' dir='ltr' id='par_1_69' title="bbox 141 3774 1705 3853">
     <span class='ocr_line' id='line_1_69' title="bbox 141 3774 1705 3853; baseline 0.005 -26"><span class='ocrx_word' id='word_1_551' title='bbox 141 3788 249 3827; x_wconf 83' lang='lat' dir='ltr'><strong>eam</strong></span> <span class='ocrx_word' id='word_1_552' title='bbox 301 3774 425 3829; x_wconf 76' lang='lat' dir='ltr'><strong>fecit</strong></span> <span class='ocrx_word' id='word_1_553' title='bbox 478 3776 679 3830; x_wconf 87' lang='lat' dir='ltr'><strong>servire</strong></span> <span class='ocrx_word' id='word_1_554' title='bbox 710 3786 944 3843; x_wconf 84' lang='lat' dir='ltr'><strong>peccato;</strong></span> <span class='ocrx_word' id='word_1_555' title='bbox 995 3776 1181 3828; x_wconf 88' lang='lat' dir='ltr'><strong>horum</strong></span> <span class='ocrx_word' id='word_1_556' title='bbox 1212 3792 1340 3833; x_wconf 91' lang='lat' dir='ltr'><strong>vero</strong></span> <span class='ocrx_word' id='word_1_557' title='bbox 1365 3792 1484 3832; x_wconf 91' lang='lat' dir='ltr'><strong>cum</strong></span> <span class='ocrx_word' id='word_1_558' title='bbox 1517 3778 1705 3853; x_wconf 79' lang='lat' dir='ltr'><strong>fuisset</strong></span> 
     </span>
    </p>
   </div>
   <div class='ocr_carea' id='block_1_70' title="bbox 142 3865 1701 3940">
    <p class='ocr_par' dir='ltr' id='par_1_70' title="bbox 142 3865 1701 3940">
     <span class='ocr_line' id='line_1_70' title="bbox 142 3865 1701 3940; baseline 0.007 -26"><span class='ocrx_word' id='word_1_559' title='bbox 142 3865 373 3920; x_wconf 83' lang='lat' dir='ltr'><strong>voluntas</strong></span> <span class='ocrx_word' id='word_1_560' title='bbox 430 3880 584 3921; x_wconf 87' lang='lat' dir='ltr'><strong>serva</strong></span> <span class='ocrx_word' id='word_1_561' title='bbox 638 3867 860 3935; x_wconf 82' lang='lat' dir='ltr'><strong>peccati,</strong></span> <span class='ocrx_word' id='word_1_562' title='bbox 922 3866 1138 3920; x_wconf 88' lang='lat' dir='ltr'><strong>liberata</strong></span> <span class='ocrx_word' id='word_1_563' title='bbox 1185 3876 1266 3921; x_wconf 88' lang='lat' dir='ltr'><strong>est</strong></span> <span class='ocrx_word' id='word_1_564' title='bbox 1315 3884 1407 3936; x_wconf 90' lang='lat' dir='ltr'><strong>per</strong></span> <span class='ocrx_word' id='word_1_565' title='bbox 1437 3870 1582 3924; x_wconf 90' lang='lat' dir='ltr'><strong>illum</strong></span> <span class='ocrx_word' id='word_1_566' title='bbox 1612 3872 1701 3940; x_wconf 92' lang='lat' dir='ltr'><strong>qui</strong></span> 
     </span>
    </p>
   </div>
   <div class='ocr_carea' id='block_1_71' title="bbox 142 3954 1696 4028">
    <p class='ocr_par' dir='ltr' id='par_1_71' title="bbox 142 3954 1696 4028">
     <span class='ocr_line' id='line_1_71' title="bbox 142 3954 1696 4028; baseline 0.006 -21"><span class='ocrx_word' id='word_1_567' title='bbox 142 3954 271 4009; x_wconf 78' lang='lat' dir='ltr'><strong>dixit</strong></span> <span class='ocrx_word' id='word_1_568' title='bbox 294 3975 307 4008; x_wconf 85' lang='lat'><strong>:</strong></span> <span class='ocrx_word' id='word_1_569' title='bbox 332 3957 387 4012; x_wconf 92' lang='lat' dir='ltr'><strong>Si</strong></span> <span class='ocrx_word' id='word_1_570' title='bbox 412 3970 506 4011; x_wconf 89' lang='lat' dir='ltr'><strong>vos</strong></span> <span class='ocrx_word' id='word_1_571' title='bbox 526 3957 689 4011; x_wconf 81' lang='lat' dir='ltr'><strong>Filius</strong></span> <span class='ocrx_word' id='word_1_572' title='bbox 708 3958 1031 4021; x_wconf 86' lang='lat' dir='ltr'><strong>liberaverit,</strong></span> <span class='ocrx_word' id='word_1_573' title='bbox 1056 3969 1175 4013; x_wconf 89' lang='lat' dir='ltr'><strong>tunc</strong></span> <span class='ocrx_word' id='word_1_574' title='bbox 1195 3974 1317 4014; x_wconf 84' lang='lat' dir='ltr'><strong>vere</strong></span> <span class='ocrx_word' id='word_1_575' title='bbox 1340 3961 1491 4015; x_wconf 91' lang='lat' dir='ltr'><strong>liberi</strong></span> <span class='ocrx_word' id='word_1_576' title='bbox 1518 3964 1696 4028; x_wconf 81' lang='lat' dir='ltr'><strong>eritis;</strong></span> 
     </span>
    </p>
   </div>
   <div class='ocr_carea' id='block_1_72' title="bbox 144 4046 1702 4118">
    <p class='ocr_par' dir='ltr' id='par_1_72' title="bbox 144 4046 1702 4118">
     <span class='ocr_line' id='line_1_72' title="bbox 144 4046 1702 4118; baseline 0.006 -21"><span class='ocrx_word' id='word_1_577' title='bbox 144 4052 192 4097; x_wconf 92' lang='lat' dir='ltr'><strong>ct</strong></span> <span class='ocrx_word' id='word_1_578' title='bbox 214 4046 475 4112; x_wconf 83' lang='lat' dir='ltr'><strong>accipiunt</strong></span> <span class='ocrx_word' id='word_1_579' title='bbox 511 4052 708 4099; x_wconf 86' lang='lat' dir='ltr'><strong>tantam</strong></span> <span class='ocrx_word' id='word_1_580' title='bbox 736 4061 827 4113; x_wconf 90' lang='lat' dir='ltr'><strong>per</strong></span> <span class='ocrx_word' id='word_1_581' title='bbox 856 4048 1009 4101; x_wconf 88' lang='lat' dir='ltr'><strong>istam</strong></span> <span class='ocrx_word' id='word_1_582' title='bbox 1042 4050 1262 4117; x_wconf 83' lang='lat' dir='ltr'><strong>gratiam</strong></span> <span class='ocrx_word' id='word_1_583' title='bbox 1294 4050 1610 4118; x_wconf 78' lang='lat' dir='ltr'><strong>libertatem,</strong></span> <span class='ocrx_word' id='word_1_584' title='bbox 1642 4061 1702 4107; x_wconf 92' lang='lat' dir='ltr'><strong>ut</strong></span> 
     </span>
    </p>
   </div>
   <div class='ocr_carea' id='block_1_73' title="bbox 142 4133 1698 4205">
    <p class='ocr_par' dir='ltr' id='par_1_73' title="bbox 142 4133 1698 4205">
     <span class='ocr_line' id='line_1_73' title="bbox 142 4133 1698 4205; baseline 0.011 -23"><span class='ocrx_word' id='word_1_585' title='bbox 142 4133 371 4199; x_wconf 86' lang='lat' dir='ltr'><strong>quamvis</strong></span> <span class='ocrx_word' id='word_1_586' title='bbox 401 4134 635 4202; x_wconf 88' lang='lat' dir='ltr'><strong>quandiu</strong></span> <span class='ocrx_word' id='word_1_587' title='bbox 670 4136 753 4188; x_wconf 87' lang='lat' dir='ltr'><strong>hic</strong></span> <span class='ocrx_word' id='word_1_588' title='bbox 784 4136 986 4201; x_wconf 88' lang='lat' dir='ltr'><strong>vivunt,</strong></span> <span class='ocrx_word' id='word_1_589' title='bbox 1024 4147 1257 4205; x_wconf 85' lang='lat' dir='ltr'><strong>pugnent</strong></span> <span class='ocrx_word' id='word_1_590' title='bbox 1279 4150 1461 4193; x_wconf 83' lang='lat' dir='ltr'><strong>contra</strong></span> <span class='ocrx_word' id='word_1_591' title='bbox 1493 4156 1698 4199; x_wconf 86' lang='lat' dir='ltr'><strong>concu-</strong></span> 
     </span>
    </p>
   </div>
   <div class='ocr_carea' id='block_1_74' title="bbox 144 4222 1696 4303">
    <p class='ocr_par' dir='ltr' id='par_1_74' title="bbox 144 4222 1696 4303">
     <span class='ocr_line' id='line_1_74' title="bbox 144 4222 1696 4303; baseline 0.01 -28"><span class='ocrx_word' id='word_1_592' title='bbox 144 4222 417 4288; x_wconf 83' lang='lat' dir='ltr'><strong>piscentias</strong></span> <span class='ocrx_word' id='word_1_593' title='bbox 470 4234 830 4293; x_wconf 75' lang='lat' dir='ltr'><strong>pece-itormu,</strong></span> <span class='ocrx_word' id='word_1_594' title='bbox 879 4230 1066 4295; x_wconf 85' lang='lat' dir='ltr'><strong>eisque</strong></span> <span class='ocrx_word' id='word_1_595' title='bbox 1107 4230 1357 4284; x_wconf 89' lang='lat' dir='ltr'><strong>nonnulla</strong></span> <span class='ocrx_word' id='word_1_596' title='bbox 1408 4234 1696 4303; x_wconf 84' lang='lat' dir='ltr'><strong>subrepant</strong></span> 
     </span>
    </p>
   </div>
   <div class='ocr_carea' id='block_1_75' title="bbox 142 4316 1695 4387">
    <p class='ocr_par' dir='ltr' id='par_1_75' title="bbox 142 4316 1695 4387">
     <span class='ocr_line' id='line_1_75' title="bbox 142 4316 1695 4387; baseline 0.011 -21"><span class='ocrx_word' id='word_1_597' title='bbox 142 4324 348 4384; x_wconf 87' lang='lat' dir='ltr'><strong>propter</strong></span> <span class='ocrx_word' id='word_1_598' title='bbox 396 4331 518 4384; x_wconf 69' lang='lat' dir='ltr'><strong>qua:</strong></span> <span class='ocrx_word' id='word_1_599' title='bbox 565 4316 743 4371; x_wconf 85' lang='lat' dir='ltr'><strong>dicant</strong></span> <span class='ocrx_word' id='word_1_600' title='bbox 784 4320 1045 4387; x_wconf 87' lang='lat' dir='ltr'><strong>quotidie,</strong></span> <span class='ocrx_word' id='word_1_601' title='bbox 1099 4321 1310 4378; x_wconf 86' lang='lat' dir='ltr'><strong>Dimitte</strong></span> <span class='ocrx_word' id='word_1_602' title='bbox 1342 4324 1493 4379; x_wconf 88' lang='lat' dir='ltr'><strong>nobis</strong></span> <span class='ocrx_word' id='word_1_603' title='bbox 1520 4327 1695 4383; x_wconf 88' lang='lat' dir='ltr'><strong>debita</strong></span> 
     </span>
    </p>
   </div>
   <div class='ocr_carea' id='block_1_76' title="bbox 143 4409 1697 4486">
    <p class='ocr_par' dir='ltr' id='par_1_76' title="bbox 143 4409 1697 4486">
     <span class='ocr_line' id='line_1_76' title="bbox 143 4409 1697 4486; baseline 0.01 -28"><span class='ocrx_word' id='word_1_604' title='bbox 143 4416 335 4471; x_wconf 81' lang='lat' dir='ltr'><strong>nostra,</strong></span> <span class='ocrx_word' id='word_1_605' title='bbox 365 4421 472 4462; x_wconf 85' lang='lat' dir='ltr'><strong>non</strong></span> <span class='ocrx_word' id='word_1_606' title='bbox 520 4417 693 4463; x_wconf 88' lang='lat' dir='ltr'><strong>tamen</strong></span> <span class='ocrx_word' id='word_1_607' title='bbox 724 4409 860 4464; x_wconf 90' lang='lat' dir='ltr'><strong>ultra</strong></span> <span class='ocrx_word' id='word_1_608' title='bbox 892 4412 1123 4465; x_wconf 69' lang='lat' dir='ltr'><strong>sertiant</strong></span> <span class='ocrx_word' id='word_1_609' title='bbox 1167 4424 1404 4482; x_wconf 87' lang='lat' dir='ltr'><strong>peccato,</strong></span> <span class='ocrx_word' id='word_1_610' title='bbox 1445 4419 1585 4486; x_wconf 89' lang='lat' dir='ltr'><strong>quod</strong></span> <span class='ocrx_word' id='word_1_611' title='bbox 1616 4430 1697 4474; x_wconf 89' lang='lat' dir='ltr'><strong>est</strong></span> 
     </span>
    </p>
   </div>
   <div class='ocr_carea' id='block_1_77' title="bbox 2320 3246 2847 3306">
    <p class='ocr_par' dir='ltr' id='par_1_77' title="bbox 2320 3246 2847 3306">
     <span class='ocr_line' id='line_1_77' title="bbox 2320 3246 2847 3306; baseline 0.008 -4"><span class='ocrx_word' id='word_1_612' title='bbox 2320 3246 2542 3306; x_wconf 82' lang='lat' dir='ltr'><strong>CAPUT</strong></span> <span class='ocrx_word' id='word_1_613' title='bbox 2582 3249 2847 3306; x_wconf 82' lang='lat' dir='ltr'><strong>CCXClll.</strong></span> 
     </span>
    </p>
   </div>
   <div class='ocr_carea' id='block_1_78' title="bbox 1807 3338 3370 3463">
    <p class='ocr_par' dir='ltr' id='par_1_78' title="bbox 1807 3338 3370 3463">
     <span class='ocr_line' id='line_1_78' title="bbox 1807 3338 3370 3463; baseline 0.009 -72"><span class='ocrx_word' id='word_1_614' title='bbox 1807 3338 1956 3405; x_wconf 84' lang='lat' dir='ltr'><strong>Quod</strong></span> <span class='ocrx_word' id='word_1_615' title='bbox 1975 3356 2063 3393; x_wconf 84' lang='lat' dir='ltr'><strong>nec</strong></span> <span class='ocrx_word' id='word_1_616' title='bbox 2088 3341 2251 3410; x_wconf 83' lang='lat' dir='ltr'><strong>gratia</strong></span> <span class='ocrx_word' id='word_1_617' title='bbox 2275 3340 2533 3409; x_wconf 82' lang='lat' dir='ltr'><strong>prohibeat</strong></span> <span class='ocrx_word' id='word_1_618' title='bbox 2568 3346 2954 3463; x_wconf 56' lang='lat' dir='ltr'><strong>corrzptt‘onem,</strong></span> <span class='ocrx_word' id='word_1_619' title='bbox 3000 3362 3083 3401; x_wconf 81' lang='lat' dir='ltr'><strong>nec</strong></span> <span class='ocrx_word' id='word_1_620' title='bbox 3117 3350 3370 3420; x_wconf 75' lang='lat' dir='ltr'><strong>correptio</strong></span> 
     </span>
     <span class='ocr_line' id='line_1_79' title="bbox 1984 3412 2963 3463; baseline 0 0"><span class='ocrx_word' id='word_1_621' title='bbox 1984 3442 1991 3447; x_wconf 88' lang='lat'><strong>-</strong></span> <span class='ocrx_word' id='word_1_622' title='bbox 2241 3412 2455 3463; x_wconf 82' lang='lat' dir='ltr'><strong>aratiam</strong></span> <span class='ocrx_word' id='word_1_623' title='bbox 2481 3426 2499 3463; x_wconf 88' lang='lat'><strong><em>:</em></strong></span> <span class='ocrx_word' id='word_1_624' title='bbox 2528 3428 2591 3463; x_wconf 72' lang='lat' dir='ltr'><strong>ex</strong></span> <span class='ocrx_word' id='word_1_625' title='bbox 2618 3428 2677 3463; x_wconf 88' lang='lat' dir='ltr'><strong>eo</strong></span> <span class='ocrx_word' id='word_1_626' title='bbox 2716 3429 2793 3463; x_wconf 85' lang='lat' dir='ltr'><strong>em</strong></span> <span class='ocrx_word' id='word_1_627' title='bbox 2814 3415 2963 3463; x_wconf 86' lang='lat' dir='ltr'><strong>libra.</strong></span> 
     </span>
    </p>
   </div>
   <div class='ocr_carea' id='block_1_79' title="bbox 1984 3412 2963 3479">
    <p class='ocr_par' dir='ltr' id='par_1_79' title="bbox 1984 3412 2963 3479">
     <span class='ocr_line' id='line_1_80' title="bbox 1984 3412 2963 3479; baseline 0.014 -25"><span class='ocrx_word' id='word_1_628' title='bbox 1984 3442 1991 3447; x_wconf 89' lang='lat'><strong>.</strong></span> <span class='ocrx_word' id='word_1_629' title='bbox 2240 3412 2455 3479; x_wconf 83' lang='lat' dir='ltr'><strong>gratiam</strong></span> <span class='ocrx_word' id='word_1_630' title='bbox 2481 3426 2499 3473; x_wconf 90' lang='lat'><strong>;</strong></span> <span class='ocrx_word' id='word_1_631' title='bbox 2528 3428 2591 3464; x_wconf 71' lang='lat' dir='ltr'><strong>ex</strong></span> <span class='ocrx_word' id='word_1_632' title='bbox 2618 3412 2793 3466; x_wconf 83' lang='lat' dir='ltr'><strong>eodem</strong></span> <span class='ocrx_word' id='word_1_633' title='bbox 2814 3415 2963 3468; x_wconf 81' lang='lat' dir='ltr'><strong>libra.</strong></span> 
     </span>
    </p>
   </div>
   <div class='ocr_carea' id='block_1_80' title="bbox 1873 3499 3369 3576">
    <p class='ocr_par' dir='ltr' id='par_1_80' title="bbox 1873 3499 3369 3576">
     <span class='ocr_line' id='line_1_81' title="bbox 1873 3499 3369 3576; baseline 0.007 -21"><span class='ocrx_word' id='word_1_634' title='bbox 1873 3499 1928 3555; x_wconf 85' lang='lat' dir='ltr'><strong>Si</strong></span> <span class='ocrx_word' id='word_1_635' title='bbox 1983 3500 2125 3554; x_wconf 88' lang='lat' dir='ltr'><strong>enim</strong></span> <span class='ocrx_word' id='word_1_636' title='bbox 2180 3501 2461 3570; x_wconf 81' lang='lat' dir='ltr'><strong>aliquando</strong></span> <span class='ocrx_word' id='word_1_637' title='bbox 2503 3502 2691 3557; x_wconf 88' lang='lat' dir='ltr'><strong>timore</strong></span> <span class='ocrx_word' id='word_1_638' title='bbox 2750 3520 2855 3559; x_wconf 90' lang='lat' dir='ltr'><strong>non</strong></span> <span class='ocrx_word' id='word_1_639' title='bbox 2901 3507 3247 3576; x_wconf 89' lang='lat' dir='ltr'><strong>corripimus,</strong></span> <span class='ocrx_word' id='word_1_640' title='bbox 3299 3525 3369 3566; x_wconf 89' lang='lat' dir='ltr'><strong>ne</strong></span> 
     </span>
    </p>
   </div>
   <div class='ocr_carea' id='block_1_81' title="bbox 1803 3592 3372 3669">
    <p class='ocr_par' dir='ltr' id='par_1_81' title="bbox 1803 3592 3372 3669">
     <span class='ocr_line' id='line_1_82' title="bbox 1803 3592 3372 3669; baseline 0.008 -24"><span class='ocrx_word' id='word_1_641' title='bbox 1803 3592 1996 3662; x_wconf 86' lang='lat' dir='ltr'><strong>aliquis</strong></span> <span class='ocrx_word' id='word_1_642' title='bbox 2018 3593 2140 3647; x_wconf 88' lang='lat' dir='ltr'><strong>inde</strong></span> <span class='ocrx_word' id='word_1_643' title='bbox 2161 3602 2361 3661; x_wconf 63' lang='lat' dir='ltr'><strong>pereat,</strong></span> <span class='ocrx_word' id='word_1_644' title='bbox 2386 3609 2482 3648; x_wconf 88' lang='lat' dir='ltr'><strong>cur</strong></span> <span class='ocrx_word' id='word_1_645' title='bbox 2507 3609 2612 3649; x_wconf 89' lang='lat' dir='ltr'><strong>non</strong></span> <span class='ocrx_word' id='word_1_646' title='bbox 2638 3596 2798 3650; x_wconf 90' lang='lat' dir='ltr'><strong>etiam</strong></span> <span class='ocrx_word' id='word_1_647' title='bbox 2824 3592 3012 3653; x_wconf 89' lang='lat' dir='ltr'><strong>timore</strong></span> <span class='ocrx_word' id='word_1_648' title='bbox 3030 3599 3372 3669; x_wconf 86' lang='lat' dir='ltr'><strong>corripimus,</strong></span> 
     </span>
    </p>
   </div>
   <div class='ocr_carea' id='block_1_82' title="bbox 1806 3683 3373 3757">
    <p class='ocr_par' dir='ltr' id='par_1_82' title="bbox 1806 3683 3373 3757">
     <span class='ocr_line' id='line_1_83' title="bbox 1806 3683 3373 3757; baseline 0.008 -19"><span class='ocrx_word' id='word_1_649' title='bbox 1806 3693 1873 3739; x_wconf 79' lang='lat' dir='ltr'><strong>tte</strong></span> <span class='ocrx_word' id='word_1_650' title='bbox 1887 3683 2076 3754; x_wconf 90' lang='lat' dir='ltr'><strong>aliquis</strong></span> <span class='ocrx_word' id='word_1_651' title='bbox 2099 3684 2221 3739; x_wconf 91' lang='lat' dir='ltr'><strong>inde</strong></span> <span class='ocrx_word' id='word_1_652' title='bbox 2246 3687 2358 3754; x_wconf 87' lang='lat' dir='ltr'><strong>plus</strong></span> <span class='ocrx_word' id='word_1_653' title='bbox 2390 3688 2573 3755; x_wconf 88' lang='lat' dir='ltr'><strong>pereat</strong></span> <span class='ocrx_word' id='word_1_654' title='bbox 2601 3688 2623 3740; x_wconf 86' lang='lat'><strong>?</strong></span> <span class='ocrx_word' id='word_1_655' title='bbox 2652 3684 2837 3757; x_wconf 86' lang='lat' dir='ltr'><strong>Neque</strong></span> <span class='ocrx_word' id='word_1_656' title='bbox 2872 3687 3013 3744; x_wconf 91' lang='lat' dir='ltr'><strong>enim</strong></span> <span class='ocrx_word' id='word_1_657' title='bbox 3065 3691 3373 3750; x_wconf 85' lang='lat' dir='ltr'><strong>dilectionis</strong></span> 
     </span>
    </p>
   </div>
   <div class='ocr_carea' id='block_1_83' title="bbox 1806 3778 3370 3857">
    <p class='ocr_par' dir='ltr' id='par_1_83' title="bbox 1806 3778 3370 3857">
     <span class='ocr_line' id='line_1_84' title="bbox 1806 3778 3370 3857; baseline 0.009 -28"><span class='ocrx_word' id='word_1_658' title='bbox 1806 3778 2008 3832; x_wconf 82' lang='lat' dir='ltr'><strong>viscera</strong></span> <span class='ocrx_word' id='word_1_659' title='bbox 2036 3779 2233 3847; x_wconf 79' lang='lat' dir='ltr'><strong>majora</strong></span> <span class='ocrx_word' id='word_1_660' title='bbox 2267 3788 2557 3848; x_wconf 55' lang='lat' dir='ltr'><strong>gestamus,</strong></span> <span class='ocrx_word' id='word_1_661' title='bbox 2582 3795 2739 3849; x_wconf 89' lang='lat' dir='ltr'><strong>quam</strong></span> <span class='ocrx_word' id='word_1_662' title='bbox 2764 3780 2949 3835; x_wconf 88' lang='lat' dir='ltr'><strong>beatus</strong></span> <span class='ocrx_word' id='word_1_663' title='bbox 2979 3785 3252 3851; x_wconf 85' lang='lat' dir='ltr'><strong>apostolus</strong></span> <span class='ocrx_word' id='word_1_664' title='bbox 3277 3788 3370 3857; x_wconf 88' lang='lat' dir='ltr'><strong>qui</strong></span> 
     </span>
    </p>
   </div>
   <div class='ocr_carea' id='block_1_84' title="bbox 1804 3858 3366 3945">
    <p class='ocr_par' dir='ltr' id='par_1_84' title="bbox 1804 3858 3366 3945">
     <span class='ocr_line' id='line_1_85' title="bbox 1804 3858 3366 3945; baseline 0.005 -23"><span class='ocrx_word' id='word_1_665' title='bbox 1804 3868 1935 3922; x_wconf 91' lang='lat' dir='ltr'><strong>dicit</strong></span> <span class='ocrx_word' id='word_1_666' title='bbox 1955 3886 1967 3921; x_wconf 89' lang='lat'><strong>:</strong></span> <span class='ocrx_word' id='word_1_667' title='bbox 1985 3868 2251 3937; x_wconf 84' lang='lat' dir='ltr'><strong>Corripite</strong></span> <span class='ocrx_word' id='word_1_668' title='bbox 2278 3870 2563 3938; x_wconf 90' lang='lat' dir='ltr'><strong>inquietos,</strong></span> <span class='ocrx_word' id='word_1_669' title='bbox 2592 3858 2945 3925; x_wconf 81' lang='lat' dir='ltr'><strong>consulamini</strong></span> <span class='ocrx_word' id='word_1_670' title='bbox 2971 3872 3366 3945; x_wconf 89' lang='lat' dir='ltr'><strong>pusillanimes,</strong></span> 
     </span>
    </p>
   </div>
   <div class='ocr_carea' id='block_1_85' title="bbox 1802 3958 3371 4028">
    <p class='ocr_par' dir='ltr' id='par_1_85' title="bbox 1802 3958 3371 4028">
     <span class='ocr_line' id='line_1_86' title="bbox 1802 3958 3371 4028; baseline 0.004 -15"><span class='ocrx_word' id='word_1_671' title='bbox 1802 3958 2059 4025; x_wconf 88' lang='lat' dir='ltr'><strong>suscipite</strong></span> <span class='ocrx_word' id='word_1_672' title='bbox 2084 3958 2345 4020; x_wconf 76' lang='lat' dir='ltr'><strong>inﬁrmos,</strong></span> <span class='ocrx_word' id='word_1_673' title='bbox 2376 3959 2641 4027; x_wconf 86' lang='lat' dir='ltr'><strong>patientes</strong></span> <span class='ocrx_word' id='word_1_674' title='bbox 2664 3967 2835 4013; x_wconf 91' lang='lat' dir='ltr'><strong>estote</strong></span> <span class='ocrx_word' id='word_1_675' title='bbox 2858 3960 2921 4013; x_wconf 91' lang='lat' dir='ltr'><strong>ad</strong></span> <span class='ocrx_word' id='word_1_676' title='bbox 2947 3975 3165 4028; x_wconf 90' lang='lat' dir='ltr'><strong>omnes;</strong></span> <span class='ocrx_word' id='word_1_677' title='bbox 3194 3964 3371 4020; x_wconf 83' lang='lat' dir='ltr'><strong>videto</strong></span> 
     </span>
    </p>
   </div>
   <div class='ocr_carea' id='block_1_86' title="bbox 1804 4046 3370 4129">
    <p class='ocr_par' dir='ltr' id='par_1_86' title="bbox 1804 4046 3370 4129">
     <span class='ocr_line' id='line_1_87' title="bbox 1804 4046 3370 4129; baseline 0.004 -28"><span class='ocrx_word' id='word_1_678' title='bbox 1804 4063 1870 4103; x_wconf 90' lang='lat' dir='ltr'><strong>ne</strong></span> <span class='ocrx_word' id='word_1_679' title='bbox 1891 4047 2009 4117; x_wconf 88' lang='lat' dir='ltr'><strong>quis</strong></span> <span class='ocrx_word' id='word_1_680' title='bbox 2029 4048 2223 4101; x_wconf 89' lang='lat' dir='ltr'><strong>malum</strong></span> <span class='ocrx_word' id='word_1_681' title='bbox 2246 4062 2339 4115; x_wconf 92' lang='lat' dir='ltr'><strong>pro</strong></span> <span class='ocrx_word' id='word_1_682' title='bbox 2367 4047 2505 4129; x_wconf 74' lang='lat' dir='ltr'><strong>malo</strong></span> <span class='ocrx_word' id='word_1_683' title='bbox 2526 4046 2681 4125; x_wconf 85' lang='lat' dir='ltr'><strong>alicui</strong></span> <span class='ocrx_word' id='word_1_684' title='bbox 2705 4047 2915 4114; x_wconf 85' lang='lat' dir='ltr'><strong>reddat;</strong></span> <span class='ocrx_word' id='word_1_685' title='bbox 2949 4049 3036 4104; x_wconf 91' lang='lat' dir='ltr'><strong>ubi</strong></span> <span class='ocrx_word' id='word_1_686' title='bbox 3066 4051 3370 4123; x_wconf 84' lang='lat' dir='ltr'><strong>intelligen-</strong></span> 
     </span>
    </p>
   </div>
   <div class='ocr_carea' id='block_1_87' title="bbox 1801 4135 3425 4216">
    <p class='ocr_par' dir='ltr' id='par_1_87' title="bbox 1801 4135 3425 4216">
     <span class='ocr_line' id='line_1_88' title="bbox 1801 4135 3425 4216; baseline 0.006 -27"><span class='ocrx_word' id='word_1_687' title='bbox 1801 4136 1927 4189; x_wconf 88' lang='lat' dir='ltr'><strong>dum</strong></span> <span class='ocrx_word' id='word_1_688' title='bbox 1977 4145 2078 4200; x_wconf 85' lang='lat' dir='ltr'><strong>est,</strong></span> <span class='ocrx_word' id='word_1_689' title='bbox 2110 4145 2233 4190; x_wconf 87' lang='lat' dir='ltr'><strong>tunc</strong></span> <span class='ocrx_word' id='word_1_690' title='bbox 2268 4135 2440 4205; x_wconf 88' lang='lat' dir='ltr'><strong>potius</strong></span> <span class='ocrx_word' id='word_1_691' title='bbox 2489 4136 2688 4189; x_wconf 92' lang='lat' dir='ltr'><strong>tnalum</strong></span> <span class='ocrx_word' id='word_1_692' title='bbox 2737 4152 2833 4207; x_wconf 89' lang='lat' dir='ltr'><strong>pro</strong></span> <span class='ocrx_word' id='word_1_693' title='bbox 2885 4138 3024 4194; x_wconf 85' lang='lat' dir='ltr'><strong>malo</strong></span> <span class='ocrx_word' id='word_1_694' title='bbox 3074 4141 3262 4207; x_wconf 85' lang='lat' dir='ltr'><strong>reddi,</strong></span> <span class='ocrx_word' id='word_1_695' title='bbox 3320 4146 3369 4199; x_wconf 88' lang='lat' dir='ltr'><strong>si</strong></span> <span class='ocrx_word' id='word_1_696' title='bbox 3422 4213 3425 4216; x_wconf 7' lang='grc' dir='ltr'><em>ἠ</em></span> 
     </span>
    </p>
   </div>
   <div class='ocr_carea' id='block_1_88' title="bbox 1800 4224 3365 4296">
    <p class='ocr_par' dir='ltr' id='par_1_88' title="bbox 1800 4224 3365 4296">
     <span class='ocr_line' id='line_1_89' title="bbox 1800 4224 3365 4296; baseline 0.005 -17"><span class='ocrx_word' id='word_1_697' title='bbox 1800 4224 2171 4293; x_wconf 69' lang='lat' dir='ltr'><strong>corripiendus</strong></span> <span class='ocrx_word' id='word_1_698' title='bbox 2202 4241 2305 4278; x_wconf 91' lang='lat' dir='ltr'><strong>non</strong></span> <span class='ocrx_word' id='word_1_699' title='bbox 2351 4224 2661 4293; x_wconf 90' lang='lat' dir='ltr'><strong>corripitur,</strong></span> <span class='ocrx_word' id='word_1_700' title='bbox 2713 4226 2806 4281; x_wconf 82' lang='lat' dir='ltr'><strong>sed</strong></span> <span class='ocrx_word' id='word_1_701' title='bbox 2854 4242 3010 4296; x_wconf 87' lang='lat' dir='ltr'><strong>prava</strong></span> <span class='ocrx_word' id='word_1_702' title='bbox 3061 4229 3365 4289; x_wconf 82' lang='lat' dir='ltr'><strong>dissimula-</strong></span> 
     </span>
    </p>
   </div>
   <div class='ocr_carea' id='block_1_89' title="bbox 1803 4300 3365 4392">
    <p class='ocr_par' dir='ltr' id='par_1_89' title="bbox 1803 4300 3365 4392">
     <span class='ocr_line' id='line_1_90' title="bbox 1803 4300 3365 4392; baseline 0.004 -21"><span class='ocrx_word' id='word_1_703' title='bbox 1803 4300 1943 4371; x_wconf 84' lang='lat' dir='ltr'><strong>tione</strong></span> <span class='ocrx_word' id='word_1_704' title='bbox 1965 4316 2268 4385; x_wconf 78' lang='lat' dir='ltr'><strong>negligitur.</strong></span> <span class='ocrx_word' id='word_1_705' title='bbox 2305 4315 2439 4370; x_wconf 88' lang='lat' dir='ltr'><strong>Dicit</strong></span> <span class='ocrx_word' id='word_1_706' title='bbox 2468 4317 2632 4392; x_wconf 81' lang='lat' dir='ltr'><strong>enim,</strong></span> <span class='ocrx_word' id='word_1_707' title='bbox 2689 4316 2975 4373; x_wconf 80' lang='lat' dir='ltr'><strong>Peccantes</strong></span> <span class='ocrx_word' id='word_1_708' title='bbox 3016 4334 3195 4374; x_wconf 87' lang='lat' dir='ltr'><strong>coram</strong></span> <span class='ocrx_word' id='word_1_709' title='bbox 3250 4337 3365 4377; x_wconf 78' lang='lat' dir='ltr'><strong>Otii-</strong></span> 
     </span>
    </p>
   </div>
   <div class='ocr_carea' id='block_1_90' title="bbox 1802 4406 3369 4480">
    <p class='ocr_par' dir='ltr' id='par_1_90' title="bbox 1802 4406 3369 4480">
     <span class='ocr_line' id='line_1_91' title="bbox 1802 4406 3369 4480; baseline 0.007 -20"><span class='ocrx_word' id='word_1_710' title='bbox 1802 4406 1956 4462; x_wconf 88' lang='lat' dir='ltr'><strong>nibus</strong></span> <span class='ocrx_word' id='word_1_711' title='bbox 1986 4408 2214 4479; x_wconf 87' lang='lat' dir='ltr'><strong>corripe,</strong></span> <span class='ocrx_word' id='word_1_712' title='bbox 2243 4417 2300 4461; x_wconf 94' lang='lat' dir='ltr'><strong>ut</strong></span> <span class='ocrx_word' id='word_1_713' title='bbox 2344 4408 2523 4462; x_wconf 62' lang='lat' dir='ltr'><strong>caeteri</strong></span> <span class='ocrx_word' id='word_1_714' title='bbox 2551 4409 2797 4479; x_wconf 80' lang='lat' dir='ltr'><strong>timorem</strong></span> <span class='ocrx_word' id='word_1_715' title='bbox 2825 4410 3084 4477; x_wconf 88' lang='lat' dir='ltr'><strong>habeant;</strong></span> <span class='ocrx_word' id='word_1_716' title='bbox 3120 4415 3257 4480; x_wconf 85' lang='lat' dir='ltr'><strong>quod</strong></span> <span class='ocrx_word' id='word_1_717' title='bbox 3301 4416 3369 4471; x_wconf 89' lang='lat' dir='ltr'><strong>de</strong></span> 
     </span>
    </p>
   </div>
   <div class='ocr_carea' id='block_1_91' title="bbox 144 4489 1698 4574">
    <p class='ocr_par' dir='ltr' id='par_1_91' title="bbox 144 4492 1698 4574">
     <span class='ocr_line' id='line_1_92' title="bbox 144 4492 1698 4574; baseline 0.012 -27"><span class='ocrx_word' id='word_1_718' title='bbox 144 4492 203 4549; x_wconf 75' lang='lat' dir='ltr'><strong>ad</strong></span> <span class='ocrx_word' id='word_1_719' title='bbox 252 4508 499 4560; x_wconf 87' lang='lat' dir='ltr'><strong>mortem,</strong></span> <span class='ocrx_word' id='word_1_720' title='bbox 554 4499 620 4554; x_wconf 88' lang='lat' dir='ltr'><strong>de</strong></span> <span class='ocrx_word' id='word_1_721' title='bbox 661 4515 765 4569; x_wconf 88' lang='lat' dir='ltr'><strong>quo</strong></span> <span class='ocrx_word' id='word_1_722' title='bbox 815 4500 942 4554; x_wconf 84' lang='lat' dir='ltr'><strong>dicit</strong></span> <span class='ocrx_word' id='word_1_723' title='bbox 998 4501 1226 4558; x_wconf 82' lang='lat' dir='ltr'><strong>Joannes</strong></span> <span class='ocrx_word' id='word_1_724' title='bbox 1257 4508 1574 4574; x_wconf 88' lang='lat' dir='ltr'><strong>apostolus:</strong></span> <span class='ocrx_word' id='word_1_725' title='bbox 1609 4510 1698 4566; x_wconf 87' lang='lat' dir='ltr'><strong>Est</strong></span> 
     </span>
    </p>
   </div>
   <div class='ocr_carea' id='block_1_92' title="bbox 1803 4489 3365 4574">
    <p class='ocr_par' dir='ltr' id='par_1_92' title="bbox 1808 4496 3365 4569">
     <span class='ocr_line' id='line_1_93' title="bbox 1808 4496 3365 4569; baseline 0.007 -20"><span class='ocrx_word' id='word_1_726' title='bbox 1808 4498 1887 4551; x_wconf 89' lang='lat' dir='ltr'><strong>his</strong></span> <span class='ocrx_word' id='word_1_727' title='bbox 1919 4497 2147 4565; x_wconf 89' lang='lat' dir='ltr'><strong>peccatis</strong></span> <span class='ocrx_word' id='word_1_728' title='bbox 2188 4496 2551 4565; x_wconf 87' lang='lat' dir='ltr'><strong>accipiendum</strong></span> <span class='ocrx_word' id='word_1_729' title='bbox 2595 4508 2677 4552; x_wconf 91' lang='lat' dir='ltr'><strong>est</strong></span> <span class='ocrx_word' id='word_1_730' title='bbox 2726 4514 2843 4568; x_wconf 71' lang='lat' dir='ltr'><strong>quae</strong></span> <span class='ocrx_word' id='word_1_731' title='bbox 2890 4513 2993 4554; x_wconf 90' lang='lat' dir='ltr'><strong>non</strong></span> <span class='ocrx_word' id='word_1_732' title='bbox 3034 4502 3236 4569; x_wconf 87' lang='lat' dir='ltr'><strong>latent,</strong></span> <span class='ocrx_word' id='word_1_733' title='bbox 3296 4522 3365 4560; x_wconf 89' lang='lat' dir='ltr'><strong>ne</strong></span> 
     </span>
    </p>
   </div>
   <div class='ocr_carea' id='block_1_93' title="bbox 144 4589 1704 4675">
    <p class='ocr_par' dir='ltr' id='par_1_93' title="bbox 144 4589 1704 4675">
     <span class='ocr_line' id='line_1_94' title="bbox 144 4589 1704 4675; baseline 0.012 -33"><span class='ocrx_word' id='word_1_734' title='bbox 144 4599 403 4654; x_wconf 68' lang='lat' dir='ltr'><strong>precatum</strong></span> <span class='ocrx_word' id='word_1_735' title='bbox 457 4590 522 4644; x_wconf 88' lang='lat' dir='ltr'><strong>ad</strong></span> <span class='ocrx_word' id='word_1_736' title='bbox 571 4589 793 4646; x_wconf 87' lang='lat' dir='ltr'><strong>mortem</strong></span> <span class='ocrx_word' id='word_1_737' title='bbox 812 4609 829 4671; x_wconf 31' lang='lat'><strong>&#39;;</strong></span> <span class='ocrx_word' id='word_1_738' title='bbox 884 4609 986 4648; x_wconf 91' lang='lat' dir='ltr'><strong>non</strong></span> <span class='ocrx_word' id='word_1_739' title='bbox 1040 4611 1133 4663; x_wconf 90' lang='lat' dir='ltr'><strong>pro</strong></span> <span class='ocrx_word' id='word_1_740' title='bbox 1191 4597 1281 4651; x_wconf 89' lang='lat' dir='ltr'><strong>illo</strong></span> <span class='ocrx_word' id='word_1_741' title='bbox 1318 4598 1439 4654; x_wconf 90' lang='lat' dir='ltr'><strong>dico</strong></span> <span class='ocrx_word' id='word_1_742' title='bbox 1469 4612 1526 4656; x_wconf 89' lang='grc' dir='ltr'><strong>ιιι</strong></span> <span class='ocrx_word' id='word_1_743' title='bbox 1556 4615 1704 4675; x_wconf 87' lang='lat' dir='ltr'><strong>roget</strong></span> 
     </span>
    </p>
   </div>
   <div class='ocr_carea' id='block_1_94' title="bbox 142 4676 1699 4759">
    <p class='ocr_par' dir='ltr' id='par_1_94' title="bbox 142 4676 1699 4759">
     <span class='ocr_line' id='line_1_95' title="bbox 142 4676 1699 4759; baseline 0.013 -31"><span class='ocrx_word' id='word_1_744' title='bbox 142 4676 272 4743; x_wconf 91' lang='lat' dir='ltr'><strong>quis.</strong></span> <span class='ocrx_word' id='word_1_745' title='bbox 307 4679 377 4733; x_wconf 90' lang='lat' dir='ltr'><strong>De</strong></span> <span class='ocrx_word' id='word_1_746' title='bbox 408 4695 515 4748; x_wconf 89' lang='lat' dir='ltr'><strong>quo</strong></span> <span class='ocrx_word' id='word_1_747' title='bbox 558 4690 794 4747; x_wconf 87' lang='lat' dir='ltr'><strong>peccato,</strong></span> <span class='ocrx_word' id='word_1_748' title='bbox 838 4686 1086 4749; x_wconf 88' lang='lat' dir='ltr'><strong>quoniam</strong></span> <span class='ocrx_word' id='word_1_749' title='bbox 1122 4702 1224 4739; x_wconf 89' lang='lat' dir='ltr'><strong>non</strong></span> <span class='ocrx_word' id='word_1_750' title='bbox 1252 4702 1564 4755; x_wconf 83' lang='lat' dir='ltr'><strong>expressum</strong></span> <span class='ocrx_word' id='word_1_751' title='bbox 1596 4704 1699 4759; x_wconf 84' lang='lat' dir='ltr'><strong>est,</strong></span> 
     </span>
    </p>
   </div>
   <div class='ocr_carea' id='block_1_95' title="bbox 144 4770 1699 4845">
    <p class='ocr_par' dir='ltr' id='par_1_95' title="bbox 144 4770 1699 4845">
     <span class='ocr_line' id='line_1_96' title="bbox 144 4770 1699 4845; baseline 0.013 -26"><span class='ocrx_word' id='word_1_752' title='bbox 144 4780 353 4833; x_wconf 88' lang='lat' dir='ltr'><strong>possunt</strong></span> <span class='ocrx_word' id='word_1_753' title='bbox 375 4770 539 4823; x_wconf 89' lang='lat' dir='ltr'><strong>multa</strong></span> <span class='ocrx_word' id='word_1_754' title='bbox 564 4778 619 4824; x_wconf 89' lang='lat' dir='ltr'><strong>et</strong></span> <span class='ocrx_word' id='word_1_755' title='bbox 661 4770 867 4824; x_wconf 77' lang='lat' dir='ltr'><strong>diversa</strong></span> <span class='ocrx_word' id='word_1_756' title='bbox 917 4774 1124 4829; x_wconf 87' lang='lat' dir='ltr'><strong>sentiri.</strong></span> <span class='ocrx_word' id='word_1_757' title='bbox 1155 4776 1263 4845; x_wconf 84' lang='lat' dir='ltr'><strong>Ego</strong></span> <span class='ocrx_word' id='word_1_758' title='bbox 1288 4789 1463 4833; x_wconf 91' lang='lat' dir='ltr'><strong>autem</strong></span> <span class='ocrx_word' id='word_1_759' title='bbox 1495 4781 1615 4838; x_wconf 92' lang='lat' dir='ltr'><strong>dico</strong></span> <span class='ocrx_word' id='word_1_760' title='bbox 1648 4783 1699 4839; x_wconf 90' lang='lat' dir='ltr'><strong>id</strong></span> 
     </span>
    </p>
   </div>
   <div class='ocr_carea' id='block_1_96' title="bbox 141 4860 1699 4943">
    <p class='ocr_par' dir='ltr' id='par_1_96' title="bbox 141 4860 1699 4943">
     <span class='ocr_line' id='line_1_97' title="bbox 141 4860 1699 4943; baseline 0.012 -33"><span class='ocrx_word' id='word_1_761' title='bbox 141 4871 251 4915; x_wconf 80' lang='lat' dir='ltr'><strong>esse</strong></span> <span class='ocrx_word' id='word_1_762' title='bbox 271 4869 565 4928; x_wconf 88' lang='lat' dir='ltr'><strong>peccatum,</strong></span> <span class='ocrx_word' id='word_1_763' title='bbox 598 4860 774 4924; x_wconf 87' lang='lat' dir='ltr'><strong>iidem,</strong></span> <span class='ocrx_word' id='word_1_764' title='bbox 798 4877 916 4931; x_wconf 73' lang='lat' dir='ltr'><strong>quze</strong></span> <span class='ocrx_word' id='word_1_765' title='bbox 943 4879 1037 4934; x_wconf 90' lang='lat' dir='ltr'><strong>per</strong></span> <span class='ocrx_word' id='word_1_766' title='bbox 1064 4865 1404 4924; x_wconf 84' lang='lat' dir='ltr'><strong>dilectionem</strong></span> <span class='ocrx_word' id='word_1_767' title='bbox 1429 4885 1699 4943; x_wconf 85' lang='lat' dir='ltr'><strong>operatur,</strong></span> 
     </span>
    </p>
   </div>
   <div class='ocr_carea' id='block_1_97' title="bbox 140 4946 1698 5025">
    <p class='ocr_par' dir='ltr' id='par_1_97' title="bbox 140 4946 1698 5025">
     <span class='ocr_line' id='line_1_98' title="bbox 140 4946 1698 5025; baseline 0.012 -26"><span class='ocrx_word' id='word_1_768' title='bbox 140 4946 375 5004; x_wconf 87' lang='lat' dir='ltr'><strong>deserere</strong></span> <span class='ocrx_word' id='word_1_769' title='bbox 404 4965 573 5020; x_wconf 85' lang='lat' dir='ltr'><strong>usque</strong></span> <span class='ocrx_word' id='word_1_770' title='bbox 614 4950 679 5004; x_wconf 90' lang='lat' dir='ltr'><strong>ad</strong></span> <span class='ocrx_word' id='word_1_771' title='bbox 715 4962 937 5006; x_wconf 89' lang='lat' dir='ltr'><strong>mortem</strong></span> <span class='ocrx_word' id='word_1_772' title='bbox 970 4970 983 5010; x_wconf 88' lang='lat'><strong>:</strong></span> <span class='ocrx_word' id='word_1_773' title='bbox 1017 4954 1137 5010; x_wconf 92' lang='lat' dir='ltr'><strong>huic</strong></span> <span class='ocrx_word' id='word_1_774' title='bbox 1164 4968 1379 5025; x_wconf 90' lang='lat' dir='ltr'><strong>peccato</strong></span> <span class='ocrx_word' id='word_1_775' title='bbox 1410 4960 1543 5013; x_wconf 89' lang='lat' dir='ltr'><strong>ultra</strong></span> <span class='ocrx_word' id='word_1_776' title='bbox 1596 4978 1698 5017; x_wconf 90' lang='lat' dir='ltr'><strong>non</strong></span> 
     </span>
    </p>
   </div>
   <div class='ocr_carea' id='block_1_98' title="bbox 141 5037 1696 5115">
    <p class='ocr_par' dir='ltr' id='par_1_98' title="bbox 141 5037 1696 5115">
     <span class='ocr_line' id='line_1_99' title="bbox 141 5037 1696 5115; baseline 0.011 -25"><span class='ocrx_word' id='word_1_777' title='bbox 141 5037 387 5103; x_wconf 80' lang='lat' dir='ltr'><strong>serviunt,</strong></span> <span class='ocrx_word' id='word_1_778' title='bbox 438 5056 543 5095; x_wconf 89' lang='lat' dir='ltr'><strong>non</strong></span> <span class='ocrx_word' id='word_1_779' title='bbox 593 5041 759 5111; x_wconf 83' lang='lat' dir='ltr'><strong>prima</strong></span> <span class='ocrx_word' id='word_1_780' title='bbox 801 5044 1107 5100; x_wconf 88' lang='lat' dir='ltr'><strong>conditione</strong></span> <span class='ocrx_word' id='word_1_781' title='bbox 1133 5048 1270 5101; x_wconf 87' lang='lat' dir='ltr'><strong>sicut</strong></span> <span class='ocrx_word' id='word_1_782' title='bbox 1298 5049 1373 5103; x_wconf 74' lang='lat' dir='ltr'><strong>illi</strong></span> <span class='ocrx_word' id='word_1_783' title='bbox 1404 5050 1576 5115; x_wconf 71' lang='lat' dir='ltr'><strong>liberi,</strong></span> <span class='ocrx_word' id='word_1_784' title='bbox 1606 5054 1696 5107; x_wconf 86' lang='lat' dir='ltr'><strong>sed</strong></span> 
     </span>
    </p>
   </div>
   <div class='ocr_carea' id='block_1_99' title="bbox 143 5130 1699 5206">
    <p class='ocr_par' dir='ltr' id='par_1_99' title="bbox 143 5130 1699 5206">
     <span class='ocr_line' id='line_1_100' title="bbox 143 5130 1699 5206; baseline 0.013 -27"><span class='ocrx_word' id='word_1_785' title='bbox 143 5138 227 5193; x_wconf 88' lang='lat' dir='ltr'><strong>per</strong></span> <span class='ocrx_word' id='word_1_786' title='bbox 269 5130 561 5185; x_wconf 89' lang='lat' dir='ltr'><strong>secundum</strong></span> <span class='ocrx_word' id='word_1_787' title='bbox 592 5130 756 5186; x_wconf 77' lang='lat' dir='ltr'><strong>Adam</strong></span> <span class='ocrx_word' id='word_1_788' title='bbox 786 5134 873 5189; x_wconf 82' lang='lat' dir='ltr'><strong>Dei</strong></span> <span class='ocrx_word' id='word_1_789' title='bbox 916 5136 1085 5205; x_wconf 85' lang='lat' dir='ltr'><strong>gratia</strong></span> <span class='ocrx_word' id='word_1_790' title='bbox 1116 5137 1346 5206; x_wconf 86' lang='lat' dir='ltr'><strong>liberati,</strong></span> <span class='ocrx_word' id='word_1_791' title='bbox 1373 5150 1425 5195; x_wconf 91' lang='lat' dir='ltr'><strong>et</strong></span> <span class='ocrx_word' id='word_1_792' title='bbox 1448 5141 1543 5195; x_wconf 87' lang='lat' dir='ltr'><strong>ista</strong></span> <span class='ocrx_word' id='word_1_793' title='bbox 1570 5143 1699 5198; x_wconf 91' lang='lat' dir='ltr'><strong>libe-</strong></span> 
     </span>
    </p>
   </div>
   <div class='ocr_carea' id='block_1_100' title="bbox 141 5217 1692 5297">
    <p class='ocr_par' dir='ltr' id='par_1_100' title="bbox 141 5217 1692 5297">
     <span class='ocr_line' id='line_1_101' title="bbox 141 5217 1692 5297; baseline 0.014 -28"><span class='ocrx_word' id='word_1_794' title='bbox 141 5217 335 5273; x_wconf 86' lang='lat' dir='ltr'><strong>ratione</strong></span> <span class='ocrx_word' id='word_1_795' title='bbox 366 5220 861 5277; x_wconf 84' lang='lat' dir='ltr'><strong>habeutesliberum</strong></span> <span class='ocrx_word' id='word_1_796' title='bbox 887 5226 1161 5280; x_wconf 84' lang='lat' dir='ltr'><strong>arbitrium</strong></span> <span class='ocrx_word' id='word_1_797' title='bbox 1187 5244 1289 5297; x_wconf 89' lang='lat' dir='ltr'><strong>quo</strong></span> <span class='ocrx_word' id='word_1_798' title='bbox 1306 5232 1542 5286; x_wconf 85' lang='lat' dir='ltr'><strong>serviant</strong></span> <span class='ocrx_word' id='word_1_799' title='bbox 1567 5233 1692 5297; x_wconf 87' lang='lat' dir='ltr'><strong>Deo,</strong></span> 
     </span>
    </p>
   </div>
   <div class='ocr_carea' id='block_1_101' title="bbox 142 5312 1696 5392">
    <p class='ocr_par' dir='ltr' id='par_1_101' title="bbox 142 5312 1696 5392">
     <span class='ocr_line' id='line_1_102' title="bbox 142 5312 1696 5392; baseline 0.012 -33"><span class='ocrx_word' id='word_1_800' title='bbox 142 5320 237 5360; x_wconf 89' lang='lat' dir='ltr'><strong>non</strong></span> <span class='ocrx_word' id='word_1_801' title='bbox 266 5324 368 5377; x_wconf 92' lang='lat' dir='ltr'><strong>quo</strong></span> <span class='ocrx_word' id='word_1_802' title='bbox 415 5312 750 5381; x_wconf 80' lang='lat' dir='ltr'><strong>Captiventur</strong></span> <span class='ocrx_word' id='word_1_803' title='bbox 776 5328 804 5365; x_wconf 88' lang='lat' dir='ltr'><strong>a</strong></span> <span class='ocrx_word' id='word_1_804' title='bbox 830 5315 1059 5369; x_wconf 86' lang='lat' dir='ltr'><strong>diabolo.</strong></span> <span class='ocrx_word' id='word_1_805' title='bbox 1091 5316 1317 5371; x_wconf 86' lang='lat' dir='ltr'><strong>Liberati</strong></span> <span class='ocrx_word' id='word_1_806' title='bbox 1350 5320 1489 5374; x_wconf 87' lang='lat' dir='ltr'><strong>enim</strong></span> <span class='ocrx_word' id='word_1_807' title='bbox 1513 5338 1541 5377; x_wconf 89' lang='lat' dir='ltr'><strong>a</strong></span> <span class='ocrx_word' id='word_1_808' title='bbox 1572 5337 1696 5392; x_wconf 88' lang='lat' dir='ltr'><strong>pec-</strong></span> 
     </span>
    </p>
   </div>
   <div class='ocr_carea' id='block_1_102' title="bbox 140 5400 1695 5481">
    <p class='ocr_par' dir='ltr' id='par_1_102' title="bbox 140 5400 1695 5481">
     <span class='ocr_line' id='line_1_103' title="bbox 140 5400 1695 5481; baseline 0.012 -33"><span class='ocrx_word' id='word_1_809' title='bbox 140 5407 272 5464; x_wconf 85' lang='lat' dir='ltr'><strong>cato,</strong></span> <span class='ocrx_word' id='word_1_810' title='bbox 302 5400 436 5453; x_wconf 89' lang='lat' dir='ltr'><strong>servi</strong></span> <span class='ocrx_word' id='word_1_811' title='bbox 484 5411 608 5455; x_wconf 90' lang='lat' dir='ltr'><strong>sunt</strong></span> <span class='ocrx_word' id='word_1_812' title='bbox 643 5400 765 5457; x_wconf 79' lang='lat' dir='ltr'><strong>facti</strong></span> <span class='ocrx_word' id='word_1_813' title='bbox 808 5404 1048 5473; x_wconf 62' lang='lat' dir='ltr'><strong>justitiaz,</strong></span> <span class='ocrx_word' id='word_1_814' title='bbox 1084 5407 1133 5459; x_wconf 88' lang='lat' dir='ltr'><strong>iu</strong></span> <span class='ocrx_word' id='word_1_815' title='bbox 1167 5422 1266 5475; x_wconf 91' lang='lat' dir='ltr'><strong>qua</strong></span> <span class='ocrx_word' id='word_1_816' title='bbox 1295 5409 1509 5465; x_wconf 89' lang='lat' dir='ltr'><strong>stabunt</strong></span> <span class='ocrx_word' id='word_1_817' title='bbox 1532 5428 1695 5481; x_wconf 81' lang='lat' dir='ltr'><strong>usque</strong></span> 
     </span>
    </p>
   </div>
   <div class='ocr_carea' id='block_1_103' title="bbox 143 5484 1697 5568">
    <p class='ocr_par' dir='ltr' id='par_1_103' title="bbox 143 5484 1697 5568">
     <span class='ocr_line' id='line_1_104' title="bbox 143 5484 1697 5568; baseline 0.013 -30"><span class='ocrx_word' id='word_1_818' title='bbox 143 5484 190 5538; x_wconf 91' lang='lat' dir='ltr'><strong>in</strong></span> <span class='ocrx_word' id='word_1_819' title='bbox 230 5487 401 5557; x_wconf 79' lang='lat' dir='ltr'><strong>tinem,</strong></span> <span class='ocrx_word' id='word_1_820' title='bbox 446 5490 676 5567; x_wconf 68' lang='lat' dir='ltr'><strong>donante</strong></span> <span class='ocrx_word' id='word_1_821' title='bbox 704 5494 803 5549; x_wconf 91' lang='lat' dir='ltr'><strong>sibi</strong></span> <span class='ocrx_word' id='word_1_822' title='bbox 852 5498 1297 5563; x_wconf 82' lang='lat' dir='ltr'><strong>perseverantiam</strong></span> <span class='ocrx_word' id='word_1_823' title='bbox 1332 5498 1423 5553; x_wconf 90' lang='lat' dir='ltr'><strong>illo</strong></span> <span class='ocrx_word' id='word_1_824' title='bbox 1462 5500 1549 5568; x_wconf 91' lang='lat' dir='ltr'><strong>qui</strong></span> <span class='ocrx_word' id='word_1_825' title='bbox 1604 5517 1697 5558; x_wconf 84' lang='lat' dir='ltr'><strong>eos</strong></span> 
     </span>
    </p>
   </div>
   <div class='ocr_carea' id='block_1_104' title="bbox 145 5579 1694 5661">
    <p class='ocr_par' dir='ltr' id='par_1_104' title="bbox 145 5579 1694 5661">
     <span class='ocr_line' id='line_1_105' title="bbox 145 5579 1694 5661; baseline 0.014 -35"><span class='ocrx_word' id='word_1_826' title='bbox 145 5579 389 5643; x_wconf 74' lang='lat' dir='ltr'><strong>prrcscivit</strong></span> <span class='ocrx_word' id='word_1_827' title='bbox 419 5590 471 5635; x_wconf 91' lang='lat' dir='ltr'><strong>et</strong></span> <span class='ocrx_word' id='word_1_828' title='bbox 514 5583 930 5651; x_wconf 68' lang='lat' dir='ltr'><strong>praedestinavit,</strong></span> <span class='ocrx_word' id='word_1_829' title='bbox 962 5596 1012 5640; x_wconf 91' lang='lat' dir='ltr'><strong>ct</strong></span> <span class='ocrx_word' id='word_1_830' title='bbox 1045 5590 1336 5643; x_wconf 87' lang='lat' dir='ltr'><strong>secundum</strong></span> <span class='ocrx_word' id='word_1_831' title='bbox 1368 5593 1694 5661; x_wconf 86' lang='lat' dir='ltr'><strong>propositum</strong></span> 
     </span>
    </p>
   </div>
   <div class='ocr_carea' id='block_1_105' title="bbox 148 5673 1687 5755">
    <p class='ocr_par' dir='ltr' id='par_1_105' title="bbox 148 5673 1687 5755">
     <span class='ocr_line' id='line_1_106' title="bbox 148 5673 1687 5755; baseline 0.015 -36"><span class='ocrx_word' id='word_1_832' title='bbox 148 5673 354 5739; x_wconf 83' lang='lat' dir='ltr'><strong>vocavit,</strong></span> <span class='ocrx_word' id='word_1_833' title='bbox 379 5682 431 5728; x_wconf 88' lang='lat' dir='ltr'><strong>et</strong></span> <span class='ocrx_word' id='word_1_834' title='bbox 472 5674 793 5745; x_wconf 83' lang='lat' dir='ltr'><strong>justiticavit,</strong></span> <span class='ocrx_word' id='word_1_835' title='bbox 826 5691 877 5735; x_wconf 89' lang='lat' dir='ltr'><strong>et</strong></span> <span class='ocrx_word' id='word_1_836' title='bbox 923 5680 1257 5755; x_wconf 71' lang='lat' dir='ltr'><strong>gloriﬁcavit.</strong></span> <span class='ocrx_word' id='word_1_837' title='bbox 1311 5684 1460 5751; x_wconf 82' lang='lat' dir='ltr'><strong>Quod</strong></span> <span class='ocrx_word' id='word_1_838' title='bbox 1516 5697 1687 5742; x_wconf 89' lang='lat' dir='ltr'><strong>autem</strong></span> 
     </span>
    </p>
   </div>
   <div class='ocr_carea' id='block_1_106' title="bbox 1804 4587 3366 4657">
    <p class='ocr_par' dir='ltr' id='par_1_106' title="bbox 1804 4587 3366 4657">
     <span class='ocr_line' id='line_1_107' title="bbox 1804 4587 3366 4657; baseline 0.009 -17"><span class='ocrx_word' id='word_1_839' title='bbox 1804 4600 1985 4640; x_wconf 87' lang='lat' dir='ltr'><strong>contra</strong></span> <span class='ocrx_word' id='word_1_840' title='bbox 2022 4587 2224 4641; x_wconf 90' lang='lat' dir='ltr'><strong>Domini</strong></span> <span class='ocrx_word' id='word_1_841' title='bbox 2255 4590 2570 4642; x_wconf 71' lang='lat' dir='ltr'><strong>scntent’am</strong></span> <span class='ocrx_word' id='word_1_842' title='bbox 2600 4595 2812 4656; x_wconf 90' lang='lat' dir='ltr'><strong>putetur</strong></span> <span class='ocrx_word' id='word_1_843' title='bbox 2842 4588 3077 4657; x_wconf 88' lang='lat' dir='ltr'><strong>locutus;</strong></span> <span class='ocrx_word' id='word_1_844' title='bbox 3105 4593 3197 4649; x_wconf 89' lang='lat' dir='ltr'><strong>ille</strong></span> <span class='ocrx_word' id='word_1_845' title='bbox 3222 4596 3366 4654; x_wconf 85' lang='lat' dir='ltr'><strong>enim</strong></span> 
     </span>
    </p>
   </div>
   <div class='ocr_carea' id='block_1_107' title="bbox 1805 4676 3362 4753">
    <p class='ocr_par' dir='ltr' id='par_1_107' title="bbox 1805 4676 3362 4753">
     <span class='ocr_line' id='line_1_108' title="bbox 1805 4676 3362 4753; baseline 0.009 -25"><span class='ocrx_word' id='word_1_846' title='bbox 1805 4676 1967 4753; x_wconf 81' lang='lat' dir='ltr'><strong>dicit:</strong></span> <span class='ocrx_word' id='word_1_847' title='bbox 1996 4676 2051 4730; x_wconf 89' lang='lat' dir='ltr'><strong>Si</strong></span> <span class='ocrx_word' id='word_1_848' title='bbox 2080 4677 2375 4745; x_wconf 89' lang='lat' dir='ltr'><strong>peccaverit</strong></span> <span class='ocrx_word' id='word_1_849' title='bbox 2405 4678 2456 4731; x_wconf 92' lang='lat' dir='ltr'><strong>in</strong></span> <span class='ocrx_word' id='word_1_850' title='bbox 2504 4684 2552 4731; x_wconf 89' lang='lat' dir='ltr'><strong>te</strong></span> <span class='ocrx_word' id='word_1_851' title='bbox 2582 4676 2747 4733; x_wconf 79' lang='lat' dir='ltr'><strong>frater</strong></span> <span class='ocrx_word' id='word_1_852' title='bbox 2793 4688 2933 4743; x_wconf 92' lang='lat' dir='ltr'><strong>tuus,</strong></span> <span class='ocrx_word' id='word_1_853' title='bbox 2980 4685 3191 4753; x_wconf 85' lang='lat' dir='ltr'><strong>corripe</strong></span> <span class='ocrx_word' id='word_1_854' title='bbox 3238 4702 3362 4743; x_wconf 88' lang='lat' dir='ltr'><strong>eum</strong></span> 
     </span>
    </p>
   </div>
   <div class='ocr_carea' id='block_1_108' title="bbox 1808 4746 3364 4840">
    <p class='ocr_par' dir='ltr' id='par_1_108' title="bbox 1808 4746 3364 4840">
     <span class='ocr_line' id='line_1_109' title="bbox 1808 4746 3364 4840; baseline 0.007 -19"><span class='ocrx_word' id='word_1_855' title='bbox 1808 4746 1941 4821; x_wconf 79' lang='lat' dir='ltr'><strong>inter</strong></span> <span class='ocrx_word' id='word_1_856' title='bbox 1971 4779 2021 4822; x_wconf 88' lang='lat' dir='ltr'><strong>te</strong></span> <span class='ocrx_word' id='word_1_857' title='bbox 2045 4776 2097 4821; x_wconf 86' lang='lat' dir='ltr'><strong>et</strong></span> <span class='ocrx_word' id='word_1_858' title='bbox 2125 4769 2315 4836; x_wconf 88' lang='lat' dir='ltr'><strong>ipsum.</strong></span> <span class='ocrx_word' id='word_1_859' title='bbox 2358 4769 2733 4822; x_wconf 60' lang='lat' dir='ltr'><strong>Verumtamen</strong></span> <span class='ocrx_word' id='word_1_860' title='bbox 2761 4779 2813 4825; x_wconf 91' lang='lat' dir='ltr'><strong>et</strong></span> <span class='ocrx_word' id='word_1_861' title='bbox 2856 4771 2970 4840; x_wconf 90' lang='lat' dir='ltr'><strong>ipse</strong></span> <span class='ocrx_word' id='word_1_862' title='bbox 3021 4777 3364 4832; x_wconf 84' lang='lat' dir='ltr'><strong>severitatem</strong></span> 
     </span>
    </p>
   </div>
   <div class='ocr_carea' id='block_1_109' title="bbox 1804 4859 3366 4927">
    <p class='ocr_par' dir='ltr' id='par_1_109' title="bbox 1804 4859 3366 4927">
     <span class='ocr_line' id='line_1_110' title="bbox 1804 4859 3366 4927; baseline 0.007 -16"><span class='ocrx_word' id='word_1_863' title='bbox 1804 4859 2154 4926; x_wconf 84' lang='lat' dir='ltr'><strong>correptionis</strong></span> <span class='ocrx_word' id='word_1_864' title='bbox 2181 4873 2414 4927; x_wconf 69' lang='lat' dir='ltr'><strong>eottsque</strong></span> <span class='ocrx_word' id='word_1_865' title='bbox 2438 4859 2681 4927; x_wconf 86' lang='lat' dir='ltr'><strong>perducit</strong></span> <span class='ocrx_word' id='word_1_866' title='bbox 2701 4860 2916 4916; x_wconf 89' lang='lat' dir='ltr'><strong>utdicat</strong></span> <span class='ocrx_word' id='word_1_867' title='bbox 2942 4863 3029 4919; x_wconf 89' lang='lat' dir='ltr'><strong>:Si</strong></span> <span class='ocrx_word' id='word_1_868' title='bbox 3050 4880 3146 4920; x_wconf 87' lang='lat' dir='ltr'><strong>nec</strong></span> <span class='ocrx_word' id='word_1_869' title='bbox 3178 4866 3366 4922; x_wconf 82' lang='lat' dir='ltr'><strong>Eccle-</strong></span> 
     </span>
    </p>
   </div>
   <div class='ocr_carea' id='block_1_110' title="bbox 1803 4948 3362 5023">
    <p class='ocr_par' dir='ltr' id='par_1_110' title="bbox 1803 4948 3362 5023">
     <span class='ocr_line' id='line_1_111' title="bbox 1803 4948 3362 5023; baseline 0.006 -19"><span class='ocrx_word' id='word_1_870' title='bbox 1803 4951 1933 5004; x_wconf 89' lang='lat' dir='ltr'><strong>siam</strong></span> <span class='ocrx_word' id='word_1_871' title='bbox 1949 4948 2197 5013; x_wconf 86' lang='lat' dir='ltr'><strong>audierit,</strong></span> <span class='ocrx_word' id='word_1_872' title='bbox 2223 4950 2289 5003; x_wconf 87' lang='lat' dir='ltr'><strong>sit</strong></span> <span class='ocrx_word' id='word_1_873' title='bbox 2312 4950 2400 5003; x_wconf 93' lang='lat' dir='ltr'><strong>tibi</strong></span> <span class='ocrx_word' id='word_1_874' title='bbox 2425 4958 2671 5019; x_wconf 88' lang='lat' dir='ltr'><strong>tanquam</strong></span> <span class='ocrx_word' id='word_1_875' title='bbox 2692 4952 2938 5008; x_wconf 91' lang='lat' dir='ltr'><strong>ethnicus</strong></span> <span class='ocrx_word' id='word_1_876' title='bbox 2959 4956 3362 5023; x_wconf 87' lang='lat' dir='ltr'><strong>etpublicauus:</strong></span> 
     </span>
    </p>
   </div>
   <div class='ocr_carea' id='block_1_111' title="bbox 1803 5044 3365 5116">
    <p class='ocr_par' dir='ltr' id='par_1_111' title="bbox 1803 5044 3365 5116">
     <span class='ocr_line' id='line_1_112' title="bbox 1803 5044 3365 5116; baseline 0.004 -18"><span class='ocrx_word' id='word_1_877' title='bbox 1803 5052 1857 5098; x_wconf 89' lang='lat' dir='ltr'><strong>et</strong></span> <span class='ocrx_word' id='word_1_878' title='bbox 1886 5046 2002 5112; x_wconf 90' lang='lat' dir='ltr'><strong>quis</strong></span> <span class='ocrx_word' id='word_1_879' title='bbox 2032 5044 2194 5112; x_wconf 87' lang='lat' dir='ltr'><strong>magis</strong></span> <span class='ocrx_word' id='word_1_880' title='bbox 2224 5044 2404 5097; x_wconf 77' lang='lat' dir='ltr'><strong>dilexit</strong></span> <span class='ocrx_word' id='word_1_881' title='bbox 2432 5044 2671 5098; x_wconf 84' lang='lat' dir='ltr'><strong>inﬁrmos</strong></span> <span class='ocrx_word' id='word_1_882' title='bbox 2696 5059 2853 5113; x_wconf 88' lang='lat' dir='ltr'><strong>quam</strong></span> <span class='ocrx_word' id='word_1_883' title='bbox 2886 5046 2975 5101; x_wconf 91' lang='lat' dir='ltr'><strong>ille</strong></span> <span class='ocrx_word' id='word_1_884' title='bbox 2996 5049 3083 5116; x_wconf 92' lang='lat' dir='ltr'><strong>qui</strong></span> <span class='ocrx_word' id='word_1_885' title='bbox 3115 5063 3211 5116; x_wconf 93' lang='lat' dir='ltr'><strong>pro</strong></span> <span class='ocrx_word' id='word_1_886' title='bbox 3246 5064 3365 5104; x_wconf 88' lang='lat' dir='ltr'><strong>om-</strong></span> 
     </span>
    </p>
   </div>
   <div class='ocr_carea' id='block_1_112' title="bbox 1804 5134 3361 5209">
    <p class='ocr_par' dir='ltr' id='par_1_112' title="bbox 1804 5134 3361 5209">
     <span class='ocr_line' id='line_1_113' title="bbox 1804 5134 3361 5209; baseline 0.006 -20"><span class='ocrx_word' id='word_1_887' title='bbox 1804 5136 1955 5207; x_wconf 73' lang='lat' dir='ltr'><strong>nibus</strong></span> <span class='ocrx_word' id='word_1_888' title='bbox 1976 5144 2056 5189; x_wconf 84' lang='lat' dir='ltr'><strong>est</strong></span> <span class='ocrx_word' id='word_1_889' title='bbox 2083 5134 2543 5199; x_wconf 75' lang='lat' dir='ltr'><strong>factus&#39;iul‘trmus,</strong></span> <span class='ocrx_word' id='word_1_890' title='bbox 2562 5144 2617 5189; x_wconf 92' lang='lat' dir='ltr'><strong>ct</strong></span> <span class='ocrx_word' id='word_1_891' title='bbox 2656 5152 2750 5207; x_wconf 90' lang='lat' dir='ltr'><strong>pro</strong></span> <span class='ocrx_word' id='word_1_892' title='bbox 2774 5139 3019 5193; x_wconf 85' lang='lat' dir='ltr'><strong>omnibus</strong></span> <span class='ocrx_word' id='word_1_893' title='bbox 3038 5153 3106 5191; x_wconf 82' lang='lat' dir='ltr'><strong>ex</strong></span> <span class='ocrx_word' id='word_1_894' title='bbox 3141 5141 3251 5209; x_wconf 78' lang='lat' dir='ltr'><strong>ipsa</strong></span> <span class='ocrx_word' id='word_1_895' title='bbox 3281 5154 3361 5198; x_wconf 85' lang='lat' dir='ltr'><strong>est</strong></span> 
     </span>
    </p>
   </div>
   <div class='ocr_carea' id='block_1_113' title="bbox 1805 5225 3357 5299">
    <p class='ocr_par' dir='ltr' id='par_1_113' title="bbox 1805 5225 3357 5299">
     <span class='ocr_line' id='line_1_114' title="bbox 1805 5225 3357 5299; baseline 0.006 -22"><span class='ocrx_word' id='word_1_896' title='bbox 1805 5225 2110 5279; x_wconf 63' lang='lat' dir='ltr'><strong>inﬁrmitate</strong></span> <span class='ocrx_word' id='word_1_897' title='bbox 2140 5226 2460 5278; x_wconf 60' lang='lat' dir='ltr'><strong>cruciﬁxus?</strong></span> <span class='ocrx_word' id='word_1_898' title='bbox 2487 5225 2617 5291; x_wconf 67' lang='lat' dir='ltr'><strong>Quze</strong></span> <span class='ocrx_word' id='word_1_899' title='bbox 2660 5242 2779 5280; x_wconf 90' lang='lat' dir='ltr'><strong>cum</strong></span> <span class='ocrx_word' id='word_1_900' title='bbox 2805 5229 2871 5281; x_wconf 88' lang='lat' dir='ltr'><strong>ita</strong></span> <span class='ocrx_word' id='word_1_901' title='bbox 2899 5228 3024 5291; x_wconf 90' lang='lat' dir='ltr'><strong>sint,</strong></span> <span class='ocrx_word' id='word_1_902' title='bbox 3068 5244 3166 5282; x_wconf 91' lang='lat' dir='ltr'><strong>nec</strong></span> <span class='ocrx_word' id='word_1_903' title='bbox 3187 5232 3357 5299; x_wconf 86' lang='lat' dir='ltr'><strong>gratia</strong></span> 
     </span>
    </p>
   </div>
   <div class='ocr_carea' id='block_1_114' title="bbox 1805 5316 3356 5388">
    <p class='ocr_par' dir='ltr' id='par_1_114' title="bbox 1805 5316 3356 5388">
     <span class='ocr_line' id='line_1_115' title="bbox 1805 5316 3356 5388; baseline 0.001 -16"><span class='ocrx_word' id='word_1_904' title='bbox 1805 5354 1831 5386; x_wconf 72' lang='grc' dir='ltr'><strong>,ι</strong></span> <span class='ocrx_word' id='word_1_905' title='bbox 1868 5316 2045 5373; x_wconf 86' lang='lat' dir='ltr'><strong>ohibet</strong></span> <span class='ocrx_word' id='word_1_906' title='bbox 2072 5316 2487 5383; x_wconf 87' lang='lat' dir='ltr'><strong>correptiouem,</strong></span> <span class='ocrx_word' id='word_1_907' title='bbox 2516 5331 2615 5371; x_wconf 89' lang='lat' dir='ltr'><strong>nec</strong></span> <span class='ocrx_word' id='word_1_908' title='bbox 2639 5318 2903 5387; x_wconf 89' lang='lat' dir='ltr'><strong>correptio</strong></span> <span class='ocrx_word' id='word_1_909' title='bbox 2920 5329 3079 5387; x_wconf 87' lang='lat' dir='ltr'><strong>negat</strong></span> <span class='ocrx_word' id='word_1_910' title='bbox 3097 5319 3356 5388; x_wconf 86' lang='lat' dir='ltr'><strong>gratiam:</strong></span> 
     </span>
    </p>
   </div>
   <div class='ocr_carea' id='block_1_115' title="bbox 1798 5407 3360 5482">
    <p class='ocr_par' dir='ltr' id='par_1_115' title="bbox 1798 5407 3360 5482">
     <span class='ocr_line' id='line_1_116' title="bbox 1798 5407 3360 5482; baseline 0.001 -18"><span class='ocrx_word' id='word_1_911' title='bbox 1798 5419 1851 5464; x_wconf 86' lang='lat' dir='ltr'><strong>et</strong></span> <span class='ocrx_word' id='word_1_912' title='bbox 1880 5407 1997 5463; x_wconf 89' lang='lat' dir='ltr'><strong>ideo</strong></span> <span class='ocrx_word' id='word_1_913' title='bbox 2026 5408 2103 5462; x_wconf 91' lang='lat' dir='ltr'><strong>sic</strong></span> <span class='ocrx_word' id='word_1_914' title='bbox 2142 5416 2220 5462; x_wconf 90' lang='lat' dir='ltr'><strong>est</strong></span> <span class='ocrx_word' id='word_1_915' title='bbox 2273 5408 2627 5478; x_wconf 70' lang='lat' dir='ltr'><strong>prmcipienda</strong></span> <span class='ocrx_word' id='word_1_916' title='bbox 2668 5408 2873 5478; x_wconf 88' lang='lat' dir='ltr'><strong>justitia</strong></span> <span class='ocrx_word' id='word_1_917' title='bbox 2899 5449 2914 5473; x_wconf 95' lang='lat'><strong>,</strong></span> <span class='ocrx_word' id='word_1_918' title='bbox 2963 5419 3075 5465; x_wconf 88' lang='lat' dir='ltr'><strong>uta</strong></span> <span class='ocrx_word' id='word_1_919' title='bbox 3110 5411 3216 5466; x_wconf 91' lang='lat' dir='ltr'><strong>Deo</strong></span> <span class='ocrx_word' id='word_1_920' title='bbox 3239 5428 3360 5482; x_wconf 84' lang='lat' dir='ltr'><strong>gra-</strong></span> 
     </span>
    </p>
   </div>
   <div class='ocr_carea' id='block_1_116' title="bbox 1800 5498 3359 5569">
    <p class='ocr_par' dir='ltr' id='par_1_116' title="bbox 1800 5498 3359 5569">
     <span class='ocr_line' id='line_1_117' title="bbox 1800 5498 3359 5569; baseline 0.002 -15"><span class='ocrx_word' id='word_1_921' title='bbox 1800 5501 1891 5566; x_wconf 85' lang='lat' dir='ltr'><strong>tia,</strong></span> <span class='ocrx_word' id='word_1_922' title='bbox 1944 5515 2046 5568; x_wconf 87' lang='lat' dir='ltr'><strong>qua</strong></span> <span class='ocrx_word' id='word_1_923' title='bbox 2101 5498 2151 5552; x_wconf 93' lang='lat' dir='ltr'><strong>id</strong></span> <span class='ocrx_word' id='word_1_924' title='bbox 2204 5500 2342 5569; x_wconf 90' lang='lat' dir='ltr'><strong>quod</strong></span> <span class='ocrx_word' id='word_1_925' title='bbox 2402 5499 2709 5569; x_wconf 61' lang='lat' dir='ltr'><strong>pracipitur</strong></span> <span class='ocrx_word' id='word_1_926' title='bbox 2761 5498 2881 5564; x_wconf 84' lang='lat' dir='ltr'><strong>ﬁat,</strong></span> <span class='ocrx_word' id='word_1_927' title='bbox 2928 5499 3071 5556; x_wconf 85' lang='lat' dir='ltr'><strong>lldeli</strong></span> <span class='ocrx_word' id='word_1_928' title='bbox 3118 5502 3359 5557; x_wconf 84' lang='lat' dir='ltr'><strong>oratione</strong></span> 
     </span>
    </p>
   </div>
   <div class='ocr_carea' id='block_1_117' title="bbox 1800 5590 3361 5663">
    <p class='ocr_par' dir='ltr' id='par_1_117' title="bbox 1800 5590 3361 5663">
     <span class='ocr_line' id='line_1_118' title="bbox 1800 5590 3361 5663; baseline 0.003 -18"><span class='ocrx_word' id='word_1_929' title='bbox 1800 5600 2074 5661; x_wconf 87' lang='lat' dir='ltr'><strong>poscatur:</strong></span> <span class='ocrx_word' id='word_1_930' title='bbox 2106 5590 2279 5645; x_wconf 90' lang='lat' dir='ltr'><strong>ethoc</strong></span> <span class='ocrx_word' id='word_1_931' title='bbox 2311 5600 2593 5661; x_wconf 89' lang='lat' dir='ltr'><strong>utrumque</strong></span> <span class='ocrx_word' id='word_1_932' title='bbox 2623 5593 2691 5647; x_wconf 89' lang='lat' dir='ltr'><strong>ita</strong></span> <span class='ocrx_word' id='word_1_933' title='bbox 2732 5591 3027 5663; x_wconf 82' lang='lat' dir='ltr'><strong>faciendum</strong></span> <span class='ocrx_word' id='word_1_934' title='bbox 3054 5602 3158 5659; x_wconf 89' lang='lat' dir='ltr'><strong>est,</strong></span> <span class='ocrx_word' id='word_1_935' title='bbox 3180 5602 3238 5647; x_wconf 92' lang='lat' dir='ltr'><strong>ut</strong></span> <span class='ocrx_word' id='word_1_936' title='bbox 3265 5610 3361 5649; x_wconf 79' lang='lat' dir='ltr'><strong>ne-</strong></span> 
     </span>
    </p>
   </div>
   <div class='ocr_carea' id='block_1_118' title="bbox 1799 5682 3354 5755">
    <p class='ocr_par' dir='ltr' id='par_1_118' title="bbox 1799 5682 3354 5755">
     <span class='ocr_line' id='line_1_119' title="bbox 1799 5682 3354 5755; baseline 0.003 -20"><span class='ocrx_word' id='word_1_937' title='bbox 1799 5699 1900 5754; x_wconf 86' lang='lat' dir='ltr'><strong>que</strong></span> <span class='ocrx_word' id='word_1_938' title='bbox 1924 5684 2064 5753; x_wconf 86' lang='lat' dir='ltr'><strong>justa</strong></span> <span class='ocrx_word' id='word_1_939' title='bbox 2093 5684 2359 5755; x_wconf 88' lang='lat' dir='ltr'><strong>correptio</strong></span> <span class='ocrx_word' id='word_1_940' title='bbox 2393 5682 2707 5755; x_wconf 83' lang='lat' dir='ltr'><strong>negligatur,</strong></span> <span class='ocrx_word' id='word_1_941' title='bbox 2734 5684 2908 5738; x_wconf 89' lang='lat' dir='ltr'><strong>omnia</strong></span> <span class='ocrx_word' id='word_1_942' title='bbox 2942 5699 3065 5740; x_wconf 89' lang='lat' dir='ltr'><strong>vero</strong></span> <span class='ocrx_word' id='word_1_943' title='bbox 3082 5683 3205 5739; x_wconf 63' lang='lat' dir='ltr'><strong>haec</strong></span> <span class='ocrx_word' id='word_1_944' title='bbox 3229 5698 3354 5739; x_wconf 80' lang='lat' dir='ltr'><strong>cum</strong></span> 
     </span>
    </p>
   </div>
  </div>
