3830 6228
1561 257 1626 314 D.
1667 255 1987 315 EUGYPPII
2023 253 2313 312 ABBATIS
2349 255 2694 315 AFMCANI»

3595 267 3711 324 1000

500 374 762 432 charitate
785 373 911 430 fiant
964 391 980 430 :
1022 370 1271 441 quoniam
1320 367 1551 423 chari'as
1577 382 1679 422 nec
1722 367 1850 424 facit
1873 383 2059 438 peeca-
2089 372 2137 431 Α
2161 374 2266 430 cat,
2297 365 2497 422 idcoes
2515 369 2641 435 fide,
2656 370 3014 426 utsecnndum
3029 370 3247 441 gratiam
3264 370 3410 427 firma
3427 375 3706 442 sitpromis

503 473 640 530 ιιωι.
667 476 726 521 et
743 464 919 534 operit
943 458 1336 515 multitudinem
1362 467 1726 524 peccattmm.
1759 513 1761 515 ,

1020 567 1250 623 CAPUT
1285 564 1582 622 CCXCIV'.~

506 663 586 719 De
605 660 1044 738 prdatisntiens
1070 674 1181 723 qua
1211 673 1309 711 non
1333 657 1486 738 possit
1514 671 1624 735 esse
1660 656 1768 708 sine
1789 655 2060 738 prgaciett-

580 725 670 794 ιὶι,
699 730 1017 799 pressimus
1053 744 1174 799 fere
1215 729 1368 794 possit
1399 742 1505 781 esse
1529 727 1636 779 sine
1660 725 2062 796 pradeslinatt'o-

494 868 499 873 ἱ
570 815 674 865 tu;
700 795 767 854 es
786 798 916 852 lilro
945 800 1012 850 uti
1040 795 1374 868 Prosperautt.

589 906 997 964 Pradestinatio
1064 915 1150 962 est
1212 921 1330 973 quas
1375 905 1492 963 sine
1553 906 1882 973 prascientia
1953 921 2058 962 non

503 1006 685 1070 potest
720 1011 861 1064 esse,
916 993 1091 1066 potest
1117 1005 1294 1051 autem
1349 1010 1469 1050 esse
1521 996 1640 1049 sine
1706 997 2058 1070 pra-destina-

498 1093 644 1147 tione
671 1092 1026 1160 prrscietttia.
1052 1087 1517 1162 Prcdestlnatlone
1564 1088 1760 1155 quippe
1811 1088 1950 1143 Deus
1995 1102 2056 1143 ea

499 1182 761 1254 prascivit
787 1196 904 1250 qua:
935 1179 1103 1236 fuerat
1126 1181 1239 1246 ipse
1266 1178 1520 1240 facturus,
1555 1179 1694 1232 unde
1717 1178 1913 1231 dictum
1941 1186 2055 1232 est:

500 1271 649 1328 Fecit
671 1286 790 1341 qua
821 1269 1000 1324 futura
1027 1277 1172 1322 sunt.
1215 1267 1470 1322 Praescire
1519 1278 1696 1321 autem
1747 1276 1934 1336 potens
1974 1275 2058 1322 est

451 1344 454 1346 ⁷
495 1360 656 1430 etiam
685 1375 802 1429 qua:
830 1359 951 1428 ipse
972 1373 1077 1412 non
1111 1355 1252 1419 facit,
1277 1356 1418 1410 sicut
1444 1369 1773 1432 quiscunque
1815 1363 2052 1439 peccata,

493 1451 616 1522 quia
645 1452 747 1506 etsi
778 1457 904 1505 sunt
949 1448 1191 1518 quaedam
1212 1462 1338 1527 quas.
1362 1445 1429 1499 ita
1463 1456 1676 1518 peccata
1703 1459 1825 1502 sunt
1853 1455 1911 1501 ut
1941 1462 2053 1514 po:-

497 1559 580 1599 nat
603 1543 712 1597 sint
731 1541 888 1596 etiam
915 1549 1274 1610 peccatorum,
1295 1539 1434 1593 unde
1460 1538 1659 1593 dictum
1684 1550 1768 1594 est
1788 1536 2056 1594 :Tradidit

495 1618 622 1688 illos
648 1632 786 1688 Deus
817 1631 868 1685 in
903 1628 1183 1699 reprobam
1216 1617 1472 1693 merrtem,
1503 1637 1559 1682 ut
1588 1628 1780 1682 faciant
1805 1643 1919 1696 qua:
1949 1643 2052 1684 non

2163 452 2263 518 sio,
2293 454 2460 509 miror
2487 454 2730 514 homines
2756 461 3050 516 infirmitati
3077 479 3184 516 sua:
3209 477 3267 518 se
3292 467 3448 518 malle
3475 469 3704 522 commit-

2163 555 2298 613 terc,
2327 562 2486 616 quam
2513 549 2746 604 firmitati
2770 553 3130 620 promissionis
3146 554 3380 611 Dci.Sed
3409 558 3610 612 incerta
3634 572 3704 614 est

2161 634 2312 702 mihi,
2334 635 2523 705 inquit,
2541 638 2608 693 de
2631 639 2836 708 meipso
2858 643 3097 698 voluntas
3122 645 3234 700 Dei.
3258 648 3392 715 Quid
3419 648 3584 714 erga!
3603 660 3703 704 tua-

2164 745 2231 783 ne
2261 731 2352 784 tibi
2387 730 2631 786 voluntas
2670 732 2737 787 de
2767 734 2937 803 teipso
2963 749 3106 790 certa
3137 749 3238 802 est,
3273 756 3367 794 nec
3390 743 3547 795 times
3572 784 3586 806 ,
3616 745 3693 812 qui

2162 819 2367 874 videtur
2389 831 2530 874 stare
2555 823 2736 878 timeat
2762 822 2980 898 [videat]
3029 842 3095 880 ne
3133 831 3336 898 cadat?
3380 829 3513 884 Cum
3564 833 3699 902 igitur

2161 920 2380 979 utraque
2407 911 2607 966 incerta
2623 913 2710 978 sit,
2731 928 2826 968 cur
2839 929 2942 968 non
2968 917 3366 974 homoftrmiori
3383 938 3546 992 quam
3564 923 3692 976 inﬁr-

2175 997 2332 1051 miori
2358 996 2513 1052 ﬁdem
2540 1013 2712 1069 suam,
2741 1017 2913 1071 spent,
2945 1001 3360 1078 charitatemque
3391 1014 3696 1066 committit?

2161 1084 2265 1141 Sed
2287 1101 2406 1140 cum
2429 1086 2643 1152 dicitur,
2668 1091 2928 1159 inquiunt.
2960 1092 3016 1148 Si
3044 1095 3353 1160 credideris,
3381 1105 3558 1155 salvus
3584 1105 3695 1168 erit,

2158 1190 2319 1229 unum
2351 1177 2537 1230 horum
2567 1178 2812 1248 exigitur,
2861 1180 3085 1235 alterum
3115 1185 3369 1242 odertur:
3416 1189 3556 1256 quod
3596 1192 3694 1244 eti-

2157 1262 2298 1333 gitur
2335 1263 2386 1318 in
2412 1264 2660 1330 hominis,
2690 1267 2828 1335 quod
2855 1268 3076 1325 offertur
3107 1273 3159 1325 in
3189 1273 3279 1327 Dei
3306 1283 3388 1328 est
3420 1287 3680 1344 potestate.

2157 1351 2386 1421 Curnon
2418 1365 2698 1427 utrumque
2723 1360 2771 1412 in
2804 1358 3056 1434 Dei[cst],
3082 1365 3294 1434 etquod
3316 1365 3461 1436 jubet
3497 1379 3553 1424 et
3570 1373 3690 1440 quod

2156 1443 2353 1514 olfertf
2408 1446 2639 1517 Rogatur
2667 1449 2807 1504 enim
2835 1463 2889 1506 ut
2918 1453 3006 1508 det
3034 1457 3171 1524 quod
3197 1457 3372 1526 jubet,
3426 1470 3482 1514 et
3519 1475 3690 1532 rogant

2157 1535 2437 1591 credentes
2468 1547 2523 1592 ut
2550 1540 2653 1594 sibi
2698 1552 2952 1610 augeatur
2998 1544 3171 1600 fides:
3226 1560 3416 1618 rogant
3461 1566 3556 1619 pro
3603 1568 3692 1609 uos

2155 1626 2512 1694 credentibus,
2547 1638 2604 1684 ut
2629 1631 2709 1686 eis
2735 1631 2961 1688 donetur
2994 1637 3154 1701 tldes;
3198 1649 3252 1693 et
3279 1640 3331 1695 in
3388 1642 3497 1694 suis
3551 1644 3691 1711 igitur

494 1720 836 1784 conveniunt;
863 1734 965 1773 non
984 1718 1055 1772 ibi
1091 1728 1367 1786 peccatum
1399 1717 1491 1772 Dei
1517 1726 1620 1782 est,
1645 1725 1736 1772 set
1763 1717 2047 1787 judicium.
2083 1721 2129 1779 Β
2157 1715 2495 1773 incrementis
2520 1729 2577 1774 et
2602 1720 2654 1773 in
2679 1721 2791 1776 suis
2817 1722 2981 1778 initiis
3003 1724 3096 1779 Dei
3119 1725 3317 1780 donum
3339 1739 3422 1784 est
3448 1729 3596 1784 fides.
3616 1732 3691 1786 Sic

496 1812 757 1877 Quocirca
787 1799 1183 1880 prmdestinatio
1211 1808 1303 1864 Dei
1329 1822 1450 1877 quin
1477 1807 1528 1862 in
1556 1807 1698 1862 bono
1738 1816 1840 1872 est,
1874 1810 2056 1877 gratis

493 1908 600 1964 est,
622 1909 677 1953 ut
703 1900 832 1963 disi,
857 1900 1202 1968 pra'paratio;
1234 1897 1403 1966 gratia
1422 1890 1564 1952 -'vero
1595 1904 1679 1951 est
1715 1895 1886 1984 ipsius
1921 1911 2057 1964 pra:-

480 1990 864 2047 .destinationis
907 1988 1149 2043 cat-ctus.
1179 1986 1404 2054 Quando
1447 1999 1575 2056 ergo
1619 1985 1858 2054 promisit
1915 1986 2054 2041 Deus

501 2079 727 2134 Abrahae
750 2078 801 2132 in
827 2077 1030 2133 semine
1058 2078 1173 2144 ejus
1205 2075 1364 2132 fidem
1392 2076 1658 2144 gentium,
1689 2074 1912 2129 dicens:
1949 2075 2049 2128 Pa-

494 2179 629 2223 trem
661 2169 940 2221 multarunt
977 2167 1212 2235 gentiunt
1253 2165 1403 2234 positi
1427 2172 1514 2230 te;
1553 2163 1694 2219 unde
1736 2163 1868 2219 dicit
1905 2163 2048 2232 Ajpo—

488 2258 682 2321 stolus,
716 2257 837 2311 Ideo
874 2271 938 2311 ea
970 2255 1092 2322 fide,
1125 2263 1184 2310 ut
1207 2254 1497 2310 secundum
1526 2255 1749 2325 gratiam
1793 2255 1939 2308 lirma
1981 2260 2051 2311 s‘t

492 2346 773 2416 promissio
819 2346 964 2402 omni
1013 2346 1239 2410 semini;
1268 2361 1374 2400 non
1418 2345 1488 2401 de
1514 2350 1715 2400 nostra:
1760 2344 2052 2401 voluntatis

419 2463 422 2466 ν
493 2447 775 2509 potestate,
803 2438 896 2495 sed
921 2436 989 2493 de
1013 2452 1106 2491 sua
1130 2436 1599 2504 prredestittatione
1626 2437 1895 2507 promisit:
1929 2451 2051 2505 pro-

500 2530 644 2586 misit
667 2530 809 2586 cnim
840 2531 981 2599 quod
1009 2530 1124 2600 ipse
1152 2530 1389 2586 facturus
1415 2528 1607 2597 fuerat,
1635 2545 1680 2584 n-
1705 2545 1738 2589 ιι
1775 2544 1843 2594 ‹;ιι
1878 2528 1911 2584 (1
1955 2529 2051 2583 ho-

499 2622 695 2686 mines,
744 2621 866 2692 quia
898 2621 996 2676 etsi
1026 2620 1228 2675 faciunt
1269 2619 1513 2674 homines
1557 2621 1693 2674 bona
1720 2634 1838 2688 quas
1890 2618 2051 2700 perti-

492 2721 620 2767 nent
645 2713 710 2766 ad
741 2711 1024 2766 colendum
1068 2711 1260 2776 Deum,
1313 2710 1430 2780 ipse
1458 2709 1586 2765 facit
1637 2719 1695 2765 ut
1736 2711 1810 2765 illi
1856 2710 2052 2768 fciant

485 2817 604 2870 qlze
645 2789 1054 2870 pra-cepit,'non
1085 2800 1158 2854 illi
1203 2799 1405 2855 faciunt
1451 2810 1508 2854 ut
1550 2800 1664 2869 ipse
1697 2800 1864 2869 faciat
1907 2802 2047 2872 quod

489 2891 764 2960 promisit;
787 2891 1022 2958 alioquin
1052 2897 1110 2943 ut
1136 2889 1228 2944 Del
1251 2891 1510 2959 promissa
1531 2889 1916 2958 compleantur,
1941 2906 2046 2944 non

495 2982 550 3038 itt
579 2979 802 3044 Dei,sed
828 2983 883 3035 in
903 2979 1173 3038 hominum
1200 2990 1279 3033 est
1308 2986 1600 3048 potestate:
1626 2987 1680 3033 et
1705 2980 1844 3047 quod
1874 2995 1905 3033 a
1935 2978 2047 3035 Deo

2162 1815 2340 1861 autem
2367 1808 2591 1863 dicitur:
2617 1810 2671 1865 Si
2696 1812 3001 1880 credideris,
3023 1817 3199 1870 salvus
3222 1818 3350 1883 eris,
3375 1822 3689 1890 quemadtuo.

2157 1895 2282 1951 dum
2309 1898 2502 1953 dicitur
2534 1915 2548 1952 :
2587 1900 2644 1955 Si
2672 1903 2861 1970 spiritu
2889 1903 3020 1958 facta
3050 1909 3226 1962 carnis
3245 1913 3687 1977 monitio-avernis,

2155 1984 2379 2058 yivetis;
2408 2003 2527 2040 nam
2557 1999 2609 2043 et
2631 1988 2718 2045 hic
2743 2006 2807 2044 cx
2851 1991 3057 2047 duobus
3099 2011 3258 2050 unum
3290 2000 3533 2066 exigitur,
3564 2003 3682 2056 alte-

2155 2091 2270 2130 rum
2298 2076 2540 2133 offertur.
2563 2079 2618 2135 Si
2646 2081 2856 2150 spiritu,
2889 2084 3083 2154 inquit,
3117 2087 3254 2144 facta
3285 2095 3458 2146 carnis
3488 2095 3686 2148 mortiﬁ-

2153 2161 2423 2233 caveriti's,
2457 2166 2646 2223 vivetis
2677 2187 2690 2222 :
2716 2178 2774 2224 ut
2810 2187 2938 2242 ergo
2965 2175 3151 2244 spiritu
3191 2177 3325 2236 facta
3365 2184 3534 2235 carnis
3562 2199 3686 2239 utor-

2153 2255 2437 2335 tillccmus,
2495 2262 2759 2332 exigitur;
2816 2275 2873 2319 ut
2919 2277 3094 2323 autem
3144 2275 3420 2342 vivamus,
3467 2275 3685 2331 oﬂ'ertur.

2151 2345 2289 2402 Num
2322 2349 2479 2420 igitur
2523 2352 2717 2422 placet,
2750 2365 2804 2410 ut
2835 2355 2968 2411 facta
3014 2360 3192 2414 carnis
3239 2366 3555 2419 mortilic-trc
3593 2381 3683 2421 nua

2151 2435 2350 2492 donum
2381 2439 2472 2495 Dei
2495 2455 2615 2496 esse
2641 2443 2901 2512 dicamus,
2934 2463 3103 2516 neque
3131 2450 3184 2504 id
3211 2453 3406 2507 donum
3448 2454 3539 2509 Dei
3578 2469 3683 2510 esse

2150 2523 2432 2594 fateamur,
2464 2531 2711 2600 quoniam
2763 2535 2902 2605 exigi
2934 2538 3178 2594 audimus
3222 2557 3253 2596 a
3287 2544 3438 2599 nobis
3489 2545 3683 2614 premis

2150 2615 2297 2682 vitm,
2325 2619 2372 2673 si
2401 2618 2833 2694 hocfecerimus,
2865 2626 3084 2684 oblato?
3106 2632 3246 2685 absit
3275 2633 3395 2698 hoc,
3423 2649 3477 2690 ut
3500 2637 3681 2704 placeat

2151 2707 2573 2780 participibus-et
2582 2713 2952 2775 defensoribus
2971 2724 3183 2790 gratia:
3203 2724 3592 2796 Pelagianorum
3611 2741 3681 2784 est

2149 2813 2304 2857 error
2325 2802 2429 2860 iste
2456 2803 2795 2876 damnabilis,
2831 2826 3067 2881 quorum
3110 2830 3234 2870 mox
3286 2821 3565 2888 Apostolus
3603 2837 3679 2875 ora

2149 2891 2434 2960 obstruxit,
2486 2895 2814 2968 adiungens:
2864 2901 3131 2971 Quotquot
3175 2907 3315 2962 enim
3369 2909 3682 2982 Spiritum

2149 2980 2245 3036 Dei
2272 2994 2519 3056 aguntur,
2540 2987 2592 3042 hi
2620 2988 2714 3044 lilii
2740 3000 2865 3058 sunt
2885 2993 3001 3060 Dei,
3024 3012 3090 3052 ne
3110 2996 3247 3053 facta
3265 3010 3406 3056 mort
3428 3002 3578 3058 litate
3598 2980 3680 3059 tios

482 3073 796 3141 promissum
821 3069 999 3136 est,ah
1027 3069 1154 3137 ipsis
1179 3068 1420 3123 redditur
1446 3067 1690 3121 Abrahae.
1720 3067 1834 3122 Non
1853 3076 2036 3159 autem
2065 3067 2111 3130 Ο
2141 3075 2339 3141 carnis,
2363 3090 2467 3130 non
2491 3091 2585 3146 per
2614 3079 2726 3144 Dei,
2756 3064 2852 3136 sed
2870 3099 2962 3152 per
2975 3097 3216 3143 nostrum
3243 3090 3490 3159 spiritum
3515 3093 3678 3148 crede-

480 3160 561 3214 sic
606 3158 852 3220 credidit,
887 3157 1178 3223 Abraham,
1221 3156 1314 3211 sed
1364 3155 1592 3211 credidit
1636 3157 1770 3212 dans
1816 3157 2038 3227 gloriam

481 3248 610 3314 Deo,
640 3248 891 3317 quoniam
923 3264 1040 3317 qua:
1061 3245 1304 3316 promisit
1350 3243 1539 3316 potens
1566 3257 1650 3304 est
1672 3249 1848 3305 facere
1876 3267 1892 3303 :
1925 3264 2033 3306 non

479 3339 554 3391 ait
582 3339 886 3404 praedicere,
918 3353 1020 3391 non
1047 3339 1120 3392 ait
1145 3338 1417 3406 praescire,
1446 3353 1567 3393 nam
1593 3345 1650 3393 et
1685 3338 1858 3394 aliena
1898 3338 2036 3394 facta

480 3442 513 3495 p
537 3437 652 3481 test
682 3428 966 3496 pratdicerc
987 3439 1143 3500 atque
1168 3431 1438 3496 praescire,
1465 3429 1559 3484 sed
1589 3429 1693 3497 ait,
1736 3429 1930 3486 Potens
1955 3440 2036 3486 est

479 3525 531 3568 et
575 3515 767 3580 facere,
791 3530 853 3568 ae
883 3531 975 3584 per
1001 3519 1102 3570 hoc
1135 3514 1273 3570 facta
1299 3504 1627 3583 non'aliena,
1659 3517 1756 3573 sed
1785 3533 1904 3574 sua.
1951 3519 2034 3574 An

480 3605 616 3658 forte
641 3620 799 3674 opera
831 3605 961 3660 bona
988 3608 1222 3676 gentium
1257 3609 1396 3662 Deus
1434 3610 1680 3677 promisit
1703 3609 1930 3667 Abrahat
1983 3612 2036 3666 in

478 3695 683 3749 semine
710 3694 898 3761 ipsius,
930 3705 986 3748 ut
1013 3696 1113 3750 hoc
1142 3696 1477 3764 promitteret
1519 3697 1661 3766 quod
1700 3699 1813 3767 ipse
1859 3698 1986 3754 facit
2016 3714 2032 3764 ;

480 3797 583 3836 non
613 3793 790 3837 autem
821 3783 1061 3849 promisit
1090 3784 1246 3837 fidem
1276 3786 1514 3853 gentium
1544 3801 1700 3853 quam
1725 3785 1824 3842 sibi
1855 3787 2031 3842 homi-

360 3877 368 3885 '
478 3885 572 3926 nos
598 3869 818 3934 faciunt,
846 3872 937 3927 sed
960 3883 1013 3925 ut
1045 3874 1536 3948 promitteretquod
1567 3875 1682 3943 ipse
1709 3876 1857 3942 facit,
1887 3877 2032 3932 illam

478 3961 741 4031 prmscivit
787 3962 1030 4014 homines
1075 3975 1193 4016 esse
1223 3962 1500 4017 facturos?
1543 3963 1659 4018 Non
1701 3965 1911 4033 quidem
1955 3968 2035 4021 sic

478 4047 764 4118 Apostolus
813 4049 1088 4119 eloquitur:
1145 4049 1560 4122 Filios'qnippe
1608 4053 1748 4108 Deus
1795 4055 2036 4124 promisit

477 4138 700 4194 Abrahze
753 4139 839 4208 qui
889 4139 1010 4193 fidei
1061 4139 1176 4208 ejus
1220 4140 1442 4210 vestigia
1487 4151 1850 4208 sectarentur,
1892 4145 2034 4212 quod

477 4229 813 4294 apertissime
835 4228 994 4293 dicit;
1022 4229 1114 4283 sed
1132 4230 1177 4283 si
1200 4244 1363 4299 opera
1379 4232 1620 4300 gentium
1644 4233 1905 4302 promisit,
1930 4249 2034 4290 non

477 4317 627 4372 fidem
659 4317 912 4385 profecto,
945 4321 1196 4387 quoniam
1225 4336 1331 4375 non
1355 4326 1506 4376 ‘sunt
1553 4321 1689 4376 bona
1719 4338 1878 4392 opera
1927 4325 2029 4379 nisi

2141 3175 2358 3220 remus:
2382 3165 2451 3222 de
2471 3181 2576 3237 quo
2603 3169 2693 3226 Dei
2720 3171 2918 3242 Spiritu
2945 3176 3105 3231 etiam
3139 3179 3210 3233 ibi
3232 3179 3571 3248 loquentur,
3605 3185 3678 3238 ubi

2144 3252 2220 3343 ait
2252 3269 2270 3310 :
2301 3254 2488 3311 Omnia
2518 3269 2698 3315 autem
2727 3262 2842 3318 hac
2885 3253 3140 3336 operatur
3177 3285 3318 3326 unus
3359 3283 3519 3343 atque
3555 3274 3673 3328 idem

2130 3340 2386 3421 Spiritus,
2419 3345 2664 3407 dividens
2683 3353 2904 3423 propria
2935 3355 3221 3427 unicuique
3252 3373 3406 3429 prout
3435 3340 3582 3429 ivult;
3611 3367 3676 3417 iu-

2140 3440 2221 3488 ter
2245 3449 2365 3504 qua
2391 3440 2587 3505 omnia,
2621 3441 2759 3495 sicut
2785 3441 2955 3510 scitis,
2984 3448 3278 3503 nominavit
3317 3459 3374 3505 et
3403 3452 3575 3506 ﬁdem.
3606 3453 3676 3508 Si-

2136 3533 2226 3578 cut
2249 3539 2397 3596 ergo,
2423 3532 2666 3599 quamvis
2690 3531 2886 3590 donum
2919 3536 3009 3590 Dei
3027 3540 3114 3603 sit,
3149 3538 3284 3594 facta
3308 3542 3483 3597 carnis
3511 3544 3672 3598 morti-

2113 3608 2320 3681 .ficare,
2337 3619 2567 3686 exigitur
2590 3628 2764 3677 tamen
2787 3637 2817 3676 a
2833 3626 2983 3679 nobis
3004 3629 3282 3696 proposito
3305 3633 3525 3697 pramio
3551 3635 3672 3696 vita,

2139 3700 2210 3755 ita
2241 3702 2438 3770 donum
2468 3704 2662 3762 Dciest
2679 3720 2733 3765 et
2754 3711 2903 3777 lidcs,
2938 3717 3176 3782 quamvis
3198 3728 3253 3771 et
3281 3720 3390 3788 ipsa
3417 3737 3534 3775 cum
3553 3722 3670 3776 dici-

2141 3792 2349 3883 tur,ASi
2401 3796 2713 3867 credideris,
2763 3803 2942 3860 salvus
2990 3806 3115 3870 eris,
3159 3813 3428 3878 proposito
3481 3813 3672 3883 pratia

2136 3881 2323 3937 salutis
2402 3886 2642 3954 exigatur
2701 3904 2733 3944 a
2805 3894 2976 3948 nobis.
3053 3896 3177 3952 ideo
3241 3903 3384 3954 enim
3463 3881 3572 3961 hac
3624 3912 3669 3957 et

2140 3972 2293 4029 nobis
2368 3976 2780 4050 prmcipinntur,
2834 3992 2890 4039 et
2937 3984 3078 4041 dona
3150 3988 3242 4043 Dei
3317 4005 3436 4047 esse
3513 4007 3667 4047 aiens-

2142 4071 2365 4131 tiantur,
2423 4074 2481 4121 ut
2523 4069 2843 4140 intelligatur
2894 4075 3037 4143 quod
3091 4085 3144 4132 et
3178 4094 3282 4134 nos
3321 4096 3384 4135 ea
3439 4082 3666 4144 facimus.

2138 4162 2192 4208 et
2266 4155 2408 4214 Deus
2471 4158 2600 4215 facit
2657 4173 2712 4218 ut
2763 4164 2851 4220 illa
2898 4165 3181 4237 faciamus,
3239 4173 3376 4228 sicut
3426 4191 3517 4243 per
3561 4175 3666 4230 Pio‘

2138 4246 2350 4314 phetam
2402 4249 2736 4310 Esechielem
2783 4260 3108 4327 apertissime
3149 4262 3279 4316 dicit
3326 4283 3341 4320 :
3380 4267 3500 4336 quid
3537 4271 3658 4322 coita

2142 4338 2378 4403 apertius
2421 4355 2578 4410 quam
2637 4344 2722 4400 ubi
2775 4347 2938 4402 dicit:
2979 4350 3087 4418 Ego
3116 4351 3303 4408 faciam
3356 4367 3412 4410 ut
3449 4357 3665 4410 faciatis?

476 4421 541 4459 es
590 4408 907 4477 lide,justus
933 4410 1075 4462 enim
1125 4418 1192 4463 ex”
1247 4410 1350 4465 fide
1393 4411 1554 4479 vivit,
1606 4420 1660 4466 et
1703 4427 1862 4506 omne
1891 4415 2115 4506 quodD
2141 4425 2312 4480 locum
2343 4408 2514 4497 ipsum
2553 4432 2843 4502 Scriptura:
2869 4408 3146 4506 attendite,
3195 4451 3250 4495 et
3586 4445 3661 4498 ilia

477 4510 580 4549 non
609 4506 692 4550 est
718 4513 780 4551 ea
818 4498 918 4552 (ide
945 4507 1216 4566 peccatum
1239 4511 1338 4565 cst,
1369 4511 1422 4556 et
1442 4501 1554 4556 sine
1581 4502 1685 4557 fide
1705 4502 2032 4572 impossibile

477 4596 556 4642 est
584 4590 790 4654 placere
821 4589 949 4655 Deo,
998 4590 1342 4647 nihilominus
1382 4605 1439 4647 ut
1468 4594 1683 4665 impleat
1724 4595 1864 4666 quod
1905 4611 2028 4664 pro-

476 4676 618 4731 misit
648 4678 806 4741 Deus,
852 4679 903 4732 in
951 4679 1220 4736 hominum
1272 4694 1530 4752 potestate
1556 4693 1680 4751 est;
1727 4686 1828 4742 nisi
1885 4689 2025 4743 enim

474 4766 631 4821 homo
654 4763 811 4822 faciat
839 4771 976 4838 quod
1010 4770 1115 4825 Deo
1138 4788 1241 4827 nott
1271 4774 1500 4830 donante
1515 4778 1583 4830 ad
1614 4778 1880 4833 hominem
1905 4797 2023 4850 per-

473 4858 622 4924 tinet,
650 4873 752 4913 non
775 4858 930 4914 faciet
958 4861 1068 4928 ipse
1095 4864 1234 4931 quod
1261 4864 1459 4931 donet;
1493 4868 1595 4923 hoc
1640 4879 1744 4935 est,
1774 4871 1873 4925 nisi
1920 4874 2019 4926 ha-

473 4951 593 5004 beat
642 4951 801 5005 homo
853 4951 1010 5007 fidem
1040 4970 1102 5009 ex
1155 4962 1460 5028 semetipso,
1501 4977 1604 5017 non
1651 4965 1834 5034 implet
1884 4969 2022 5023 Dens

469 5041 604 5108 quod
628 5041 888 5110 promisit,
918 5055 976 5097 ut
994 5059 1156 5114 opera
1181 5045 1399 5115 justitize
1429 5053 1618 5106 dentur
1653 5068 1719 5108 ex
1773 5055 1901 5111 Deo.
1933 5058 2012 5114 Ac

469 5143 563 5196 per
591 5129 688 5183 hoc
717 5140 773 5184 ut
796 5133 1051 5200 promissa
1076 5150 1170 5190 sua
1193 5138 1330 5190 Deus
1350 5140 1515 5206 possit
1540 5143 1784 5211 implere,
1806 5163 1911 5200 non
1934 5158 2019 5204 cst

468 5220 520 5273 itt
546 5217 659 5283 Dei,
691 5225 782 5276 sei
813 5225 864 5277 in
897 5223 1124 5280 hominis
1148 5237 1412 5296 potestate
1441 5234 1616 5302 ;quod
1645 5235 1692 5289 si
1719 5238 1911 5294 veritas
1959 5251 2014 5295 et

467 5307 632 5376 pietas
646 5324 740 5366 nos
759 5314 982 5369 credere
996 5328 1155 5381 vetat,
1177 5318 1460 5375 credamus
1480 5335 1596 5377 cum
1619 5326 1879 5382 Abraham
1900 5347 2023 5398 quo-

468 5396 604 5450 niam
627 5413 743 5467 qua
766 5403 1002 5468 promisit
1023 5406 1209 5473 potens
1229 5422 1312 5463 est
1335 5408 1528 5476 facere;
1557 5416 1808 5481 promisit
1839 5396 2011 5476 autem

468 5484 602 5542 tilias
615 5489 857 5561 Abrabat,
872 5496 1010 5565 quod
1025 5513 1143 5554 esse
1156 5516 1258 5554 non
1273 5513 1490 5571 possunt
1509 5505 1555 5559 si
1584 5502 1685 5561 non
1700 5507 1926 5567 habcant
1956 5515 2016 5567 li-

480 5575 623 5651 deut,
637 5595 760 5654 ergo
773 5587 886 5657 ipsc
904 5587 1063 5651 donat
1079 5596 1132 5648 et
1145 5593 1318 5651 fidem.
1345 5595 1484 5654 Sane
1497 5612 1612 5667 cum
1630 5599 1918 5671 Apostolus
1941 5608 2016 5663 di-

2141 4517 2302 4570 Deum
2353 4522 2662 4588 promittere
2696 4523 2956 4580 facturum
2991 4542 3072 4592 se,
3118 4540 3175 4584 ut
3215 4531 3374 4587 faciat
3408 4537 3662 4603 quzjubet

2137 4617 2196 4662 ut
2249 4609 2443 4666 faciant
2488 4612 2595 4685 [ut
2636 4615 2831 4671 faciant
2881 4634 3001 4687 qua:
3043 4620 3195 4690 jubet
3235 4633 3292 4678 ut
3339 4624 3530 4698 ﬁant].
3558 4625 3651 4679 b‘oo

2132 4713 2262 4755 sane
2310 4703 2382 4757 ibi
2431 4713 2572 4762 tacet
2625 4706 2870 4782 [etiam]
2911 4715 3096 4767 merita
3141 4732 3351 4780 eorum,
3390 4721 3481 4773 sed
3525 4719 3656 4781 mala.

2129 4791 2320 4859 quibus
2348 4799 2667 4851 se'ostendit
2688 4799 2913 4856 reddere
2937 4818 3035 4871 pro
3065 4806 3218 4861 malis
3261 4810 3394 4862 bona
3418 4849 3433 4871 ,
3477 4810 3568 4863 hoc
3598 4810 3656 4875 ἰρ-

2128 4896 2190 4936 so
2234 4898 2337 4951 quo
2361 4900 2455 4940 eos
2484 4887 2610 4942 facit
2645 4888 2843 4946 habere
2865 4893 3130 4962 ideinceps
3171 4911 3331 4966 opera
3365 4899 3520 4960 bona,
3557 4913 3657 4954 eu-

2125 4970 2238 5037 ipse
2264 4971 2389 5027 facit
2410 4982 2469 5027 ut
2497 4974 2692 5030 faciant
2720 4978 2898 5035 divina
2926 4984 3195 5040 mandata.
3219 4986 3327 5041 Sed
3352 4992 3519 5042 omnis
3561 4989 3655 5041 bra

2121 5060 2259 5115 ratio
2284 5077 2389 5130 qua
2416 5062 2748 5123 defendimus
2776 5071 3000 5139 gratiam
3034 5073 3128 5128 Dei
3166 5091 3261 5144 per
3293 5078 3472 5134 Jesum
3522 5078 3652 5132 Citri-

2120 5158 2262 5203 stum
2279 5150 2560 5210 Dominum
2580 5167 2818 5214 nostrum
2835 5175 2958 5217 vere
2983 5171 3359 5236 essegratiam,
3390 5172 3441 5225 id
3463 5181 3539 5225 est
3563 5182 3647 5223 asa

2124 5242 2411 5297 secundum
2440 5250 2624 5302 merita
2650 5259 2825 5305 nostra
2848 5253 3244 5324 tlari,qnamvis
3271 5263 3642 5316 evidentisstae

2128 5331 2426 5390 divinorum
2453 5339 2782 5408 eloquiorum
2815 5345 3131 5400 tesrintoniis
3157 5362 3453 5417 asseratur,
3498 5363 3644 5406 tara

2127 5425 2265 5490 apud
2286 5440 2380 5480 eos
2406 5428 2515 5496 qui,
2540 5429 2640 5485 nisi
2661 5431 2859 5502 aliquid
2887 5435 2986 5490 sibi
3032 5439 3307 5507 assignent
3344 5443 3483 5512 quod
3526 5443 3641 5512 prio-

2128 5523 2213 5571 res
2241 5514 2389 5585 dent,
2420 5529 2477 5572 ut
2500 5522 2822 5578 retribuatur
2847 5527 2948 5592 eis,
2975 5529 3041 5582 ab
3069 5535 3215 5585 omni
3269 5534 3444 5590 Studia
3472 5530 3641 5603 pietai's

2127 5609 2342 5678 reprimi
2367 5625 2423 5666 se
2449 5622 2650 5681 putant.
2681 5614 2912 5675 Laborat
2936 5622 3217 5692 aliquando
3242 5627 3296 5682 in
3322 5637 3475 5684 atate
3500 5640 3638 5695 ωηο·
