3904 6224
155 281 299 337 ιουι
1305 290 1734 349 TllESAURUS.

1848 297 1924 350 ιιι.
1964 295 2205 352 αχεν.
3278 306 3412 359 10.ιὲ

150 408 284 449 rum
309 395 444 466 jam
472 399 729 454 utentium
759 400 1041 456 voluntatis
1062 402 1280 458 arbitrio
1304 421 1324 469 :_
1360 407 1454 461 sed
1485 408 1573 462 ubi
1604 409 1751 463 vcni-
1778 414 1829 470 Α
1857 409 1907 463 ni
1965 410 2166 475 Titum,
2220 411 2433 468 fratrem
2465 429 2676 482 meum;
2722 415 2823 493 sed
2870 416 2984 472 vale
3029 416 3130 472 illis
3177 418 3372 476 faciens
3393 461 3410 486 ,

145 492 241 537 tur
269 487 349 540 ad
389 489 643 553 parvulos
677 499 730 543 et
768 491 832 544 ad
871 490 1042 559 ipsum
1085 495 1423 548 mediator-em
1454 497 1544 550 Dei
1568 505 1627 550 et
1654 499 1750 549 IIO-
1856 499 1996 554 exivi
2046 501 2096 554 in
2139 502 2522 560 Macedoniam.
2555 487 2758 573 Quibus
2799 506 3062 576 valefecit,
3095 508 3196 562 nisi
3220 510 3299 565 eis
3319 511 3408 579 qui

153 577 422 641 mitium,
475 579 739 635 hominem
782 582 1047 638 Chrismm
1091 584 1292 652 desum,
1337 588 1510 641 omnis
1554 587 1754 642 defecit

145 669 604 732 praecedentium
626 672 846 740 gratiam
870 672 985 739 Dei,
1010 673 1356 729 humanorum
1390 677 1613 732 assertio
1643 693 1754 732 me-

149 758 448 822 ritorum;
472 760 592 827 quia
622 773 719 813 nec
750 761 824 815 illi
848 762 972 816 ullis
999 763 1152 818 bonis
1178 766 1595 831 prtecedeutibus
1643 782 1754 821 me-

146 846 286 899 ritis
320 847 713 902 discernuntur
741 864 769 900 a
799 851 1024 916 czeteris,
1057 860 1113 905 ut
1137 854 1434 920 pertineant
1460 854 1527 907 ad
1557 854 1752 908 libera-

157 943 364 988 torem
412 936 683 990 hominum
712 955 725 990 :
751 954 850 995 nec
879 940 966 995 ille
992 941 1112 996 ullis
1137 941 1382 995 humanis
1409 943 1754 1010 praecedenti-

159 1027 281 1082 bus
320 1031 560 1093 meritis,
586 1045 704 1091 cum
737 1042 792 1087 et
819 1033 934 1102 ipse
961 1033 1032 1087 sit
1061 1033 1240 1098 homo,
1291 1033 1542 1088 liberator
1585 1034 1753 1089 factus

143 1129 242 1173 est
278 1119 592 1176 hominum.
623 1122 749 1190 Quis
769 1126 910 1178 enim
940 1124 1143 1189 audiat,
1173 1124 1314 1193 quod
1339 1127 1590 1179 dicuntur
1621 1137 1747 1193 par-

147 1211 272 1265 vuli
313 1228 426 1280 pro
449 1213 559 1268 suis
582 1213 770 1269 futuris
802 1216 1032 1282 meritis,
1085 1218 1137 1269 in
1180 1217 1291 1286 ipsa
1340 1216 1565 1270 infantili
1596 1225 1754 1270 astate

148 1299 476 1370 b'tptizati,
515 1303 663 1358 exire
711 1303 776 1357 de
833 1304 930 1358 hac
991 1303 1146 1369 vita;
1206 1311 1263 1358 et
1318 1302 1439 1358 ideo
1502 1304 1590 1357 alii
1647 1319 1752 1357 non

149 1392 437 1460 liaptizati
484 1393 534 1446 in
587 1394 772 1448 eadem
803 1403 961 1448 tetate
1006 1394 1174 1458 mori,
1235 1393 1356 1463 quia
1412 1401 1466 1446 et
1514 1393 1750 1461 ipsorum

148 1482 431 1547 praescita
462 1489 586 1535 sunt
631 1482 816 1536 merita
841 1481 1036 1547 futura,
1078 1482 1170 1536 sed
1223 1480 1384 1547 mala,
1419 1495 1522 1534 non
1567 1495 1750 1535 eorum

148 1574 343 1628 vitam
380 1577 566 1629 bonam
593 1576 674 1630 vel
703 1579 893 1630 malam
931 1577 1040 1631 Deo
1073 1584 1445 1632 remunerante
1473 1576 1555 1629 vel
1602 1575 1751 1628 dam-
1852 1580 2013 1646 gratia
2030 1580 2237 1648 ejus,et
2260 1582 2309 1635 in
2344 1584 2426 1636 his
2455 1585 2543 1653 qui
2577 1597 2799 1652 pereunt
2822 1587 3022 1654 judicio
3047 1590 3182 1660 eius.
3212 1591 3317 1648 Sed
3355 1605 3414 1647 ut

149 1675 371 1730 nante,
402 1666 494 1720 sed
522 1667 754 1719 nullam?
786 1668 1068 1735 Apostolus
1097 1667 1308 1735 quidem
1353 1666 1586 1718 limitem"
1613 1664 1744 1727 fixit,
1851 1666 2409 1725 minussnccensentur
2427 1671 2541 1726 hmc
2557 1688 2736 1741 parum
2753 1675 3408 1748 intelligentibus,ipsead-

145 1769 340 1822 quem
372 1755 668 1824 transgredi
699 1771 804 1809 non
840 1756 1030 1809 debeat
1076 1755 1323 1817 hominis,
1362 1762 1418 1807 ut
1443 1753 1623 1808 mitius
1670 1755 1748 1806 lo-
1780 1765 1824 1822 Β
1852 1767 2049 1818 monet,
2077 1774 2196 1811 cum
2226 1760 2494 1830 subjungit
2520 1770 2574 1815 et
2602 1764 2727 1817 dicit
2758 1781 2770 1816 :
2807 1766 2869 1818 Et
2899 1766 2964 1819 ad
3007 1767 3120 1823 haec
3149 1771 3265 1836 quis
3299 1771 3408 1826 ido-

147 1861 334 1913 quar,
368 1846 574 1899 incauta
597 1845 872 1914 suspicio:
906 1845 978 1897 ait
1006 1845 1187 1899 enim:
1223 1845 1420 1898 Omnes
1457 1843 1747 1898 astabimus
1852 1846 2014 1898 nens?
2055 1847 2248 1902 Verum
2295 1851 2572 1904 redeamus
2611 1852 2677 1905 ad
2722 1853 2840 1905 ostii
2885 1857 3212 1922 apertionem
3237 1896 3252 1922 ,
3306 1875 3410 1929 qua

1855 589 2208 655 crediderant,
2225 593 2276 644 in
2294 607 2519 661 quorum
2541 597 2746 652 scilicet
2762 598 3009 653 cordibus
3029 601 3416 668 evangelizanti

1854 692 2095 748 apertum
2126 691 2208 735 est
2235 683 2467 738 osﬁum?
2498 686 2632 750 Quid
2655 697 2828 742 autem
2854 688 3106 759 adjungat
3128 691 3407 746 attendite:

1858 771 1964 826 Deo
1985 781 2184 839 autem,
2218 772 2407 841 inquit,
2453 773 2669 843 gratias,
2699 777 2789 846 qui
2831 794 3042 847 semper
3082 780 3412 849 triumphare

1855 875 1949 914 nos
1979 860 2100 914 facit
2123 861 2171 914 in
2203 862 2436 926 Christo,
2460 872 2516 917 et
2545 864 2762 920 odorem
2793 869 2994 922 notitia:
3019 885 3128 923 suae
3158 871 3411 926 manifes-

1856 958 1928 1004 tat
1953 967 2045 1017 per
2071 968 2165 1006 nos
2193 954 2244 1006 in
2275 953 2417 1007 omni
2464 954 2601 1018 loco,
2653 957 2774 1024 quia
2813 957 3012 1013 Christi
3064 961 3234 1015 bonus
3277 965 3410 1017 odor

1853 1055 2034 1097 sumus
2068 1045 2194 1111 Deo,
2229 1045 2280 1100 in
2314 1045 2395 1100 his
2425 1047 2513 1115 qui
2543 1048 2675 1102 salvi
2706 1049 2852 1114 fiunt,
2887 1059 2941 1105 et
2966 1051 3018 1105 in
3048 1052 3129 1106 his
3158 1056 3244 1121 qui
3279 1070 3405 1122 per-

1859 1143 2017 1197 eunt;
2048 1135 2358 1202 quibusdam
2391 1137 2602 1205 quidem
2632 1139 2763 1191 odor
2812 1142 2998 1193 mortis
3045 1141 3094 1195 in
3155 1155 3405 1208 mortem,

1854 1223 2165 1286 quibusdam
2195 1235 2369 1278 autem
2413 1227 2545 1279 odor
2593 1226 2714 1281 vita:
2761 1228 2809 1281 in
2859 1238 3041 1283 vtam.
3093 1232 3227 1286 Ecce
3267 1232 3405 1286 unde

1855 1312 2048 1378 gratias
2076 1312 2181 1380 agit
2222 1314 2372 1368 miles
2421 1317 2713 1370 acerrimus
2741 1329 2794 1372 et
2834 1319 3081 1373 defensor
3113 1321 3409 1376 invictissi-

1855 1411 1970 1451 mns
1996 1402 2178 1466 gratia:
2201 1417 2216 1453 :
2239 1417 2361 1456 ecce
2387 1405 2525 1457 unde
2549 1405 2746 1472 gratias
2768 1406 2892 1475 agit,
2927 1408 3048 1476 quia
3090 1407 3282 1463 Christi
3317 1409 3409 1465 bo-

1866 1503 1966 1542 nus
1993 1491 2125 1544 odor
2152 1501 2276 1544 sunt
2304 1495 2526 1561 apostoli
2558 1495 2686 1562 Deo,
2719 1509 2766 1550 et
2795 1498 2844 1550 in
2885 1498 2964 1550 his
2993 1499 3083 1567 qui
3112 1502 3238 1554 salvi
3281 1503 3415 1558 liuut

150 1941 300 1987 ante
334 1933 564 1986 tribunal
593 1933 808 1998 Christi,
839 1943 895 1987 ut
926 1933 1120 1987 referat
1151 1933 1513 2002 unusquisque
1553 1947 1746 1985 secun-

151 2023 300 2077 dum
351 2039 415 2078 ea
458 2040 578 2094 qua:
633 2041 726 2094 per
771 2039 966 2094 corpus
997 2026 1185 2095 gessit,
1233 2025 1344 2079 sive
1373 2025 1595 2088 bonum,
1635 2019 1747 2078 sive

155 2114 386 2169 malum
417 2131 432 2169 :
469 2115 666 2181 Cessit,
701 2116 886 2185 inquit,
942 2132 1045 2170 non
1073 2116 1331 2183 adjunxit,
1367 2115 1460 2169 Vel
1501 2124 1747 2184 gesturus

156 2202 300 2258 fuit.
360 2204 466 2258 Sed
507 2205 646 2259 unde
690 2205 791 2259 hoc
831 2205 1024 2259 talibus
1067 2204 1194 2259 viris
1232 2206 1282 2258 in
1320 2217 1549 2259 mentem
1588 2221 1748 2259 vene-

155 2300 241 2346 rtt
305 2295 512 2355 nescio,
559 2305 614 2348 ut
653 2294 825 2348 futura
855 2310 972 2363 qua:
1001 2309 1106 2348 non
1137 2304 1260 2348 sunt
1305 2293 1477 2348 futura
1516 2294 1746 2361 punian-

158 2391 303 2449 tur,
362 2393 456 2437 aut
492 2384 820 2439 honorentur
862 2384 1051 2440 merita
1091 2385 1445 2454 parvulorum.
1496 2386 1603 2438 Cur
1651 2401 1748 2438 au-

161 2480 289 2528 tem
353 2473 556 2529 dictum
619 2483 739 2538 est,
797 2475 1088 2529 secundum
1136 2491 1196 2530 ea
1246 2491 1364 2544 qua:
1420 2492 1511 2542 per
1558 2489 1749 2542 corpus

161 2563 350 2631 gessit
397 2564 660 2618 hominem
704 2563 1073 2632 judicaudum,
1119 2579 1236 2618 cum
1283 2576 1537 2633 gerantur
1585 2564 1746 2616 multa

159 2654 300 2707 solo
349 2653 546 2718 animo,
605 2669 708 2706 non
760 2668 853 2722 per
887 2668 1102 2722 corpus,
1152 2668 1249 2707 nec
1295 2667 1384 2723 per
1415 2654 1580 2706 ullum
1630 2667 1749 2705 cor-

167 2744 332 2811 poris
355 2745 646 2798 membrum
666 2784 680 2808 ,
720 2753 774 2799 et
804 2745 1114 2813 plerumque
1145 2752 1250 2797 tam
1275 2757 1485 2813 magna,
1535 2752 1592 2797 ut
1631 2743 1752 2796 tali-

165 2837 281 2891 bus
308 2837 715 2907 cogitationibus
747 2851 901 2907 paena
924 2837 1229 2906 justissima
1277 2836 1557 2898 debeatur,
1591 2835 1748 2889 sicuti

167 2937 285 2990 est,
322 2934 380 2980 ut
408 2925 505 2980 alia
534 2934 757 2990 taceam,
788 2926 928 2994 quod
950 2925 1084 2979 dixit
1104 2924 1355 2993 insipiens
1373 2925 1422 2977 in
1445 2924 1606 2979 corde
1627 2936 1747 2987 suo,

169 3017 302 3072 Non
331 3028 414 3072 est
441 3016 582 3070 Deus
610 3016 634 3069 ?
661 3015 795 3082 Quid
822 3026 902 3070 est
936 3028 1064 3083 ergo
1095 3014 1384 3068 secundum
1417 3027 1479 3068 ea
1508 3028 1624 3082 qure
1656 3027 1750 3079 per

1853 1940 2058 1995 initium
2087 1943 2204 1998 ﬁdei
2234 1944 2555 1998 audientium
2587 1946 2900 2015 significat-it
2930 1949 3232 2018 Apostolus.
3267 1951 3402 2020 Quid

1850 2042 1930 2086 est
1960 2034 2098 2086 enim
2124 2045 2339 2089 orantes
2362 2036 2518 2089 simul
2547 2045 2599 2090 et
2622 2051 2718 2105 pro
2751 2038 2924 2102 nobis,
2956 2050 3012 2093 ut
3038 2040 3175 2096 Deus
3202 2046 3405 2110 aperiat

1852 2123 2001 2175 nobis
2030 2127 2220 2176 ostium
2271 2126 2456 2189 verbi,
2502 2128 2601 2180 nisi
2645 2130 2974 2195 apertissima
3002 2133 3400 2198 demonstratio,

1850 2213 2007 2266 etiam
2038 2214 2206 2280 ipsum
2234 2214 2436 2269 initium
2457 2216 2578 2270 fidei
2609 2232 2728 2272 esse
2755 2218 2951 2274 donum
2982 2221 3107 2276 Dei?
3131 2223 3242 2277 Non
3265 2229 3405 2278 enim

1849 2304 2051 2356 orando
2069 2313 2333 2371 peteretur
2353 2306 2418 2360 ab
2440 2321 2524 2372 eo,
2554 2309 2651 2362 nisi
2674 2309 2740 2362 ab
2759 2310 2870 2376 ipso
2897 2312 3053 2366 tribui
3075 2315 3402 2375 crederetur.

1852 2389 1960 2443 lloc
1981 2390 2177 2444 donum
2202 2394 2432 2447 ccelestis
2455 2397 2637 2464 gratia:
2667 2398 2724 2451 in
2750 2400 2888 2453 illaut
2916 2407 3276 2471 purpurariam
3302 2410 3394 2464 de-

1851 2481 2150 2547 scenderat,
2168 2483 2272 2548 cui,
2289 2483 2421 2537 sicut
2446 2487 2716 2555 Scriptura
2733 2489 2856 2542 dicit
2879 2491 2928 2545 in
2951 2493 3166 2549 Actibus
3187 2511 3254 2567 ap
3277 2508 3405 2553 isto-

1857 2566 2052 2633 lorum,
2088 2570 2223 2624 Deus
2248 2583 2528 2649 aperuerat
2553 2589 2766 2629 sensum
2788 2575 2923 2646 ejus,
2953 2566 3326 2641 etintettdebat
3352 2591 3402 2642 in

1851 2673 1912 2712 ea
1941 2675 2056 2728 quae
2086 2675 2114 2712 a
2149 2660 2309 2715 Paulo
2352 2663 2684 2719 dicebautur.
2724 2664 2814 2720 Sic
2859 2669 3000 2722 enim
3034 2673 3322 2729 vocabatur
3348 2685 3408 2731 ut

1851 2751 2112 2805 crederet.
2143 2752 2264 2820 Agit
2305 2754 2499 2822 quippe
2550 2756 2689 2810 Deus
2738 2758 2878 2828 quod
2912 2762 3018 2816 vult
3066 2763 3116 2817 in
3158 2766 3408 2823 cordibus

1855 2840 2144 2905 hominum,
2167 2845 2244 2896 \el
2269 2843 2585 2913 adjuvaudo,
2607 2849 2685 2900 vel
2708 2848 3014 2917 jutlicando‘,
3043 2862 3099 2906 ut
3127 2855 3286 2909 etiam
3310 2872 3406 2927 per

1852 2943 1944 2983 eos
1974 2931 2275 2998 implentur,
2304 2933 2444 3002 quod
2478 2949 2664 2988 manus
2692 2937 2828 3005 ejus,
2859 2948 2913 2993 et
2949 2942 3231 2997 consilium
3272 2961 3406 3015 pra:-

1852 3021 2133 3076 destinavit
2197 3024 2329 3079 lteri.
2413 3023 2625 3079 Frustra
2707 3027 2884 3096 itaque
2968 3032 3124 3086 etiam
3229 3034 3404 3100 illud,

179 3122 388 3176 corpus
415 3107 604 3178 gessit,
634 3107 736 3162 nisi
762 3108 1047 3161 secundum
1077 3120 1137 3162 ea
1170 3118 1282 3174 quas
1318 3106 1478 3175 gessit
1523 3119 1589 3160 eo
1620 3114 1750 3159 tem-
1778 3116 1823 3179 (ζ
1853 3110 1991 3179 quod
2044 3110 2345 3181 Regnorum
2387 3123 2438 3167 et
2489 3113 2920 3182 Paralipomenon
2971 3123 3231 3190 scriptura
3275 3136 3409 3181 teste

188 3211 330 3265 pure
370 3211 475 3266 quo
531 3197 585 3251 in
634 3211 856 3264 corpore
902 3195 1017 3261 fuit,
1053 3204 1109 3249 ut
1141 3210 1236 3264 per
1271 3208 1464 3264 corpus
1490 3194 1751 3262 intelliga-

173 3302 304 3341 mus
351 3301 448 3356 per
473 3286 721 3355 corporis
744 3288 985 3356 tempus?
1012 3285 1136 3339 Post
1163 3299 1355 3353 corpus
1389 3296 1563 3339 autem
1592 3300 1749 3338 nemo

176 3378 290 3431 erit
323 3377 378 3430 in
399 3390 643 3446 corpore,
679 3376 776 3431 nisi
799 3371 1187 3431 resurrectione
1221 3375 1523 3440 novissima,
1556 3392 1659 3430 nun
1680 3375 1745 3429 ad

185 3465 302 3520 ulla
332 3466 516 3518 merita
539 3466 912 3533 comparanda,
930 3465 1025 3519 sed
1053 3467 1117 3517 ad
1146 3465 1448 3533 recipienda
1473 3478 1567 3533 pro
1594 3465 1746 3519 bonis

175 3555 397 3610 meritis
431 3562 668 3624 praemia,
696 3570 790 3624 pro
819 3558 970 3610 malis
1001 3557 1188 3610 luenda
1214 3556 1490 3626 supplicia.

711 3645 936 3742 CAPQ'I“
973 3645 1215 3701 CCXCV.

177 3735 340 3801 Quod
373 3737 560 3793 ostium
616 3737 751 3792 t'rrbt'
793 3735 1050 3807 aperiatur
1078 3754 1191 3791 cum
1231 3754 1319 3790 cor
1347 3738 1596 3793 audientis
1626 3756 1746 3809 apr-

503 3810 670 3862 riatttr
696 3817 750 3861 ut
771 3812 963 3871 credat,
994 3823 1054 3861 ra:
1081 3809 1253 3862 eodem
1282 3809 1429 3860 libro.

259 3895 546 3964 Quomodo
581 3897 818 3967 aperitur
846 3898 1037 3951 ostium
1071 3897 1236 3961 verbi,
1270 3897 1368 3950 nisi
1400 3913 1519 3950 cum
1550 3913 1742 3952 sensus

175 3988 425 4054 aperitur
450 3987 716 4040 audientis
756 3994 814 4041 ut
847 3986 1051 4048 credat,
1078 3995 1130 4039 et
1159 3986 1305 4039 initio
1337 3985 1456 4040 fidei
1489 3988 1646 4050 facto,
1679 4001 1740 4040 ea

174 4091 303 4147 quae
324 4077 392 4132 ad
422 4077 790 4132 mdiiicandam
816 4077 1081 4132 salubrem
1110 4077 1400 4131 doctrinam
1444 4078 1740 4144 praedicau-

174 4177 266 4220 tur
286 4175 342 4221 et
369 4166 709 4236 disputantur
737 4167 998 4235 admittat,
1025 4182 1092 4222 ne
1113 4183 1206 4237 per
1231 4169 1594 4223 inﬁdelitatem
1624 4185 1743 4224 cor-

171 4254 248 4311 de
275 4254 477 4319 clauso,
525 4269 586 4309 ea
631 4270 750 4325 qua:
793 4256 1042 4311 dicuntur
1083 4256 1344 4324 improbet
1380 4271 1444 4311 ac
1481 4257 1740 4326 repellat?

175 4343 337 4398 Unde
361 4353 414 4399 et
447 4343 511 4396 ad
534 4342 838 4400 Corinthios
870 4346 972 4398 ait:
1005 4344 1335 4400 Permanebo
1359 4356 1534 4400 autem
1568 4345 1741 4413 Ephe-

1853 3200 2211 3268 probavimus,
2243 3218 2361 3257 cum
2395 3204 2532 3260 Dens
2561 3209 2671 3260 vult
2702 3207 2833 3274 tieri,
2866 3211 3005 3280 quod
3032 3227 3133 3266 non
3163 3215 3262 3269 nisi
3310 3231 3404 3268 vo-

1849 3290 2079 3346 lentibus
2125 3293 2425 3347 hominibus
2468 3305 2676 3363 Oportet
2719 3298 2865 3375 fieri,
2918 3301 3158 3356 inclinari
3218 3319 3400 3359 eorum

1848 3380 2030 3446 corda,
2073 3392 2130 3436 ut
2157 3382 2254 3436 hoc
2285 3384 2470 3448 velint,
2501 3401 2566 3440 eo
2611 3388 2815 3444 scilicet
2867 3390 3169 3457 inclinante,
3216 3397 3302 3465 qui
3354 3396 3405 3451 in

1847 3471 2000 3551 nobis
2030 3470 2258 3527 mirabili
2306 3476 2472 3542 modo
2508 3485 2560 3530 et
2592 3477 2838 3532 ineffabili
2866 3479 3134 3548 operatur
3158 3491 3212 3537 et
3247 3484 3406 3552 Velle,

1847 3559 1912 3614 ad
1935 3548 2146 3615 causam
2175 3562 2241 3616 de
2270 3578 2371 3633 qua
2399 3564 2731 3634 disserimus,
2785 3583 2890 3622 non
2946 3572 3216 3639 pertinere
3255 3548 3407 3630 dixe:

1848 3660 1991 3704 runt.
2019 3651 2155 3717 Quid
2183 3662 2264 3708 cst
2291 3653 2430 3708 aliud
2462 3657 2592 3708 nihil
2615 3656 2810 3724 dicere,
2835 3667 2890 3714 et
2919 3670 3096 3716 tamen
3138 3667 3408 3721 contradi-

1846 3740 2003 3794 cere?
2027 3741 2125 3795 uisi
2154 3741 2288 3797 forte
2316 3745 2621 3799 existimant
2644 3747 2707 3800 ad
2722 3763 2879 3817 regna
2905 3759 3112 3806 terrena
3136 3755 3398 3823 facienda,

1851 3829 2011 3882 Deum
2045 3831 2314 3898 inclinare,
2346 3836 2409 3886 ad
2451 3850 2668 3904 regnum
2721 3852 2849 3893 vero
2896 3841 3114 3896 cmleste
3161 3845 3407 3902 obtinen-

1845 3927 1988 3987 dum,
2016 3924 2178 3978 Deum
2203 3941 2305 3978 non
2337 3927 2616 3992 inclinare,
2647 3945 2871 3998 quorum
2906 3934 3132 3988 voluerit
3168 3939 3407 3992 voluntao

1845 4014 1968 4068 tes?
1997 4016 2087 4068 sed
2137 4026 2195 4069 ut
2248 4027 2372 4084 puto
2430 4027 2645 4088 propter
2691 4035 2909 4091 regnum
2957 4026 3235 4092 caelorum,
3297 4045 3400 4086 non

1844 4113 2059 4174 propter
2089 4121 2306 4175 regnum
2331 4117 2620 4174 terrenum,
2655 4125 2774 4165 esse
2800 4112 2998 4166 dictum
3028 4131 3040 4167 :
3075 4117 3270 4171 lnclina
3303 4132 3401 4174 cor

1845 4210 2019 4251 meum
2044 4196 2097 4250 in
2125 4197 2421 4252 testimonia
2442 4209 2556 4264 tua;
2582 4200 2664 4254 vel
2689 4183 2778 4255 :‘A
2811 4203 3031 4258 Domino
3059 4219 3272 4274 gressus
3304 4209 3404 4262 bo-

1843 4287 1997 4340 minis
2024 4288 2335 4357 diriguntur,
2366 4299 2419 4342 et
2449 4289 2584 4342 viam
2608 4289 2721 4359 ejus
2740 4293 2907 4358 volet;
2933 4296 3014 4348 vel
3031 4311 3046 4347 :
3065 4296 3286 4352 Paratur
3301 4313 3398 4353 vo-

1844 4375 2016 4430 luntas
2037 4393 2066 4430 a
2092 4378 2344 4446 Domino;
2369 4382 2450 4435 vel
2476 4399 2486 4433 :
2509 4373 2652 4437 Daibo
2678 4382 2755 4437 eis
2779 4399 2870 4438 cor
2891 4386 3052 4454 aliud,
3077 4397 3132 4442 et
3156 4392 3399 4458 spiritum

171 4435 420 4544 ⁸ῘΔ¹³³⁴1¹¹θ
448 4433 513 4487 δά
545 4433 1133 4544 Ρξηιθξοδιξηνξξῑξέω
1768 4470 1819 4532 D
1844 4481 2033 4520 novum
2053 4467 2191 4524 dabo
2214 4468 2312 4524 eis.
2331 4433 2753 4528 'Au'diantetia'm'
2775 4433 3399 4544 ιιιιιιι-ξξιῖιὲἧῖιῖιῖ

170 4534 256 4581 est
281 4540 526 4594 magnum
557 4533 612 4580 et
633 4526 872 4590 evidens,
901 4535 956 4581 et
974 4527 1259 4581 adversarii
1281 4527 1429 4581 multi
1454 4543 1470 4592 ;
1498 4528 1622 4596 quid
1650 4528 1736 4583 hic

171 4625 353 4684 potest
381 4616 522 4668 aliud
550 4616 792 4684 intelligi,
823 4616 924 4670 nisi
952 4618 1235 4685 prmtlicato
1261 4617 1329 4670 ibi
1356 4631 1448 4686 per
1472 4632 1591 4672 eum
1627 4619 1736 4686 pri-

173 4707 339 4758 mitus
370 4705 657 4774 Evangelio
687 4706 977 4761 credidis~e
1023 4709 1239 4773 multos,
1269 4718 1324 4762 ct
1366 4710 1556 4763 multos
1595 4709 1737 4779 ejus-

170 4795 296 4848 dem
324 4793 444 4846 fidei
465 4793 798 4847 adversarios
811 4795 1097 4862 exstitissc,
1120 4797 1405 4851 secundum
1433 4798 1557 4853 illud
1573 4798 1738 4852 Domi-

171 4883 227 4936 ni
253 4897 270 4935 :
303 4881 473 4934 Nemo
498 4882 645 4935 venit
672 4882 736 4934 ad
763 4898 866 4947 me,
891 4883 990 4937 nisi
1012 4887 1094 4936 cui
1123 4885 1304 4940 datum
1335 4886 1489 4941 fuerit
1518 4904 1545 4942 a
1579 4887 1736 4942 Patre

171 4988 321 5038 meo;
345 4981 400 5027 et
419 4990 434 5027 :
455 4973 616 5028 Vobis
647 4973 827 5028 datum
851 4983 1105 5029 estnosse
1119 4977 1423 5046 mysterium
1444 4980 1598 5048 regni
1626 4994 1736 5035 cte-

170 5068 368 5130 lorum,
393 5065 496 5119 illis
518 5077 694 5120 autem
727 5080 829 5120 non
861 5075 942 5120 est
965 5068 1184 5121 datum?
1204 5067 1406 5122 Ostium
1429 5083 1555 5138 ergo
1577 5085 1731 5138 aper-

169 5165 284 5208 tum
313 5155 470 5209 estin
499 5157 578 5209 eis
621 5156 814 5224 quibus
859 5157 1040 5211 datum
1082 5168 1184 5222 est,
1238 5160 1524 5215 adversarii
1556 5171 1732 5218 autem

169 5244 351 5310 multi,
383 5258 451 5298 es
485 5245 564 5300 eis
609 5247 802 5316 quibus
833 5264 934 5301 nun
987 5258 1067 5302 est
1113 5250 1332 5316 datum;
1393 5250 1622 5321 itemque
1668 5253 1734 5308 ad

169 5335 390 5391 eosdem
460 5336 511 5390 in
571 5338 803 5392 secunda
876 5338 1110 5408 Epistola
1185 5341 1322 5394 idem
1396 5344 1729 5410 Apost-lus:

167 5428 305 5481 Cum
361 5426 661 5490 venissem,
708 5428 914 5498 inquit,
966 5429 1250 5493 Troadem,
1302 5429 1354 5484 in
1394 5432 1733 5503 Evangelium

170 5515 395 5580 ChriSti,
427 5524 479 5569 et
501 5516 692 5570 ostium
719 5518 847 5572 mihi
898 5530 1134 5587 apertum
1188 5529 1330 5576 esset
1378 5521 1431 5576 in
1489 5523 1734 5593 Domino,

177 5624 281 5664 non
314 5605 478 5662 habui
505 5607 742 5675 requiem
770 5609 975 5676 spiritui
1009 5626 1151 5674 meo,
1197 5625 1262 5665 eo
1291 5611 1428 5680 quod
1453 5627 1557 5670 non
1586 5613 1734 5670 inve-

445 5777 708 5839 l’traon.
762 5781 957 5845 [ΧΗ.

1840 4557 1978 4614 dabo
2005 4557 2056 4612 in
2088 4559 2258 4624 vobis,
2288 4571 2338 4615 et
2371 4564 2554 4616 faciam
2585 4574 2638 4616 ut
2662 4565 2711 4616 in
2746 4562 3220 4632 justi‘icationibus
3267 4575 3401 4627 mt-is

1838 4647 2120 4701 ambuletis
2144 4665 2157 4712 ;
2183 4649 2398 4703 audiant
2435 4669 2446 4701 :
2481 4653 2520 4705 Λ
2553 4652 2771 4707 Domino
2817 4657 3153 4727 corriguntur
3183 4674 3399 4729 gressus

1838 4740 1934 4791 viri
1955 4755 1968 4802 ;
1988 4739 2230 4793 audiant:
2255 4740 2436 4794 Omnis
2459 4742 2535 4794 vir
2553 4743 2755 4797 videtur
2768 4746 2978 4800 sibimet
2993 4763 3108 4802 esse
3124 4749 3397 4819 justus.di.

1839 4828 1958 4899 rigit
1985 4838 2158 4882 autem
2189 4830 2460 4899 cordzt7o
2477 4832 2729 4886 Dominus
2745 4850 2760 4898 ;
2777 4836 2994 4891 audiant
3013 4857 3025 4891 :
3041 4837 3393 4895 Crediderunt

1842 4929 2099 4990 quotquot
2111 4932 2260 4975 erant
2282 4924 2488 4990 prieord
2501 4969 2504 4973 ,
2517 4923 2623 4978 nati
2637 4924 2688 4978 in
2703 4927 2862 4981 vitam
2876 4937 3154 4996 mternam;
3177 4932 3394 4989 audia-it

1836 5009 1950 5066 hinc
1961 5019 2013 5065 et
2025 5011 2126 5064 alia
2141 5025 2464 5081 quascunque
2482 5028 2584 5066 non
2597 5014 2728 5082 dixi,
2745 5018 2934 5086 quibus
2947 5021 3240 5075 ostenditur
3257 5023 3395 5077 Deus

1836 5103 1901 5158 ad
1928 5118 2145 5173 regnum
2176 5106 2334 5158 etiam
2356 5107 2635 5173 caelorum,
2661 5118 2710 5162 et
2743 5109 2808 5163 ad
2838 5111 2993 5164 vitam
3024 5122 3278 5168 sternam
3302 5130 3393 5183 pu-

1836 5206 1974 5258 rare,
2007 5201 2060 5248 et
2110 5204 2422 5249 convertere
2471 5194 2744 5251 hominum
2792 5192 3108 5254 voluntates.
3150 5200 3393 5272 Cogitate

1836 5293 2011 5339 autem
2043 5289 2198 5354 quale
2221 5287 2290 5340 sit
2318 5295 2370 5341 ut
2396 5287 2698 5354 credamus,
2720 5288 2785 5342 ad
2814 5290 3184 5346 constituenda
3228 5309 3391 5362 regna

1843 5385 2048 5428 terrena
2080 5374 2350 5430 hominum
2406 5377 2704 5431 voluntates
2741 5378 2961 5454 .operari
3018 5377 3204 5448 Deum,
3239 5393 3292 5438 et
3329 5387 3396 5440 ad

1840 5466 2222 5535 capessendum
2263 5485 2481 5540 regnum
2512 5468 2767 5525 caelorum
2796 5470 3037 5528 homines
3057 5476 3266 5543 operari
3299 5492 3395 5533 ro-

1840 5557 2068 5615 luntates
2090 5575 2231 5618 suas.
