3904 6224
545 204 565 261 l
579 211 679 264 005

1067 326 1289 380 CAPUT
1317 325 1587 382 CCXILVI.

543 417 692 480 Quod
724 419 887 492 gratia
914 421 1181 492 prcrvcniat
1219 419 1406 492 ﬁdem.
1440 431 1741 492 prwstelque
1782 439 2103 488 perseveran-

771 490 893 541 tiam
910 505 929 551 ;
958 503 1020 540 ea:
1048 488 1178 541 libro
1205 490 1269 544 de
1296 489 1440 543 Bono
1469 488 1876 561 perseverantia.

610 578 870 634 Prazvi-nit
891 593 1016 646 ergo
1036 586 1090 632 et
1112 578 1268 633 (idem
1292 583 1460 649 gratia
1480 599 1491 634 :
1511 583 1744 650 alioquin
1769 586 1810 639 si
1839 584 1968 638 lides
1990 598 2106 638 eam

541 672 814 740 praevenit,
841 669 1189 738 proculdubio
1215 675 1471 741 praevenit
1493 685 1546 730 et
1570 676 1838 740 voluntas,
1859 680 2104 745 quoniam

539 763 608 816 till
640 775 669 814 s
695 762 812 816 sine
843 761 1114 815 voluntate
1146 776 1251 817 non
1280 773 1458 833 potest
1482 781 1634 820 esse:
1664 769 1706 820 si
1735 780 1908 820 autem
1937 767 2103 835 gratia

539 851 795 920 prznvcnit
824 851 1006 915 ﬁdem,
1040 852 1294 920 quoniam
1327 857 1584 922 praevenit
1614 856 1957 919 voluntatem,
1986 871 2104 923 pro-

539 941 676 996 lecto
708 941 968 1012 praevenit
995 955 1209 997 omnem
1241 943 1624 1008 obedientiam,
1662 944 1916 1013 pra-venit
1945 945 2102 999 etiam

538 1031 848 1086 cltaritatem
871 1073 886 1098 ,
910 1046 1012 1100 qua
1038 1047 1139 1086 una
1167 1033 1276 1087 Deo
1301 1034 1559 1090 veraciter
1582 1043 1634 1088 et
1661 1037 1894 1089 suaviter
1923 1036 2105 1089 obeil;

538 1135 640 1176 tnr.
683 1124 748 1177 Et
790 1125 902 1176 bzec
941 1123 1120 1176 omnia
1158 1125 1324 1194 gratia
1367 1127 1416 1180 in
1458 1142 1523 1180 eo
1551 1129 1632 1179 cui
1663 1127 1841 1192 datur,
1871 1139 1925 1182 et
1952 1129 2104 1196 cujus

541 1214 654 1273 haec
680 1215 860 1267 omnia
901 1215 1192 1282 praevenit,
1224 1225 1497 1284 operatur.
1543 1217 1724 1271 liestat
1754 1217 1805 1270 ia
1839 1218 1921 1272 bis
1953 1218 2104 1272 bonis

538 1320 707 1375 usque
750 1304 837 1376 [in
869 1303 1062 1376 tinem]
1093 1310 1488 1375 perseverantia
1509 1352 1524 1376 ,
1557 1325 1676 1378 quae
1705 1311 1901 1364 frustra
1930 1313 2102 1378 quoti-

537 1396 623 1450 die
650 1411 678 1448 a
707 1395 925 1450 Domino
954 1397 1210 1463 poscitur,
1235 1396 1280 1450 si
1303 1413 1408 1450 non
1431 1413 1548 1452 eam
1582 1400 1838 1454 Dominus
1864 1415 1957 1469 per
1979 1417 2100 1468 gra-

539 1487 664 1539 tiam
698 1500 878 1548 suam,
913 1487 964 1539 in
998 1486 1087 1540 illo
1117 1486 1270 1555 cujus
1299 1490 1596 1543 orationem
1629 1491 1876 1554 exaudit,
1911 1507 2098 1560 opera-

535 1588 641 1631 tur.
670 1577 859 1631 Videte
898 1577 1003 1644 jam
1035 1591 1063 1629 a
1103 1579 1329 1632 veritate
1352 1594 1506 1646 quam
1548 1581 1615 1633 sit
1644 1582 1873 1635 alienum
1903 1598 2097 1652 negare

1619 219 1672 272 ὓ.
1721 216 2042 276 ΕυϐΥΡΡΗ
2082 218 2369 276 ABBATIS
2410 220 2727 278 AFRICANI

2135 333 2185 393 Α
2212 340 2354 386 certe
2382 346 2595 386 causam
2627 349 2721 388 cur
2759 335 2856 389 sub
2884 335 3097 392 diabolo
3132 340 3206 393 sit
3245 343 3333 409 qui
3381 354 3631 410 nascrtu,
3671 351 3750 396 dn-

3645 232 3764 283 11⁸06

2213 437 2311 477 nee
2351 433 2664 477 renascatur
2708 426 2758 478 in
2800 426 3046 494 Christo,
3094 445 3190 498 pro
3230 435 3435 501 peccati
3467 451 3528 487 ex
3570 437 3763 504 origine

2210 510 2436 590 dicimus
2464 527 2584 566 esse
2612 516 2943 582 contagium;
2979 533 3070 572 vos
3097 529 3276 574 autem
3309 521 3398 591 qui
3431 523 3526 576 hoc
3554 527 3759 592 negatis.

2215 613 2276 652 ea
2309 585 2496 654 saltem
2528 616 2645 668 qua:
2673 611 2856 670 aperta
2895 612 3017 658 sunt
3061 608 3372 663 intuemini:
3406 627 3498 662 cur
3539 615 3760 666 nonnulli

2207 687 2366 740 etiam
2386 688 2687 744 daemonem
2710 693 2976 760 patiantur
2995 693 3248 762 infantes,
3269 700 3365 754 nisi
3395 702 3525 756 forte
3537 712 3588 755 et
3610 704 3756 771 ipsos,

2209 787 2297 828 aut
2325 791 2448 832 esse
2473 821 2486 843 ,
2519 788 2610 832 aut
2638 780 2735 835 sub
2761 780 2977 838 diabolo
3013 798 3134 839 esse
3160 830 3175 853 ,
3223 791 3511 856 negabitis;
3548 807 3642 846 nec
3675 805 3760 846 vos

2209 869 2556 938 Evangelium
2589 871 2984 935 commoncbit,
3026 875 3115 929 ubi
3163 877 3388 934 forsitan
3432 891 3640 949 propter
3675 897 3758 936 vos

2211 959 2557 1028 interrogavit
2587 960 2838 1016 Dominus
2858 1001 2872 1026 ,
2902 977 3034 1032 quos
3061 962 3247 1036 [quod]
3277 970 3510 1034 sciebat,
3543 981 3596 1023 ut
3624 979 3756 1038 pater

2206 1049 2350 1116 pueri
2375 1050 2745 1118 responderet,
2773 1052 2939 1106 lilium
2962 1069 3114 1108 suum
3137 1056 3206 1109 ab
3228 1057 3446 1112 infantia
3470 1076 3559 1112 sua
3575 1062 3756 1114 tia-mo-

2214 1140 2302 1193 nio
2321 1148 2425 1193 tam
2449 1142 2592 1209 gravi
2617 1140 2995 1212 [graviterque]
3021 1148 3221 1212 vexari,
3250 1158 3304 1200 ut
3335 1164 3365 1199 a
3389 1148 3583 1204 Christi
3608 1151 3756 1205 died-

2205 1232 2344 1298 pulis
2368 1247 2471 1286 non
2500 1242 2681 1302 posset
2709 1235 2929 1301 expelli.
2959 1236 3094 1290 Ecce
3121 1251 3242 1307 ego,
3269 1247 3331 1292 ut
3357 1240 3464 1291 sint
3484 1244 3674 1307 parvuli
3707 1244 3751 1292 in

2202 1320 2402 1376 diaboli
2428 1333 2708 1391 poteSIate.
2729 1339 2943 1378 causam
2972 1327 3183 1394 nuptias
3205 1341 3326 1383 esse
3347 1344 3451 1382 non
3473 1331 3606 1391 dieo,
3625 1333 3753 1396 quod

2201 1427 2286 1466 me
2331 1412 2512 1468 dicere
2540 1415 2921 1469 calumniaris:
2954 1417 3149 1485 nuptia:
3179 1417 3376 1487 quippe
3408 1419 3596 1474 habent
3622 1423 3753 1473 ordio

2201 1515 2321 1554 nem
2344 1518 2519 1569 suum,
2545 1512 2597 1556 et
2623 1504 3043 1559 benedictionem
3069 1520 3240 1569 suam,
3273 1510 3569 1580 bonumque
3591 1526 3750 1570 suum.

2198 1594 2336 1661 quod
2373 1610 2469 1648 nec
2499 1595 2833 1650 subintrante
2855 1608 3066 1664 peccato
3095 1602 3346 1656 amittere
3376 1613 3678 1671 potuerunt;
3707 1615 3752 1657 tu

533 1667 726 1719 donum
752 1665 845 1718 Dei
870 1681 991 1720 esse
1017 1666 1466 1734 persevcrantiam
1495 1682 1664 1736 usque
1685 1669 1735 1722 in
1762 1671 1915 1725 tinem
1944 1672 2098 1740 huius
2133 1686 2174 1745 [ς
2203 1695 2412 1747 autem,
2441 1702 2604 1755 quare
2633 1689 2701 1742 sit
2730 1689 2827 1743 sub
2855 1691 3067 1745 diabolo
3098 1692 3186 1746 ille
3224 1665 3418 1748 saltem
3458 1696 3641 1763 infans,
3671 1713 3750 1765 qut

533 1758 689 1821 vitte,
723 1771 842 1808 cum
874 1758 998 1808 vita:
1031 1756 1153 1810 huic
1183 1797 1197 1820 ,
1233 1756 1446 1825 quando
1479 1759 1739 1824 voluerit,
1772 1761 1885 1829 ipse
1914 1763 2003 1815 det
2045 1762 2103 1815 li-

535 1862 654 1898 nem
682 1861 696 1910 ;
730 1860 885 1914 quem
917 1847 959 1898 si
992 1845 1081 1900 dat
1123 1857 1247 1901 ante
1286 1848 1651 1904 imminentem
1693 1852 1897 1918 lapst.m
1924 1895 1938 1918 ,
1982 1853 2105 1907 facit

538 1936 805 1988 hominem
833 1949 1180 2004 perseverare
1206 1951 1372 2005 uSque
1396 1939 1447 1991 in
1474 1939 1651 1993 linem.
1677 1941 1780 1994 Sed
1814 1941 2103 1995 mirabilior

533 2038 584 2079 τι
609 2027 847 2080 ﬁdelibus
873 2009 1171 2080 evidentior
1200 2029 1414 2096 largitas
1441 2028 1686 2083 booitatis
1716 2031 1806 2084 Dei
1833 2041 1937 2093 est,
1962 2033 2101 2100 quid

518 2121 690 2172 etiam
725 2118 975 2185 parvulis,
1022 2117 1212 2184 quibus
1239 2117 1541 2172 obedientia
1567 2135 1672 2172 non
1701 2129 1782 2174 est
1808 2121 1950 2175 iilius
1975 2131 2100 2175 reta-

535 2221 548 2260 t
577 2224 602 2261 s
631 2218 684 2261 ut
714 2211 898 2272 detur,
948 2207 1104 2262 da‘ur
1135 2209 1246 2262 hac
1276 2210 1467 2278 gratia.
1501 2210 1599 2264 Ista
1634 2213 1791 2282 igitur
1818 2228 1909 2266 sua
1941 2217 2099 2279 dona,

532 2299 936 2366 quibuscunque
965 2298 1106 2352 Deus
1145 2299 1344 2361 donat,
1388 2301 1740 2368 proculdubio
1779 2318 1837 2357 se
1871 2304 2100 2359 donatu-

534 2405 649 2441 rum
692 2403 811 2443 esse
855 2389 1150 2458 prmscivit,
1181 2399 1249 2444 'ct
1289 2392 1343 2445 in
1387 2408 1479 2446 sua
1521 2396 1849 2462 prmscientia
1895 2412 2101 2468 praepa-

532 2479 685 2532 ravit.
715 2479 860 2546 Quos
884 2494 1011 2550 ergo
1042 2480 1473 2549 praedestinavit,
1506 2484 1647 2552 ipsos
1671 2497 1724 2540 et
1750 2491 1990 2556 vocavit,
2018 2505 2103 2542 vo-

531 2574 741 2626 catione
771 2572 859 2625 illa
890 2586 1047 2641 quam
1073 2587 1158 2626 me
1177 2587 1321 2643 sape
1346 2589 1772 2634 commemorare
1796 2595 1900 2634 non
1926 2582 2098 2650 piget,

530 2665 598 2717 dc
627 2679 727 2733 qua
771 2663 971 2718 dictum
1003 2673 1126 2717 est:
1175 2664 1304 2718 Sine
1349 2668 1655 2733 ptenitentia
1703 2681 1827 2725 sunt
1865 2673 2018 2726 dona.
2048 2683 2104 2729 et

535 2756 744 2807 vocatio
767 2753 858 2806 Dei
886 2769 899 2815 ;
932 2768 1162 2822 namque
1195 2754 1246 2806 in
1281 2769 1377 2809 sua
1404 2770 1520 2824 qua:
1547 2756 1653 2811 falli
1677 2761 1975 2830 mutarique
1999 2778 2101 2816 non

532 2853 711 2912 potest
749 2843 1113 2910 praescientia,
1146 2859 1309 2912 opera
1349 2859 1441 2898 sua
1489 2845 1660 2900 futura
1698 2849 2016 2919 disponere,
2051 2854 2100 2907 id

531 2934 749 2986 omnino
782 2947 879 2986 nec
909 2932 1052 2986 aliud
1082 2934 1361 3001 quicquam
1395 2945 1477 2988 est
1508 2937 1909 3002 pra-destinare.

1040 3043 1268 3100 CAPUT
1306 3045 1602 3102 CCXCVII.

535 3137 911 3211 Quodparvuli
935 3177 949 3200 ,
988 3136 1034 3190 si
1077 3145 1337 3211 percolunt
1371 3139 1622 3211 originale
1649 3158 1750 3196 non
1783 3155 1943 3211 esset,
1971 3149 2100 3201 nulli

601 3226 612 3257 ι
652 3208 735 3257 nlo
777 3217 1060 3259 tenerentur
1100 3207 1340 3270 obnoxii;
1372 3207 1592 3264 exiliora
1623 3223 1800 3266 contra
1827 3207 2100 3271 lulianum

601 3289 766 3330 lerl.0.

521 3457 523 3459 ι
606 3393 823 3445 Frustra
855 3390 1033 3459 itaque
1060 3398 1214 3458 putas
1243 3389 1365 3444 ideo
1396 3392 1447 3445 in
1477 3393 1709 3461 parvulis
1736 3411 1841 3451 non
1865 3411 1986 3453 esse
2008 3399 2100 3454 de-

535 3486 742 3548 lictum,
771 3482 893 3549 quia
916 3482 1032 3534 sine
1052 3479 1351 3546 voluntate,
1375 3496 1493 3549 qua:
1517 3483 1569 3536 in
1594 3485 1830 3564 eisnulla
1856 3495 2101 3552 cst,esse

536 3589 641 3628 non
672 3578 878 3640 potest;
913 3569 1011 3622 hoc
1039 3569 1180 3622 enim
1204 3577 1350 3622 recte
1373 3568 1569 3624 dicitur
1590 3584 1808 3641 propter
1831 3577 2099 3644 proprium

540 3664 799 3730 cujusque
831 3667 1138 3727 peccatum,
1171 3673 1277 3713 non
1307 3669 1524 3729 propter
1554 3664 1708 3731 primi
1750 3668 1948 3733 peccati
1998 3671 2105 3722 ori-

539 3753 718 3821 ginale
749 3751 1072 3818 contagium.
1103 3749 1256 3816 Quod
1301 3753 1345 3805 si
1391 3752 1592 3808 nullum
1633 3765 1812 3823 esset,
1861 3757 2102 3826 profecto

535 3843 662 3896 nulli
706 3839 844 3894 malo
889 3837 1095 3909 parvuli
1132 3838 1410 3907 obstricti,
1455 3841 1586 3895 nihil
1628 3844 1751 3898 mali
1793 3847 1876 3901 vel
1905 3848 1956 3901 in
1983 3862 2101 3903 cor-

533 3949 567 4002 p
606 3947 661 3985 re
682 3970 696 3994 ,
727 3928 811 3984 vel
840 3927 895 3983 in
921 3928 1098 3983 anima
1128 3929 1229 3983 sub
1260 3939 1401 3985 tanta
1425 3930 1556 3999 justi
1590 3933 1682 3988 Dei
1716 3945 1974 4001 petestate
2005 3954 2098 4008 pa-

539 4032 797 4079 terentur.
846 4018 998 4088 Quod
1047 4028 1222 4073 tameu
1272 4031 1324 4074 et
1368 4021 1541 4090 ipsum
1584 4037 1612 4076 a
1653 4026 1788 4079 mala
1827 4028 2100 4085 voluntate

535 4117 771 4185 priorum
813 4111 1085 4165 hominum
1127 4113 1356 4180 sumpsit
1396 4100 1712 4182 exordium,
1753 4117 1823 4170 ita
1866 4117 1967 4173 nisi
2008 4135 2100 4176 vo-

539 4212 712 4259 luntas
742 4203 915 4264 mala,
949 4217 1054 4254 non
1084 4210 1166 4256 est
1193 4202 1502 4270 eujusquam
1545 4205 1649 4259 ulla
1688 4209 1837 4277 origo
1874 4213 2098 4278 peccati.

537 4299 660 4351 lla-c
681 4297 726 4349 si
748 4295 946 4360 sapias,
967 4291 1280 4359 simpliciter
1298 4300 1353 4347 et
1382 4295 1638 4349 veraciter
1658 4299 1880 4366 gratiam
1903 4301 2099 4357 Christi

2211 1775 2645 1832 manifestissime
2686 1788 2911 1832 vexatur
2943 1794 2971 1832 a
3013 1780 3258 1845 diabolo,
3297 1786 3367 1835 ita
3409 1794 3462 1838 ut
3489 1786 3754 1852 aliquando

2206 1867 2318 1934 ipsa
2349 1869 2630 1923 vexatione
2661 1871 2940 1938 moriatur,
2975 1873 3238 1941 responde
3270 1875 3318 1928 si
3349 1885 3516 1943 potes.
3547 1876 3652 1930 Non
3683 1878 3752 1930 vis

2201 1963 2344 2014 enim
2393 1977 2713 2031 quemquam
2759 1964 2920 2018 ullam
2971 1980 3180 2033 pinnam
3227 1982 3326 2035 pro
3367 1970 3548 2021 alienis
3591 1971 3751 2023 subire

2205 2052 2436 2117 peccatis
2456 2094 2468 2115 ,
2503 2068 2569 2107 ne
2599 2054 2723 2107 hinc
2753 2054 2843 2107 ﬂat
2875 2056 3134 2109 credibile
3163 2057 3327 2110 etiam
3371 2059 3604 2126 contagia
3642 2075 3749 2124 per-

2208 2150 2450 2198 catorum
2481 2143 2530 2197 in
2565 2156 2846 2200 nascentes
2874 2160 2936 2199 ex
2967 2145 3309 2215 gignentibus
3340 2163 3496 2217 posse
3526 2152 3744 2203 transire.

2204 2233 2310 2288 Sed
2359 2234 2604 2291 videlicet
2642 2238 2885 2307 egregius
2925 2237 3256 2306 dialeCticus,
3304 2257 3410 2295 non
3441 2257 3522 2296 me
3556 2244 3749 2311 patimis

2201 2327 2364 2395 elabi,
2389 2328 2480 2383 sed
2507 2343 2691 2397 presse
2714 2331 3064 2400 interrogabis
3088 2343 3140 2387 et
3168 2333 3422 2388 breviter:
3442 2336 3493 2388 In
3520 2337 3746 2404 parvulis,

2201 2419 2466 2476 actionem
2500 2436 2668 2487 ream,
2702 2437 2766 2474 an
2795 2433 3036 2477 naturam
3063 2433 3243 2493 putem
3273 2443 3287 2491 ;
3317 2437 3373 2480 ei
3400 2429 3464 2480 ad
3493 2439 3749 2497 utrumque

2201 2511 2536 2577 respondens
2562 2529 2574 2564 :
2606 2511 2662 2568 Si
2693 2515 2902 2569 actione
2932 2513 3240 2586 [actionem]
3260 2558 3273 2579 ,
3305 2518 3504 2588 inquis,
3549 2521 3748 2576 ostende

2213 2597 2337 2665 quid
2375 2597 2631 2665 fecerint;
2660 2601 2704 2655 si
2733 2613 2916 2656 natura
2943 2603 3262 2675 [naturam],
3292 2608 3510 2662 05tende
3535 2610 3643 2678 quis
3667 2621 3746 2662 eos

2204 2685 2406 2742 fecerit.
2456 2687 2613 2755 Quasi
2662 2700 2714 2745 et
2762 2693 2898 2747 actio
2948 2695 3084 2749 mala
3145 2693 3333 2762 faciat,
3384 2700 3486 2752 nisi
3536 2711 3746 2753 naturam

2208 2792 2374 2832 ream.
2403 2779 2627 2834 Actione
2656 2781 2848 2851 quippe
2876 2783 2966 2852 qui
3012 2799 3137 2839 reus
3165 2795 3248 2840 est
3267 2828 3279 2849 ,
3332 2787 3492 2842 homo
3527 2798 3638 2852 et;
3668 2789 3745 2842 bo-

2207 2880 2293 2918 mo
2323 2875 2498 2922 autem
2531 2876 2714 2923 natura
2745 2881 2864 2924 est:
2901 2872 3146 2927 boinines
3187 2875 3348 2941 igitur
3390 2876 3527 2930 sicut
3569 2877 3746 2943 peculi

2209 2953 2419 3008 actione
2450 2956 2682 3024 majores
2705 2998 2720 3022 ,
2765 2959 2834 3012 ita
2871 2960 3106 3014 minores
3153 2962 3418 3032 majorum
3459 2968 3746 3033 contagione

2129 3037 2173 3096 C
2204 3052 2330 3096 sont
2359 3044 2433 3098 rei
2463 3061 2474 3095 :
2507 3045 2590 3097 isti
2623 3061 2687 3099 ex
2717 3061 2781 3110 eo
2811 3052 2949 3116 quod
2985 3047 3211 3113 faciunt,
3242 3051 3319 3105 illi
3350 3067 3415 3105 ex
3447 3053 3630 3121 quibus
3654 3054 3746 3106 ori-

2203 3131 2375 3200 ginem
2405 3131 2620 3187 ducunt.
2654 3134 2911 3201 Quocirca
2937 3135 2986 3189 in
3014 3139 3245 3204 parvulis
3272 3139 3469 3194 bonum
3498 3152 3596 3206 at,
3624 3140 3744 3210 quod

2207 3220 2452 3276 homines
2477 3232 2618 3288 sunt,
2648 3225 2786 3291 quod
2816 3227 3032 3279 omnino
3059 3243 3162 3281 non
3191 3241 3396 3294 essent,
3421 3232 3517 3286 nisi
3541 3246 3630 3286 eos
3651 3233 3742 3294 ille,

2199 3311 2292 3379 qui
2325 3325 2531 3366 summe
2563 3313 2732 3368 bonus
2752 3324 2852 3374 est.
2883 3319 3190 3372 creavisset.
3218 3320 3412 3373 Malum
3440 3336 3564 3376 vero
3582 3323 3626 3377 si
3644 3325 3743 3376 nul-

2202 3401 2309 3455 lum
2344 3418 2406 3456 cx
2439 3403 2642 3472 origine
2672 3405 2976 3470 traherent,
3026 3421 3298 3477 nurtquam
3340 3425 3465 3464 cum
3502 3413 3638 3465 vitiis
3673 3414 3742 3465 vel

2201 3493 2570 3557 corporalibus
2602 3506 2970 3549 nascerentur.
3007 3497 3144 3551 Deus
3169 3498 3309 3552 enim
3341 3502 3431 3568 qui
3457 3510 3538 3556 est
3564 3503 3742 3555 aina-

2202 3598 2341 3648 rum,
2376 3583 2488 3650 ipse
2516 3593 2600 3638 est
2628 3587 2784 3639 etiam
2828 3600 3108 3656 corporum
3149 3590 3420 3656 conditor,
3457 3594 3543 3662 qui
3586 3594 3743 3663 utique

2205 3669 2454 3726 humanae
2483 3671 2535 3725 in
2569 3673 2678 3739 ipsa
2708 3674 3013 3730 conditione
3041 3685 3246 3730 natura:
3289 3680 3414 3734 vitia
3455 3696 3554 3736 non
3583 3681 3744 3751 inﬂigit

2209 3760 2512 3826 immerito;
2545 3775 2718 3830 neque
2744 3764 2886 3818 enim
2917 3764 2983 3820 de
3011 3765 3486 3824 innumerabiLbus
3518 3773 3742 3841 parvulis,

2205 3850 2296 3919 qui
2324 3858 2380 3906 et
2406 3851 2458 3904 in
2487 3851 2664 3907 animo
2685 3893 2699 3917 ,
2733 3866 2789 3909 et
2819 3855 2868 3908 in
2897 3869 3156 3925 corpore,
3187 3873 3307 3914 cum
3337 3869 3482 3916 tanta
3526 3863 3742 3917 vitiorum

2209 3941 2470 3996 varietate
2499 3952 2808 4012 nascuntur,
2839 3943 2941 4000 hoc
2967 3945 3072 4000 dici
3105 3957 3314 4016 potest,
3343 3952 3486 4019 quod
3518 3952 3743 4006 Dominus

2201 4031 2275 4084 ait
2311 4029 2379 4086 de
2422 4032 2514 4086 illo
2544 4033 2632 4100 qui
2659 4047 2833 4088 czccus
2857 4043 2940 4089 est
2982 4044 3135 4090 natus
3164 4054 3178 4090 :
3210 4053 3318 4092 non
3345 4053 3561 4110 propter
3587 4057 3742 4112 [reca-

2202 4127 2312 4172 tum
2343 4120 2531 4189 ipsius,
2556 4120 2642 4176 vel
2665 4132 2942 4191 parentum
2971 4123 3024 4179 id
3053 4139 3174 4181 esse
3203 4126 3425 4192 factum,
3450 4132 3544 4184 sed
3571 4142 3622 4184 ut
3647 4145 3742 4184 rna-

2202 4209 2582 4267 nifestarentur
2609 4227 2771 4282 onera
2805 4213 2893 4268 Dei
2926 4216 2978 4268 in
3007 4215 3138 4271 illo:
3171 4218 3324 4273 multi
3347 4220 3542 4289 quippe
3567 4234 3654 4276 nec
3675 4233 3739 4274 sa-

2206 4309 2401 4355 nantur
2422 4303 2663 4368 omnino,
2687 4303 2781 4358 sed
2807 4317 2924 4358 cum
2955 4303 3160 4360 eisdem
3188 4307 3354 4382 vitiis,
3374 4309 3488 4363 sive
3514 4308 3608 4380 [in]
3629 4323 3739 4378 qua-

535 4402 658 4455 erga
692 4384 941 4454 parvulos
970 4381 1332 4446 conﬁteberis,
1366 4397 1463 4437 nec
1487 4387 1696 4453 cogeris
1728 4401 1810 4442 res
1839 4390 2094 4460 impiissi-
2123 4393 2174 4452 Ι)
2203 4388 2330 4442 libet
2356 4397 2543 4452 aetate,
2581 4390 2698 4445 sive
2734 4392 2785 4445 in
2835 4393 2947 4460 ipsa
2987 4381 3290 4449 moriuntur
3330 4397 3588 4460 infantia;
3631 4412 3740 4451 non-

522 4493 651 4537 ,mas
673 4488 830 4544 atque
854 4473 1264 4527 absurdissimas
1285 4473 1486 4541 dicere,
1510 4489 1600 4530 aut
1623 4479 1964 4548 baptizandos
1993 4500 2098 4541 non

533 4585 655 4627 esse
697 4569 942 4639 parvulos
963 4605 978 4630 ,
1019 4568 1158 4635 quod
1201 4569 1420 4637 quidem
1451 4580 1632 4638 postea
1661 4575 1789 4629 estis
1821 4576 1954 4633 forte
1983 4581 2094 4635 dic-

535 4664 674 4726 turi,
705 4670 796 4715 aut
829 4669 933 4713 tam
962 4675 1209 4727 magnum
1239 4673 1631 4718 sacramentum
1662 4669 1738 4722 sic
1776 4669 1824 4723 in
1867 4672 1944 4726 eis
1979 4689 2100 4731 esse

497 4813 504 4817 _
533 4753 852 4812 ludibrium,
885 4758 943 4803 ut
970 4750 1020 4802 iu
1051 4751 1314 4805 salvatore
1346 4752 1700 4824 baptizentur,
1731 4761 1822 4814 sed
1856 4779 1959 4818 non
1991 4767 2098 4821 sal-

530 4854 752 4908 ventur;
779 4857 807 4893 a
836 4840 1139 4905 liberatore,
1170 4841 1519 4910 redimantur,
1541 4847 1633 4901 sed
1661 4864 1766 4903 non
1786 4853 2091 4924 liberentur;

532 4939 747 4991 lavacro
775 4931 1198 5002 regenerationis
1236 4933 1498 4998 laventur,
1528 4939 1624 4993 sed
1651 4956 1756 4995 non
1788 4944 2090 5017 abluantur;

527 5026 899 5082 exorcizentur
929 5031 981 5076 et
1003 5023 1372 5090 exsulllentur,
1395 5025 1488 5079 sed
1511 5041 1538 5078 a
1563 5040 1822 5096 potestate
1852 5040 2094 5095 tenebra-

519 5131 646 5170 .rum
677 5129 780 5183 non
804 5121 1108 5184 “eruantur:
1154 5113 1224 5166 sit
1253 5128 1449 5183 eorum,
1467 5119 1693 5184 pretium
1722 5128 1965 5195 sanguis,
1999 5134 2090 5201 qui

530 5210 584 5262 in
641 5205 1008 5260 remissionem
1050 5203 1198 5258 [usus
1250 5213 1332 5258 cst
1374 5217 1731 5278 peccatorum,
1762 5217 1855 5271 sed
1894 5222 2089 5278 nullius

531 5299 730 5369 peccari
757 5295 1066 5350 remissione
1103 5306 1414 5364 purgentur.
1445 5297 1555 5351 lloc
1581 5311 1744 5358 totum
1769 5318 2047 5382 propterea
2068 5355 2083 5381 ν

529 5391 650 5459 quia
679 5387 874 5441 timetis
901 5385 1099 5448 dicere,
1135 5402 1236 5439 uoo
1271 5386 1625 5456 baptizentur,
1667 5409 1732 5448 ne
1771 5403 2086 5467 non,solum

532 5477 694 5532 lacies
723 5486 909 5530 ve.~tr;e
933 5477 1100 5543 sputis
1121 5477 1428 5531 oblinantur
1452 5480 1704 5551 virorum,
1731 5501 1910 5545 verum
1928 5494 2086 5562 etiam
2124 5480 2127 5484 ’

528 5569 700 5636 c.pita
733 5567 982 5621 sandaliis
1023 5568 1450 5625 muliercularum
1491 5574 1934 5647 rOnnnitigcntttr.
1982 5587 2088 5643 Nos

2206 4476 2369 4531 nullis
2405 4478 2566 4534 etiam
2611 4480 2844 4548 parvulis
2889 4480 2994 4546 iam
3040 4481 3273 4541 renatis,
3321 4485 3407 4537 vel
3459 4494 3740 4549 permanent

2203 4581 2322 4620 cum
2380 4568 2568 4636 quibus
2627 4570 2734 4622 uati
2791 4576 2951 4632 sunt,
3021 4570 3104 4623 vel
3164 4571 3412 4626 accidunt
3469 4574 3738 4643 hnjosrnodi

2207 4659 2344 4711 mala
2373 4675 2385 4710 :
2419 4659 2586 4726 absit,
2631 4669 2686 4712 ut
2727 4659 2964 4714 dicamus
3007 4659 3252 4729 indigne,
3293 4663 3387 4716 sed
3431 4663 3553 4718 hinc
3593 4665 3739 4733 potior

2206 4749 2568 4818 intelligamus
2596 4751 2673 4804 eis
2696 4752 2759 4804 ad
2789 4753 3012 4804 alterum
3042 4752 3296 4807 sreculum
3328 4755 3598 4823 prodesse,
3619 4755 3738 4826 quod

2208 4847 2578 4905 renascuntur;
2605 4841 2759 4909 hujus
2780 4852 2952 4895 autem
2974 4844 3156 4897 saeculi
3178 4844 3578 4914 dispositionem
3597 4887 3612 4912 ,
3637 4855 3738 4916 pro—

2203 4939 2322 4998 pter
2351 4929 2554 4984 initium
2585 4932 2846 4999 superbire
2874 4934 3125 4998 hominis,
3158 4946 3251 5003 per
3277 4938 3421 5005 quod
3450 4941 3739 5006 apostatarit

2203 5037 2231 5074 a
2268 5022 2405 5086 Deo,
2439 5021 2667 5075 diversis
2695 5023 2846 5076 malis
2876 5022 3150 5078 hominum
3179 5029 3383 5093 peragi,
3415 5028 3466 5080 in
3490 5027 3611 5098 jngo
3634 5041 3735 5097 gra-

2196 5112 2286 5178 vi,
2314 5127 2474 5180 super
2504 5111 2535 5165 ll
2561 5113 2640 5165 ios
2666 5113 2836 5167 Adam
2857 5154 2873 5177 ,
2901 5129 2929 5167 a
2959 5113 3046 5167 die
3072 5115 3245 5168 exitus
3276 5115 3344 5171 de
3366 5128 3548 5172 ventre
3574 5119 3735 5173 nutris

2194 5216 2380 5258 eorum
2412 5217 2576 5272 usque
2607 5205 2659 5257 in
2681 5204 2816 5257 diem
2848 5205 3132 5273 sepulturae
3163 5207 3215 5260 in
3245 5217 3465 5262 matrem
3495 5210 3728 5264 omnium.

2699 5314 2923 5372 CAPUT
2961 5315 3275 5372 CCXCVIH.

2196 5405 2345 5470 Quod
2369 5420 2481 5472 cum
2510 5407 2786 5460 mnedium
2815 5408 3033 5474 fateatur
3060 5406 3307 5460 Julianus
3324 5449 3339 5473 ,
3369 5409 3520 5476 fateri
3541 5415 3729 5478 cogo!"

2271 5509 2289 5514 --
2364 5494 2394 5521 γ’
2570 5485 2614 5530 ct
2647 5478 2870 5530 morbum
2895 5493 2913 5543 ;
2945 5492 3004 5530 ea:
3033 5478 3205 5529 eodem
3232 5478 3375 5533 libro.

2266 5591 2468 5646 Diserte
2496 5604 2621 5646 sane
2653 5591 2789 5646 inter
2820 5591 3153 5648 lascivientes
3191 5603 3245 5648 et
3285 5597 3601 5651 continentes
3625 5601 3722 5645 tan-
