3904 6224
153 228 309 283 1005

1298 252 1299 255 η
1383 204 1790 270 τιιεεδψψξ
1846 203 1997 260 CAP.
2034 200 2180 260 CCC.

147 353 329 408 quam
375 341 431 395 in
475 339 655 394 medio
693 333 996 406 pudicitiam
1040 301 1322 397 constituis
1364 323 1693 397 coniugalem
1723 361 1740 388 ,
1768 323 1812 381 Α
1842 319 2074 389 ruptibili
2096 331 2256 408 carne
2279 330 2382 370 non
2406 307 2842 408 possumus,idco
2861 305 3076 408 disitad
3105 305 3412 408 Romanos:

145 436 282 499 quae
312 430 437 486 illos
467 429 666 486 inlicita
689 422 917 500 [illicita]
938 420 1271 479 commisisse
1297 417 1621 488 indignatur,
1645 414 1745 468 bos

143 523 333 576 etiam
369 521 516 576 licita
539 517 925 586 contempsisse
951 512 1194 576 miratur,
1224 509 1395 565 ultimi
1418 505 1604 561 limitis
1627 511 1744 559 sor-

144 610 254 663 tita
278 611 594 678 regionem,
618 605 754 660 ultra
774 619 834 660 se
855 602 1214 674 preruentiutn
1245 604 1522 656 exsecrata
1552 594 1715 650 barba
1732 619 1748 631 -

149 701 307 753 rium
329 741 346 764 ,
379 711 542 766 supra
571 711 628 752 se
670 696 974 750 micantium
1017 697 1265 748 venerata
1297 689 1554 759 fulgorem
1582 702 1597 739 :
1627 698 1747 754 qua:

143 790 492 844 verecundis
527 785 793 854 manibus,
822 794 878 843 et
902 785 1149 841 confovet
1179 789 1463 836 aestuantes
1486 817 1502 845 ,
1535 785 1592 832 et
1632 776 1748 830 lau-

141 881 250 932 dat
285 878 386 933 tali
424 877 658 932 remedio
685 891 787 930 non
821 882 1059 944 egentes.
1107 871 1324 926 Multum
1364 864 1600 924 delecter
1637 865 1747 920 elo-

142 967 526 1038 queutissima
566 967 823 1032 veritate‘;
870 965 961 1019 sed
1003 964 1226 1018 obsecro
1267 968 1353 1024 te,
1382 971 1578 1026 nempe
1605 955 1748 1010 sicut

142 1061 336 1124 dicis,
378 1069 436 1116 et
471 1059 820 1115 disertissime
862 1070 922 1110 ac
963 1053 1239 1110 verissime
1265 1050 1434 1106 dicis:
1466 1057 1744 1117 propterea

142 1154 517 1208 continentes
545 1151 721 1207 laudat
751 1149 1006 1220 pudicitia
1033 1144 1347 1215 cenjugalie,
1375 1143 1515 1213 quod
1541 1142 1631 1196 tali
1663 1153 1745 1196 re-

145 1243 352 1301 medio
382 1259 488 1300 non
516 1252 727 1315 egeant,
757 1257 864 1314 quo
894 1242 1123 1310 seipsam
1149 1238 1403 1310 perspicit
1432 1237 1664 1306 eguisse,
1693 1234 1744 1289 id

143 1345 282 1403 est,
317 1345 380 1390 ut
411 1335 701 1389 secundum
735 1332 1075 1404 Apostolnm,
1107 1330 1195 1400 qui
1229 1344 1290 1386 se
1321 1343 1426 1384 non
1471 1327 1742 1392 continet,

146 1426 358 1481 nubat.
385 1426 496 1480 Cur
519 1438 647 1495 ergo
665 1423 878 1495 quando
907 1423 1060 1477 istam
1090 1420 1574 1489 concupiscentiam
1606 1433 1745 1472 mor-

147 1519 298 1574 bum
332 1527 455 1573 esse
485 1517 722 1596 dico.‘tu
752 1527 944 1585 negas,
973 1514 1064 1584 qui
1093 1521 1267 1568 tamen
1292 1512 1342 1566 ci
1382 1509 1744 1566 necessarium

146 1611 473 1666 remedium
502 1605 812 1663 ccutiteris?
834 1606 888 1660 Si
910 1604 1157 1671 agnoscis
1178 1601 1494 1666 remedium,
1517 1614 1744 1669 agnosce

1857 408 2004 464 Velle
2030 407 2240 477 adiacet
2263 405 2414 470 mihi,
2445 403 2700 473 perlicere
2721 407 2898 456 autem
2927 397 3122 454 bonum
3145 411 3250 450 mn
3271 394 3414 450 inve-

1847 497 1936 552 nio
1947 495 2071 569 [hoc
2082 493 2359 549 intendere
2368 507 2534 547 concu
2543 489 2810 571 piscantiis
2830 487 3008 543 carnis
3020 500 3126 542 non
3141 483 3416 556 perﬁcien-

1847 588 1950 654 dis,
1965 594 2018 648 et
2043 587 2241 640 bonum
2269 585 2522 654 perlicere
2536 598 2639 636 non
2663 578 2928 652 invenio];
2956 578 3039 635 vel
3057 576 3195 633 sicut
3221 574 3419 630 habent

1847 679 2062 733 codices
2092 674 2262 732 (ἶηοί
2291 689 2307 729 :
2342 674 2485 728 Velle
2512 671 2717 741 adiacet
2753 672 2901 733 mihi,
2935 668 3193 740 perlicere
3237 675 3416 721 autem

1849 773 2044 824 bonum
2086 783 2226 834 non;
2255 767 2308 822 id
2338 773 2440 829 est,
2471 780 2574 818 non
2608 763 2736 818 mihi
2782 762 2990 834 adiacet
3024 759 3282 833 perlicere
3316 756 3418 814 bo.

1847 876 1974 916 num
2009 881 2022 914 :
2054 874 2163 916 non
2201 859 2278 913 ait
2306 856 2501 921 facere,
2526 854 2622 910 sed
2651 855 2908 925 perlicere
2933 853 3149 910 bonum.
3178 850 3310 919 Quia
3339 847 3420 904 fa-

1845 967 1966 1008 cere
2000 953 2224 1016 bonum,
2251 958 2335 1005 est
2362 956 2478 1019 post
2504 944 2956 1015 concupiscentias
2985 958 3091 998 non
3120 943 3226 1006 ire;
3258 939 3420 1012 perli-

1845 1056 1970 1103 cere
1988 1056 2163 1101 autem
2189 1043 2412 1108 bonum,
2441 1050 2524 1096 est
2552 1054 2656 1094 non
2682 1037 3082 1105 concupiscere.
3111 1032 3262 1102 Quod
3285 1046 3419 1103 ergo

1845 1145 1928 1191 est
1942 1136 2008 1192 ad
2029 1135 2248 1192 Galatas
2267 1129 2765 1200 :Concnpiscentias
2784 1127 2958 1182 carnis
2973 1139 3040 1180 ne
3055 1121 3419 1195 perfecerltis;

1847 1219 1946 1279 hoc
1968 1240 1998 1278 a
2027 1225 2297 1279 contrario
2318 1231 2399 1277 est
2417 1221 2484 1276 ad
2508 1219 2776 1274 Romanos
2803 1234 2818 1272 :
2842 1216 3104 1271 Pcrlicere
3128 1221 3304 1268 autem
3327 1212 3419 1267 bo-

1845 1329 1970 1372 num
2004 1330 2107 1370 non
2137 1314 2368 1370 invenio.
2405 1312 2535 1379 Quia
2565 1323 2662 1365 nec
2691 1308 2766 1363 illi
2800 1305 3147 1376 perficiuntur
3175 1303 3227 1357 in
3255 1300 3418 1366 malo,

1844 1410 2053 1481 quando
2084 1410 2162 1465 eis
2207 1419 2314 1462 non
2345 1404 2553 1467 accedit
2594 1397 3107 1460 nostrs'evoluntatis
3148 1406 3420 1461 assensus,

1844 1518 1942 1558 nec
1968 1510 2149 1561 nestr'a
2184 1502 2428 1554 voluntas
2460 1494 2733 1567 perficitur
2763 1493 2817 1546 in
2847 1491 3009 1553 bono,
3042 1484 3276 1558 quandiu
3303 1482 3421 1539 illa-

1846 1610 1963 1649 rum
1987 1635 2003 1659 ,
2045 1593 2130 1648 cui
2183 1602 2287 1646 non
2336 1586 2721 1649 consentimus,
2755 1592 3025 1650 permanet
3065 1586 3260 1633 motus.
3300 1574 3418 1645 Ipse

155 1703 428 1757 morbum
454 1718 469 1766 ;
500 1701 542 1754 si
573 1711 735 1767 negas
764 1667 1032 1759 morbuin,
1065 1708 1198 1762 nega
1225 1691 1539 1748 remedium.
1557 1667 1740 1760 “Rogo,
1774 1674 1821 1733 Β
1848 1690 2024 1736 autem
2045 1673 2346 1746 conﬂictus,
2363 1680 2415 1732 in
2444 1692 2549 1746 quo
2567 1676 2728 1731 etiam
2748 1670 2995 1767 bapticati
3017 1667 3161 1725 velut
3180 1667 3231 1767 in
3251 1676 3418 1767 agone

154 1791 310 1846 cede
348 1787 656 1858 aliquando,
689 1790 850 1839 etiam
879 1798 972 1854 per
1001 1798 1062 1837 os
1093 1791 1240 1835 tuum
1271 1781 1362 1834 tibi
1393 1779 1625 1850 loquenti
1653 1794 1742 1833 ve-

152 1884 339 1948 ritati,
375 1895 534 1935 nemo
562 1887 688 1950 prov
714 1880 805 1933 del
832 1876 1123 1932 remedium
1154 1871 1385 1928 sanitati.

698 2009 921 2066 CAPUT
959 2006 1225 2062 CCXCIX.

156 2145 241 2199 De
263 2142 673 2212 concupiscentia
696 2141 862 2194 ramis
889 2138 1127 2192 adversus
1157 2137 1394 2212 spiritum
1411 2177 1426 2201 ,
1457 2143 1508 2190 et
1535 2133 1742 2206 spiritus

464 2214 706 2264 adversus
731 2226 933 2263 carnem
954 2226 972 2273 ;
993 2225 1054 2262 ex
1075 2207 1246 2262 eodem
1275 2206 1424 2260 fibra.

235 2345 348 2416 71
376 2343 571 2398 Recole
601 2341 724 2405 quid
746 2339 1032 2408 Apostolus
1055 2338 1248 2394 scribat
1269 2336 1745 2405 ad,Galatas,eerte

160 2436 422 2488 homines
461 2434 770 2501 baptizatos.
805 2429 931 2484 Dico
962 2436 1165 2495 autem,
1194 2428 1382 2498 inquit,
1412 2428 1596 2498 spiritu
1625 2437 1742 2480 am-

158 2528 371 2589 bulate,
403 2533 456 2577 et
500 2522 951 2590 concupiscentiae
1005 2521 1182 2575 carnis
1226 2535 1330 2574 non
1372 2519 1738 2589 perfeceritis:

159 2636 277 2672 ιιι-η
316 2618 411 2682 ait,
443 2617 516 2670 Ne
549 2615 797 2679 feceritis,
830 2613 952 2681 quia
985 2626 1075 2685 eas
1102 2626 1206 2666 non
1239 2610 1434 2666 habere
1461 2626 1565 2665 non
1594 2619 1744 2678 pote-

159 2718 312 2773 rant,
341 2707 457 2775 sed,
488 2707 562 2762 Ne
590 2705 929 2772 perfeceritis,
955 2703 1005 2758 id
1033 2712 1108 2759 est
1136 2718 1204 2758 ne
1230 2718 1386 2772 opera
1406 2712 1587 2758 carum
1617 2714 1743 2756 con-

161 2817 336 2856 sensu
368 2790 651 2854 voluntatis
697 2797 978 2866 impleatis.
1008 2797 1146 2851 Caro
1189 2797 1353 2862 enim,
1395 2793 1586 2865 inquit,
1615 2811 1740 2851 con-

162 2893 397 2962 rupiscit
429 2893 680 2946 adversus
722 2891 986 2958 sp'ritum,
1015 2902 1067 2944 et
1097 2890 1312 2960 spiritus
1341 2889 1597 2945 adverttus
1624 2905 1741 2945 car-

163 2998 293 3036 nem
326 3001 338 3034 :
369 2982 480 3036 haec
507 2980 645 3036 enim
672 2983 895 3035 invicem
922 2980 1285 3043 adversantur,
1317 2987 1372 3034 ut
1399 2995 1502 3034 non
1532 2995 1594 3034 ea
1618 2996 1735 3048 qua:

165 3070 328 3123 vultis
360 3068 577 3124 faciatis.
614 3069 740 3124 Vide
769 3070 812 3124 εἰ
844 3084 946 3123 nou
975 3068 1075 3122 hoc
1103 3078 1184 3123 est
1212 3069 1276 3122 ad
1308 3069 1594 3124 Romanos.
1621 3069 1732 3124 Non

164 3160 314 3213 enim
339 3158 478 3227 quod
502 3160 640 3225 volo,
660 3159 796 3213 facio
826 3159 1044 3225 bonum,
1075 3158 1166 3212 sed
1195 3158 1334 3227 quod
1363 3159 1484 3212 nolo
1515 3158 1732 3229 malum,

165 3261 272 3302 hoc
313 3264 429 3318 ago.
469 3249 664 3303 Deinde
694 3249 759 3302 ad
802 3247 1014 3304 Galatas
1043 3248 1185 3302 addit
1214 3258 1267 3303 et
1295 3247 1422 3304 dicit
1451 3255 1466 3302 ὲ
1498 3248 1651 3314 Quod
1690 3251 1733 3303 si

166 3339 361 3408 spiritu
403 3340 678 3405 dueimini,
710 3356 814 3395 non
844 3340 1175 3395 adhucestis
1203 3340 1300 3395 sub
1349 3339 1484 3410 lege.
1516 3340 1649 3396 Vide
1689 3338 1732 3395 si

165 3445 278 3483 non
313 3430 412 3481 hoc
440 3429 603 3483 estad
628 3429 900 3483 Romanos
926 3446 937 3481 :
969 3426 1084 3483 Jam
1115 3443 1217 3483 non
1239 3443 1338 3499 ego
1364 3439 1558 3499 operor
1583 3427 1733 3490 illud,

168 3528 225 3574 et
263 3519 604 3573 condelector
633 3520 731 3588 legi
763 3519 877 3584 Dei,
900 3519 1187 3574 secundum
1220 3520 1526 3574 interiorem
1571 3518 1738 3573 homi-

171 3624 330 3676 nem;
359 3617 433 3674 ct,
457 3608 572 3664 Non
598 3617 785 3680 regnet
810 3617 1083 3677 peccatum
1110 3609 1160 3662 in
1183 3615 1361 3664 vestro
1383 3609 1594 3662 mortali
1615 3624 1736 3663 cor-

170 3707 325 3768 pore,
363 3697 429 3752 ad
471 3697 822 3761 obediendum
855 3697 1131 3754 desideriis
1177 3697 1313 3766 ejus.
1346 3689 1403 3753 Si
1450 3696 1592 3752 enim
1635 3709 1766 3776 non°

169 3787 456 3842 obediatur
489 3787 956 3859 concupiscentiis,
988 3800 1118 3857 quas
1164 3801 1384 3844 necesse
1421 3798 1506 3844 est
1528 3798 1649 3844 esse
1686 3789 1738 3844 in

170 3888 339 3933 carne
365 3878 564 3945 peccati
586 3886 742 3946 atque
767 3877 816 3931 in
839 3886 1063 3946 corpore
1088 3878 1271 3932 mortis
1292 3878 1469 3946 huius,
1495 3886 1597 3933 non
1627 3889 1742 3946 p’er-

171 3970 383 4026 licietur
425 3968 565 4040 quod
611 3967 789 4040 pertici
828 3976 968 4022 retat
1005 3969 1313 4037 Apostolus,
1342 3969 1524 4024 dicens
1554 3987 1568 4023 :
1598 3968 1741 4024 Con-

171 4062 534 4132 cupiscentias
563 4061 737 4116 carnis
763 4075 830 4116 ne
869 4060 1220 4130 perfeceritis.
1244 4061 1365 4131 Ipsa
1397 4049 1590 4131 quippe
1621 4070 1743 4116 sunt

172 4167 339 4223 Opera
361 4151 425 4205 de
445 4150 632 4220 quibus
654 4150 841 4222 [totum
867 4149 1019 4221 mire]
1040 4151 1295 4220 Sequitur,
1319 4157 1375 4206 et
1395 4149 1555 4206 dicit:
1582 4142 1744 4205 Mani-
1834 4145 1838 4148 ’

1803 4301 1816 4313 .
1848 4255 2036 4327 Contra
2060 4253 2364 4327 obiectiones
2399 4234 3404 4327 conclusionesque.Relqgiﬁtiltatsng-ti-

1775 4384 1822 4444 D

173 4245 308 4299 festa
332 4252 505 4298 autem
528 4247 648 4295 sunt
668 4249 827 4310 Opera
848 4245 1042 4307 carnis,
1068 4258 1183 4312 quae
1204 4253 1322 4298 sunt
1345 4242 1745 4310 fornicationes,

181 4331 556 4395 immunditim,
573 4331 810 4396 luxuriae,
828 4330 1087 4386 idolorum
1105 4333 1336 4387 servitus
1363 4342 1418 4389 et
1438 4344 1626 4388 caetera
1654 4353 1668 4388 :
1701 4336 1744 4388 si

174 4437 306 4492 ergo
321 4436 423 4475 non
444 4419 803 4474 consentiatur
820 4419 1258 4488 concupiscentiis
1285 4422 1478 4487 carnis,
1496 4423 1738 4493 quamvis

173 4515 404 4584 agantur
435 4513 682 4577 motibus,
716 4521 821 4566 non
871 4521 1044 4567 tamen
1089 4513 1424 4582 perficientur
1466 4511 1732 4582 operibus.

175 4604 409 4658 Proinde
437 4612 556 4656 cunt
587 4612 713 4656 caro
753 4601 1078 4671 concupiscit
1115 4600 1367 4658 adversus
1396 4603 1659 4670 spiritum,
1685 4614 1736 4655 ct

165 4690 395 4761 spiritus
423 4689 677 4747 adversus
702 4701 936 4756 carnem,
966 4700 1021 4746 ut
1047 4708 1150 4746 non
1176 4708 1236 4746 ea
1257 4707 1374 4762 quae
1399 4693 1639 4748 voldmus
1663 4693 1736 4746 fa-

175 4788 402 4848 ciamus,
422 4796 520 4838 nec
533 4781 704 4837 carnis
727 4783 1069 4851 perficiuntur
1083 4781 1543 4851 concupiscentitc,
1556 4791 1736 4853 qnam-

177 4877 258 4928 vis
289 4874 436 4939 fiant,
466 4881 564 4927 nec
594 4879 770 4927 nostra
804 4873 1144 4942 perficiuntur
1173 4889 1330 4941 Opera
1361 4874 1520 4940 bene,
1549 4885 1734 4944 quem-

177 4967 258 5019 vis
305 4965 453 5019 ftant.
502 4962 650 5020 Sicut
678 4963 815 5020 enim
865 4969 988 5019 tunc
1032 4963 1302 5034 perficitur
1343 4966 1517 5020 carnis
1546 4973 1740 5020 concu-

177 5056 458 5123 piscentia,
499 5063 618 5109 cum
666 5043 930 5109 consentit
956 5055 1004 5110 ei
1034 5055 1249 5123 spiritus
1276 5055 1340 5108 ad
1385 5060 1544 5124 opera
1577 5059 1735 5122 mala,

176 5156 234 5198 ut
264 5157 370 5199 non
396 5143 732 5216 concupiscat
759 5145 1013 5199 adversus
1041 5145 1204 5211 illam,
1238 5140 1330 5200 sed
1358 5159 1476 5198 cum
1519 5144 1602 5199 illa
1638 5145 1734 5210 sic,

175 5244 232 5291 et
261 5237 399 5290 bona
429 5250 589 5305 opera
637 5240 813 5294 nostra
859 5243 985 5288 tunc
1021 5237 1376 5304 perficiantur,
1406 5234 1615 5304 quando
1662 5234 1733 5288 ita

1848 1775 2123 1828 decertant
2156 1784 2276 1823 cum
2320 1781 2446 1823 caro
2485 1763 2813 1833 concupiscit
2858 1762 3112 1816 adversus
3150 1756 3415 1826 spiritum,

1847 1871 1900 1918 et
1925 1861 2146 1931 spiritus
2173 1859 2435 1913 adversus
2462 1870 2699 1924 carnem,
2732 1853 2821 1908 ubi
2850 1859 2905 1908 et
2927 1851 3140 1920 spiritus
3162 1848 3284 1903 facit
3314 1846 3414 1931 bo-

1848 1926 1972 2009 num
2015 1966 2170 2018 opus,
2204 1964 2307 2002 non
2336 1944 2726 2002 consentit-udo
2749 1938 3197 2009 concupiscentiae
3240 1926 3414 2002 malm,

1846 2042 1938 2097 sed
1972 2055 2077 2095 non
2106 2034 2336 2108 perlicit,
2365 2035 2488 2106 quia
2520 2034 2634 2104 ipsa
2665 2036 2802 2087 ma'a
2830 2027 3092 2085 desideria
3132 2040 3236 2081 non
3261 2023 3416 2079 absu-

1847 2133 1962 2198 tnit,
1993 2139 2048 2187 et
2082 2145 2207 2186 caro
2239 2129 2366 2183 facit
2393 2125 2589 2181 malum
2631 2121 2976 2181 desiderium.
3006 2112 3228 2173 aednec
3257 2113 3414 2188 [ipsa]

1846 2223 2071 2294 perlicit,
2093 2221 2214 2292 quia
2243 2219 2345 2276 sibi
2376 2229 2481 2273 non
2507 2211 2871 2271 consen‘iieute
2899 2212 3107 2282 spiritu,
3130 2220 3184 2266 et
3213 2210 3324 2278 ipsa
3345 2209 3412 2262 ad

1843 2325 2007 2385 Opera
2032 2307 2334 2381 damnanda
2367 2323 2473 2364 non
2513 2304 2753 2377 pervenit
2784 2319 2799 2358 :
2839 2303 2940 2358 iste
2969 2313 3097 2370 ergo
3137 2298 3414 2354 conflictus

1845 2419 1951 2463 non
1999 2405 2323 2471 Judeorum,
2357 2414 2459 2457 nec
2482 2397 2839 2470 quorumlibet
2867 2394 3114 2458 aliorum,
3140 2393 3234 2447 sed
3257 2391 3412 2458 plane

1844 2497 2258 2553 ebristianorum
2288 2493 2522 2548 fidelium
2550 2499 2603 2546 et
2628 2490 2762 2544 bene
2789 2485 3016 2541 vivendo
3037 2485 3090 2540 in
3117 2485 3218 2538 hoc
3243 2491 3414 2536 certa-

1845 2591 1985 2644 mine
1999 2589 2371 2652 laborantium,
2388 2585 2617 2640 breviter
2632 2578 2944 2643 ostenditur,
2963 2577 3026 2632 ad
3044 2576 3310 2630 Romanos
3323 2572 3416 2628 ubi

1842 2684 1917 2737 ait
1936 2701 1947 2735 :
1967 2682 2125 2752 Igitur
2145 2681 2260 2749 ipse
2281 2693 2378 2748 ego
2401 2685 2576 2735 mente
2597 2672 2772 2727 servio
2803 2670 2902 2739 legi
2925 2666 3042 2735 Dei,
3060 2679 3219 2722 carne
3238 2672 3412 2718 atttent

1844 2776 1946 2847 legi
1969 2772 2187 2844 peccati.
2205 2772 2262 2828 Si
2288 2785 2413 2840 ergo
2429 2769 2540 2821 haec
2559 2774 2640 2820 est
2667 2761 2900 2820 conditio
2923 2760 2972 2814 in
2989 2770 3210 2827 corpore
3229 2755 3416 2810 mortis

1845 2867 2028 2936 huius,
2063 2876 2183 2935 qua:
2229 2865 2406 2931 utique
2445 2873 2555 2914 non
2590 2856 2688 2911 fuit
2721 2855 2774 2910 in
2805 2852 3046 2922 paradiso
3089 2850 3141 2904 in
3186 2862 3412 2914 corpore

1846 2960 1968 3014 vitae
1993 2958 2157 3022 illius,
2190 2950 2539 3024 proculdubio
2561 2948 2689 3002 satis
2716 2945 2988 3002 evidenter
3025 2946 3242 3010 apparet
3268 2936 3406 2994 unde

1760 3031 1806 3092 ε
1841 3051 2050 3107 trahant
2080 3046 2285 3118 parvuli
2326 3041 2695 3118 obligationem
2727 3034 2956 3105 peccati,
2981 3046 3100 3086 cum
3122 3028 3403 3084 carnaliter

1837 3149 2142 3205 nascuntur,
2196 3150 2313 3206 qum
2362 3149 2465 3187 non
2507 3127 2749 3194 solvitur,
2784 3125 2884 3179 nisi
2912 3129 3030 3178 cum
3061 3119 3408 3190 spirituatitcr

1835 3238 2207 3288 renascuntur.
2253 3227 2368 3282 Non
2394 3225 2534 3280 enim
2568 3222 2703 3276 hanc
2748 3220 2961 3272 trahunt
3005 3230 3071 3269 ex
3111 3226 3279 3281 opere
3301 3225 3408 3280 quo
3485 3235 3491 3241 -

1836 3325 2116 3379 humanam
2149 3320 2287 3375 Deus
2316 3325 2554 3371 naturam
2602 3311 2745 3376 fecit,
2780 3307 2872 3363 sed
2911 3321 2974 3362 ex
3008 3306 3224 3359 volnete
3263 3301 3405 3370 quod

1837 3423 2039 3468 natura:
2065 3409 2308 3465 humanm
2340 3405 2508 3460 hostis
2531 3402 2877 3458 inflixitznon
2921 3395 3088 3451 hostis
3111 3408 3140 3447 s
3160 3391 3404 3447 cundum

1839 3507 2158 3562 llaniciizcos
2185 3501 2466 3572 prosiliens
2485 3511 2548 3552 ex
2568 3503 2754 3549 natura
2785 3490 2907 3545 mali
2948 3501 3104 3558 quam
3131 3499 3237 3540 non
3272 3498 3372 3536 con
3389 3512 3404 3522 -

1840 3599 1974 3653 didit
2028 3598 2189 3661 Dens,
2219 3593 2312 3647 sed
2351 3589 2521 3644 hostis
2560 3587 2802 3654 angelus,
2833 3577 3099 3649 quondam
3139 3592 3201 3629 es
3245 3586 3409 3642 opere

1840 3690 1936 3744 Dei
1971 3672 2161 3752 bonus,
2189 3699 2256 3739 ex
2283 3694 2444 3751 opere
2467 3693 2565 3734 suo
2589 3676 2759 3731 factus
2780 3673 2970 3736 malus,
2998 3670 3083 3738 qui
3107 3682 3166 3722 se
3187 3667 3409 3736 primum

1843 3778 2169 3834 vulnerando
2195 3772 2496 3845 prostravit,
2513 3777 2570 3824 ut
2599 3767 2758 3823 elisus
2779 3763 3000 3820 elideret
3024 3768 3080 3815 et
3101 3774 3196 3829 per
3218 3761 3408 3812 ma‘ant

1841 3869 2144 3925 suasionem
2170 3860 2616 3935 praevaricationis
2631 3859 2821 3913 vulnus
2847 3854 3126 3921 lnlligeret.
3152 3848 3301 3903 Unde
3319 3863 3410 3916 ge-

1845 3973 1942 4016 nus
1971 3961 2283 4022 humanum,
2310 3956 2471 4010 etiam
2502 3952 2556 4008 in
2584 3950 2666 4005 bis
2696 3946 2787 4018 qui
2821 3945 2957 3998 viam
2986 3941 3076 3997 Dei
3112 3937 3406 4002 ambulant,

1843 4050 2184 4107 claudicaret.

2430 4110 2652 4169 CAPUT
2684 4106 2830 4164 CCC.

2180 4303 2422 4390 response
2451 4317 2610 4372 sancti
2639 4303 2909 4390 Augustini
2933 4303 3241 4390 ci'lil‘rread
3264 4303 3404 4387 Pau-

1917 4376 2034 4447 ittnt
2063 4376 2110 4448 et
2147 4376 2462 4460 'EutrOpinm
2515 4376 2799 4455 ep‘lscoiios.
2840 4381 2900 4434 de
2959 4376 3274 4447 Perfrctiauc
3308 4376 3405 4442 jtt-

1913 4467 2082 4536 stitiat.
2579 4489 2582 4494 -

1913 4601 2046 4652 Ante
2103 4597 2300 4659 ontttia,
2331 4593 2515 4661 inquit,
2563 4584 2963 4657 interrogandus
3005 4595 3086 4638 est
3124 4579 3211 4648 qui
3251 4589 3405 4649 negat

1845 4691 2110 4744 hominem
2142 4687 2254 4741 sine
2279 4694 2500 4756 peccatu
2520 4694 2637 4736 οςςο
2667 4692 2841 4750 posse,
2875 4676 2998 4740 quid
3030 4675 3100 4728 sit
3125 4672 3400 4742 quodcun-

1820 4795 1944 4857 ‘qne
1977 4779 2269 4846 peccatum,
2296 4771 2431 4843 quod
2461 4771 2614 4825 vitari
2637 4772 2913 4839 potest,an
2944 4764 3082 4834 quod
3117 4759 3266 4815 vitari
3297 4774 3402 4812 non

1842 4878 2036 4938 potest.
2080 4869 2133 4923 Si
2164 4857 2304 4937 quod
2336 4865 2485 4918 vitari
2515 4871 2619 4917 non
2650 4866 2844 4929 potest.
2869 4859 3137 4926 peccatum
3168 4857 3270 4903 aen
3294 4859 3392 4901 est.

1838 4957 1893 5016 Si
1920 4960 2058 5030 quod
2085 4958 2237 5012 vitari
2272 4963 2465 5025 potest,
2490 4958 2666 5023 poteSt
2694 4949 2854 5004 homo
2880 4947 2994 5000 sine
3021 4947 3234 5011 peccato
3257 4951 3399 5030 esse.

1841 5028 1979 5122 quod
2002 5051 2150 5105 vitztri
2167 5055 2340 5120 potest
2363 5065 2376 5104 :
2399 5047 2538 5101 nulla
2555 5043 2697 5100 enim
2724 5041 2858 5094 ratio
2880 5035 2959 5088 rei
2976 5031 3177 5122 iustitia
3200 5028 3393 5096 patitur

1840 5121 2025 5198 saltem
2051 5141 2154 5196 dici
2186 5145 2460 5210 peccatum
2485 5136 2627 5207 quod
2669 5126 2819 5186 vitari
2845 5125 2988 5180 nullo
3017 5121 3174 5199 modo
3200 5126 3392 5210 potest.

1843 5207 2239 5301 fleSpondemus
2260 5229 2413 5283 vitari
2443 5237 2596 5296 posse
2625 5229 2910 5291 peccatum,
2933 5214 2978 5269 si
3002 5216 3188 5267 natura"
3215 5207 3397 5260 vitiata

176 5328 384 5394 spiritui
415 5301 538 5381 caro
566 5329 911 5392 consenserit,
935 5336 989 5382 ut
1015 5301 1265 5382 adversus
1289 5301 1590 5382 cum-etiam
1621 5327 1731 5395 ipSa
1834 5337 2051 5381 sanetur
2087 5325 2254 5392 gratia
2302 5321 2392 5376 Dei
2439 5331 2531 5389 per
2569 5317 2743 5371 .lesum
2786 5309 3053 5366 Christum
3105 5301 3386 5357 Dominum

177 5434 282 5472 non
314 5419 651 5485 concupiscat
683 5435 697 5470 τ
724 5416 820 5471 hoc
850 5420 988 5473 enim
1017 5418 1281 5483 volumus,
1307 5433 1426 5472 cum
1457 5419 1736 5487 pt-rfectin-
1837 5429 2098 5474 nostrum.
2126 5411 2182 5469 in
2213 5422 2416 5468 tantum
2446 5412 2584 5465 enim
2616 5417 2742 5458 sana
2770 5415 2871 5455 non
2915 5403 3017 5463 est,
3049 5396 3103 5449 in
3131 5400 3386 5461 quantum

178 5527 298 5566 nem
317 5511 535 5577 iustitia:
551 5511 993 5579 concupiscimus,
1015 5512 1112 5564 hoc
1135 5512 1424 5566 intentione
1439 5527 1540 5572 non
1566 5513 1727 5565 inter-

174 5602 335 5658 ntissa
359 5601 493 5657 velle
509 5600 762 5657 debemus
786 5619 799 5656 :
823 5601 914 5657 scd
940 5601 1055 5672 quia
1074 5601 1389 5670 id‘perliccre
1417 5601 1471 5657 in
1490 5603 1584 5657 iSta
1611 5617 1730 5658 cor-

1837 5509 1894 5564 id
1913 5507 2053 5577 quod
2075 5503 2371 5561 faciendum
2396 5511 2494 5561 cst.
2514 5509 2598 5552 aut
2621 5497 2860 5551 excitate
2881 5506 2983 5545 non
3007 5487 3167 5551 videt,
3185 5490 3280 5577 aut
3312 5482 3392 5533 in-
3464 5544 3469 5548 .

1838 5573 2083 5654 firmitate
2117 5612 2221 5652 non
2253 5593 2454 5666 implet,
2485 5591 2607 5644 dum
2638 5593 2759 5642 caro
2786 5577 3108 5652 concupiscit
3136 5573 3396 5630 adversus

3274 185 3508 240 ιοοσ.
