3904 6224
547 223 679 276 tnov

1560 229 1615 282 D.
1665 228 1974 282 lilIGYPPli
2018 230 2312 286 ABBATIS
2354 232 2676 290 AFRICANII

3637 249 3758 303 £008

542 336 810 403 spiritum,
842 344 894 390 et
931 337 1152 406 spiritus
1195 337 1446 391 adversus
1491 351 1726 398 carnem,
1776 346 1827 388 ιιι
1875 351 1935 390 ea
1986 353 2103 406 qua:
2137 343 2178 401 Λ
2209 350 2371 403 tores,
2394 345 2512 410 quia
2545 361 2650 396 non
2681 355 2761 398 est
2788 361 2920 412 opus
2940 351 3084 404 sanis
3111 352 3370 416 medicus,
3393 357 3482 409 sn-d
3514 358 3651 411 male
3679 364 3755 410 lia-

549 429 653 478 vult
684 426 842 480 homo
871 443 976 481 non
999 427 1176 480 faciat.
1201 427 1389 481 Iterum
1415 427 1754 494 quaerendum
1779 437 1883 493 e51,
1910 428 2100 496 inquit,

547 518 825 571 Peccatum
862 518 1144 571 voluntatis
1184 532 1248 569 an
1281 517 1613 572 necessitatis
1638 518 1752 572 est?
1781 521 1825 571 si
1871 522 2105 573 necessi-

547 609 670 662 tatis
691 618 790 674 est,
808 618 1077 676 peccatum
1103 623 1204 660 non
1227 616 1334 673 est;
1357 609 1396 661 si
1423 608 1728 674 voluntatis,
1744 609 1893 662 vitari
1913 627 1924 675 ι
1945 618 2100 663 etest.

548 697 943 764 Restiondemus
987 696 1126 766 quod
1178 712 1336 766 supra
1373 715 1384 748 :
1415 708 1467 751 et
1504 708 1558 750 ut
1588 713 1857 763 sanentur,
1895 699 2106 751 invoca-

548 805 664 842 mus
692 803 811 842 eum
841 790 924 843 cui
969 788 1163 842 dicitur
1205 789 1256 844 in
1297 790 1540 858 psalmo:
1589 791 1663 844 De
1708 792 2106 844 necessitatibus

453 911 458 918 -
545 883 676 935 meis
719 879 853 933 edite
883 895 981 935 me.
1016 879 1232 948 lterum,
1264 881 1454 950 inquit,
1483 883 1824 950 qumrendum
1853 891 1934 936 est
1982 883 2104 952 quid

542 980 623 1024 est
649 981 942 1040 peccatum,
965 972 1204 1026 naturale
1224 987 1292 1025 an
1321 973 1588 1027 accidens.
1626 972 1678 1028 Si
1708 975 2107 1039 naturale,pec-

539 1071 716 1114 talum
749 1076 852 1114 non
891 1070 1004 1124 est;
1033 1063 1080 1113 si
1120 1071 1294 1114 autem
1347 1060 1591 1115 accidens
1622 1073 1724 1125 est,
1755 1070 1811 1115 et
1858 1061 2108 1116 recedere

543 1159 745 1219 potest;
767 1162 816 1205 et
839 1151 977 1220 quod
1001 1150 1257 1206 recedere
1279 1161 1472 1221 potest,
1497 1152 1646 1206 vitari
1674 1162 1877 1221 potest;
1900 1155 2108 1222 etquod

543 1239 705 1294 vitari
736 1248 943 1310 potest,
975 1249 1149 1309 potest
1181 1244 1340 1295 homo
1368 1242 1484 1296 sine
1528 1255 1595 1296 eo
1619 1257 1738 1298 esse
1782 1243 1920 1312 quod
1953 1244 2109 1299 vitari

543 1340 740 1397 potest.
790 1331 1190 1400 Respondemus
1224 1331 1468 1385 naturale
1495 1346 1604 1386 non
1650 1347 1770 1388 esse
1811 1343 2108 1402 peceatum,

539 1418 638 1474 sed
690 1429 889 1474 natura:
935 1420 1246 1489 praesertim
1294 1419 1524 1490 v-itiatze,
1568 1421 1716 1476 unde
1757 1421 1880 1478 l‘acti
1927 1438 2110 1478 sumus

536 1519 725 1563 natura
749 1511 848 1564 lilii
891 1511 1001 1570 ine.
1037 1525 1219 1578 parum
1255 1524 1383 1566 esse
1418 1509 1479 1565 ad
1533 1524 1635 1565 non
1667 1511 1986 1580 peccandum
2019 1529 2109 1565 vo-

539 1604 761 1656 luntatis
789 1603 1084 1666 arbitrium,
1120 1603 1220 1657 nisi
1248 1603 1427 1673 adjuta
1454 1611 1672 1659 sanetur
1703 1606 1870 1673 gratia
1895 1621 1994 1673 per
2022 1606 2108 1660 Je—

2207 432 2475 488 bentibtts.
2512 437 2729 499 lterum,
2754 439 2848 504 ait,
2875 446 3222 508 qnzerendum
3253 455 3336 498 est
3366 457 3608 501 utrumne
3640 466 3756 516 prr-

2204 533 2414 591 ceptttm
2443 527 2513 578 sit
2545 527 2744 580 homini
2793 531 2909 582 sine
2942 543 3155 598 pet-cato
3187 551 3330 590 esse.
3359 541 3457 590 Aut
3497 541 3636 591 enim
3668 556 3756 596 non

2207 623 2399 680 potest,
2429 622 2484 669 et
2509 626 2830 683 praeceptum
2877 635 2980 673 non
3027 633 3141 687 est;
3174 637 3262 677 aut
3305 628 3424 694 qnia
3456 638 3756 696 tinea-ptum

2206 713 2307 764 est,
2337 712 2503 771 poteSI
2538 721 2549 755 :
2578 721 2695 757 nam
2728 721 2822 760 cur
2845 712 3220 776 prteeireretur
3246 717 3386 781 qttod
3418 716 3522 767 tit-ri
3547 717 3753 768 omnino

2209 809 2313 846 non
2329 795 2538 862 posset?
2555 796 2917 864 Respondetur
2933 803 3325 858 consultissime
3344 805 3534 859 homini
3555 811 3750 875 praeripi

2209 886 2365 938 rectis
2395 887 2634 952 passibus
2663 889 2958 958 ambulare,
2989 899 3045 944 ut
3072 906 3191 944 cum
3227 908 3284 946 se
3332 912 3433 947 non
3464 912 3616 962 posse
3645 911 3751 964 per-

2210 977 2468 1043 spexerit,
2491 977 2805 1030 medicinam
2839 979 3094 1048 requirat,
3117 997 3232 1049 qua:
3252 983 3512 1036 interioris
3547 985 3756 1037 hominis

2210 1069 2277 1122 ad
2319 1069 2605 1122 sanandam
2638 1071 2837 1137 peccati
2880 1071 3320 1126 claudicationem
3350 1077 3508 1143 gratia
3558 1076 3647 1129 Dei
3688 1090 3758 1126 est

2210 1173 2304 1228 per
2333 1160 2806 1241 JesumEhristutn
2834 1163 3112 1217 Dominum
3141 1175 3405 1218 nostrum.
3437 1167 3644 1229 lterum,
3669 1170 3751 1228 ait,

2216 1252 2558 1319 qurerendum
2589 1261 2670 1305 est
2701 1267 2766 1304 an
2801 1252 2927 1306 velit
2956 1253 3224 1308 heminem
3259 1255 3395 1308 Deus
3419 1255 3757 1323 sine'peu-ato

2213 1356 2355 1396 eese.
2386 1342 2575 1395 Procul
2605 1342 2766 1397 dttbio
2789 1343 2922 1408 νιιιι,
2947 1354 2998 1397 et
3023 1345 3389 1412 proculdubio
3419 1357 3582 1414 potest
3611 1364 3623 1397 :
3653 1350 3759 1412 quis

2211 1431 2352 1484 enim
2377 1443 2482 1483 tam
2507 1431 2726 1485 demens
2750 1441 2853 1498 est,
2882 1443 2938 1486 ut
2969 1434 3052 1486 vel
3076 1434 3283 1486 dubitet
3317 1435 3428 1488 ﬁeri
3451 1449 3602 1502 posse
3629 1439 3755 1503 quod

2210 1520 2374 1573 Deum
2401 1520 2533 1574 velle
2563 1537 2666 1574 non
2694 1522 2926 1576 dubitet"
2953 1522 3343 1591 Respondetur,
3367 1523 3413 1576 si
3444 1527 3600 1577 nollet
3632 1527 3756 1576 Deus

2212 1611 2477 1664 hominem
2497 1613 2611 1666 sine
2628 1621 2843 1678 precatu
2861 1626 3001 1679 ease,
3020 1627 3120 1665 uou
3140 1614 3374 1669 mitteret
3394 1611 3577 1667 Filium
3591 1629 3754 1675 suum,

540 1709 657 1746 sum
686 1693 953 1748 Christtm
986 1695 1264 1749 Dominum
1295 1705 1553 1751 nostrum.
1601 1697 1813 1759 lterum,
1840 1699 1934 1762 ait,
1956 1713 2103 1764 quaa-
2144 1719 2181 1776 Β
2212 1704 2299 1770 qui
2323 1711 2535 1756 sanaret
2557 1702 2843 1757 ttominesa
2871 1703 3103 1771 peccatis
3128 1720 3143 1757 :
3169 1705 3333 1759 boeiit
3361 1705 3412 1758 in
3435 1706 3754 1759 credentibus

543 1785 765 1839 rendum
792 1796 870 1840 est
896 1786 1019 1854 quid
1054 1796 1135 1841 est
1175 1799 1470 1856 peceatum,
1501 1800 1652 1844 actus
1677 1804 1745 1843 an
1778 1805 1900 1845 res:
1933 1792 1978 1844 si
2019 1806 2103 1844 res

534 1885 646 1940 est,
677 1885 947 1932 auctorem
1003 1877 1193 1932 habeat
1235 1893 1453 1933 necesse
1497 1889 1612 1935 est.
1645 1888 1700 1935 et
1743 1880 1803 1943 si
1833 1892 2100 1935 auctorem

539 1969 748 2022 habere
793 1968 1005 2032 dicitur,
1036 1971 1142 2038 jam
1187 1971 1322 2024 alter
1349 1982 1540 2040 praeter
1565 1970 1748 2035 Deum,
1780 1972 1853 2026 rei
1884 1972 2103 2041 alicujus

539 2068 744 2126 auctor,
759 2059 932 2113 induci
964 2061 1241 2114 videbitur.
1270 2062 1336 2115 At
1357 2062 1398 2116 si
1429 2063 1526 2116 hoc
1545 2063 1646 2117 dici
1679 2063 1895 2134 impium
1925 2076 2029 2130 est,
2050 2073 2104 2119 et

528 2149 777 2202 contlteri
799 2159 1128 2205 necesseest
1153 2160 1424 2219 peccatum
1454 2166 1612 2207 omne
1633 2163 1808 2208 actum
1831 2169 1969 2217 esse,
1998 2171 2103 2210 non

520 2253 653 2307 rem
671 2255 684 2303 ;
703 2239 761 2292 si
787 2239 944 2307 igitur
972 2249 1123 2294 actus
1150 2248 1251 2305 est,
1281 2239 1385 2294 imo
1407 2243 1531 2310 quia
1571 2259 1695 2298 vere
1723 2252 1873 2298 actus
1893 2253 1999 2310 εει,
2028 2245 2105 2298 vi-

538 2331 638 2385 tati
687 2338 876 2397 potest.
908 2329 1297 2397 Repondemus
1344 2343 1617 2400 peccatum
1660 2335 1873 2403 quidem
1927 2344 2102 2390 actum

538 2421 645 2476 dici
674 2429 895 2486 etesse,
923 2435 1025 2475 neu
1069 2437 1210 2486 rem;
1238 2422 1327 2476 sed
1357 2423 1514 2477 etiam
1560 2424 1611 2476 in
1647 2439 1873 2495 corpore
1901 2425 2104 2480 claudi-

536 2526 597 2565 ca
625 2511 676 2566 io
704 2511 890 2566 eadem
921 2511 1125 2566 ratione
1151 2522 1300 2567 actus
1322 2522 1423 2580 est,
1457 2529 1559 2566 non
1590 2529 1696 2577 res,
1717 2516 1964 2584 quoniam
1995 2531 2103 2580 res,

539 2615 633 2670 pes
665 2602 798 2670 ipse,
825 2603 904 2656 vel
926 2616 1154 2672 corpus,
1183 2602 1264 2656 vel
1304 2603 1462 2658 homo
1498 2613 1601 2667 est,
1628 2606 1715 2674 qui
1749 2605 1880 2674 pede
1919 2606 2103 2662 vitiato

535 2691 830 2755 claudicat;
871 2705 971 2745 nec
1012 2700 1186 2746 tamen
1226 2691 1393 2747 vitare
1426 2703 1595 2760 potest
1638 2694 2100 2763 claudicatinnem,

540 2783 638 2836 nisi
660 2781 904 2836 habuerit
924 2794 1164 2836 sanatum
1186 2782 1396 2851 pedem.
1413 2783 1565 2851 Quod
1583 2785 1746 2838 etiam
1772 2787 1824 2840 in
1848 2785 2102 2844 interiore

549 2874 772 2927 homine
801 2870 915 2926 tieri
944 2881 1136 2940 potest,
1165 2874 1257 2928 sed
1286 2875 1450 2941 gratia
1499 2875 1587 2929 Dei
1623 2891 1714 2944 per
1750 2876 1928 2930 Jesutn
1957 2877 2110 2933 Chri-

530 2973 676 3017 stum
693 2962 967 3016 Dominum
990 2971 1249 3017 nostrum.
1269 2961 1445 3034 Ipsum
1468 2977 1596 3019 sane
1618 2966 1950 3035 vitiunurquo
1975 2971 2114 3024 elau-

2207 1803 2260 1844 et
2283 1793 2652 1860 protitentibus
2674 1790 3485 1864 lproﬁcienttibus].renovatione
3507 1796 3756 1850 interioris

2208 1882 2437 1938 hominis
2475 1884 2542 1939 de
2572 1884 2661 1938 die
2705 1886 2754 1938 in
2786 1888 2949 1950 diem,
2977 1886 3150 1941 donec
3189 1888 3280 1942 tiat
3314 1886 3536 1951 perfecta
3567 1889 3754 1958 justiti:

2207 1984 2454 2045 tanquam
2502 1977 2700 2030 sanitas
2741 1977 2915 2046 plena.
2970 1979 3121 2044 Lem,
3167 1980 3263 2045 ait,
3305 1984 3640 2048 quarentlum
3685 1993 3754 2032 est

2206 2069 2471 2136 quomodo
2514 2069 2622 2120 vult
2669 2068 2805 2121 Deus
2834 2069 3104 2124 hominem
3134 2084 3254 2124 esse
3281 2085 3400 2124 cum
3436 2081 3664 2139 peccato,
3695 2086 3752 2122 an

2207 2158 2326 2211 sine
2352 2140 2589 2226 peccato.
2626 2158 2816 2211 Procul
2861 2157 3023 2211 dubio
3053 2174 3157 2212 non
3203 2160 3314 2212 vult
3357 2176 3474 2214 esse
3501 2177 3611 2213 Cum
3646 2174 3752 2227 pec-

2208 2261 2344 2303 cato.
2377 2249 2582 2314 Quanta
2625 2249 2736 2302 haec
2768 2249 3052 2318 impietatis
3081 2249 3410 2316 blasphemia
3441 2255 3506 2303 sit
3532 2264 3750 2319 cogitan-

2209 2339 2331 2394 dum
2355 2350 2460 2406 est,
2487 2349 2543 2393 ut
2564 2342 2771 2396 dicatur
2794 2342 3059 2395 hominem
3081 2357 3236 2409 posse
3259 2357 3379 2396 esse
3400 2358 3514 2396 cum
3537 2354 3748 2408 peccato,

2210 2432 2348 2501 quod
2381 2429 2515 2484 Deus
2551 2447 2655 2484 non
2691 2432 2828 2496 vult;
2861 2442 2914 2486 et
2945 2443 3164 2501 negetur
3198 2448 3356 2500 posse
3387 2449 3503 2487 esse
3521 2435 3624 2486 sine
3647 2449 3746 2498 pec-

2209 2532 2350 2584 cato,
2366 2522 2506 2591 quod
2526 2522 2662 2576 Deus
2684 2523 2826 2576 vult:
2845 2524 2990 2591 quasi
3017 2521 3243 2592 aliquem
3267 2525 3450 2579 adhoc
3472 2526 3601 2578 Deus
3620 2541 3744 2579 erea-

2211 2615 2366 2677 verit,
2385 2623 2439 2665 ut
2459 2623 2638 2681 posset
2656 2627 2779 2668 esse
2792 2615 2929 2681 quod
2951 2615 3101 2679 nolit,
3116 2625 3170 2668 et
3190 2631 3294 2668 non
3313 2627 3488 2683 posset
3505 2633 3614 2671 esse
3628 2619 3750 2685 quod

2215 2700 2370 2765 velit;
2407 2711 2460 2754 et
2490 2711 2547 2754 ut
2589 2711 2774 2755 e0ntra
2815 2716 2963 2755 suam
2994 2700 3178 2771 magis,
3211 2719 3370 2772 quam
3405 2713 3460 2756 ut
3487 2708 3748 2758 secundum

2207 2806 2361 2846 suam
2392 2794 2648 2847 existeret
2679 2793 3027 2848 voluntatem.
3055 2793 3170 2849 .lam
3192 2798 3444 2863 superius
3469 2813 3748 2865 resinatum

2216 2893 2317 2949 οτι,
2343 2882 2438 2937 sed
2463 2884 2762 2939 addendum
2787 2886 2963 2951 video,
2987 2886 3126 2954 quod
3156 2901 3250 2955 spe
3275 2888 3411 2942 salvi
3435 2889 3549 2943 facti
3566 2906 3748 2954 sumus,

2215 2990 2336 3043 spes
2365 2987 2541 3029 autem
2571 2991 2689 3044 quae
2715 2974 2922 3030 videtur
2939 2992 3043 3030 non
3067 2987 3152 3031 est
3178 2993 3341 3045 spes:
3366 2982 3505 3048 quod
3534 2982 3660 3035 enim
3682 2986 3745 3034 vi-

530 3055 676 3108 dicat
693 3051 984 3118 ltomo,nec
999 3062 1204 3121 pes-est,
1221 3066 1661 3122 tteceerpus,nec
1677 3057 1854 3121 homo,
1871 3073 1966 3112 nec
1989 3058 2098 3125 ipsa
2129 3086 2172 3146 ρ
2211 3065 2453 3135 detquis,
2475 3065 2599 3134 quid
2615 3067 2827 3134 sperat?
2846 3067 2900 3122 Si
2916 3076 3091 3121 autem
3113 3069 3252 3137 quod
3273 3085 3380 3123 non
3399 3072 3627 3127 videmus
3645 3087 3743 3142 spe-

533 3143 872 3208 claudicatio,
904 3159 1018 3210 qua:
1046 3143 1226 3212 utique
1251 3158 1358 3197 non
1403 3152 1508 3210 est,
1539 3146 1749 3213 quandi
1782 3162 1884 3200 non
1914 3149 2095 3200 ambu-

533 3236 632 3300 lat,
652 3248 772 3288 eum
797 3243 968 3288 tamen
994 3233 1117 3288 insit
1133 3233 1319 3288 vitium
1345 3249 1450 3303 quo
1474 3235 1531 3287 lit
1550 3234 1868 3290 claudicatio
1886 3241 2097 3304 quando

531 3325 790 3380 ambulat.
821 3322 1030 3390 Quatrat
1056 3337 1184 3392 ergo
1209 3323 1349 3391 quod
1387 3325 1558 3378 eidem
1601 3324 1728 3382 vitio
1769 3340 1962 3382 nomen
1991 3328 2094 3382 int-

536 3423 720 3479 ponat,
746 3425 920 3469 utrum
947 3428 1060 3469 rem
1089 3415 1214 3469 velit
1235 3414 1444 3479 dicere,
1473 3432 1539 3468 an
1567 3426 1765 3486 aetum,
1799 3433 1865 3472 an
1893 3418 1967 3473 rei
1998 3433 2094 3490 po-

538 3507 641 3560 tius
685 3505 991 3574 qualitatem
1022 3504 1236 3570 malam,
1259 3520 1360 3573 qua
1400 3505 1659 3560 deformis
1705 3517 1855 3563 actus
1888 3509 2092 3564 existit.

529 3597 626 3652 Sic
665 3605 723 3651 et
769 3598 822 3649 in
853 3594 1066 3650 homine
1113 3594 1364 3649 interiore
1402 3596 1610 3650 animus
1651 3613 1737 3653 res
1771 3610 1880 3665 est,
1912 3603 2098 3670 rapina

527 3698 685 3742 actus
714 3695 796 3743 est
826 3704 839 3739 :
872 3683 1092 3739 avaritia
1117 3677 1300 3739 vitium
1325 3693 1428 3750 est,
1462 3685 1513 3739 id
1540 3693 1622 3741 est
1643 3686 1885 3756 qualitas,
1910 3704 2098 3745 secun-

537 3781 667 3834 dum
716 3792 873 3848 quam
913 3776 1083 3831 malus
1118 3785 1201 3831 est
1240 3774 1446 3830 animus
1469 3817 1486 3842 ,
1533 3777 1688 3832 etiam
1720 3779 1933 3847 quando
1967 3779 2098 3835 nihil

535 3869 644 3938 agit
672 3867 814 3922 unde
850 3865 1086 3920 avaritia
1112 3876 1222 3918 sum
1262 3865 1475 3933 serviat,
1506 3865 1662 3920 etiam
1693 3861 1903 3937 quando
1930 3869 2094 3935 audit,

525 3970 640 4012 non
684 3955 1054 4025 concupisces,
1080 3968 1244 4023 seque
1288 3955 1570 4025 vituperat,
1615 3971 1669 4014 et
1694 3970 1870 4015 tamen
1902 3977 2096 4018 avarus

535 4055 731 4112 manet,
748 4044 840 4099 sed
865 4057 958 4112 per
984 4041 1141 4097 tidem
1171 4053 1479 4110 renovatur,
1498 4044 1549 4100 id
1575 4055 1655 4102 est
1678 4055 1897 4103 sanatur
1915 4049 1984 4106 de
2007 4052 2096 4107 die

535 4140 587 4193 in
612 4137 777 4200 diem,
801 4150 900 4192 nec
927 4143 1105 4190 tamen
1145 4134 1245 4189 nisi
1275 4135 1438 4204 gratia
1475 4137 1565 4192 Dei
1606 4152 1702 4207 per
1729 4138 1908 4195 Jesum
1942 4142 2124 4196 Chri-

533 4239 674 4286 stum
695 4228 980 4282 Dominum
1007 4235 1270 4282 nostrum.
1295 4226 1515 4295 lterum,
1542 4228 2092 4300 inquit,quaarendum

529 4332 614 4376 est
642 4331 889 4376 utrumne
915 4318 1104 4373 debeat
1134 4319 1291 4373 homo
1319 4319 1435 4375 sine
1480 4331 1700 4390 peccato
1729 4338 1868 4379 esse.
1902 4323 2094 4381 Procul

2203 3171 2403 3220 ramus,
2429 3171 2522 3223 per
2549 3156 2856 3226 patientiam
2883 3169 3256 3228 exspectamus
3281 3177 3298 3216 :
3323 3169 3450 3215 tunc
3470 3177 3592 3234 ergo
3613 3165 3746 3230 plena

2200 3244 2266 3316 [et
2282 3244 2578 3316 it]justitia,
2596 3247 2806 3317 quando
2820 3248 2969 3317 plena
2988 3249 3211 3315 sanitas;
3243 3260 3369 3304 tunc
3385 3253 3535 3318 plena
3548 3254 3745 3313 sanitas.

2199 3337 2411 3405 quando
2432 3336 2585 3406 plena
2610 3338 2842 3394 cbaritas
2864 3340 3157 3410 (plenitudo
3177 3343 3316 3396 enim
3338 3346 3469 3411 legis
3483 3347 3744 3427 citatius);

2200 3436 2327 3482 tunc
2363 3441 2542 3482 autem
2583 3428 2738 3497 plena
2782 3430 3036 3495 charitas,
3071 3436 3283 3500 quando
3317 3434 3610 3490 videbimus
3639 3452 3743 3491 eum

2195 3519 2349 3574 sicuti
2397 3530 2498 3575 est.
2538 3520 2722 3590 Neque
2767 3522 2910 3577 enim
2966 3523 3072 3578 erit
3118 3527 3258 3594 quod
3312 3527 3535 3581 addatur
3568 3527 3630 3582 ad
3669 3530 3740 3584 di-

2210 3608 2514 3675 leCtionem,
2540 3625 2659 3665 cum
2690 3612 2821 3666 lides
2849 3616 3151 3682 pervenerit
3180 3616 3245 3668 ad
3271 3616 3547 3672 visionem.
3574 3617 3742 3672 lteram

2199 3699 2543 3768 qumrendum
2560 3709 2668 3767 est,
2701 3701 2892 3770 inquit,
2921 3717 3012 3770 per
3040 3702 3165 3773 quid
3193 3701 3424 3759 eillcitur
3459 3709 3609 3760 homo
3635 3724 3740 3760 cum

2198 3800 2439 3859 peccato,
2473 3808 2566 3860 per
2596 3799 2797 3847 natur-te
2824 3795 3219 3861 necessitatem,
3245 3812 3314 3852 an
3347 3813 3441 3867 per
3470 3799 3660 3854 arbitrii
3691 3801 3742 3852 Ii-

2200 3880 2482 3935 bertatem.
2529 3873 2586 3936 Si
2616 3896 2708 3951 per
2736 3893 2935 3937 natum
2974 3885 3370 3951 necessitatem,
3401 3888 3553 3957 culpa
3577 3900 3740 3952 cat-tt;

2197 3971 2242 4026 si
2266 3986 2361 4040 per
2380 3972 2586 4028 arbitrii
2615 3973 2937 4039 libertatem,
2961 3977 3305 4043 quaerendum
3324 3991 3409 4034 est
3424 3996 3452 4033 a
3475 3999 3572 4050 quo
3590 3982 3741 4049 ipsam

2198 4061 2409 4116 arbitrii
2425 4061 2722 4117 libertatem
2734 4065 3017 4133 acceperit.
3035 4063 3219 4121 Procul
3232 4068 3402 4122 dubio
3418 4085 3446 4122 a
3467 4070 3574 4125 Deo
3591 4089 3601 4121 :
3620 4070 3739 4124 Deut

2198 4161 2375 4206 autem
2402 4152 2544 4221 quod
2572 4151 2741 4220 dedit,
2768 4162 2912 4209 certe
2932 4153 3126 4209 bonum
3154 4166 3258 4221 est,
3287 4161 3468 4224 negari
3490 4163 3625 4213 eum
3648 4175 3738 4212 non

2197 4250 2392 4311 potest.
2421 4243 2535 4310 Qua
2569 4245 2727 4310 igitur
2757 4244 2961 4300 ratione
2989 4247 3184 4301 bonum
3215 4249 3496 4317 probatur,
3525 4242 3738 4319 si'magis

2196 4331 2261 4384 ad
2291 4332 2488 4385 malum
2519 4347 2676 4401 quam
2701 4333 2770 4388 ad
2794 4334 2994 4389 bonum
3024 4351 3249 4403 pronum
3273 4341 3400 4391 est?
3429 4341 3588 4408 magis
3616 4341 3736 4394 enim

478 4447 481 4452 -
531 4411 699 4468 dubio
744 4413 903 4500 debet
930 4427 942 4462 :
973 4409 1016 4464 si
1046 4409 1226 4500 debet,
1251 4412 1358 4482 72
1406 4422 1612 4480 potest;
1656 4413 1702 4468 si
1748 4430 1854 4470 non
1897 4426 2089 4485 potest,
2121 4433 2173 4492 Ῑ)
2198 4421 2262 4475 ad
2295 4424 2490 4478 malum
2520 4441 2677 4494 quam
2706 4427 2771 4480 ad
2801 4427 2993 4482 bonum
3026 4443 3250 4495 pronum
3281 4441 3383 4497 est,
3417 4432 3463 4484 si
3487 4436 3638 4485 homo
3661 4448 3737 4500 per

532 4516 661 4569 ergo
685 4514 780 4555 nec
809 4498 965 4554 debet
994 4515 1006 4550 :
1032 4510 1086 4552 et
1113 4499 1156 4551 si
1184 4514 1289 4553 non
1317 4499 1472 4553 debet
1500 4500 1659 4555 homo
1687 4517 1805 4558 esse
1832 4505 1947 4561 sine
1969 4521 2091 4576 pec-

532 4602 671 4655 rato,
695 4589 854 4643 debet
883 4602 1009 4654 ergo
1031 4601 1157 4643 esse
1182 4605 1302 4643 cum
1341 4602 1592 4660 peccato;
1625 4595 1783 4647 etiam
1812 4607 2088 4664 peeratum

529 4696 633 4735 non
659 4679 761 4733 erit
787 4678 832 4731 si
862 4676 988 4731 illud
1023 4677 1204 4732 deberi
1257 4679 1559 4734 constiterit
1585 4696 1598 4732 :
1620 4688 1716 4735 aut
1738 4683 1784 4736 si
1812 4683 1910 4738 hoc
1928 4686 2088 4741 etiam

527 4771 630 4826 dei
677 4767 966 4824 absurdum
1017 4774 1135 4834 est,
1194 4768 1433 4823 confiteri
1487 4782 1707 4826 necesse
1762 4781 1843 4828 est
1893 4775 2090 4832 debere

530 4859 801 4914 hominem
823 4862 943 4912 sine
970 4865 1188 4926 peccato
1209 4870 1347 4923 esse,
1368 4866 1423 4912 et
1449 4869 1656 4913 constat
1673 4876 1795 4917 eum
1825 4877 1927 4919 non
1945 4865 2086 4921 aliud

525 4952 719 5006 debere
742 4964 899 5018 quam
923 4956 1116 5016 potest.
1139 4947 1510 5017 Respondetur
1527 4949 1712 5005 eadem
1741 4953 2084 5013 similitudine

525 5055 625 5109 qua
647 5039 892 5107 superius
920 5039 1027 5107 iam
1062 5038 1436 5106 respondimus
1466 5054 1482 5093 :
1511 5055 1633 5095 cum
1671 5043 1814 5098 enim
1844 5046 2083 5104 videmus

527 5127 770 5184 claudum
792 5127 879 5196 qui
909 5129 1082 5182 sanari
1109 5136 1304 5197 potest,
1323 5136 1466 5183 recte
1482 5129 1669 5200 utique
1692 5131 1915 5190 dicimus
1942 5153 1953 5189 :
1983 5136 2084 5192 De-

523 5222 615 5277 bet
651 5233 772 5275 esse
805 5219 962 5272 homo
1000 5218 1101 5272 iste
1142 5218 1259 5273 sine
1291 5217 1710 5290 claudicatione;
1736 5234 1789 5278 et
1825 5226 1869 5280 si
1900 5225 2076 5297 debet,

521 5319 699 5380 potest
722 5328 734 5363 :
759 5324 857 5364 nec
879 5318 1051 5363 tamen
1076 5325 1196 5364 cutn
1221 5310 1332 5364 wit
1359 5312 1611 5366 continuo
1636 5323 1825 5383 potest,
1843 5320 1934 5375 sed
1957 5337 2076 5377 cutn

526 5401 934 5459 t‘ueritadhibita
959 5403 1229 5457 curatione
1246 5413 1483 5467 sanatus,
1501 5413 1555 5459 et
1575 5406 1836 5463 medicina
1865 5411 2080 5478 adjuve-

522 5498 593 5548 rit
622 5495 961 5548 voluntatem.
995 5491 1103 5546 lloc
1135 5493 1192 5546 lit
1223 5494 1275 5546 in
1307 5495 1556 5550 interiore
1583 5495 1815 5564 homine,
1847 5503 1985 5570 quod
2010 5504 2076 5558 ad

525 5591 795 5651 peccatum
833 5579 1043 5648 attinet,
1075 5591 1319 5651 tanquam
1364 5583 1480 5653 ejus
1509 5584 1945 5647 claudicationem
1981 5609 2078 5664 per

518 5674 637 5739 ejus
664 5672 881 5742 gratiam
910 5673 996 5741 qui
1026 5673 1170 5729 venit
1200 5687 1304 5730 non
1334 5672 1525 5734 vocare
1548 5675 1740 5750 iustos,
1766 5683 1859 5740 sed
1893 5700 2079 5757 pem.

2195 4516 2324 4570 illud
2355 4525 2530 4583 potest
2552 4531 2670 4571 esse
2695 4533 2811 4570 eum
2839 4527 3074 4587 peccato,
3098 4531 3152 4573 et
3180 4535 3286 4573 non
3312 4530 3486 4590 potest
3507 4537 3620 4577 ﬁse
3639 4523 3736 4576 sine

2193 4617 2432 4675 peccato.
2461 4608 2832 4676 Respondetur
2856 4624 2954 4676 per
2975 4610 3183 4664 arbitrii
3233 4611 3529 4668 libertatem
3561 4615 3734 4668 tactum

2194 4705 2250 4748 ut
2279 4705 2420 4750 esset
2452 4697 2609 4750 homo
2635 4710 2754 4749 cum
2787 4705 3025 4764 peccato,
3056 4698 3150 4754 sed
3191 4699 3302 4768 jam
3330 4702 3556 4771 pcenalis
3602 4702 3735 4757 vitio-

2191 4784 2321 4839 sitas
2342 4785 2642 4849 subsecuta,
2670 4801 2734 4841 ex
2767 4787 3010 4843 libertate
3039 4788 3162 4844 fecit
3187 4793 3588 4857 necessitatem;
3614 4791 3735 4848 unde

2190 4877 2255 4931 ad
2269 4875 2435 4930 Deum
2449 4875 2582 4931 ﬁdes
2595 4878 2809 4932 clamat:
2830 4879 2902 4935 De
2922 4880 3328 4937 necessitatibus
3345 4885 3479 4939 meis
3493 4885 3617 4939 edue
3633 4899 3730 4947 me;

2192 4969 2293 5022 sub
2330 4969 2519 5037 quibus
2550 4969 2729 5037 positi,
2759 4972 2839 5025 vel
2887 4986 2992 5026 non
3031 4987 3320 5042 possumus
3348 4977 3488 5044 quod
3517 4979 3732 5031 volumus

2189 5056 2511 5128 intelligere,
2529 5058 2606 5112 vel
2632 5059 2771 5127 quod
2795 5060 3212 5117 intellexerimus
3236 5065 3482 5122 volumus
3504 5082 3594 5121 nec
3616 5067 3731 5119 vale

2186 5146 2360 5203 lemus
2383 5150 2601 5219 implere
2620 5165 2640 5205 :
2662 5165 2780 5204 nam
2807 5160 2861 5206 et
2880 5152 2992 5220 ipsa
3019 5153 3235 5210 libertas
3260 5155 3591 5212 credentibus
3612 5173 3640 5211 a
3664 5157 3729 5211 Li-

2183 5239 2431 5296 beratore
2458 5239 2812 5310 promittitur:
2833 5243 2887 5297 Si
2912 5257 3028 5312 vos,
3052 5245 3727 5314 inqnit,Filiualiberaverit,

2186 5336 2316 5384 tunc
2359 5346 2483 5387 vere
2514 5331 2664 5388 liberi
2697 5336 2877 5402 eritis;
2909 5337 3044 5392 victa
3075 5338 3218 5392 enim
3243 5339 3447 5408 judicio
3476 5341 3656 5414 [vitio],
3681 5342 3726 5395 in

2185 5417 2327 5486 quod
2357 5419 2549 5474 cecidit
2581 5420 2878 5490 voluntate,
2905 5426 3076 5480 caruit
3105 5427 3350 5485 libertate
3379 5441 3576 5486 natura.
3605 5429 3726 5486 Hinc

2185 5511 2286 5566 alia
2314 5511 2583 5582 Scriptura
2614 5515 2740 5571 dicit
2772 5535 2783 5568 :
2815 5518 2859 5572 A
2891 5534 2995 5587 quo
3035 5522 3174 5574 enim
3221 5521 3339 5590 quis
3384 5523 3606 5579 devictus
3630 5534 3718 5582 est.

2185 5601 2307 5656 huic
2351 5612 2407 5659 et
2450 5619 2633 5661 servus
2655 5607 2898 5662 addictus
2922 5619 3024 5664 est.
3055 5610 3203 5667 Sicut
3229 5621 3358 5683 ergo
3376 5629 3478 5670 non
3501 5625 3579 5672 est
3598 5625 3718 5682 opu

2184 5693 2335 5753 sanis
2360 5695 2617 5766 medicus,
2655 5697 2748 5756 sed
2770 5698 2908 5755 male
2925 5698 3259 5770 habentibus,
3286 5704 3357 5762 ita
3379 5721 3480 5764 non
3501 5714 3579 5764 est
3594 5714 3714 5773 opus
