3904 6224
556 371 684 429 ιοιι

1630 359 1693 415 o.
1737 356 2050 420 ευρ-γυνη
2088 311 2367 416 sonans
2402 354 2719 412 AFRiCANi

3641 357 3762 412 Ιεῆ

552 486 876 556 women)";
899 482 1006 552 jgm
1051 480 1407 536 otimeontra
1434 476 1696 544 superbos
1747 489 1867 532 esse
1908 475 2109 531 clama-
2136 474 2180 536 Α
2212 477 2359 536 ptum
2389 481 2509 522 esse
2547 473 2772 535 constat,
2824 473 2998 521 utrum
3031 465 3083 518 in
3132 476 3363 533 corpore
3403 465 3583 520 monis
3615 463 3762 531 huqu

553 584 664 631 tum
689 591 704 630 :
731 575 922 629 Beatus
947 570 1030 629 eni
1063 584 1168 627 non
1214 565 1494 636 imputavit
1522 563 1774 624 Dominus
1806 573 2101 633 peccatum.

552 669 665 726 Non
711 665 850 722 enim
897 663 1115 731 imputat
1154 658 1238 738 his
1282 657 1370 728 qui
1415 656 1642 711 fideliter
1677 657 1727 711 ei
1755 656 1978 710 dicunt:
2013 654 2103 708 Di-

550 763 702 821 mitte
740 758 890 813 nobis
917 756 1092 811 debita
1131 763 1337 816 nostra,
1378 751 1517 805 sicut
1565 758 1620 815 et
1648 763 1745 804 nos
1791 747 2105 804 dimittimus

547 851 872 909 debitoribus
919 848 1116 903 nostris
1148 855 1238 900 :et
1263 845 1408 914 juste
1454 859 1559 899 non
1594 844 1838 911 imputat,
1871 839 1991 909 quia
2017 837 2106 908 ju-

549 957 687 1002 stum
724 954 807 999 est
843 943 983 1014 quod
1008 942 1080 996 ait
1105 959 1118 994 :
1143 937 1198 995 i‘n
1242 955 1341 1008 qua
1386 952 1634 993 mensura
1673 935 1841 990 mensi
1875 933 2099 994 fuerit's.

550 1041 603 1094 in
625 1038 814 1096 eadem
838 1036 1144 1091 remetietur
1173 1032 1290 1087 vohi
1325 1069 1340 1085 .
1372 1031 1652 1086 Peccatum
1677 1037 1756 1080 est
1785 1033 1960 1079 autem
1981 1039 2100 1082 eum

547 1130 632 1188 vel
659 1145 766 1187 non
797 1137 882 1184 est
923 1128 1155 1183 elisi-itas
1183 1140 1300 1192 quis
1337 1138 1456 1178 esse
1493 1121 1674 1182 debet.
1707 1118 1786 1172 vel
1820 1119 1993 1175 minor
2022 1123 2104 1171 est

547 1235 707 1288 quam
746 1219 924 1285 debet,
973 1217 1084 1272 sive
1113 1216 1211 1269 hoe
1252 1213 1404 1268 vitari
1453 1211 1727 1267 voluntate
1757 1209 1944 1278 possit,
1993 1209 2105 1262 sive

547 1330 653 1370 non
682 1313 848 1384 possit
872 1334 887 1376 ;
919 1312 1036 1380 quia
1061 1309 1106 1363 si
1136 1315 1331 1377 potest,
1358 1318 1594 1374 praisens
1624 1302 1868 1356 voluntas
1896 1300 1997 1355 hoc
2023 1299 2100 1352 fo-

546 1404 649 1467 cit;
679 1403 723 1457 si
751 1402 1059 1465 autem'_‘non
1090 1404 1282 1465 potest,
1315 1392 1579 1463 praeterita
1610 1391 1856 1467 voluntas
1898 1389 1999 1444 hoc
2025 1389 2103 1443 fe-

546 1462 646 1561 cit;
669 1503 724 1548 et
752 1502 924 1546 tamen
941 1462 1104 1542 vitari
1146 1462 1338 1554 potest,
1368 1500 1475 1539 non
1503 1482 1713 1552 quando
1740 1462 1984 1538 voluntas
2013 1494 2104 1534 su-

549 1584 707 1654 perba
733 1565 995 1646 laudatur,
1027 1577 1119 1632 sed
1149 1574 1360 1645 quando
1388 1574 1600 1629 humilis
1630 1573 1931 1642 adjuvatur.
1977 1571 2102 1626 Post

546 1675 658 1728 haec
706 1671 792 1726 ille
832 1669 920 1739 qui
951 1669 1050 1722 i3ta
1094 1666 1434 1734 conscripsit,
1483 1663 1778 1719 introducit
1815 1677 2098 1731 personam

545 1778 693 1820 suam
737 1760 885 1832 quasi
929 1773 1048 1814 cum
1094 1753 1266 1828 altero
1293 1757 1673 1827 disputantem,
1698 1762 1754 1808 et
1781 1752 1904 1807 facit
1931 1767 1991 1809 se
2018 1753 2100 1805 in-

547 1862 691 1908 terro

551 1941 681 1996 mihi
728 1938 993 1994 hominem
1043 1939 1158 1993 sine
1186 1936 1440 2006 peccato?
1465 1945 1518 1990 et
1542 1934 1864 2004 respondet:
1899 1933 1974 1988 Do
2004 1932 2099 1988 tibi

544 2032 631 2100 qui
661 2035 787 2086 esse
805 2029 968 2099 possit
992 2043 1007 2093 ;
1037 2036 1090 2082 et
1117 2040 1299 2082 rursus
1324 2026 1390 2081 ab
1411 2026 1772 2094 interrogante
1795 2023 1991 2078 dicitur
2020 2022 2098 2077 ei:

543 2124 674 2189 Quis
702 2121 829 2176 est?
856 2129 910 2174 et
942 2117 1244 2186 respondet,
1280 2116 1396 2185 Ipse
1425 2125 1500 2172 tu.
1529 2115 1679 2182 Quod
1703 2115 1745 2168 si
1769 2114 1986 2179 dixeris,
2023 2117 2101 2167 in-

544 2212 673 2281 quit,
698 2225 798 2279 ego
825 2225 943 2265 esse
973 2224 1076 2262 non
1126 2222 1368 2276 possum,
1399 2205 1823 2272 respondendum
1875 2213 1976 2268 est,
2008 2219 2100 2259 cu-

538 2303 624 2372 jus
650 2303 800 2371 culpa
830 2302 948 2356 esti
977 2299 1127 2368 Quod
1153 2299 1198 2353 si
1239 2299 1456 2362 dixeris,
1489 2312 1627 2360 mea,
1671 2295 1950 2350 dicendum
1994 2303 2097 2358 est,

545 2403 594 2450 et
623 2393 889 2464 quomodo
915 2401 1000 2446 tua
1029 2388 1131 2455 est,
1169 2389 1211 2443 si
1241 2391 1354 2454 irse
1399 2403 1502 2442 non
1536 2388 1721 2455 potes?
1753 2387 1946 2441 lterum
1977 2387 2101 2440 facit

544 2501 603 2541 se
631 2483 965 2554 intem-gari,
999 2490 1054 2537 et
1083 2479 1186 2534 diei
1218 2480 1317 2534 sibi
1345 2496 1358 2532 :
1388 2477 1468 2533 Tu
1491 2479 1603 2550 ipse
1623 2477 1739 2532 sine
1768 2485 1986 2545 peccato
2016 2490 2096 2541 es,

544 2578 631 2649 qui
658 2577 788 2631 dicis
831 2575 1094 2628 hominem
1125 2571 1242 2627 sine
1291 2579 1507 2638 peccato
1536 2584 1659 2624 esse
1688 2569 1889 2637 posse?
1927 2576 1981 2622 et
2019 2583 2102 2622 re-

544 2668 788 2736 spondet,
817 2666 966 2733 Quod
1007 2680 1111 2718 non
1143 2678 1260 2718 sum
1313 2663 1428 2716 sine
1466 2670 1710 2732 peccato,
1757 2659 1908 2729 cujus
1945 2661 2098 2730 culpa

544 2760 665 2815 est!
692 2758 829 2828 quod
857 2757 900 2810 sl
941 2755 1156 2819 dixerit,
1201 2753 1392 2822 inquit,
1427 2759 1513 2806 tua
1541 2762 1644 2820 est,
1674 2752 2100 2820 respondendum

544 2857 646 2914 est,
693 2846 960 2916 quomodo
1016 2858 1153 2910 mea,
1203 2844 1247 2897 si
1279 2858 1397 2897 esse
1445 2844 1972 2910 nou-possum2Nos
2011 2859 2100 2898 re-

544 2937 860 3007 spondemus
907 2934 1107 2989 nullum
1143 2949 1262 2986 cum
1293 2933 1372 2988 eis
1415 2928 1485 2987 de
1530 2931 1613 2987 bis
1640 2931 1816 2987 verbis
1858 2947 1976 2987 esse
2003 2931 2099 2986 deo

546 3030 673 3084 bere
700 3026 1025 3092 conflictum,
1060 3025 1180 3094 quia
1205 3040 1310 3081 non
1352 3035 1432 3077 est
1461 3022 1834 3078 ausus-diecre
1850 3037 1977 3078 esse
2008 3023 2102 3077 ho-

2209 555 2375 624 ptissit
2405 556 2638 623 impleri,
2670 556 2755 609 ubi
2803 569 2929 610 caro
2960 557 3290 624 concupiscit
3333 553 3583 608 adversus
3612 553 3760 618 spin-

2206 660 2338 715 tum,
2363 661 2416 705 rt
2446 651 2664 718 spiritus
2692 649 2950 704 adversus
2973 663 3209 715 carnem,
3234 659 3293 702 ut
3323 645 3426 705 non
3447 662 3506 701 ea
3533 661 3654 714 qua:
3674 661 3758 697 vo-

2206 740 2378 796 lumus
2408 739 2680 794 faciamus.
2712 739 2786 794 De
2825 755 2929 809 quo
2959 754 3184 808 corpore
3238 739 3426 793 mortis
3468 737 3623 806 hujus
3655 751 3753 789 non

2203 830 2376 884 omnis
2406 829 2659 887 liberatur
2687 832 2775 900 qui
2812 829 2925 883 linit
2956 829 3091 882 hanc
3125 829 3310 892 vitam,
3335 827 3428 887 sed
3456 829 3542 895 qui
3571 827 3627 880 in
3660 825 3753 882 hac

2203 917 2308 978 vita
2327 925 2618 995 susceperit
2636 923 2882 995 gratiam,
2915 931 2966 977 ct
2995 937 3060 976 ne
3089 922 3139 975 in
3170 936 3362 974 vanum
3391 919 3640 987 suscipiat
3668 917 3755 970 bo-

2207 1015 2288 1071 nis
2324 1015 2574 1083 Opi-ribus
2618 1014 2806 1082 egerit.
2853 1010 3010 1067 Aliud
3059 1020 3140 1065 est
3186 1011 3328 1064 enim
3367 1007 3512 1063 exire
3546 1008 3617 1062 de
3659 1007 3753 1060 hic

2204 1119 2428 1174 corpora
2453 1103 2612 1175 (quod
2641 1116 2826 1156 omnes
2865 1101 3109 1155 homines
3138 1098 3255 1155 dies
3299 1097 3422 1153 vita:
3450 1096 3605 1166 hujus
3633 1095 3752 1148 ulti-

2205 1209 2324 1248 mus
2351 1193 2534 1263 cogit),
2565 1192 2704 1247 aliud
2732 1199 2815 1245 est
2836 1199 3008 1247 autem
3040 1188 3257 1247 liberari
3279 1187 3346 1243 de
3372 1199 3595 1253 corpore
3615 1198 3752 1236 mor-

2206 1286 2273 1338 tis
2301 1283 2476 1354 hujus,
2503 1282 2642 1351 quod
2672 1281 2784 1336 sola
2817 1281 2907 1334 Dei
2947 1281 3114 1348 gratia
3143 1292 3240 1346 per
3265 1276 3444 1333 Jesum
3480 1273 3749 1328 Christus

2207 1374 2482 1428 Dominum
2509 1385 2746 1428 nostrum
2777 1371 2972 1429 Sanctis
3001 1381 3054 1423 et
3089 1368 3332 1432 fidelibus
3354 1366 3467 1434 ejus
3498 1363 3750 1429 impertit.

2205 1463 2332 1518 Post
2360 1463 2494 1518 hanc
2533 1475 2709 1517 autem
2749 1463 2912 1518 vitam
2953 1473 3156 1513 merces
3189 1456 3468 1526 perliciens
3497 1452 3751 1513 redditur,

2204 1553 2297 1608 sed
2327 1554 2405 1608 eis
2435 1560 2634 1607 tantum
2660 1567 2690 1606 a
2718 1552 2908 1620 quibus
2936 1553 2986 1606 in
3021 1549 3120 1607 bac
3159 1550 3261 1604 vita
3285 1546 3522 1616 ejusdem
3546 1558 3754 1600 merce-

2202 1643 2283 1698 dis
2311 1644 2553 1699 meritum
2580 1654 2940 1717 comparatur.
2987 1640 3099 1697 Non
3131 1639 3272 1698 enim
3321 1637 3385 1692 ad
3428 1639 3752 1690 saturitatem

2203 1733 2441 1802 iustitiae,
2467 1749 2586 1788 cum
2612 1734 2734 1791 hinc
2758 1734 2951 1787 exierit
2970 1731 3191 1803 quisque
3231 1729 3518 1798 perveniet,
3554 1727 3656 1782 nisi
3685 1727 3748 1778 ad

694 1819 803 1922 gari
829 1891 845 1917 ,
888 1857 940 1904 et
985 1848 1138 1918 quasi
1185 1823 1253 1901 ab
1289 1819 1791 1922 interrogantevsibi
1837 1841 1942 1896 diei
1975 1859 1989 1894 :
2025 1842 2098 1896 Da

2205 1837 2340 1888 eam,
2369 1838 2490 1878 cum
2522 1823 2609 1878 hic
2647 1832 2749 1888 est,
2779 1821 3062 1877 esuriendo
3089 1831 3144 1876 et
3167 1820 3395 1876 sitiendo
3419 1819 3710 1875 cucurrerit
3735 1834 3746 1868 :

2201 1914 2344 1969 Beati
2381 1916 2576 1984 quippe
2603 1915 2691 1984 qui
2722 1915 2962 1968 esutiunt
2996 1921 3049 1966 et
3091 1911 3274 1964 sitiunt
3296 1909 3551 1979 justitiam
3574 1952 3588 1972 ,
3623 1923 3751 1976 quo-

2200 2006 2344 2058 niam
2383 2005 2480 2072 ipsi
2509 2004 2910 2059 suturabuntnr.
2939 2000 3179 2066 Quandiu
3207 2015 3336 2068 ergo
3363 2001 3748 2068 peregrinantes

2198 2110 2228 2150 a
2259 2096 2622 2164 Domino,'per
2652 2095 2807 2149 fidem
2836 2093 3188 2156 ambulamus,
3235 2107 3338 2144 non
3385 2106 3477 2158 per
3500 2091 3746 2158 speciem,

2200 2185 2339 2239 unde
2366 2185 2563 2240 dictum
2590 2194 2694 2252 est,
2721 2183 2900 2239 Justus
2921 2198 2986 2238 ex
3016 2182 3118 2236 fide
3146 2181 3308 2244 vivit;
3342 2180 3454 2234 haec
3476 2189 3555 2234 est
3577 2190 3746 2231 Mam

2201 2280 2253 2331 in
2281 2277 2392 2346 ipsa
2422 2277 2845 2347 peregrinatione
2865 2274 3090 2345 justitia,
3126 2283 3181 2330 ιιι
3224 2271 3290 2326 ad
3315 2273 3456 2326 illam
3481 2271 3747 2338 perfectio-

2200 2385 2321 2425 nem
2352 2368 2836 2438 plenitudinemqne
2860 2367 3102 2436 iustitiae,
3131 2363 3223 2418 ubi
3263 2364 3318 2417 in
3345 2363 3520 2432 specie
3547 2361 3746 2415 decoris

2202 2461 2319 2530 ejus
2343 2461 2452 2530 jam
2478 2461 2633 2529 plena
2665 2470 2718 2514 et
2749 2459 2981 2527 pcrfecta
3012 2456 3246 2511 charitas
3275 2454 3397 2517 erit,
3427 2468 3562 2506 nunc
3590 2452 3746 2520 ipsius

2200 2567 2389 2608 cursus
2429 2553 2746 2607 rectitudine
2792 2560 2845 2606 et
2874 2549 3195 2619 perfectione
3249 2547 3547 2608 tendamus,
3595 2544 3745 2598 casti-

2201 2646 2378 2714 gando
2405 2658 2600 2703 certus
2648 2656 2885 2696 nostrum
2939 2638 3277 2695 etcscrvituti
3323 2636 3662 2706 subjicienda,
3696 2642 3746 2687 et

2201 2736 2570 2804 eleentosynas
2598 2733 2649 2787 in
2677 2732 2863 2786 dandis
2897 2729 3184 2793 beneﬁciis,
3212 2739 3266 2782 et
3293 2727 3615 2782 dimittendis
3635 2740 3743 2795 qua

2203 2828 2255 2882 in
2286 2842 2382 2882 nos
2402 2834 2525 2882 sunt
2550 2826 2831 2882 commissa
2866 2825 3114 2894 peccatis,
3160 2823 3396 2876 hilariter
3418 2829 3473 2875 et
3505 2835 3565 2872 ex
3594 2816 3744 2870 corde

2205 2920 2471 2982 faciendo,
2518 2927 2572 2973 et
2619 2917 2953 2972 orationibus
2999 2915 3360 2970 indesinenter
3389 2910 3650 2970 inst-mdo,
3696 2918 3744 2959 et

2202 3011 2318 3064 inec
2347 3009 2588 3064 faciendo
2619 3009 2670 3062 in
2701 3009 2936 3067 dot-trina
2979 3021 3129 3067 sana,
3158 3020 3260 3078 qua
3289 3003 3583 3058 aedificatur
3621 2999 3744 3051 fides

540 3118 735 3176 minem
764 3119 882 3173 sine
910 3125 1146 3181 ieccato,
1181 3115 1264 3169 vel
1303 3113 1562 3184 aliquem.
1591 3114 1675 3169 vel
1703 3114 1934 3181 seipsum
1956 3153 1974 3180 ,
2007 3114 2098 3168 sed

2205 3111 2368 3164 recta,
2397 3113 2518 3166 spes
2550 3099 2718 3160 ﬁrma.
2765 3097 2993 3150 cliuritas
3025 3110 3170 3160 pura.
3211 3094 3333 3147 Ilit‘c
3362 3100 3447 3148 est
3493 3103 3629 3142 nunc
3659 3099 3744 3138 no-

542 3210 908 3266 umummodo
935 3222 1054 3263 esse
1079 3221 1234 3277 ροςεε
1263 3172 1573 3274 respondit;
1602 3203 1741 3274 quod
1788 3172 1971 3273 ἠρφιέ
2001 3219 2099 3259 nos
2125 3172 2170 3233 (ἶ
2203 3197 2311 3243 stra
2338 3189 2557 3256 justitia,
2596 3202 2696 3257 qua
2728 3185 2834 3258 74
2861 3187 3145 3247 currimus,
3171 3183 3548 3264 esurientesget
3576 3178 3744 3231 sitien-

543 3315 797 3372 negamus
821 3318 836 3355 :
867 3299 1079 3369 quando
1109 3310 1284 3352 au'em
1319 3298 1504 3366 possit,
1528 3305 1584 3352 et
1613 3311 1706 3365 per
1731 3309 1888 3366 quem
1914 3295 2099 3372 possit,

541 3370 641 3449 hoc
669 3391 942 3463 qua-ritur.
982 3391 1037 3446 SI
1071 3390 1213 3446 enim
1249 3389 1409 3442 modo
1448 3397 1550 3452 est.
1584 3403 1688 3442 non
1720 3388 1866 3441 omni
1912 3370 2103 3441 animm

543 3482 682 3536 Iideli
722 3482 904 3549 posits:
929 3483 980 3533 ιιι
1011 3495 1233 3548 corpore
1256 3477 1442 3532 mortis
1469 3477 1625 3546 hujus
1652 3476 1908 3539 orandum
1938 3487 2020 3531 est
2047 3483 2104 3530 et

545 3573 824 3628 dicendum
852 3589 869 3626 :
899 3572 1110 3627 Dimitte
1137 3573 1291 3626 nobis
1317 3564 1491 3623 debita
1523 3577 1742 3632 nostra;
1771 3582 1891 3621 cum
1918 3567 2026 3636 jam
2051 3566 2103 3620 in

455 3721 461 3726 ,
543 3673 729 3717 sancto
750 3661 1011 3731 baptis-no
1040 3661 1284 3716 universa
1317 3657 1512 3712 fuerint
1563 3657 1782 3711 dimissa
1812 3653 2100 3724 praeterita.

546 3752 794 3824 Quisquis
844 3760 1018 3806 autt-m
1060 3765 1109 3803 m
1147 3734 1310 3803 mbris
1343 3746 1586 3802 ﬁdelibus
1626 3745 1825 3800 Chris'i
1857 3748 1956 3799 hoe
1998 3759 2105 3798 non

547 3860 668 3900 csse
693 3843 970 3907 mandunt,
999 3843 1316 3910 persuadere
1343 3848 1584 3901 conatur,
1616 3837 1746 3890 nihil
1776 3837 1918 3891 aliud
1949 3853 2104 3905 quam

477 3952 482 3956 '
553 3937 793 4003 seipsum
833 3931 1198 4011 Christianum
1252 3943 1354 3984 non
1414 3943 1534 3984 esse
1587 3929 1884 3996 profitetur.
1941 3927 2107 3981 Porro

545 4029 590 4083 si
651 4043 746 4096 per
796 4025 1025 4094 seipsum
1086 4030 1256 4092 potest
1312 4021 1471 4075 homo
1521 4034 1642 4085 esse
1689 4020 1810 4073 sine
1861 4027 2102 4087 peccato,

545 4132 671 4188 ergo
693 4117 937 4172 Christus
969 4116 1137 4185 gratis
1180 4124 1418 4180 mortuus
1447 4123 1563 4178 est;
1603 4128 1706 4165 non
1736 4121 1923 4183 autem.
1943 4113 2105 4180 gratis

550 4219 791 4265 mortuus
821 4217 902 4264 est
928 4206 1166 4261 Christus
1192 4223 1205 4258 :
1237 4220 1340 4258 non
1391 4204 1550 4272 igitur
1581 4211 1754 4271 potest
1795 4201 1957 4254 homo
1987 4214 2106 4254 esse

545 4301 662 4357 sine
686 4311 922 4371 peccato,
953 4285 1159 4354 etiamsi
1193 4296 1338 4358 velit,
1367 4296 1466 4349 nisi
1499 4294 1783 4361 adjuvetur
1812 4292 1980 4362 gratia
2012 4292 2102 4345 Dei

546 4405 651 4463 pcr'
690 4389 868 4447 Iesum
911 4386 1177 4442 Christum
1235 4384 1511 4437 Dominum
1551 4390 1810 4435 nostrum.
1845 4380 1995 4447 Quod
2048 4388 2106 4432 ut

548 4479 873 4552 perficiatur,
903 4486 956 4530 et
984 4490 1121 4529 nunc
1148 4473 1200 4527 in
1228 4470 1623 4545 proﬁcientibus
1653 4469 1844 4538 agitur,
1876 4481 1924 4522 et
1956 4468 2099 4522 omni

550 4570 713 4627 modo
757 4565 1083 4637 implebitur,
1131 4563 1469 4618 contentione
1499 4561 1686 4615 mortis
1722 4561 2019 4628 absumpta,
2049 4570 2103 4614 et
2132 4561 2143 4593 ‘~

547 4661 831 4723 cbaritate,
878 4659 997 4725 quae
1041 4651 1310 4710 credendo
1357 4660 1413 4704 et
1451 4649 1716 4716 sperando
1749 4649 2002 4714 nutritur,
2029 4649 2106 4702 vi-

547 4748 724 4805 dendo
749 4755 802 4801 et
831 4746 1119 4801 obtinendo
1167 4740 1417 4812 perfecta.
1452 4738 1714 4807 Deinceps
1764 4738 1992 4791 instituit
2017 4738 2105 4792 di-

547 4839 685 4897 vinis
715 4837 1034 4893 testimoniis
1060 4849 1216 4904 agere
1238 4832 1376 4906 quod
1401 4829 1651 4898 intendit,
1677 4828 1820 4898 quod
1854 4829 2011 4899 quale
2037 4830 2109 4886 sit

545 4933 852 5005 diligentius
875 4929 1231 4984 advertamus.

1110 5036 1333 5098 CAPUT
1372 5035 1538 5092 CCCI.

551 5154 653 5223 Ubi
675 5152 1144 5223 possintprarcepta
1181 5147 1483 5223 perfectione
1507 5143 1768 5223 compleri,
1793 5153 1846 5223 _et
1874 5143 1995 5223 quid
2033 5144 2101 5223 si!

616 5213 831 5293 litierare
852 5213 913 5277 de
936 5213 1143 5293 corpore
1172 5213 1371 5293 martis,
1401 5214 1640 5293 estquod
1665 5214 1868 5293 notitiae
1888 5213 2098 5293 jeiuuii,

616 5291 946 5360 statutast/nm
984 5282 1034 5360 et
1057 5289 1322 5360 oration's,
1361 5282 1525 5338 omnis
1544 5282 1763 5354 justititz
1801 5282 2099 5352 generalitas

618 5359 868 5417 iudicetur
880 5376 898 5425 ,'
919 5375 983 5413 ex
1002 5359 1129 5412 libro
1165 5359 1358 5412 eodem.

622 5475 965 5537 Testimonia,
1021 5473 1208 5542 inquit,
1252 5470 1444 5540 quibus
1497 5466 1747 5537 probatur
1780 5472 2100 5535 praeceptum

559 5580 677 5619 esse
706 5563 905 5618 homini
936 5572 992 5617 ut
1039 5564 1236 5632 absque
1265 5569 1481 5632 peccato
1524 5557 1612 5612 sit.
1648 5557 1726 5611 Ad
1760 5557 1859 5610 hoc
1888 5566 2104 5624 respon-

556 5655 741 5717 demus
769 5653 919 5706 :Non
962 5661 1136 5707 utrum
1179 5658 1498 5722 praeceptum
1548 5647 1617 5700 sit
1654 5644 1907 5712 qumritur
1940 5646 2100 5714 (quod

559 5742 712 5802 valde
743 5743 1070 5799 manifestum
1098 5741 1224 5812 est),
1253 5742 1344 5798 sed
1387 5740 1487 5795 hoc
1534 5742 1706 5808 ipsum
1737 5735 1873 5805 quod
1906 5748 2100 5802 prace-

2206 3292 2308 3346 tes,
2347 3280 2412 3334 ad
2437 3279 2815 3347 perfectionem
2858 3268 3581 3344 plenitudinemquejustitic,
3613 3277 3667 3318 ut
3691 3280 3742 3319 ca

2203 3380 2383 3439 postea
2423 3378 2742 3422 saturemur.
2777 3365 2925 3422 Unde
2957 3363 3212 3417 Dominus
3241 3361 3294 3414 in
3327 3360 3502 3427 Evang
3538 3359 3608 3411 lio
3635 3370 3743 3409 cont

2201 3458 2424 3513 dixisset
2447 3474 2460 3506 :
2484 3456 2656 3510 Nolite
2683 3458 2853 3509 facere
2881 3453 3135 3523 justitiam
3167 3460 3393 3504 vestram
3442 3462 3623 3502 coram
3657 3446 3742 3496 lto-

2203 3550 2457 3613 minibus,
2498 3547 2555 3601 nt
2606 3548 2890 3603 videamini
2939 3549 3005 3602 ab
3057 3547 3164 3611 eis;
3216 3560 3282 3600 ne
3323 3545 3478 3597 istum
3520 3550 3742 3593 nostrum

2204 3653 2416 3694 cursum
2447 3637 2549 3692 fine
2579 3639 2826 3694 humanm
2853 3637 3032 3709 gloria:
3063 3638 3402 3693 metiremur.
3453 3646 3553 3683 non
3596 3638 3674 3683 est
3700 3632 3743 3678 i

2206 3728 2539 3797 expositione
2558 3726 2783 3797 justitize
2808 3727 2970 3797 ipsius
2991 3736 3268 3780 exsecutus
3287 3721 3383 3774 nisi
3412 3720 3507 3773 tria
3530 3718 3648 3782 ista,
3673 3715 3746 3784 je-

2203 3819 2431 3887 junium,
2491 3819 2880 3888 eleemOsynas,
2923 3819 3237 3872 orationes:
3273 3812 3478 3882 jejunio
3529 3809 3740 3872 scilicet,

2207 3911 2504 3964 universam
2532 3909 2773 3977 corporis
2809 3908 3203 3976 castigationem
3235 3902 3564 3973 signiﬁcans;
3613 3900 3743 3954 είοεο

2205 4001 2460 4071 mosynis,
2506 4015 2716 4054 omnem
2773 3999 3193 4054 benevolentiam
3243 4008 3294 4052 et
3346 3995 3736 4051 beneficentiam

2206 4091 2286 4145 vu-l
2318 4090 2476 4143 dandi
2507 4089 2588 4145 vel
2618 4089 2958 4157 ignoscendi;
2987 4098 3035 4143 et
3066 4090 3304 4142 oratione
3334 4088 3608 4140 insinuans
3646 4096 3745 4136 οιν-

2206 4199 2301 4238 nes
2327 4182 2535 4253 regulas
2567 4181 2736 4236 sancti
2775 4179 3037 4238 desiderii.
3073 4190 3128 4232 ut
3155 4180 3407 4247 quoniam
3445 4178 3495 4229 in
3539 4175 3745 4240 caelip-

2209 4272 2354 4326 tione
2382 4271 2622 4340 corporis
2650 4271 2884 4324 frenatur
2913 4268 3360 4337 concupiscentia,
3390 4281 3507 4334 qua:
3536 4281 3636 4318 non
3657 4261 3745 4315 fre-

2208 4361 2321 4415 nari
2366 4361 2458 4417 sed
2489 4361 2707 4416 omnino
2757 4374 2876 4414 esse
2923 4375 3026 4413 non
3076 4358 3257 4422 debet,
3309 4371 3408 4411 nec
3435 4358 3536 4411 erit
3580 4357 3632 4407 in
3672 4354 3744 4408 ira

2211 4451 2536 4520 perfectione
2557 4450 2774 4521 justitite
2821 4450 2908 4504 ubi
2955 4447 3157 4503 nullum
3185 4448 3287 4500 erit
3332 4447 3545 4499 omnino
3573 4457 3742 4512 pecea-

2209 4553 2343 4608 tum,
2366 4550 2421 4598 et
2442 4557 2584 4610 sape
2612 4543 2664 4596 in
2697 4557 2791 4594 usu
2817 4555 2990 4594 rerum
3023 4539 3182 4592 etiam
3206 4551 3577 4592 conccssarum
3603 4544 3741 4599 atque

2209 4634 2467 4687 licitarum
2495 4633 2662 4685 exerit
2692 4629 3180 4682 immoderatinnem
3205 4641 3354 4680 suam
3379 4641 3394 4677 :
3420 4626 3474 4678 in
3503 4626 3614 4693 ipsa
3634 4637 3741 4675 vera

2209 4721 2577 4786 beneficentia,
2608 4736 2706 4790 qua
2737 4720 2907 4787 justus
2959 4716 3184 4770 consulit
3227 4716 3490 4782 proximo,
3522 4712 3741 4782 quaedam

2210 4812 2342 4867 fiunt
2369 4824 2486 4879 quae
2515 4811 2711 4872 obsint,
2743 4823 2862 4862 eum
2909 4806 3159 4876 prodesse
3192 4814 3365 4873 putata
3394 4804 3536 4870 sint;
3567 4812 3618 4856 et
3651 4801 3742 4852 ali-

2209 4900 2419 4970 quando
2455 4914 2546 4968 per
2573 4899 2952 4962 inﬁrmitatem,
2986 4895 3068 4949 vel
3113 4910 3234 4949 eum
3281 4893 3458 4946 minus
3497 4892 3740 4947 sufficitur

2213 4988 2616 5045 necessitatibus
2668 4987 2910 5052 aliorum,
2971 4986 3054 5040 vel
3100 4998 3282 5052 parum
3330 4982 3386 5037 in
3423 4982 3504 5037 eis
3557 4981 3742 5052 proﬁcit

2211 5080 2349 5149 quod
2373 5078 2708 5146 benignitatis
2733 5091 2796 5132 ac
2819 5077 3012 5131 laboris
3035 5075 3374 5145 impenditur,
3404 5075 3639 5142 subrepit
3663 5083 3739 5127 ta!-

2206 5171 2375 5238 diom,
2416 5183 2522 5238 quo
2544 5168 2774 5232 fuscatur
2801 5166 3060 5230 hilaritas,
3094 5167 3146 5218 in
3174 5179 3274 5233 qua
3315 5162 3553 5217 datorem
3593 5163 3739 5227 diligit

2211 5266 2349 5320 Dens
2384 5258 2665 5326 :subrepit
2708 5265 2885 5311 autem
2941 5263 3086 5309 tanto
3130 5253 3296 5322 magis
3341 5260 3539 5320 quanto
3588 5251 3739 5304 minus

2210 5356 2454 5426 quisque,
2481 5356 2536 5406 et
2565 5355 2714 5401 tanto
2743 5345 2915 5398 minus
2937 5352 3132 5412 quanto
3163 5340 3328 5410 magis
3380 5338 3678 5408 profecerit.

2771 5493 2990 5550 CAPUT
3005 5492 3196 5548 CCCI].

2208 5640 2520 5703 Praeceptum
2547 5638 2607 5689 de
2627 5631 2882 5704 diligendo
2913 5628 3016 5682 Deo
3125 5627 3214 5678 illa
3241 5627 3339 5704 sita
3370 5629 3587 5704 perfecte

2277 5691 2401 5780 pleri
2429 5707 2569 5772 dicit,
2595 5715 2644 5760 et
2687 5691 2936 5759 rationem
2957 5697 3122 5751 reddit
3145 5691 3540 5751 testimoniorum
3575 5691 3726 5764 quth
