3904 6224
198 267 372 327 1015
442 270 450 288 ἶ

1446 280 1872 341 TBESAURUS.
1909 280 2062 338 CAP.
2100 284 2292 341 CCCII.

3364 298 3496 351 10M

277 385 627 478 aranea-ater
649 392 848 473 [nomini
872 393 1147 462 perfectum
1172 409 1306 457 esse,
1329 395 1408 450 uel
1425 395 1628 464 quando
1657 395 1720 450 sit
1747 393 1842 449 Ec-
1869 395 1920 454 Α
1944 407 2060 476 sum
2093 398 2249 454 finem
2278 415 2694 460 commemorant
2723 422 2827 475 quo
2855 410 3116 466 currendo
3146 413 3450 478 portendant
3479 433 3491 467 :

281 453 490 511 desita
526 463 773 530 gloriosa.

280 602 622 675 Quotquot
649 623 778 676 ergo
807 608 1026 677 perfecti
1058 610 1160 667 hoc
1181 614 1468 680 sapiamus,
1493 613 1544 667 id
1574 623 1654 666 est
1686 621 1840 682 quot.

192 703 363 760 quot
403 697 654 762 perfecti
686 699 968 764 currimus,
993 701 1091 755 hoc
1140 705 1407 770 sapiamus
1435 704 1573 772 quod
1602 703 1838 757 nondum

196 784 495 850 perfecti
535 802 749 855 sumus,
777 801 834 844 ut
865 792 969 847 illic
999 792 1330 858 perﬁciamur
1353 809 1457 861 quo
1488 795 1720 863 perfecte
1745 794 1840 849 ad-

192 876 331 932 huc
382 879 686 935 currimus
717 899 730 934 :
762 892 817 936 ut
858 897 978 937 cum
1005 884 1210 936 venerit
1241 884 1378 949 quod
1407 883 1695 952 perfectum
1737 894 1837 950 est,

190 967 378 1034 quod
410 984 503 1024 ex
530 980 677 1038 parte
698 981 782 1026 est
800 973 1133 1037 destruatur;
1158 975 1206 1026 id
1231 981 1332 1039 est,
1352 989 1455 1028 non
1474 973 1583 1042 jam
1605 989 1667 1030 ex
1692 985 1840 1044 parte

191 1059 316 1128 sit,
340 1061 472 1115 sed
536 1079 602 1117 ex
634 1073 764 1128 toto,
792 1067 910 1133 quia
943 1065 1064 1119 fidei
1094 1073 1148 1118 et
1175 1065 1284 1132 spei
1314 1064 1422 1133 jam
1453 1080 1541 1119 res
1568 1065 1702 1132 ipsa,
1736 1081 1838 1119 non

191 1163 353 1215 quae
387 1152 671 1208 credatur
693 1163 748 1209 et
777 1167 1040 1220 speretur,
1063 1155 1154 1210 sed
1177 1170 1292 1224 quas
1313 1155 1553 1210 rideatur
1575 1163 1840 1210 teneatur-

193 1251 330 1305 que
363 1242 657 1297 succedet
676 1242 962 1322 acharitas.
983 1254 1156 1298 autem
1185 1260 1301 1314 quas
1330 1244 1383 1299 in
1413 1243 1500 1298 his
1525 1245 1693 1298 tribus
1722 1260 1838 1298 ma-

190 1327 308 1397 jor
371 1341 486 1388 est
543 1349 647 1388 non
677 1333 972 1400 auferatur,
1003 1335 1097 1391 sed
1126 1343 1382 1405 augeatur
1431 1342 1487 1390 et
1529 1336 1837 1404 impleatur,

195 1417 632 1493 mulcanplata
654 1425 795 1494 quod
821 1426 1093 1493 credebat,
1110 1434 1164 1480 et
1179 1426 1318 1497 quod
1340 1425 1584 1496 sperabat
1606 1426 1838 1494 indepta.

199 1508 272 1562 In
313 1527 460 1580 qua
489 1513 814 1581 plenitudine
834 1513 1132 1579 charitatis,
1155 1524 1474 1584 praeceptum
1499 1515 1626 1570 illud
1651 1517 1839 1584 imple-

194 1597 396 1658 bitur
425 1619 448 1658 :
494 1605 688 1676 Diliges
720 1607 998 1661 Dominum
1033 1608 1194 1663 Deum
1240 1616 1384 1661 tuum
1435 1622 1499 1662 ex
1541 1616 1650 1661 toto
1679 1607 1840 1664 corde

204 1700 354 1758 tuo,
397 1704 471 1748 et
497 1709 560 1748 ex
596 1705 703 1748 tota
734 1697 906 1749 anima
939 1705 1049 1763 tua,
1077 1704 1125 1749 et
1147 1710 1210 1750 ex
1242 1703 1348 1749 tota
1375 1705 1553 1751 mente
1575 1705 1690 1762 tua;
1718 1711 1837 1750 nam

203 1797 365 1836 cum
403 1793 500 1840 est
527 1785 699 1840 adhuc
727 1787 926 1855 aliquid
951 1787 1181 1842 carnalis
1204 1788 1670 1857 concupiscentiae,
1696 1788 1836 1857 quod

207 1875 318 1927 vel
342 1876 697 1931 continendo
712 1877 966 1943 frenetur,
983 1894 1090 1933 non
1103 1877 1413 1932 omnimodo
1431 1893 1493 1932 ex
1532 1888 1635 1931 tota
1659 1879 1834 1931 anima

208 1963 506 2034 diligitur
521 1966 660 2021 Dens
675 1983 690 2020 :
707 1983 809 2021 non
831 1969 972 2021 enim
990 1983 1116 2022 caro
1135 1968 1251 2022 sine
1273 1968 1446 2021 anima
1479 1967 1831 2036 concupiscit,

211 2057 515 2121 quamvis
562 2071 690 2111 caro
720 2057 1100 2125 concupiscere
1129 2058 1353 2122 dicatur,
1383 2059 1504 2126 quia
1550 2058 1835 2112 carnaliter

211 2142 442 2197 anima
464 2145 809 2214 concupiscit.
836 2146 982 2200 Tunc
1013 2148 1111 2200 erit
1137 2146 1312 2216 justus
1341 2147 1454 2199 sine
1482 2146 1587 2199 ullo
1615 2147 1833 2199 omnino

218 2241 515 2298 peccato,
544 2233 665 2300 quia
710 2234 849 2288 nulla
902 2235 982 2289 lex
1015 2236 1118 2288 erit
1173 2235 1227 2288 in
1257 2234 1508 2289 membris
1536 2235 1651 2302 ejus
1679 2249 1834 2302 repu-

219 2331 442 2386 gnans
489 2318 592 2389 legi
614 2322 805 2376 mentis
835 2322 980 2390 ejus;
1009 2322 1103 2375 sed
1135 2335 1350 2388 prorsus
1376 2330 1484 2376 toto
1513 2322 1697 2387 corde,
1723 2332 1830 2376 tota

220 2406 470 2472 anima,
503 2417 612 2464 tota
656 2419 831 2466 mente
874 2411 1054 2480 diliget
1086 2411 1272 2476 Deum,
1303 2410 1442 2480 quod
1471 2419 1553 2464 est
1601 2415 1828 2478 primum

225 2513 638 2571 summumque
689 2511 1032 2570 prmceptum.
1073 2503 1180 2557 Cur
1230 2517 1356 2571 ergo
1414 2517 1518 2556 non
1566 2501 1828 2569 pra-cipe-

225 2595 411 2642 retur
455 2589 657 2644 homini
712 2591 812 2645 ista
875 2591 1162 2660 perfectio,
1193 2590 1442 2659 quamvis
1491 2605 1611 2652 eam
1647 2593 1698 2644 io
1731 2590 1829 2645 hac

233 2677 364 2730 vita
404 2693 562 2733 nemo
613 2678 834 2733 haheat?
868 2694 970 2734 non
999 2681 1139 2734 enim
1173 2689 1314 2734 recte
1360 2680 1621 2744 curritur,
1650 2679 1693 2731 si
1724 2693 1829 2746 quo

231 2770 588 2822 currendum
634 2781 714 2824 est
745 2770 1029 2824 nesciatur.
1063 2770 1338 2837 Quomodo
1372 2777 1548 2823 autem
1577 2770 1824 2836 sciretur,

235 2856 288 2908 si
319 2855 496 2910 nullis
522 2858 799 2928 praceptis
828 2859 1235 2914 ostenderetur?
1265 2857 1352 2914 Sic
1371 2873 1496 2928 ergo
1525 2873 1823 2927 curramus,

238 2955 310 2999 ut
341 2945 868 3016 comprehendamus
887 2963 1104 3005 :omnes
1154 2949 1295 3006 enim
1323 2949 1410 3017 qui
1440 2957 1584 3004 recte
1610 2959 1828 3004 current

239 3035 561 3108 [currunt],
590 3038 1040 3107 comprehendent
1064 3056 1078 3105 ;
1108 3054 1212 3094 non
1242 3041 1376 3093 sicut
1406 3039 1456 3093 in
1480 3053 1648 3108 agone
1677 3039 1823 3093 thes-

241 3125 400 3180 trico
428 3141 615 3182 omnes
665 3128 878 3194 quidem
928 3138 1167 3192 currunt,
1199 3129 1292 3184 sed
1332 3131 1467 3184 unus
1496 3132 1688 3200 accipit
1718 3132 1828 3199 pal-

242 3231 409 3270 snam
433 3234 448 3270 :
471 3233 749 3275 curramus
769 3221 1335 3291 credendo,sperando
1363 3233 1410 3274 et
1440 3222 1828 3287 desiderando;

245 3318 545 3361 curramus
570 3322 767 3377 corpus
789 3309 1118 3379 castigando,
1145 3318 1199 3363 et
1241 3310 1609 3381 eleemosynas
1654 3311 1705 3364 in
1739 3311 1831 3364 bo-

248 3394 350 3449 nis
373 3394 561 3450 dandis
585 3397 843 3466 malisque
864 3397 1197 3467 ignoscendis
1217 3399 1456 3454 hilariter
1477 3415 1537 3455 ex
1561 3401 1722 3455 corde.
1749 3400 1828 3454 fa-

252 3484 481 3553 ciendo,
505 3495 561 3542 et
609 3489 936 3543 currentium
965 3491 1105 3545 vires
1165 3498 1220 3542 ut
1245 3490 1565 3556 adiuventur
1593 3493 1827 3556 orando;

245 3582 310 3628 et
362 3575 443 3629 sic
488 3577 770 3632 audiamus
805 3586 1073 3647 praecepta
1105 3579 1477 3646 perfectionis,
1521 3595 1586 3633 ne
1616 3589 1831 3636 currere

250 3666 597 3735 negligamus
632 3669 698 3722 ad
737 3669 1118 3737 plenitudinem
1146 3670 1438 3725 charitatis.
1473 3671 1564 3725 llis
1595 3673 1830 3739 praernis-

248 3753 359 3816 sis,
392 3769 454 3808 ea
485 3756 786 3811 testimonia
816 3771 934 3826 quae
965 3760 1137 3826 posuit
1186 3758 1286 3812 iste
1312 3758 1394 3812 cui
1447 3759 1831 3825 respondemus

251 3849 511 3912 tanquam
543 3859 638 3898 nos
667 3860 728 3900 ea
754 3845 1152 3912 protulerimus,
1181 3846 1460 3913 diligenter
1479 3847 1753 3900 audiamus
1777 3849 1826 3900 in

251 3930 678 3987 Deuteronomio
711 3951 722 3985 :
754 3933 832 3986 Tu
872 3943 1052 3987 autem
1084 3932 1350 4000 perfectus
1385 3938 1490 3986 eris
1513 3947 1690 3986 coram
1721 3935 1825 3986 Do-

253 4023 410 4075 mino
443 4022 547 4076 Deo
578 4033 701 4088 tuo;
728 4024 853 4077 item
924 4023 1072 4077 illic:
1107 4022 1172 4075 Et
1213 4037 1316 4075 non
1360 4023 1459 4076 erit
1521 4022 1825 4076 inconsum-

253 4123 437 4169 matus
465 4115 516 4169 in
569 4115 687 4170 filiis
741 4116 922 4170 Israel.
950 4115 1078 4168 Item
1107 4115 1346 4169 Salvator
1387 4116 1436 4167 in
1478 4114 1763 4183 Evangelio
1805 4133 1818 4170 :

253 4205 448 4259 Estote
475 4205 727 4272 perfecti,
751 4205 873 4274 quia
906 4204 1071 4259 Pater
1101 4215 1275 4258 vester
1303 4204 1389 4272 qui
1438 4203 1489 4256 in
1519 4205 1668 4257 caelis
1722 4213 1824 4269 est,

253 4295 532 4365 perfectus
553 4305 656 4350 est.
690 4294 820 4350 Item
849 4295 1120 4362 apostolus
1141 4294 1204 4346 ad
1230 4292 1534 4347 Corinthios
1556 4293 1784 4348 secunda
1809 4313 1825 4348 :

253 4385 340 4442 De
390 4394 607 4453 extero,
627 4385 841 4452 fratres,
860 4384 1339 4455 gaudete,perfeeti
1364 4393 1563 4449 estote;
1592 4385 1716 4439 item
1756 4386 1822 4439 ad

1943 489 2142 556 ingredi
2171 502 2342 546 autem
2366 496 2481 548 sine
2511 498 2714 550 macula
2747 514 2850 552 non
2874 499 3102 554 absurde
3123 501 3281 554 etiam
3306 502 3393 555 ille
3419 503 3494 556 di.

1939 580 2094 642 citur,
2150 595 2255 635 non
2302 584 2391 651 qui
2442 582 2550 652 jam
2602 589 2866 654 perlectus
2915 600 3018 656 est,
3069 591 3161 644 sed
3201 592 3288 659 qui
3320 592 3383 645 ad
3416 593 3496 658 ip-

1939 685 2052 725 sam
2085 673 2460 741 perfectionem
2499 675 3034 744 irreprehensibilitcr
3074 683 3275 746 currit,
3309 694 3496 738 carens

1939 763 2249 817 criminibus
2289 763 2711 830 damnabilibus,
2743 775 2900 836 atque
2929 768 3038 836 ipsa
3070 781 3283 838 peccata
3311 770 3495 824 venia~

1940 854 2008 908 lia
2040 867 2142 909 non
2173 855 2446 924 negligens
2469 855 2723 911 mundare
2766 857 3139 927 eleemosynis.
3197 860 3494 928 Ingressum

1937 946 2151 1013 quippe.
2185 944 2284 999 hoc
2327 953 2410 1000 est
2456 945 2556 999 iter
2583 955 2822 1000 nostrum
2851 962 2956 1014 quo
3003 949 3264 1001 tendimus
3286 951 3348 1000 ad
3379 964 3495 1014 pcr-

1940 1035 2242 1102 fectionem,
2274 1035 2468 1090 munda
2499 1038 2718 1092 mundat
2756 1037 2961 1102 oratio;
2991 1039 3185 1094 munda
3209 1048 3293 1095 est
3319 1051 3494 1094 autem

1939 1125 2108 1182 oratio
2160 1126 2250 1182 ubi
2302 1127 2561 1183 veraciter
2597 1128 2832 1183 dicitur:
2861 1129 3074 1184 Dimitte
3128 1130 3282 1184 nobis
3321 1130 3497 1185 debita

1941 1224 2119 1269 nostra
2139 1254 2154 1277 ,
2177 1214 2314 1270 sicut
2337 1226 2388 1269 et
2415 1231 2512 1270 nos
2527 1217 2870 1283 dimittimus;
2887 1217 3080 1274 utdum
3095 1234 3197 1273 non
3211 1220 3496 1287 reprehen-

1941 1308 2082 1364 ditur
2119 1312 2257 1377 quod
2307 1323 2412 1365 non
2452 1312 2761 1379 imputatur,
2791 1311 2906 1366 sine
2936 1312 3370 1380 reprehensione,
3397 1312 3496 1368 hoc

1939 1411 2020 1456 est
2045 1401 2160 1457 sine
2203 1402 2428 1468 macula,
2459 1408 2640 1456 noster
2665 1401 2727 1455 ad
2787 1401 3165 1469 perfectionem
3193 1415 3381 1457 cursus
3405 1402 3495 1454 ha-

1942 1490 2151 1560 beatur;
2183 1493 2235 1546 in
2267 1507 2366 1562 qua
2400 1493 2724 1560 perfectione
2744 1535 2760 1560 ,
2786 1507 2905 1546 eum
2936 1492 3002 1549 ad
3049 1507 3164 1548 eam
3196 1491 3496 1547 venerimus

1939 1579 2520 1653 [perveneriotus],jam
2548 1597 2651 1636 non
2680 1583 2747 1637 sit
2768 1583 2984 1636 omnino
3006 1582 3146 1653 quod
3175 1583 3495 1652 ignoscendo

1942 1671 2243 1726 mundetur.
2267 1673 2370 1726 Sed
2415 1671 2557 1725 aliud
2585 1680 2666 1726 est
2690 1685 2808 1729 esse
2838 1671 2954 1727 sine
2979 1682 3228 1740 peccato,
3261 1673 3399 1740 quod
3427 1671 3494 1724 de

1871 1737 1913 1795 Β
1941 1760 2054 1815 solo
2083 1759 2137 1814 in
2186 1760 2285 1815 hac
2310 1761 2415 1813 vita
2441 1759 2720 1828 Unigenito
2747 1759 2944 1814 dictum
2973 1737 3076 1825 est,
3101 1737 3241 1814 aliud
3269 1737 3350 1815 est
3376 1775 3499 1815 esse

1939 1846 2056 1901 sine
2075 1849 2312 1918 querela,
2336 1848 2475 1916 quod
2505 1847 2570 1902 de
2598 1848 2778 1903 multis
2808 1848 2960 1916 iustis
2985 1849 3142 1904 etiam
3181 1850 3233 1904 in
3272 1850 3369 1902 hac
3391 1850 3506 1903 vita.

1937 1936 2040 1990 dici
2065 1937 2265 2005 potuit;
2291 1939 2538 2007 quoniam
2562 1947 2644 1992 est
2665 1938 2876 2010 quidam
2907 1939 3094 1994 modus
3116 1940 3266 1993 bona:
3289 1941 3409 1994 vitat
3431 1941 3496 1994 de

1935 2042 2062 2096 quo,
2091 2027 2249 2082 etiam
2279 2029 2331 2082 in
2359 2029 2459 2085 ista
2481 2029 2711 2083 humana
2740 2029 3164 2094 conversetione,
3187 2029 3244 2098 ju
3279 2038 3328 2082 ta
3369 2044 3495 2097 que-

1935 2119 2044 2174 rela
2073 2133 2192 2175 esse
2245 2134 2351 2176 non
2405 2120 2571 2189 possit
2600 2136 2614 2174 :
2643 2120 2762 2190 quis
2809 2121 2951 2177 enim
2996 2119 3136 2190 juste
3167 2122 3405 2192 queritur
3430 2121 3508 2175 de.

1937 2208 2149 2263 homine
2179 2210 2267 2278 qui
2298 2211 2494 2265 nemini
2534 2211 2644 2264 vult
2672 2211 2833 2277 male,
2862 2219 2918 2266 et
2945 2212 3133 2281 quibus
3163 2220 3335 2280 potest
3369 2211 3495 2264 iide-

1940 2297 2061 2351 liter
2089 2299 2344 2363 consulit,
2369 2314 2464 2354 nec
2485 2311 2669 2354 contra
2691 2301 3002 2372 cujusquam
3028 2302 3244 2370 injurias
3266 2311 3406 2355 tenet
3436 2301 3492 2353 li«

1935 2389 2164 2443 bidinem
2218 2389 2540 2455 vindicandi,
2565 2400 2623 2445 ut
2647 2392 2910 2446 veraciter
2935 2391 3078 2448 dicat
3105 2411 3118 2446 :
3143 2393 3295 2450 Sicut
3319 2401 3374 2447 et
3397 2406 3494 2445 nos

1933 2479 2244 2533 dimittimus
2259 2479 2586 2535 debitorbus
2609 2466 2828 2538 nostris.
2857 2482 2920 2536 Et
2943 2493 3115 2536 tamen
3137 2483 3330 2550 eoipso
3352 2483 3494 2552 quod

1931 2583 2113 2624 verum
2161 2570 2310 2635 dicit,
2364 2571 2576 2625 Dimitte
2625 2573 2762 2628 sicut
2791 2581 2845 2628 et
2889 2587 2986 2626 nos
3015 2573 3352 2638 dimittimus,
3379 2572 3493 2628 siue

1933 2666 2148 2725 peccato
2172 2673 2230 2712 se
2251 2674 2355 2715 non
2383 2666 2499 2715 esse
2520 2661 2785 2726 declarat;
2814 2660 2934 2716 inde
2955 2669 3036 2718 est
3057 2661 3195 2731 quod
3218 2661 3345 2716 dicit
3368 2677 3381 2714 :
3406 2661 3494 2716 Ni-

1933 2750 2003 2802 hil
2037 2750 2273 2819 iniquum
2305 2762 2420 2806 erat
2449 2752 2498 2805 in
2547 2752 2790 2806 manibus
2826 2754 2980 2818 meis,
3008 2755 3100 2807 sed
3163 2752 3335 2806 oratio
3381 2766 3499 2808 mea

1931 2842 2159 2906 munda;
2191 2843 2315 2896 hinc
2344 2843 2484 2896 enim
2535 2851 2650 2897 erat
2681 2843 2871 2896 munda
2905 2845 3075 2898 oratio
3100 2883 3113 2906 ,
3143 2843 3263 2910 quia
3287 2843 3493 2898 veniam

1929 2944 2034 2985 non
2083 2931 2277 3001 injuste
2328 2932 2534 2998 petebat
2581 2932 2669 3001 qui
2698 2933 2955 2988 veraciter
3001 2933 3178 2988 dabat.
3227 2933 3490 2988 Iudicium

1937 3019 2078 3075 enim
2124 3020 2239 3074 sine
2270 3021 2632 3075 misericordia
2679 3021 2752 3074 illi
2777 3021 2864 3090 qui
2896 3035 2998 3075 non
3026 3020 3151 3076 fecit
3195 3022 3498 3077 misericor-

1870 3096 1914 3157 Ο
1945 3111 2114 3176 diam;
2143 3111 2497 3183 superexaltat
2525 3120 2698 3166 autem
2722 3101 3096 3178 misericordia.
3111 3112 3492 3180 judicio:qttod

1935 3201 1978 3254 si
2007 3215 2112 3254 non
2132 3208 2295 3266 esset,
2309 3214 2427 3269 qua:
2455 3213 2578 3268 spes
2607 3210 2768 3264 esset,
2787 3199 3214 3267 quandocuidem
3239 3215 3357 3254 cum
3384 3201 3492 3255 Res

1933 3288 2105 3357 justus
2156 3288 2355 3343 sederit
2377 3287 2429 3341 io
2462 3288 2673 3352 throno,
2703 3288 2822 3356 quis
2857 3288 3173 3356 gloriabitur
3201 3297 3405 3342 castum
3438 3306 3495 3342 so

1935 3376 2130 3431 habere
2175 3377 2303 3430 cori
2332 3385 2422 3430 aut
2447 3378 2564 3444 quis
2611 3376 2925 3446 gloriabitur
2957 3376 3211 3431 mundum
3245 3393 3302 3432 se
3327 3393 3444 3433 es:e
3466 3394 3496 3434 a

1934 3467 2344 3539 peccato‘iTunc
2362 3483 2490 3538 ergo
2511 3484 2602 3536 per
2625 3467 2741 3538 ejus
2764 3469 3316 3539 miscricordiantjusti
3343 3474 3495 3540 pleno

1937 3558 2273 3627 perfectoque
2315 3559 2575 3623 mundati,
2607 3558 2881 3629 fulgebunt
2935 3560 2983 3613 in
3017 3575 3178 3630 regno
3209 3561 3378 3615 Patris
3412 3563 3496 3616 sui

1933 3646 2072 3700 sicut
2096 3647 2196 3700 sol.
2213 3646 2360 3700 Tunc
2387 3646 2542 3714 plene
2567 3655 2723 3716 atque
2738 3645 2974 3716 perfecte
2995 3649 3096 3702 erit
3115 3649 3369 3716 Ecclesia,
3390 3665 3492 3703 non

1935 3737 2134 3790 habens
2182 3738 2438 3791 maculam
2477 3747 2565 3790 aut
2597 3753 2795 3806 rugam,
2825 3749 2915 3792 aut
2941 3740 3136 3808 aliquid
3171 3741 3490 3808 hujusmodi,

1932 3827 2050 3896 quia
2083 3838 2204 3880 tunc
2251 3829 2405 3880 etiam
2455 3830 2555 3881 erit
2589 3845 2709 3882 vere
2764 3830 3009 3896 gloriosa.
3043 3832 3170 3885 Cum
3198 3833 3338 3885 enim
3390 3850 3492 3889 non

1933 3924 2130 3967 tantum
2163 3915 2235 3967 ait
2262 3926 2316 3966 ut
2340 3915 2616 3969 exhiberet
2639 3915 2737 3968 sibi
2763 3915 3041 3969 ecclesiam
3077 3933 3177 3971 non
3213 3919 3490 3974 habentem

1933 4003 2188 4055 maculam
2219 4011 2308 4054 aut
2333 4017 2534 4070 rugam,
2555 4002 2643 4055 sed
2667 4001 2884 4065 addidit,
2921 4005 3196 4071 gloriosam
3222 4022 3238 4070 ;
3269 4007 3397 4059 satis
3422 4008 3491 4060 si-

1928 4094 2212 4162 gnificavit,
2237 4093 2446 4162 quando
2468 4093 2567 4147 erit
2591 4093 2708 4146 sine
2731 4093 2932 4148 macula
2964 4103 3016 4148 et
3047 4109 3172 4162 ruga
3205 4105 3294 4148 aut
3316 4096 3494 4164 aliquo

1931 4187 2210 4256 ejusmodi,
2237 4197 2361 4240 tunc
2404 4187 2587 4254 utique
2629 4187 2841 4254 quando
2897 4188 3123 4255 gloriosa
3168 4203 3318 4240 :non
3347 4190 3490 4242 enim

1932 4278 2087 4332 modo
2127 4277 2181 4332 in
2245 4277 2405 4332 tantis
2430 4277 2606 4346 malis,
2631 4279 2680 4332 in
2748 4278 2906 4331 tantis
2953 4279 3234 4344 scandulis,
3261 4279 3312 4331 in
3345 4289 3488 4332 tanta

1933 4369 2282 4438 permixtione
2310 4368 2578 4422 hominum
2613 4369 2986 4436 pessimorum,
3017 4368 3069 4421 in
3097 4369 3255 4423 tantis
3292 4384 3488 4436 oppro-

252 4452 608 4532 Colossenses
635 4452 1032 4544 :Corripientes
1060 4452 1272 4528 orunem
1327 4473 1616 4538 hominem,
1643 4484 1695 4528 et
1721 4478 1820 4528 do-

1932 4460 2346 4526 briisimpiorum
2371 4459 2649 4515 dicendum
2674 4468 2753 4512 est
2774 4473 2890 4512 eam
2912 4474 3029 4513 esse
3049 4459 3352 4526 gloriosam,
3370 4460 3492 4527 quia-

251 4576 446 4624 centes
467 4567 519 4621 in
550 4566 695 4621 omni
716 4566 1000 4636 sapientia,
1033 4575 1086 4618 ut
1115 4565 1463 4621 exhibeamus
1493 4581 1702 4619 onmem
1728 4566 1823 4620 ho-

252 4655 455 4711 minem
487 4655 780 4725 perfectum
817 4657 871 4710 in
909 4654 1140 4710 Christo.
1175 4655 1302 4709 Item
1332 4653 1395 4708 ad
1425 4654 1682 4724 Ephesios
1711 4673 1725 4709 :
1757 4655 1824 4710 Ut

252 4743 541 4800 exhiberet
569 4744 682 4813 ipse
705 4745 806 4799 sibi
835 4744 1122 4814 gloriosam
1156 4744 1466 4808 Ecelesiam,
1498 4758 1602 4797 non
1627 4744 1822 4798 haben-

254 4846 368 4890 tem
394 4836 658 4890 maculam
702 4845 795 4890 sut
840 4850 1046 4906 rugam,
1074 4843 1164 4888 aut
1188 4835 1384 4902 aliquid
1417 4835 1734 4902 hujusmodi,
1764 4845 1821 4889 ut

255 4929 328 4981 sit
354 4938 607 4982 sanctaet
631 4928 984 4982 immaculata.
1013 4927 1159 4983 [Inde
1186 4937 1236 4982 et
1263 4926 1445 4981 beatus
1477 4928 1638 4984 David
1666 4926 1818 4980 dicit:

258 5019 504 5086 Domine,
538 5020 658 5089 quis
688 5019 947 5074 habitabit
986 5019 1038 5074 in
1083 5019 1419 5074 tabernaculo
1451 5029 1560 5085 tuo,
1587 5026 1679 5071 attt
1704 5017 1821 5084 quis

258 5107 562 5174 requiescet
601 5109 653 5162 in
683 5118 862 5162 monte
883 5116 1066 5162 sancto
1095 5109 1220 5160 tuo?
1249 5107 1338 5175 qui
1382 5105 1672 5174 ingreditur
1705 5105 1820 5158 sine

257 5195 486 5260 macula,
518 5206 572 5252 et
619 5205 874 5267 operatur
915 5197 1198 5264 justitiam;
1227 5205 1280 5252 et
1308 5197 1428 5252 alibi
1460 5213 1474 5250 :
1502 5197 1569 5251 Et
1595 5211 1687 5251 ero
1722 5197 1820 5250 im-

260 5288 551 5342 maculatus
573 5305 692 5344 cum
719 5304 814 5354 eo;
839 5299 890 5344 et
921 5289 1042 5342 alibi
1071 5305 1083 5339 :
1111 5289 1254 5342 Beati
1281 5288 1601 5341 immaculati
1627 5288 1678 5341 in
1709 5287 1815 5351 via,

258 5377 347 5443 qui
368 5378 642 5432 ambulant
663 5380 715 5433 in
741 5381 857 5447 lege
885 5377 1248 5444 Domini.Item
1280 5378 1418 5447 apud
1446 5377 1812 5432 Salomonem:

261 5467 436 5537 Diligit
457 5469 712 5523 Dominus
729 5480 912 5524 saneta
937 5468 1129 5534 corda;
1159 5469 1360 5537 accepti
1390 5476 1512 5521 sunt
1533 5468 1603 5520 illi
1635 5477 1812 5521 autem

261 5570 443 5612 omnes
465 5558 811 5612 immaculati.
833 5558 1027 5612 Horum
1054 5557 1472 5612 testimoniorum
1499 5557 1669 5626 aliqua
1701 5571 1815 5612 cur-

264 5656 440 5703 rentes
486 5647 851 5712 exhortantur,
880 5656 934 5702 ut
967 5649 1195 5717 perfecte
1246 5656 1496 5709 currant;
1530 5647 1700 5716 aliqua
1733 5647 1814 5713 ip-

1930 4565 2083 4619 reges
2121 4550 2167 4606 ei
2192 4551 2550 4612 serviunt,ubi
2574 4561 2652 4603 est
2678 4549 3019 4617 periculosior
3060 4548 3332 4616 majorque
3378 4560 3488 4602 ten.

1929 4643 2083 4706 talio;
2115 4641 2207 4696 sed
2233 4652 2354 4694 tunc
2383 4641 2556 4708 potius
2579 4639 2811 4709 gloriosa
2840 4640 2961 4703 erit,
2986 4639 3199 4707 quando
3229 4641 3317 4693 ﬁet
3347 4640 3484 4707 quod

1926 4732 2064 4787 idem
2119 4732 2193 4785 ait
2236 4733 2551 4800 Apostolus:
2580 4734 2710 4784 Cum
2755 4730 2996 4787 Christus
3050 4730 3352 4797 aj'ptaruorit
3380 4731 3483 4782 vita

1926 4831 2120 4886 vestra,
2154 4831 2276 4876 tunc
2322 4831 2374 4877 ct
2405 4835 2496 4876 vos
2523 4836 2642 4874 cont
2673 4821 2789 4886 ipso
2813 4821 3136 4889 apparebitis
3185 4818 3236 4877 in
3281 4817 3476 4885 gloria:

1925 4929 2045 4968 cum
2097 4912 2240 4968 enim
2289 4911 2545 4966 Dominus
2589 4911 2701 4979 ipse
2747 4911 3034 4966 secundum
3069 4910 3288 4963 formam
3317 4912 3481 4971 servi,

1925 5019 2019 5071 per
2053 5018 2207 5072 quam
2245 5017 2303 5058 se
2325 5002 2582 5058 mediator
2612 5001 2884 5070 conjunxit
2910 4999 3174 5064 Ecclesite,
3192 5014 3295 5054 non
3325 4999 3484 5077 fueti‘t

1920 5093 2246 5162 gloriﬁcatus
2271 5093 2371 5150 nisi
2404 5104 2518 5162 post
2550 5091 2953 5150 resurrectionis
2981 5091 3203 5161 gloriam
3235 5089 3357 5159 [nisi
3393 5098 3478 5143 re-

1919 5185 2264 5240 surrectionis
2317 5183 2536 5256 gloria];
2568 5184 2672 5254 75
2703 5182 2841 5237 unde
2861 5181 3056 5234 dictum
3087 5188 3171 5238 est.
3202 5196 3216 5233 :
3248 5180 3479 5249 Spiritus

1919 5282 2094 5328 autem
2119 5289 2223 5328 non
2251 5284 2366 5331 erat
2383 5275 2558 5338 datus,
2585 5274 2704 5342 quia
2730 5271 2881 5327 Iesus
2905 5269 3138 5325 nondum
3169 5269 3339 5330 fuerat
3365 5270 3480 5338 glo-

1918 5363 2181 5426 riilcatus;
2215 5366 2480 5433 quomodo
2509 5363 2727 5420 dicenda
2766 5370 2842 5415 est
2873 5369 2996 5414 ante
3025 5362 3484 5420 resurrectionem
3566 5370 3576 5378 '

1915 5468 2066 5509 suam
2113 5454 2348 5509 Ecclesia
2373 5454 2485 5523 ejus
2514 5467 2633 5508 esse
2657 5450 2924 5520 gloriosa?
2954 5452 3175 5506 mundat
3202 5467 3327 5520 ergo
3357 5465 3481 5505 eam

1917 5561 2056 5602 nunc
2085 5546 2295 5602 lavacro
2316 5561 2486 5615 aquae,
2511 5545 2561 5599 in
2593 5543 2755 5598 verbo
2783 5542 3003 5599 abluens
3034 5551 3249 5612 peccata
3286 5551 3478 5609 praete-

1915 5642 2037 5709 rita,
2063 5650 2118 5697 et
2144 5641 2343 5708 pellens
2385 5640 2450 5695 ab
2478 5652 2538 5693 ea
2567 5637 2984 5693 dominationem
3018 5637 3280 5692 malorum
3310 5646 3477 5700 ange-
