3800 6236
473 238 608 292 1015

1514 240 1573 295 D.
1617 240 1932 298 EUGYPPII
1971 239 2253 296 ABBATIS
2289 241 2606 298 AFlilCANl

3541 252 3657 312 1011)

472 352 637 406 lorum
665 371 677 407 :
702 354 894 411 defnde
920 355 1196 423 perticiens
1217 355 1330 424 ejus
1351 357 1620 422 sanitates,
1650 357 1769 412 facit
1791 373 1906 411 eam
1936 372 2024 410 oc-
2053 358 2100 414 Λ
2128 355 2260 409 liuic
2295 367 2471 412 autem
2516 358 2896 426 regenerationi
2929 375 3032 412 non
3055 359 3247 414 sufﬁcit
3269 361 3396 415 illud
3422 362 3653 416 ἀρ’ἰειυιη

469 458 681 500 currere
707 444 755 497 in
779 445 915 498 illam
941 445 1242 513 gloriosam.
1260 446 1375 501 sine
1401 448 1599 501 macula
1629 458 1683 501 et
1705 463 1848 515 ruga.
1874 449 2016 515 Quos

469 528 608 582 enim
657 530 1066 597 praedestinavit,
1092 531 1207 585 illos
1239 541 1294 586 et
1323 533 1549 599 vocavit,
1579 544 1633 588 et
1656 550 1786 603 quos
1813 534 2019 588 vocavit

470 620 609 686 ipsos
635 633 684 675 et
727 620 1033 688 jnstiﬁcavit
1059 641 1070 675 :
1095 639 1227 692 quos
1256 635 1428 680 autem
1457 625 1781 695 justiﬁcmit,
1809 627 1930 679 illos
1963 637 2017 681 et

466 711 802 777 glorificahit;
837 714 888 766 in
944 714 1044 770 hoc
1074 718 1325 787 mysterio
1363 719 1559 772 dit-tum
1590 721 1854 773 arbitror:
1881 721 2016 776 Ecce

465 802 618 868 cjicio
639 803 920 870 daemonia,
946 814 998 860 et
1026 808 1278 864 sanitates
1300 809 1514 878 perﬁcio
1546 810 1702 864 hodie
1730 821 1782 864 ct
1810 821 2017 876 cras,et

464 892 611 946 tertia
646 893 774 965 [die]
797 909 1154 962 consummor,
1180 900 1229 953 id
1258 909 1358 964 est,
1395 900 1652 967 perﬁt'ior.
1690 900 1830 955 Dixit
1872 903 2012 956 enim

465 984 560 1036 hoc
582 998 647 1038 ea
671 999 894 1053 persona
921 989 1160 1055 corporis
1171 990 1272 1052 sui,
1290 991 1427 1058 quod
1445 1000 1526 1044 est
1542 990 1774 1044 Ecclesia
1792 991 1904 1054 Dei,
1922 1006 2014 1059 po-

462 1088 593 1127 nens
625 1090 718 1142 pro
753 1076 1015 1131 distinctis
1046 1079 1401 1148 ordinatisque
1431 1084 1755 1148 temporibus
1793 1083 1930 1150 quod
1959 1090 2014 1136 et

462 1179 511 1213 tn
541 1177 632 1215 sua
679 1167 1071 1220 resurrectione
1099 1167 1410 1236 signiﬁcavit
1439 1170 1489 1222 in
1536 1171 1728 1224 triduo.
1762 1174 1895 1226 Puto
1919 1187 2010 1225 au-

459 1263 561 1308 tem
590 1254 846 1310 interesse
874 1258 1009 1310 inter
1040 1266 1237 1311 rectum
1269 1263 1426 1314 corde
1455 1273 1502 1315 et
1536 1264 1785 1316 mundum
1810 1264 1969 1318 corde
1994 1282 2008 1320 :

458 1360 575 1398 nam
606 1355 656 1400 et
679 1358 852 1402 rectus
873 1349 1033 1403 corde
1065 1349 1115 1402 itt
1144 1365 1204 1403 ea
1235 1364 1350 1418 qua:
1376 1361 1509 1405 ante.
1527 1364 1649 1408 sunt
1675 1356 2003 1420 extenditur,

456 1452 514 1488 t-a
545 1454 662 1505 qua:
691 1449 832 1493 retro
860 1449 984 1492 sunt
1007 1441 1354 1504 obliviscens,
1381 1453 1436 1496 ut
1466 1456 1610 1497 recto
1635 1460 1815 1509 cursu,
1845 1446 1896 1498 id
1926 1457 2008 1500 est

455 1540 591 1582 recta
626 1529 728 1584 ﬁde
776 1541 931 1600 atque
976 1533 1299 1599 intentione,
1349 1536 1621 1599 perveniat
1674 1535 1757 1590 ubi
1810 1538 2009 1592 habitet

455 1619 677 1672 mundus
701 1622 880 1675 corde.
909 1621 1056 1676 Sicut
1085 1623 1173 1676 illa
1202 1623 1402 1692 singula
1431 1625 1696 1679 reddenda
1725 1635 1847 1680 sunt
1900 1628 2006 1681 sin-

2120 448 2480 500 tantummodo
2532 448 2744 500 solvere
2794 449 2930 516 quod
2953 465 3018 503 ex
3052 452 3218 504 Adam
3271 453 3533 518 trah‘tur,
3564 457 3647 507 sed

2118 534 2366 602 quicquid
2417 536 2574 589 etiam
2606 545 2785 603 postea
2814 552 2876 590 ex
2910 537 3102 608 iniquis
3144 542 3392 610 operibus
3423 542 3651 595 humana:

2117 624 2532 678 conversationis
2562 625 2794 690 accedit;
2825 626 2942 680 ideo
2960 627 3218 694 judicium
3245 647 3310 684 ex
3333 648 3439 684 uno
3465 634 3515 683 in
3543 645 3653 684 con-

2115 715 2528 782 demnationem,
2557 718 2720 786 gratia
2761 727 2936 773 autem
2959 735 3023 773 ex
3055 723 3233 778 multis
3250 725 3460 780 deliet's
3486 726 3534 778 in
3555 726 3652 792 jus-

2117 802 2473 858 tilicationem.
2502 805 2556 859 Si
2583 807 2722 861 enim
2750 806 2818 862 ob
2847 808 2999 860 unius
3027 808 3276 865 delictum
3305 829 3448 867 mors
3479 829 3650 881 regna-

2119 891 2194 943 vit
2219 906 2310 960 per
2336 907 2520 956 unum,
2550 908 2578 946 a
2609 910 2714 962 quo
2743 893 2939 949 delicto
2971 899 3171 964 parvuli
3205 915 3297 967 per
3348 902 3648 970 baptismum

2114 981 2411 1050 expiantur,
2438 985 2601 1038 multo
2657 986 2820 1055 magis
2850 987 2934 1054 qui
2985 989 3360 1044 abundantiam
3404 995 3650 1062 gratia-et

2109 1071 2328 1140 jnstitia:
2366 1075 2649 1143 accipiunt,
2688 1075 2740 1129 in
2781 1077 2886 1130 vita
2917 1081 3233 1146 regnabant,
3275 1096 3366 1146 per
3395 1085 3649 1137 nnumJe—

2113 1177 2231 1217 sum
2264 1164 2532 1218 Christum
2566 1181 2577 1217 :
2611 1167 2778 1219 multo
2830 1168 2996 1234 magis
3037 1167 3220 1235 utique
3249 1170 3301 1222 in
3332 1171 3437 1223 vi;a
3484 1187 3651 1240 regna-

2111 1253 2262 1317 bunt,
2291 1255 2409 1322 quia
2439 1263 2650 1308 mter-na:
2681 1255 2799 1308 vita:
2830 1271 3048 1324 regnum
3080 1258 3201 1310 erit.
3236 1259 3374 1313 Mors
3402 1272 3571 1314 autem
3600 1261 3646 1313 in

2110 1344 2187 1396 eis
2241 1344 2599 1410 temporalitcr
2646 1346 2851 1404 transit,
2885 1360 2988 1398 non
3020 1345 3071 1399 iit
3112 1354 3371 1402 aeternum
3401 1351 3647 1419 regnabit.

2111 1433 2291 1501 Itaque
2321 1435 2456 1488 sicut
2489 1449 2581 1502 per
2603 1437 2758 1488 unius
2777 1436 3027 1490 delictum
3050 1438 3101 1492 in
3123 1454 3310 1493 omnes
3336 1439 3570 1498 homines
3591 1447 3647 1500 ad

2112 1526 2605 1580 condemnationem
2630 1526 2720 1594 (de
2744 1542 2843 1595 qua
2867 1529 3311 1583 condemnatioue
3338 1534 3533 1600 parvuli
3569 1551 3647 1606 per

2107 1627 2493 1670 sacramentum
2525 1618 2766 1686 baptismi
2807 1618 3063 1673 liberandi
3104 1631 3228 1674 sunt
3265 1622 3316 1690 ),
3350 1624 3416 1676 ita
3465 1635 3519 1680 et
3566 1643 3647 1695 per

453 1709 611 1776 gulis,
639 1711 726 1763 ubi
760 1711 957 1766 dictum
1003 1724 1083 1766 εει
1114 1714 1278 1780 ςρυίε
1311 1715 1553 1769 ῃεςοιιάίι
1580 1714 1604 1767 2
1643 1725 1872 1770 montem
1904 1717 2004 1770 υο-
2041 1695 2087 1755 Β
2115 1704 2717 1771 uniusjustiﬁcationem
2745 1706 2795 1759 in
2826 1720 3012 1761 omnes
3042 1707 3286 1764 homines
3322 1711 3385 1763 ad
3405 1712 3648 1778 justitia-

455 1800 601 1865 mini,
619 1801 838 1870 autquis
854 1803 1010 1857 stabit
1031 1802 1082 1856 iit
1106 1803 1222 1857 loco
1243 1817 1424 1859 saneto
1446 1805 1599 1874 ejus?
1623 1806 1874 1860 innocens
1896 1824 2007 1862 ma.

450 1890 624 1957 nibus,
643 1901 694 1945 et
716 1894 943 1947 mundus
964 1895 1160 1958 corde;
1183 1894 1436 1950 innocens
1466 1898 1703 1951 manibu~
1731 1900 2001 1964 ascendet,

450 1989 500 2035 et
532 1982 760 2036 mundus
793 1983 952 2039 corde
1005 1984 1165 2039 stabit
1189 2000 1204 2040 :
1225 1985 1351 2039 illud
1401 1987 1452 2040 in
1475 2002 1637 2056 Opere
1663 1999 1764 2054 est,
1798 1990 1924 2042 illud
1953 1992 2003 2043 itt

450 2071 574 2126 ﬁne.
609 2072 676 2125 Et
713 2073 821 2126 illic
849 2073 1014 2143 magis
1049 2075 1444 2144 intelligendum
1474 2078 1614 2145 quod
1651 2077 1848 2132 dictum
1880 2091 2002 2134 est:

450 2163 590 2217 Bona
613 2173 691 2218 est
712 2165 1004 2219 substantia
1026 2166 1107 2219 cui
1128 2181 1231 2220 non
1254 2177 1334 2221 est
1359 2179 1628 2235 peccatum
1653 2169 1703 2222 in
1727 2171 2006 2224 conscien-

448 2256 535 2308 tia.
564 2255 715 2310 Tunc
733 2257 873 2311 enim
899 2257 991 2310 erit
1017 2272 1144 2312 vere
1165 2258 1300 2312 bona
1332 2260 1647 2323 substantia,
1677 2259 1727 2315 id
1756 2272 1836 2313 est
1864 2275 2003 2314 verte

443 2347 658 2413 divitiae,
691 2365 810 2403 cum
861 2350 1129 2403 transierit
1176 2358 1283 2404 tota
1335 2360 1635 2417 paupertas,
1671 2350 1721 2404 id
1769 2360 1849 2405 est
1878 2365 2006 2403 con-

445 2447 647 2505 sumpta
673 2438 828 2490 fuerit
850 2439 1023 2492 omnis
1072 2438 1370 2493 inﬁrmitas.
1396 2438 1547 2493 Nunc
1569 2453 1694 2492 vero
1719 2447 1921 2493 avertat
1950 2454 2007 2492 se

445 2526 601 2579 homo
629 2543 656 2580 a
685 2527 897 2592 delicto,
927 2542 1044 2581 cum
1075 2528 1405 2596 proﬂciendo
1433 2528 1553 2582 inde
1573 2528 1814 2594 discedit,
1838 2537 1892 2582 et
1921 2544 2006 2583 re-

445 2627 668 2673 novetur
688 2618 755 2673 de
776 2618 860 2673 die
885 2620 934 2671 in
959 2620 1119 2684 diem,
1142 2629 1195 2673 et
1216 2620 1409 2689 dirigat
1436 2620 1702 2674 manusin
1724 2635 1882 2689 Opera
1910 2620 2004 2673 mi-

443 2708 764 2772 serlcordim,
798 2711 940 2763 etab
992 2713 1133 2764 omni
1180 2711 1373 2764 delicto
1423 2711 1640 2765 mundet
1671 2727 1764 2765 cur
1812 2726 2002 2777 suum;

442 2797 755 2851 misereatur
769 2806 825 2850 ut
845 2798 984 2866 quod
1008 2807 1170 2852 restat
1201 2815 1294 2867 per
1318 2799 1526 2853 veniam
1550 2801 1868 2860 dimittatur.
1895 2800 2005 2854 lioc

440 2888 575 2942 enim
599 2890 880 2945 salubriter
903 2899 956 2944 et
976 2893 1088 2944 sine
1119 2905 1250 2943 vana
1281 2891 1524 2960 inanique
1567 2890 1821 2959 jactantia
1873 2891 2007 2945 bene

441 2981 747 3051 intelligitur
780 2981 832 3035 in
862 2995 924 3035 eo
955 2981 1094 3049 quod
1128 2981 1258 3035 dixit
1282 2989 1500 3035 sanctus
1529 2981 1758 3036 Joannes
1785 2999 1798 3034 :
1827 2983 1881 3037 Si
1915 2998 2008 3036 eor

2111 1795 2307 1848 tionem
2336 1797 2454 1848 vitae
2478 1811 2492 1849 :
2521 1807 2569 1849 et
2604 1797 2687 1850 hic
2718 1811 2901 1851 omnes
2923 1798 3054 1852 dixit
3074 1809 3124 1851 et
3151 1800 3246 1863 ibi,
3290 1805 3526 1871 nonquia
3551 1821 3644 1859 om-

2109 1899 2204 1938 nes
2229 1884 2465 1938 homines
2488 1886 2776 1939 veniuntad
2799 1888 3018 1954 gratiam
3041 1888 3641 1955 justiﬁcationisChristi,

2107 1990 2226 2030 eum
2275 1985 2377 2028 tam
2430 1975 2582 2028 multi
2611 1977 2823 2030 alienati
2851 1978 2918 2030 ab
2942 1977 3029 2030 illa
3061 1980 3112 2030 in
3153 1989 3405 2033 aeternum
3434 1987 3644 2036 morian-

2106 2074 2193 2119 tur
2219 2082 2232 2118 :
2263 2065 2353 2118 sed
2379 2065 2498 2132 quia
2529 2079 2714 2119 omnes
2740 2065 2827 2133 qui
2851 2077 3224 2130 renascuntur,
3251 2069 3303 2121 in
3328 2069 3621 2136 justiilcatio

2108 2169 2229 2207 nem
2272 2169 2375 2206 non
2416 2152 2515 2207 nisi
2561 2168 2654 2222 per
2679 2148 2946 2207 Christum
2979 2165 3360 2221 renascuntur;
3391 2158 3523 2211 sicut
3549 2174 3642 2212 ont-

2107 2259 2198 2298 nes
2236 2244 2325 2312 qui
2354 2254 2662 2309 nascuntur,
2693 2245 2744 2297 in
2814 2244 3308 2300 condemnationem
3341 2251 3540 2303 nonnisi
3568 2264 3640 2319 per

2107 2336 2271 2388 Adam
2327 2344 2628 2389 nascuntur.
2655 2335 2819 2389 Nemo
2862 2338 3055 2403 quippe
3078 2337 3202 2408 [est]
3235 2338 3288 2391 in
3321 2340 3404 2393 illa
3430 2357 3635 2409 genera-

2108 2426 2249 2478 tione
2272 2433 2462 2493 przeter
2490 2425 2677 2490 Adam,
2703 2441 2856 2478 nu-mo
2883 2426 2935 2478 in
2968 2427 3062 2479 ista
3096 2433 3498 2494 regeneratione
3526 2446 3641 2499 prae-

2111 2525 2189 2569 ter
2217 2516 2511 2580 Christum;
2543 2517 2661 2571 ideo
2682 2533 2866 2572 omnes
2886 2528 2939 2572 et
2968 2533 3152 2572 omnes
3184 2535 3198 2572 :
3231 2521 3445 2574 eosdem
3476 2539 3632 2576 au'ent

2108 2622 2291 2661 omnes
2337 2607 2496 2662 etiam
2547 2608 2741 2662 multos
2763 2617 2947 2677 postea
2969 2608 3114 2672 dicit,
3145 2609 3440 2677 adjnngens
3471 2631 3482 2662 :
3507 2612 3635 2666 Sient

2108 2698 2247 2750 enim
2265 2712 2356 2763 per
2379 2696 2796 2751 inobedientiam
2817 2699 2971 2752 unius
2984 2698 3213 2752 hominis
3224 2712 3639 2768 peccatoreseon-

2111 2787 2281 2840 stituti
2310 2799 2429 2840 suut
2457 2788 2632 2854 multi,
2664 2791 2743 2842 sic
2767 2797 2820 2842 et
2845 2802 2941 2856 per
2969 2789 3127 2841 unius
3157 2789 3388 2845 hominis
3407 2792 3640 2845 obaiien-

2111 2879 2259 2939 tiam,
2289 2879 2415 2944 justi
2446 2879 2833 2931 constituentur
2860 2877 3031 2930 multi.
3063 2878 3162 2944 Qui
3193 2881 3366 2942 multi,
3399 2882 3497 2935 nisi
3524 2895 3637 2948 quos

2106 2969 2214 3038 jam
2243 2968 2397 3037 paulo
2428 2977 2549 3021 ante
2575 2982 2758 3037 omnes
2787 2968 3022 3021 dixerat?
3053 2967 3184 3021 Vide
3212 2971 3639 3038 quemadmodum

439 3082 675 3127 nostrum
705 3087 802 3126 nos
833 3088 937 3126 non
969 3072 1339 3138 reprehrndat,
1369 3072 1612 3125 fiduciam
1646 3072 1901 3126 habemus
1931 3073 1996 3125 ad

2109 3059 2446 3115 commendat
2494 3073 2678 3122 unum,
2705 3066 2759 3112 et
2801 3074 2982 3124 unum,
3030 3059 3081 3113 id
3129 3069 3210 3113 est
3237 3061 3403 3114 Adam
3428 3073 3482 3115 et
3507 3062 3641 3116 Chri.

440 3162 628 3227 Deum,
658 3170 709 3214 et
736 3175 1062 3230 quaacunque
1109 3161 1414 3229 petierimus
1457 3161 1782 3230 accipiemus
1811 3163 1878 3215 ab
1907 3177 1991 3216 eo.

440 3254 550 3307 lloc
578 3254 719 3307 enim
745 3254 954 3306 videtur
986 3254 1037 3306 iu
1083 3255 1183 3309 isto
1223 3254 1340 3306 loco
1386 3254 1749 3319 admonuisse,
1780 3273 1846 3311 ne
1903 3272 1998 3310 cor

441 3354 676 3397 nostrum
725 3359 819 3398 nos
845 3344 897 3398 in
926 3346 1034 3413 ipsa
1065 3346 1304 3399 oratione
1334 3355 1389 3399 et
1425 3348 1682 3416 petitione
1708 3351 1997 3417 reprehen-

442 3435 530 3487 tlat
548 3452 563 3499 ;
582 3435 679 3488 hoc
703 3444 802 3497 est,
822 3450 886 3488 ne
914 3435 1046 3488 ἴοι-ιιι
1068 3450 1187 3487 cum
1212 3437 1529 3503 cmperintus
1549 3438 1749 3502 dicere,
1783 3439 1996 3495 Dimitte

445 3525 616 3586 nobis,
649 3525 784 3576 sicut
833 3532 886 3576 et
924 3539 1020 3577 nos
1051 3524 1396 3590 dimittimus,
1427 3522 1848 3593 compungamur
1894 3545 1996 3584 non

445 3617 615 3668 iacere
667 3613 804 3681 quod
836 3613 1080 3676 dicimus,
1105 3623 1195 3666 aut
1243 3618 1402 3666 etiam
1437 3630 1540 3667 non
1586 3616 1877 3670 audeamus
1913 3618 1998 3670 di-

443 3722 563 3759 cere
590 3723 656 3773 qn
696 3705 727 3757 d
773 3721 875 3759 non
908 3705 1194 3769 faciamus.
1225 3715 1278 3759 et
1309 3708 1554 3760 ﬁduciam
1598 3709 1812 3764 netentti
1839 3710 1997 3763 amit.

445 3813 634 3853 tantus.

987 3869 1211 3924 CAPUT
1232 3869 1448 3924 CCCIII.

446 3959 520 4012 lie
547 3977 604 4012 eo
633 3961 766 4024 quod
794 3962 865 4012 ait
895 3961 1159 4029 Apostolus
1176 3975 1195 4012 :
1215 3958 1469 4012 Iudicium
1492 3976 1554 4013 ex
1579 3975 1682 4013 uno
1708 3962 1757 4013 in
1773 3963 2000 4014 condo-m-

518 4048 579 4154 ἵα
602 4034 794 4109 fortem;
822 4046 881 4082 ea:
909 4031 1116 4099 epistola
1152 4030 1510 4101 Responsionis
1539 4031 1605 4082 ad
1637 4039 1865 4085 consulta
1893 4031 1992 4084 lli-

539 4117 651 4151 rtrﬂ.

539 4117 651 4151 rtrﬂ.

517 4215 648 4266 (tum
673 4228 798 4280 ergo
824 4214 872 4266 in
896 4223 1139 4280 utroque,
1171 4211 1221 4264 id
1243 4221 1325 4266 est
1353 4222 1406 4265 et
1434 4212 1485 4266 in
1512 4213 1712 4283 judicio
1736 4224 1790 4270 et
1811 4217 1860 4269 in
1880 4231 2000 4283 gra-

450 4309 542 4372 tia,
573 4306 712 4374 quod
764 4305 951 4357 attinet
975 4297 1039 4356 ad
1093 4319 1252 4358 unum
1284 4313 1337 4358 et
1366 4299 1525 4358 multa
1556 4307 1746 4361 delicta
1776 4325 1875 4362 una
1903 4324 1995 4363 ca-

2097 3161 2238 3205 stum
2256 3169 2265 3202 :
2285 3149 2427 3203 illum
2450 3148 2514 3202 ad
2536 3149 3049 3213 condemnationem,
3075 3148 3215 3204 hunc
3235 3151 3301 3202 ad
3321 3150 3639 3218 justiﬁcatin.

2101 3256 2248 3305 nem;
2275 3256 2393 3294 cum
2419 3249 2563 3293 tanto
2585 3249 2700 3303 post
2716 3238 2882 3292 Adam
2906 3240 3106 3291 venerit
3127 3238 3372 3293 Christus
3397 3243 3448 3292 in
3471 3255 3632 3302 carne,

2099 3343 2153 3386 ut
2169 3334 2403 3387 sciamus
2419 3328 3183 3400 antiquosjustos,quicunque
3205 3345 3322 3384 esse
3345 3339 3629 3397 potuerunt,

2099 3440 2201 3477 non
2233 3423 2332 3476 nisi
2365 3437 2458 3491 per
2483 3419 2725 3474 eamdem
2758 3418 2914 3472 ﬁdem
2947 3419 3204 3474 liberatos
3231 3435 3325 3488 per
3347 3436 3501 3489 quam
3528 3420 3636 3472 libe-

2100 3529 2280 3567 ramur
2329 3525 2382 3567 et
2425 3527 2543 3576 nes,
2572 3511 2727 3564 ﬁdem
2775 3510 2980 3563 scilicet
3029 3511 3413 3565 incarnationis
3437 3511 3633 3570 Christi,

2099 3617 2220 3670 qua:
2271 3602 2377 3653 illis
2405 3599 2874 3668 praenuntiabatur,
2902 3600 3039 3652 sicut
3069 3609 3125 3654 et
3167 3601 3319 3654 nobis
3367 3603 3626 3655 annuntia-

2102 3694 2256 3747 batur
2297 3691 2454 3762 [facta
2495 3688 2877 3759 annuntiatur].
2911 3689 3034 3743 ideo
3065 3689 3150 3745 hic
3181 3690 3449 3745 Christum
3481 3693 3628 3742 homi-

2101 3798 2220 3837 nem
2242 3782 2521 3843 dieit.cum
2534 3781 2602 3834 sit
2621 3788 2676 3835 et
2705 3779 2866 3844 Deus,
2885 3794 2950 3832 ne
2975 3781 3097 3849 quis
3121 3781 3385 3836 existimet
3413 3784 3631 3849 antiquae

2092 3875 2264 3943 justos
2313 3888 2408 3941 per
2434 3872 2598 3926 Deum
2639 3870 3003 3924 tantummodo
3046 3870 3337 3934 Christum,
3369 3872 3422 3925 id
3452 3883 3527 3924 est
3554 3885 3632 3939 per

2101 3963 2329 4020 Verbum
2354 3961 2491 4028 quod
2522 3971 2636 4016 erat
2661 3961 2711 4013 in
2739 3959 3018 4029 principio,
3043 3974 3147 4012 non
3175 3960 3337 4013 etiam
3381 3975 3474 4028 per
3495 3960 3626 4012 ﬁdi-tn

2098 4054 2473 4109 incarnationis
2497 4053 2629 4117 ejus,
2654 4065 2753 4120 qua
2781 4058 2836 4104 et
2865 4049 3022 4102 homo
3045 4049 3294 4102 Christus
3322 4049 3528 4111 dicitur,
3553 4064 3630 4115 rw-

2101 4148 2262 4201 tuisse
2291 4143 2520 4200 liberari.
2546 4142 2818 4197 Sententia
2849 4141 3041 4210 quippe
3071 4139 3171 4193 ista
3193 4140 3395 4194 destrui
3430 4155 3528 4192 nco
3557 4152 3630 4205 {.0-

2101 4247 2223 4299 test,
2248 4237 2314 4289 de
2356 4250 2456 4304 qna
2494 4244 2546 4287 et
2572 4231 2698 4286 alibi
2725 4231 2851 4284 dicit
2882 4245 2974 4299 per
3002 4244 3162 4282 unum
3193 4229 3460 4283 hominem
3487 4241 3630 4288 mors.

2100 4340 2153 4383 et
2185 4341 2280 4395 per
2308 4340 2465 4379 unum
2499 4323 2765 4376 hominem
2794 4321 3111 4376 resurrectio
3139 4331 3466 4372 mortuorum
3492 4338 3505 4371 :
3527 4317 3632 4370 sicut

451 4397 676 4460 tit-inque
697 4394 766 4446 sit
786 4394 942 4456 ratio,
957 4392 1232 4447 dicantisti
1250 4394 1400 4447 nobis
1411 4410 1572 4462 quare
1584 4396 1840 4462 judicium
1856 4401 2000 4455 dixe-
2028 4393 2080 4453 D
2111 4419 2161 4473 ίη
2180 4392 2344 4472 Adam
2364 4429 2546 4470 omnes
2563 4413 2881 4477 moriuntur,
2899 4411 2978 4465 sic
3000 4421 3050 4464 et
3068 4405 3121 4463 in
3144 4409 3358 4462 Christo
3375 4423 3553 4462 omnes
3574 4405 3634 4458 Ii-

455 4495 519 4535 rtt
541 4497 603 4534 ex
626 4496 730 4535 uno
749 4481 938 4535 delicto
953 4481 1146 4537 ducere
1170 4483 1220 4536 in
1261 4484 2006 4558 condemnationem,gratiam

455 4586 580 4624 vero
601 4587 662 4623 ex
689 4571 866 4624 multis
889 4570 1093 4626 delictis
1125 4573 1174 4626 in
1189 4574 1637 4640 justiﬁcationem.
1656 4581 1756 4631 Aut
1772 4583 2009 4648 acquies-

455 4671 578 4715 cant
604 4662 724 4715 ideo
748 4661 823 4714 sic
840 4656 960 4717 esSe
977 4662 1331 4733 dictum,quia
1354 4666 1405 4719 in
1427 4668 1526 4720 hac
1553 4682 1711 4722 causa
1739 4671 1846 4723 duo
1885 4687 2009 4726 con-

456 4754 745 4805 stituuntur
767 4752 1008 4806 homines
1027 4770 1040 4804 :
1059 4753 1246 4820 Adam,
1266 4770 1328 4808 ex
1355 4773 1457 4825 quo
1474 4757 1712 4813 subsistit
1739 4763 2011 4829 generatio

459 4843 704 4909 carnalis,
727 4850 785 4897 et
813 4841 1074 4911 Christus,
1107 4858 1171 4898 ex
1203 4859 1307 4912 quo
1336 4849 1604 4910 generatio
1632 4849 2000 4922 [regeneratio]

460 4934 743 4998 spiritalis;
769 4932 860 4988 sed
891 4935 1008 5002 quia
1063 4944 1261 4988 tantum
1304 4937 1387 4990 ille
1420 4936 1598 5004 homo,
1623 4939 1720 4993 iste
1749 4952 1925 4994 autem
1953 4952 2006 4995 et

465 5029 600 5080 Deus
613 5039 664 5082 et
680 5029 837 5081 homo
857 5045 869 5079 ε
888 5042 989 5080 non
1008 5029 1271 5092 quomodo
1289 5028 1374 5081 illa
1391 5031 1658 5096 generatio
1687 5048 1792 5085 uno
1814 5033 1896 5086 del
1922 5045 2008 5086 cto

462 5121 678 5184 obligat,
702 5119 836 5187 quod
863 5130 941 5172 est
963 5135 1024 5171 ex
1057 5119 1243 5181 Adam,
1277 5118 1342 5170 ita
1377 5121 1470 5172 ista
1503 5127 2002 5190 regenerationnum

466 5211 710 5264 delictum
730 5213 894 5262 solum
919 5211 1092 5273 soi-vit,
1110 5213 1246 5279 quod
1272 5221 1348 5264 est
1369 5227 1430 5265 ex
1454 5214 1638 5266 Adam.
1669 5215 1771 5267 Sed
1797 5217 1868 5268 illi
1890 5219 2010 5285 qui-

467 5304 584 5354 dem
638 5302 962 5371 generationi
1016 5304 1202 5356 sufﬁcit
1239 5303 1303 5354 ad
1333 5304 1824 5359 condemnationem
1858 5309 2012 5360 unius

470 5393 643 5445 delicti
673 5393 957 5456 connexio;
990 5394 1238 5462 quidquid
1269 5395 1409 5447 enim
1440 5405 1615 5461 postea
1667 5397 1904 5451 homines
1947 5417 2010 5453 ex

474 5483 622 5533 malis
671 5484 779 5535 suis
828 5485 1073 5549 operibus
1117 5486 1332 5544 addunt.
1366 5502 1466 5538 non
1498 5489 1725 5552 pertinet
1773 5491 1835 5541 ad
1870 5491 2010 5543 illam

477 5573 892 5636 generatioiicm,
936 5576 1024 5628 sed
1085 5577 1146 5630 ad
1203 5577 1482 5631 humanm:
1538 5593 2010 5634 conversationem.

2112 4507 2491 4567 vilicabuntnr;
2525 4505 2704 4569 utique
2746 4499 3189 4556 resurrectionem
3222 4498 3350 4552 dicit
3376 4499 3632 4565 jostorn.

2125 4596 2214 4650 ubi
2245 4604 2323 4649 est
2351 4595 2454 4646 vita
2482 4601 2700 4654 eterna,
2728 4604 2830 4644 non
2861 4589 3311 4643 resurrectionem
3342 4586 3630 4655 iniquoru,

2115 4685 2199 4738 ubi
2231 4698 2372 4737 mors
2415 4691 2611 4735 :eterna
2659 4680 2798 4733 erit:
2825 4678 2942 4733 ideo
2972 4678 3045 4732 ait
3075 4678 3508 4740 viviﬁcabuntr,
3533 4677 3631 4744 qvi:

2116 4777 2188 4829 illi
2246 4773 2653 4828 damnabantur.
2685 4771 2818 4824 Hinc
2857 4780 2912 4824 et
2939 4771 2990 4824 in
3021 4771 3290 4825 veteribus
3320 4767 3632 4825 sacramentis

2110 4864 2437 4920 circumcisio
2458 4862 2788 4929 parvulorum
2805 4863 3082 4916 octavodie
3111 4861 3224 4915 ﬁeri
3249 4871 3506 4944 pr'zcepta
3548 4868 3630 4913 est.

2113 4954 2356 5025 quoniam
2385 4954 2646 5016 Christus,
2676 4951 2725 5002 in
2757 4966 2857 5019 quo
2905 4953 2960 5002 ﬁt
3009 4950 3185 5003 delicti
3210 4949 3439 5004 carnalis
3465 4961 3630 5013 exspo-

2116 5045 2256 5097 liatio
2287 5045 2463 5112 (quam
2490 5041 2750 5106 signiﬁcat
2775 5040 3153 5104 circumcisio),
3174 5039 3259 5090 die
3288 5041 3468 5091 doinin
3489 5055 3544 5091 eo
3567 5051 3628 5087 rc-

2116 5141 2366 5193 surrextt,
2385 5131 2469 5198 qui
2495 5140 2609 5196 post
2636 5129 2911 5193 soptimnm
2941 5128 3142 5178 subbati
3171 5139 3389 5181 octavus
3418 5139 3511 5181 est.
3533 5127 3627 5178 llzc

2119 5237 2244 5289 ergo
2275 5221 2400 5273 ﬁdes
2443 5222 2596 5272 etiam
2642 5222 2974 5284 antiquarum
3003 5217 3264 5284 justontm
3298 5220 3417 5282 luit;
3451 5238 3513 5271 un
3535 5223 3626 5271 lcet

2117 5311 2399 5375 Apostolus
2446 5309 2572 5361 dit-it
2604 5327 2614 5361 :
2652 5308 2916 5360 llabentes
2941 5317 3115 5358 autem
3149 5310 3392 5359 eumdem
3424 5311 3625 5374 sjnrittmt

2118 5401 2256 5460 ﬁdei,
2291 5411 2500 5464 propter
2531 5398 2664 5466 quod
2712 5397 2964 5458 serimum
3015 5405 3096 5447 est
3137 5413 3148 5446 :
3179 5394 3417 5460 Credidi,
3451 5408 3626 5466 propter

2117 5491 2251 5556 ψωό
2280 5490 2480 5541 locutus
2510 5507 2622 5540 smn
2650 5508 2661 5548 ;
2693 5499 2746 5540 et
2773 5502 2865 5538 nos
2890 5487 3175 5550 credimus,
3213 5502 3426 5556 propter
3451 5491 3570 5556 quod
3586 5495 3622 5537 tl

2119 5583 2412 5648 inquiritur;
2450 5598 2548 5634 non
2582 5581 2772 5631 illecret
2800 5577 3041 5630 eumdem
3088 5575 3345 5645 Spirgtutu
3380 5580 3524 5632 ﬁdei.
3547 5592 3622 5627 me:
