3874 6226
129 338 260 391 l0't7

1344 330 1773 388 TlliSSMIliL'S.
1811 330 1957 385 CAP.
2000 329 2192 386 θῦεν.

3234 338 3364 394 ΙΗῑὶ

126 451 439 503 :tltnonens
484 452 639 503 etTam
670 448 909 514 antiquos
930 446 1101 514 juStos
1126 445 1294 514 ipsum
1324 445 1569 498 habuisse
1599 441 1707 509 Spi-

1821 439 2066 508 juatsivit.
2093 438 2229 505 Quid
2276 437 2322 490 t-i
2354 440 2713 506 responderim
2759 440 3026 494 subditum
3073 440 3203 509 lege.
3240 444 3365 496 Item

125 540 287 592 ritum
325 540 485 597 litlei,
515 539 615 591 hoc
667 547 747 591 est
778 537 1152 590 incarnationis
1204 534 1423 589 Christi.
1450 534 1554 591 Sed
1584 535 1704 604 quia

128 630 230 682 illis
259 626 463 681 'futura
516 629 965 695 praenuntiabatur
990 643 1106 697 qua:
1131 628 1239 695 jam
1264 628 1396 681 facta
1433 629 1583 680 nobis
1614 644 1705 679 ξιι-

122 719 437 783 nuntiatur,
474 728 527 773 et
549 729 782 783 tempore
812 718 1016 773 Veteris
1058 718 1380 773 Testamettti
1434 718 1704 770 velabatur

123 826 243 876 ειιιςιι
271 820 530 875 tempore
546 808 1011 863 Novi'l‘eswmenti
1034 810 1315 873 revelatur,
1332 808 1452 861 ideo
1478 806 1593 875 ejus
1622 822 1703 859 sa-

121 911 410 954 rranteuta
449 902 645 955 variata
673 911 826 968 sunt,
857 912 912 953 ut
940 901 1041 954 alia
1067 910 1246 955 essent
1274 901 1324 953 itt
1357 900 1548 953 Vetere
1574 900 1707 952 Tes-

125 999 397 1052 tamento,
426 992 531 1044 alia
553 991 607 1044 in
639 990 812 1054 Novo,
842 1006 959 1045 cum
989 992 1120 1047 fides
1163 995 1275 1058 ipsa
1298 990 1442 1042 varia
1484 1003 1586 1041 non
1617 988 1704 1050 sit,

123 1082 222 1133 sed
254 1097 365 1135 una
402 1085 513 1145 sit,
539 1081 659 1150 quia
699 1081 833 1135 sicut
877 1083 928 1135 in
961 1082 1127 1135 Adam
1154 1094 1341 1133 omnes
1387 1080 1707 1142 moriuntur,

126 1172 203 1226 sic
230 1181 289 1227 et
332 1173 388 1224 in
437 1171 651 1225 Christo
678 1186 863 1223 omnes
891 1170 1317 1224 vivificabuntur.

703 1262 927 1318 CAPUT
954 1260 1165 1317 (ῑοειν.

127 1351 327 1407 Contra
352 1355 413 1407 id
438 1355 577 1424 quod
598 1355 833 1407 dixerunt
852 1353 1117 1421 Pelagiani
1142 1354 1417 1424 humanam
1440 1369 1537 1406 non
1564 1368 1709 1416 posse

195 1434 412 1477 mutare
456 1423 540 1477 oet
575 1425 842 1477 debilitare
882 1433 1117 1475 naturam
1157 1424 1210 1475 id
1255 1423 1388 1491 quod
1419 1424 1700 1475 substantia

195 1506 377 1558 caret;
408 1509 477 1547 ea:
496 1495 621 1547 libro
642 1494 702 1545 de
728 1494 926 1546 Natura
947 1503 992 1546 et
1019 1493 1216 1546 Gratia.

201 1583 417 1645 Primo,
447 1584 637 1651 inquit,
658 1584 723 1637 de
743 1598 807 1636 eo
825 1582 1199 1648 disputandum
1224 1579 1458 1648 estquod
1481 1595 1573 1647 per
1592 1594 1711 1646 pec-

128 1684 313 1728 catum
330 1676 615 1729 debilitata
631 1675 823 1727 dicitur
840 1684 893 1726 et
912 1673 1186 1725 immutata
1209 1682 1414 1723 natura.
1429 1671 1581 1726 Unde
1593 1679 1715 1722 ante

1809 529 2023 595 quaeris,
2059 527 2296 596 inquam,
2328 538 2506 581 tttrttm
2554 530 2770 595 Spirius
2800 530 3113 585 ‘iitttnttndtts
3140 533 3228 599 qui
3258 544 3369 587 erat

1809 618 1860 670 itt
1885 616 2192 685 pythonissa
2224 618 2452 686 potuerit
2479 634 2635 685 agere
2667 630 2718 671 ttt
2740 618 2951 673 Samuel
2980 635 3008 672 a
3038 619 3199 673 Sattle
3225 621 3372 675 vitle-

1808 720 1866 759 re
1892 721 1972 770 ur,
2002 715 2057 759 et
2088 708 2392 772 loqueretur
2420 720 2537 758 cum
2569 722 2654 762 eo.
2691 707 2792 760 Sed
2824 708 2988 761 multo
3020 708 3235 777 majoris
3265 710 3363 762 titi-

1809 795 1967 848 racult
1990 802 2094 859 est,
2122 795 2261 861 quod
2291 795 2405 860 ipse
2432 796 2658 850 Satanas
2703 794 2945 864 princeps
2976 795 3367 851 immundorttm

1809 884 2042 937 omnium
2089 885 2371 952 spirituum
2407 888 2573 951 potult
2603 885 2746 954 loqui
2777 901 2896 939 cum
2946 888 3076 951 Deo,
3106 898 3159 942 et
3189 900 3369 957 petere

1817 972 2122 1024 tentandum
2174 972 2275 1027 Job
2312 970 2663 1039 juStiSsimum
2702 975 2870 1026 virum
2906 991 2918 1026 :
2949 976 3038 1043 qui
3068 978 3224 1029 etiam
3252 992 3373 1044 apo-

1811 1058 1973 1111 stolos
1998 1058 2275 1113 tentandos
2304 1059 2485 1128 petiit;
2517 1068 2609 1112 aut
2633 1059 2677 1113 si
2705 1059 2805 1113 hoc
2826 1060 2943 1115 ideo
2966 1077 3069 1115 non
3096 1062 3253 1118 habet
3272 1063 3365 1121 dti-

1814 1146 2009 1201 liciti-tn
2030 1147 2403 1215 quzestionem,
2431 1150 2553 1216 quia
2594 1162 2685 1214 per
2712 1163 2868 1217 quam
2898 1149 3123 1205 voluerit
3154 1165 3360 1206 creatu-

1814 1250 1951 1304 ram,
1983 1238 2065 1290 cui
2095 1235 2320 1288 voluerit
2360 1244 2638 1298 creatum.
2687 1237 2881 1304 ubique
2912 1252 3143 1305 prmsetts
3169 1243 3364 1294 veritas

1816 1323 2046 1394 loquitur
2078 1340 2093 1379 :
2119 1340 2215 1379 nec
2246 1334 2524 1393 prottterea
2556 1327 2727 1393 magni
2759 1328 2931 1380 mt'rili
2976 1338 3062 1382 est
3088 1329 3174 1383 cui
3202 1332 3372 1399 loqui-

1820 1426 1905 1472 tur
1935 1419 2108 1483 Deus;
2143 1418 2365 1473 interest
2401 1419 2541 1471 enitn
2582 1419 2704 1487 quid
2747 1418 2905 1489 [ipse]
2953 1422 3223 1490 loquatur;
3254 1427 3373 1490 quia

1818 1518 1876 1565 et
1898 1511 2189 1578 imperator
2213 1523 2334 1562 cum
2367 1507 2544 1561 multis
2573 1509 2938 1563 innocentibus
2967 1527 3067 1565 non
3100 1512 3332 1579 loquitur
3357 1554 3373 1576 ,

1818 1601 2013 1669 quibus
2046 1600 2508 1668 providentissime
2548 1601 2777 1651 consulit
2796 1600 2861 1651 ad
2886 1602 3109 1655 salutem
3134 1643 3148 1666 ,
3180 1614 3231 1655 et
3258 1618 3377 1656 cum

1819 1692 1995 1743 tttu‘tis
2023 1690 2333 1742 nocentibus
2363 1690 2593 1755 loquitur
2614 1727 2631 1750 ,
2661 1704 2794 1754 quos
2837 1689 2986 1756 jubet
3033 1692 3253 1744 interfici
3284 1707 3297 1744 :
3330 1696 3374 1744 si

133 1765 315 1817 omnia
364 1764 716 1833 qua-rendum
779 1772 935 1830 puto,
965 1762 1151 1831 inquit,
1184 1757 1398 1830 quidsit
1424 1769 1715 1828 percatum,

1828 1793 1953 1846 ergo
1984 1777 2107 1829 hinc
2137 1788 2411 1843 propterea
2442 1777 2579 1827 nulla
2605 1778 2825 1843 qua-stio
2846 1788 2949 1840 est,
2980 1780 3118 1831 nulla
3144 1781 3213 1832 sit
3234 1794 3378 1845 qum-

132 1854 448 1908 substantia
478 1854 673 1922 aliqua,
705 1869 770 1907 an
821 1854 1039 1907 omnino
1069 1853 1363 1906 substantia
1392 1854 1498 1922 76
1526 1868 1715 1907 carens

136 1958 364 2008 nomen,
398 1960 510 2012 quo
530 1960 633 1999 non
659 1959 764 2006 res,
790 1960 891 1999 non
912 1944 1215 2008 existentia,
1248 1960 1355 1998 non
1384 1959 1578 2013 corpus
1618 1945 1716 1998 ali-

133 2037 303 2101 quod,
328 2035 435 2090 sed
469 2051 743 2105 perperam
792 2036 913 2091 facti
943 2048 1091 2090 actus
1138 2035 1470 2102 exprimitur.
1516 2035 1715 2093 Deinde

137 2124 391 2194 adjuugit
426 2144 441 2178 :
479 2126 652 2179 Credo
683 2128 752 2179 ita
783 2134 900 2189 est;
923 2136 980 2180 et
1022 2126 1066 2179 si
1094 2126 1165 2179 ita
1211 2135 1327 2191 est,
1352 2126 1555 2194 inquit,
1578 2140 1714 2195 quo-

134 2217 302 2269 modo
324 2218 509 2286 potuit
542 2218 819 2271 humanam
843 2217 1119 2272 debilitare
1140 2218 1220 2273 vel
1242 2228 1447 2273 mutare
1475 2229 1712 2271 naturam

138 2303 283 2369 quod
312 2305 616 2359 substantia
641 2307 818 2359 caret?
849 2306 1148 2361 Certtitisne
1170 2321 1275 2375 quo
1306 2307 1566 2361 tendat‘et
1612 2321 1716 2374 quo

139 2410 334 2447 manus
385 2397 624 2466 porrigat
679 2397 792 2451 haec
819 2397 1139 2466 disputatio,
1173 2409 1227 2451 ttt
1256 2399 1473 2451 omnino
1521 2397 1715 2451 fru5tra

141 2487 349 2542 dictum
425 2499 668 2557 putetur,
698 2488 922 2543 Vocabis
968 2505 1160 2543 nomen
1215 2490 1326 2558 ejus
1356 2488 1419 2544 Je
1450 2505 1535 2543 nm
1566 2489 1718 2557 :ipse

142 2584 285 2635 enim
316 2584 534 2636 salvum
563 2584 718 2636 faciet
746 2584 993 2652 populum
1012 2598 1165 2638 suum
1194 2598 1223 2635 a
1246 2583 1479 2651 peccatis
1504 2596 1713 2637 eorum.

143 2670 439 2737 Quomodo
459 2673 600 2725 enim
625 2672 827 2726 salvum
857 2670 1034 2736 faciet,
1056 2673 1143 2725 ubi
1166 2671 1307 2725 nulla
1328 2680 1402 2725 est
1430 2670 1718 2740 aegritudo?

146 2772 367 2826 [eccata
424 2764 618 2831 quippe
666 2778 727 2816 ea
754 2762 944 2832 quibus
969 2761 1096 2816 dicit
1126 2761 1464 2831 Evangeliutn
1514 2762 1716 2812 salvum

148 2852 459 2907 faciendum
504 2856 751 2922 populum
781 2853 995 2919 Chris‘ti,
1022 2853 1316 2907 substantia
1362 2869 1461 2905 non
1494 2862 1634 2915 sunt,
1665 2858 1717 2904 ct

148 2943 449 2996 secundum
499 2944 653 2997 istum
682 2944 868 2999 vitiare
900 2960 1003 2997 non
1045 2952 1290 3010 poSsunt.
1320 2944 1363 2997 Ο
1413 2944 1592 3007 frater,
1622 2942 1717 2994 bo-

152 3046 278 3084 nunt
304 3030 401 3085 est
434 3041 494 3086 ttt
526 3032 829 3086 memineris
855 3043 905 3087 te
931 3047 1051 3088 esse
1076 3033 1454 3087 Christianum.
1487 3033 1717 3087 Credere

1816 1866 1921 1918 stio
1949 1864 2214 1933 quomodo
2243 1866 2402 1917 etiam
2447 1862 2755 1916 immundus
2807 1866 3029 1931 spiritus
3057 1883 3173 1918 tutu
3205 1868 3379 1920 anima

1816 1954 1983 2008 sancti
2032 1952 2128 2003 viri
2176 1951 2314 2020 loqui
2365 1952 2595 2019 potuerit
2650 1946 2671 2005 τΔ
2713 1952 2959 2005 omnibus
3000 1955 3139 2007 enim
3183 1957 3380 2010 sanctis

1820 2042 1958 2097 Deus
1986 2050 2192 2095 creator
2217 2051 2271 2095 et
2293 2040 2653 2095 sanctilicator
2678 2040 2835 2109 longe
2865 2042 3043 2109 utique
3074 2043 3242 2111 major
3272 2057 3375 2098 est.

1817 2134 1965 2202 Quod
1990 2135 2034 2187 si
2061 2134 2161 2187 hoc
2188 2144 2364 2187 movet
2383 2136 2521 2202 quod
2546 2133 2756 2186 licuerit
2778 2134 3006 2201 maligno
3036 2136 3243 2201 spiritui
3280 2152 3377 2189 ex-

1822 2225 1989 2279 citare
2013 2224 2242 2277 animant
2267 2223 2395 2292 jt‘sti
2415 2263 2429 2287 ,
2462 2231 2517 2277 et
2545 2232 2792 2290 tanquam
2816 2224 2882 2276 de
2923 2224 3110 2278 abditis
3142 2237 3379 2278 mortuo-

1818 2334 1935 2374 rum
1969 2319 2324 2386 receptaculis
2352 2331 2578 2371 evncare
2607 2357 2621 2378 ,
2655 2332 2826 2371 nonne
2869 2319 3033 2386 tttag3s
3081 2319 3376 2372 mirandum

1818 2417 1901 2464 est
1928 2407 2067 2477 quod
2089 2408 2312 2461 Satanas
2339 2408 2509 2473 ipsum
2542 2407 2818 2459 Dominum
2843 2408 3146 2476 assumpsit,
3173 2420 3221 2462 et
3253 2422 3379 2461 cun.

1820 2498 1993 2551 stituit
2017 2512 2178 2565 super
2219 2497 2429 2564 pinnam
2462 2496 2676 2564 templi?
2703 2498 2951 2560 Quolibet
2975 2498 3116 2551 enim
3144 2486 3380 2554 ntodo‘id

1819 2586 2036 2653 fecerit,
2079 2588 2167 2640 ille
2191 2587 2352 2641 etiam
2384 2587 2571 2640 modus
2613 2602 2717 2654 quo
2754 2587 2967 2641 Samuel
3001 2588 3193 2640 factum
3215 2598 3378 2641 estut

1818 2676 2032 2728 excitari
2056 2684 2141 2728 tur
2165 2716 2180 2739 ,
2226 2676 2470 2728 similiter
2518 2675 2680 2739 latet;
2714 2673 2811 2727 nisi
2845 2674 2980 2728 forte
3009 2676 3127 2744 quis
3166 2676 3383 2743 dixerit,

1819 2762 2109 2839 faciliorem
2151 2764 2363 2817 diabolo
2392 2763 2553 2818 fuisse
2583 2764 2846 2817 licentiam
2887 2765 2951 2817 ad
2993 2764 3274 2818 Dominum
3297 2766 3373 2818 vi-

1817 2868 1941 2907 vum
1971 2852 2108 2908 unde
2136 2853 2295 2907 voluit
2325 2854 2731 2920 assumendum,
2777 2863 2832 2907 ct
2874 2854 2958 2905 ttlti
2989 2854 3152 2907 voluit
3182 2855 3381 2909 consti.

1820 2943 2071 2996 tuendum
2088 2981 2107 3010 ,
2127 2957 2284 3009 quam
2315 2943 2380 2994 ad
2408 2942 2668 2996 Samuelis
2691 2943 2919 2997 defuncti
2948 2944 3188 3011 spiritum
3211 2958 3239 2995 a
3264 2946 3375 2998 suis

1820 3034 2036 3088 sedibus
2067 3033 2426 3088 excitandum.
2457 3033 2607 3100 Quod
2637 3035 2678 3087 si
2711 3034 2837 3087 illud
2879 3034 2929 3087 in
2970 3029 3255 3101 Evaitgelio
3285 3049 3405 3088 nos,

152 3121 248 3176 ista
278 3123 511 3179 fortasse
532 3124 829 3191 suffecerit;
857 3125 951 3179 sed
980 3134 1153 3179 tamen
1178 3127 1297 3194 quia
1322 3125 1591 3194 disputare
1614 3124 1713 3187 vis,
1713 3145 1790 3218 κο
1826 3124 1945 3179 ideo
1977 3140 2079 3179 non
2114 3124 2422 3193 perturbat,
2455 3125 2575 3193 quia
2609 3124 2862 3177 Dominus
2890 3124 3053 3176 voltt't
3076 3133 3231 3192 atque
3258 3138 3380 3191 per-

151 3225 249 3265 nec
272 3214 457 3279 obt-st,
490 3215 596 3269 ituo
620 3215 782 3268 etiam
808 3209 1042 3284 prodest,
1061 3217 1103 3268 si
1130 3216 1178 3267 lit
1195 3216 1425 3269 missitna
1456 3209 1720 3282 prmeedat‘

155 3298 315 3364 titles;
352 3316 454 3354 rec
498 3300 861 3357 existimemus
905 3316 1119 3372 peccato
1167 3288 1406 3357 ttaittrattt
1436 3291 1716 3358 humanam

158 3399 261 3437 non
324 3402 489 3454 posse
544 3389 756 3455 vitiari,
812 3390 905 3444 sed
969 3392 1160 3445 divinis
1216 3395 1489 3447 credentes
1542 3394 1720 3462 Scrip—

157 3477 311 3544 turis,
346 3487 570 3545 peccato
615 3495 732 3532 eam
778 3496 895 3534 esse
923 3482 1190 3547 vitiatam,
1219 3484 1481 3552 quomodo
1528 3483 1578 3537 id
1610 3484 1717 3537 lieri

160 3568 415 3631 potuerit,
440 3569 798 3636 inqttiratuns;
822 3578 1071 3640 quoniam
1104 3584 1375 3642 peccatum
1396 3577 1501 3640 jam
1532 3575 1720 3629 didici-

158 3668 274 3707 tnus
316 3671 428 3709 non
455 3673 575 3710 esse
602 3658 973 3726 substantiam,
1004 3677 1178 3718 nonne
1207 3654 1515 3728 attenditur,
1542 3678 1590 3718 ut
1622 3666 1721 3718 alia

157 3743 426 3811 emittam,
458 3746 618 3800 etiam
669 3764 773 3801 non
828 3752 1148 3807 manducare
1177 3769 1281 3806 non
1332 3769 1451 3808 esse
1480 3754 1723 3809 substan-

160 3832 318 3914 tiam?
349 3838 395 3890 Α
423 3838 725 3893 substantia
752 3841 858 3907 qui;
882 3856 946 3909 pe
975 3842 1258 3907 receditur,
1297 3845 1543 3911 quoniam
1573 3846 1724 3901 cibus

162 3922 459 3980 substantia
485 3938 599 3993 est;
628 3929 719 3983 sed
746 3929 1012 3986 abstinere
1040 3947 1069 3983 a
1092 3934 1211 3985 cibo
1239 3949 1341 3987 non
1368 3942 1451 3986 est
1476 3935 1723 3988 substan-

160 4014 329 4079 tia,et
354 4026 533 4072 tamen
563 4020 855 4075 substantia
894 4024 1153 4091 corporis,
1182 4024 1226 4077 si
1250 4024 1465 4079 omnino
1492 4028 1722 4081 abstine-

164 4111 245 4158 tur
266 4122 295 4159 a
319 4107 463 4174 cibo,
487 4108 557 4162 ita
612 4110 920 4180 languescit,
945 4114 1013 4166 ita
1036 4114 1348 4170 valetudinis
1373 4118 1722 4185 inteqttalitate

106 4264 107 4267 η
161 4198 554 4267 cortutnpitnr,
588 4199 653 4252 ita
681 4201 989 4254 exhauritur
1034 4203 1253 4269 viribus,
1288 4207 1355 4259 ita
1409 4206 1721 4263 lassitudine

163 4280 466 4340 deblitatur
494 4299 545 4339 et
570 4288 842 4357 frangitur,
867 4299 919 4341 ut
940 4291 983 4344 si
1010 4290 1186 4360 aliquo
1210 4292 1366 4347 modo
1388 4296 1635 4363 perduret
1666 4297 1717 4351 itt

164 4371 287 4435 vita,
315 4376 399 4429 vix
452 4378 617 4444 possit
663 4378 727 4443 ad
755 4394 874 4431 eum
905 4380 1081 4435 cibum
1111 4385 1345 4438 revocari
1378 4386 1515 4440 unde
1554 4387 1719 4442 absu-

1823 3217 1965 3270 ntisit
1992 3216 2131 3269 nulla
2158 3215 2511 3269 diminutione
2542 3230 2651 3267 sua:
2676 3215 2952 3282 potestatis
2989 3223 3043 3268 et
3087 3213 3383 3267 divinitatis

1823 3307 1873 3361 id
1909 3306 2053 3370 fieri,
2082 3307 2221 3359 sicut
2266 3306 2333 3359 ab
2365 3306 2494 3374 'psIs
2536 3303 2732 3357 iudicis
2761 3304 3085 3371 (quanquam
3120 3306 3386 3371 perversis

1822 3404 1983 3464 atque
2031 3395 2349 3459 immundis,
2397 3405 2450 3448 et
2480 3395 2610 3447 facta
2658 3393 2915 3447 diabolica
2959 3392 3290 3458 facientibus)
3320 3402 3412 3447 et.

1819 3483 1987 3537 teneri
2013 3495 2102 3548 se,
2151 3493 2200 3537 et
2243 3483 2457 3546 vinciri,
2488 3491 2541 3535 et
2564 3481 2738 3546 illudi,
2766 3492 2818 3535 et
2844 3472 3098 3549 crtteiligi,
3124 3491 3280 3549 atque
3308 3480 3385 3533 itt-

1822 3574 1991 3627 terlici
2025 3585 2211 3639 passus
2237 3581 2318 3625 est
2344 3588 2359 3636 ;
2386 3586 2487 3623 non
2526 3580 2607 3623 est
2632 3570 2918 3623 absurdum
2943 3570 3163 3623 credere
3193 3584 3253 3621 ex
3283 3565 3383 3620 alio

1821 3676 1923 3726 qua
1986 3660 2387 3725 disqensatlone
2447 3658 2643 3712 divinae
2726 3657 3012 3710 voluntatis
3079 3657 3386 3724 permissum

1824 3750 1989 3804 fuisse
2016 3760 2073 3803 ut
2118 3764 2221 3804 non
2256 3750 2485 3814 invitus,
2518 3763 2617 3803 nec
2660 3748 2968 3802 dominante
3010 3757 3167 3816 atque
3210 3746 3385 3815 subjtt~

1821 3848 1979 3907 gante
2006 3840 2206 3906 magica
2232 3839 2487 3904 ροιοιιιίει,
2503 3838 2595 3891 sed
2620 3838 2801 3889 volens
2824 3847 2982 3906 atque
3004 3834 3379 3905 obtemperans

1822 3928 2047 3983 occulta:
2071 3926 2457 3995 dispensationi
2489 3927 2603 3993 Dei,
2628 3941 2745 3993 quae
2772 3926 3129 3994 pytltonissant
3163 3927 3300 3978 illam
3329 3937 3383 3981 et

1836 4015 2045 4069 Saulent
2075 4017 2298 4078 latebat,
2328 4014 2650 4068 consentiret
2675 4014 2892 4080 spiritus
2927 4015 3192 4082 proplteta-
3214 4014 3381 4067 sancti

1823 4119 1881 4158 se
1911 4104 2121 4157 ostendi
2148 4104 2381 4171 aspecmi
2425 4105 2563 4172 regis
2582 4146 2596 4166 ,
2624 4103 2796 4156 divina
2824 4117 2943 4156 eum
2972 4103 3230 4156 sententia
3263 4102 3378 4170 pet-

1822 4208 2092 4249 cttssnrtts.
2140 4193 2246 4249 Cur
2282 4195 2424 4248 enim
2465 4195 2635 4248 anima
2669 4194 2792 4247 boni
2836 4194 3094 4261 hominis,
3138 4208 3168 4247 a
3222 4193 3375 4247 malis

1823 4286 1956 4341 vivis
1987 4297 2206 4341 evocata
2247 4288 2289 4340 si
2321 4286 2557 4351 venerit,
2590 4286 2834 4339 amittere
2863 4285 3105 4338 videatur
3150 4284 3379 4353 dignita-

1827 4385 1930 4428 tem
1963 4389 2145 4442 suam,
2178 4390 2296 4429 cum
2341 4383 2394 4428 et
2433 4375 2538 4427 vivi
2571 4373 2882 4443 plerumque
2908 4373 3030 4427 boni
3053 4413 3067 4437 ,
3116 4372 3284 4427 vocati
3314 4372 3379 4426 ad

168 4466 337 4519 nettdo
380 4467 560 4521 vitiata
605 4478 707 4522 est.
737 4470 825 4523 Sic
853 4486 955 4525 non
985 4482 1066 4525 est
1087 4474 1379 4529 substantia
1422 4490 1715 4544 peccatum,

1826 4465 1993 4517 malos
2021 4464 2255 4528 veniant,
2285 4475 2331 4518 et
2356 4474 2511 4531 agant
2536 4480 2655 4517 cum
2684 4463 2760 4516 eis
2785 4462 2924 4531 quod
2954 4461 3182 4515 officium
3208 4471 3379 4530 postu-

166 4554 253 4607 sed
276 4556 569 4610 substantia
603 4568 685 4611 est
712 4558 850 4613 Deus
876 4575 1186 4631 summaque
1213 4566 1527 4629 substantia,
1552 4577 1605 4620 et
1629 4583 1715 4622 so-

168 4641 249 4697 lus
276 4661 434 4700 verus
460 4648 730 4703 rationalis
758 4663 1015 4706 creatura:
1047 4654 1214 4708 cibus.
1257 4659 1293 4708 Α
1326 4672 1429 4724 quo
1483 4666 1574 4725 per
1602 4660 1717 4713 ino-

168 4732 487 4791 bedientiaut
518 4740 833 4805 recedendo,
864 4751 914 4795 et
956 4759 1048 4810 per
1076 4745 1435 4801 infirmitatem
1488 4765 1590 4803 non
1634 4768 1723 4803 va-

171 4820 325 4877 lendo
350 4842 545 4895 capere
570 4844 675 4895 quo
703 4828 886 4883 debuit
918 4840 972 4884 et
999 4833 1249 4900 gaudere,
1292 4838 1445 4891 audis
1471 4842 1723 4907 quemad-

171 4914 378 4969 modum
430 4918 571 4970 dieat
602 4936 613 4969 :
649 4918 958 4972 Percussum
1008 4931 1089 4975 est
1117 4924 1254 4978 sicut
1286 4926 1481 4993 fcitum,
1513 4941 1565 4983 et
1587 4934 1723 4984 aruit

170 5012 257 5053 cur
284 5019 488 5071 meum,
518 5007 760 5074 quoniam
789 5008 983 5062 oblitus
1012 5026 1126 5065 sum
1176 5017 1497 5072 munditeare
1534 5036 1716 5087 panem

176 5101 365 5146 meum.

712 5167 933 5223 CAPUT
970 5172 1161 5228 (ξοην.

178 5247 248 5304 De
276 5255 482 5310 Samuel
504 5272 547 5311 et
578 5260 1118 5396 Pythoqjssmexlibro
1143 5269 1210 5319 ad
1235 5267 1512 5324 Dulcitium
1534 5276 1596 5327 de
1631 5290 1715 5328 vttt

805 5338 1148 5388 amationibus.

805 5338 1148 5388 amationibus.

245 5412 399 5507 Sexta
429 5428 513 5470 tua
561 5422 846 5484 propttsilio
880 5434 990 5487 est,
1027 5434 1197 5479 tttt'ttnt
1243 5428 1388 5507 juxta
1436 5432 1718 5487 Historiam

181 5493 313 5565 [libri
340 5504 559 5575 lit-gum]
593 5510 896 5577 pythonissa
929 5515 1096 5581 ipsuttt
1147 5493 1453 5585 prophetam
1499 5522 1723 5577 Samue-

183 5588 277 5641 lem
304 5594 369 5647 tle
401 5597 601 5649 inferno
629 5606 948 5657 evocaverit.
996 5606 1105 5658 lloc
1134 5622 1161 5659 a
1208 5625 1289 5661 tne
1328 5613 1492 5666 beam
1523 5632 1721 5668 mento-

187 5682 268 5740 τίω
290 5688 675 5761 Simplici-tuus,
701 5695 1105 5752 Mediolanum-Is
1122 5701 1418 5771 episcopus,
1445 5704 1725 5776 aliquando

1824 4555 1918 4617 lat,
1948 4553 2210 4621 aequitatis
2240 4563 2453 4605 servato
2481 4562 2639 4620 atque
2660 4552 2978 4604 inconcusso
3001 4550 3191 4615 decore
3220 4550 3382 4603 virtu-

1825 4640 1889 4694 tis
1911 4655 2020 4693 suze
2041 4678 2055 4703 ,
2087 4650 2140 4693 et
2171 4641 2379 4694 illorum
2406 4640 2545 4694 vitiis
2573 4655 2667 4706 pro
2696 4654 2874 4694 rerum
2933 4637 3269 4705 prmsentium
3300 4640 3382 4693 vel

1825 4745 1945 4791 usti,
1994 4729 2077 4782 vel
2131 4729 2454 4783 necessitate
2502 4728 2775 4784 tractatis?
2820 4727 3123 4797 Quanquam
3179 4726 3230 4779 in
3286 4728 3383 4779 hoc

1827 4820 1965 4871 tacto
2008 4828 2178 4885 potest
2204 4832 2322 4870 esse
2365 4816 2499 4870 alius
2539 4814 2745 4871 facilior
2765 4817 2944 4869 exitus
2968 4855 2981 4878 ,
3007 4824 3058 4867 et
3084 4811 3378 4879 expeditior

1830 4906 2130 4960 intellectus
2157 4948 2170 4969 ,
2204 4918 2259 4959 ut
2306 4921 2409 4959 non
2442 4919 2566 4959 vero
2614 4904 2855 4972 spiritum
2888 4902 3145 4956 Samuelis
3174 4901 3371 4953 excita-

1826 5004 1933 5047 tum
1959 5011 1988 5048 a
2029 4997 2211 5063 requie
2240 5010 2331 5048 sua
2364 4994 2642 5048 credamus
2662 5032 2677 5057 ,
2708 4993 2797 5046 sed
2820 4975 3025 5059 aliquod
3058 4992 3365 5057 phantasma

1821 5096 1872 5137 ct
1923 5086 2276 5152 imaginariam
2308 5084 2601 5137 illusionem
2650 5082 2845 5136 diaboli
2896 5078 3373 5132 machinationibus

1832 5174 2019 5227 faciant
2043 5213 2055 5237 ,
2086 5191 2239 5243 qnam
2274 5183 2552 5243 protiterea
2584 5174 2849 5238 Scriptura
2883 5174 3089 5222 nomine
3112 5168 3378 5222 Samuelis

1834 5264 2091 5329 appellat,
2121 5263 2241 5331 quia
2273 5265 2444 5315 solent
2472 5261 2725 5326 imagines
2747 5274 2923 5313 eorum
2955 5273 3125 5311 rerum
3146 5260 3379 5311 omnium

1832 5353 2134 5405 nominibus
2164 5352 2415 5418 appellari
2464 5366 2683 5419 quarum
2715 5347 2968 5417 imagines
3016 5357 3139 5401 sunt
3182 5366 3193 5399 :
3246 5351 3380 5403 sictt

1831 5443 2003 5495 omnia
2024 5458 2139 5509 qua:
2157 5444 2437 5509 pinguntur
2451 5454 2602 5509 atque
2620 5443 2812 5508 lingunt
2825 5456 2884 5491 ur
2899 5456 2959 5492 ex
2978 5441 3147 5509 aliqua
3165 5442 3378 5493 materia

1834 5534 2027 5584 metalli
2081 5544 2170 5585 aut
2219 5535 2372 5602 ligni,
2407 5543 2493 5585 aut
2523 5532 2775 5597 cujusque
2828 5532 2899 5583 rei
2947 5541 3085 5594 apta:
3133 5531 3195 5582 ad
3223 5545 3379 5598 opera

1836 5620 2168 5686 ltujttstnutli,
2226 5639 2445 5691 qttteque
2489 5623 2644 5673 etiam
2677 5620 2917 5673 videntur
2950 5622 2998 5671 iit
3052 5622 3270 5673 somnis.
3311 5620 3378 5673 I'Lt

1834 5730 2017 5766 omnes
2046 5716 2153 5769 iure
2185 5716 2436 5784 imagines
2464 5730 2641 5768 earum
2668 5729 2839 5767 rerum
2874 5729 3089 5779 quarum
3123 5714 3379 5783 imagines
