3874 6226
540 401 667 460 ίυίο

1580 383 1644 440 n.
1686 347 2331 437 contentionum
2365 340 2683 432 amttam

3618 382 3737 436 {0‘20

457 561 459 563 .
530 522 687 576 sunt,
719 475 972 584 appellari
1001 505 1078 562 .in
1123 485 1369 562 omnibus
1415 476 1589 580 solqnt
1612 513 1635 554 ς
1677 495 1797 566 quis
1825 493 1967 549 enim
2122 488 2173 548 A
2200 484 2400 584 exitum
2426 489 2880 584 lllamulectionem
2903 491 2995 584 qui
3015 492 3215 584 nonAsi't
3236 500 3418 547 contra
3438 492 3623 584 diem;
3649 499 3733 548 nisi

531 602 620 673 qui
667 583 932 660 hominem
1005 594 1203 667 pictum
1261 591 1481 672 dubitet
1528 602 1724 660 vocare
1775 583 2097 665 hominem?

531 685 958 760 quandoquidem
985 693 1041 743 ct
1065 674 1401 756 singulorum
1449 672 1778 756 quorumque
1834 675 2096 753 picturam

530 791 646 838 cum
674 773 960 849 aspicimus
982 813 1000 841 ,
1041 771 1259 846 propria
1289 784 1517 845 qumque
1540 767 2099 840 nominaincunctan-

514 859 608 920 'ter
631 863 946 924 adhibemus
969 880 983 916 :
1005 862 1152 921 velut
1179 875 1298 931 cum
1321 861 1590 919 intuentes
1620 857 1852 922 tabulam
1884 867 1974 934 aut
1999 871 2096 925 pa-

527 953 737 1020 rietem.
763 953 993 1012 dicimus
1022 970 1036 1008 :
1068 951 1162 1009 llle
1195 950 1382 1008 Cicero
1411 958 1494 1009 est
1517 985 1537 1016 ,
1569 949 1658 1008 ille
1682 947 1962 1023 Sallustius
1989 954 2093 1015 est,

527 1043 619 1101 ille
646 1042 877 1104 Achilles
906 1079 929 1114 ,
972 1041 1063 1102 ille
1093 1040 1319 1107 Hector;
1373 1038 1476 1096 hoc
1524 1039 1721 1098 ﬂumen
1750 1037 1972 1108 Simois,
2006 1036 2093 1095 illa

532 1123 737 1200 lloma;
768 1149 891 1208 cum,
926 1132 1072 1194 aliud
1102 1131 1235 1191 nihil
1276 1132 1382 1189 sint
1418 1145 1575 1203 quam
1612 1130 1765 1202 pictae
1811 1127 2093 1204 imagines.

530 1225 682 1284 Unde
709 1223 997 1284 Cherubim
1028 1238 1146 1284 curn
1180 1222 1571 1282 sintcmlestcs
1613 1230 1936 1290 potestates,
1969 1219 2094 1289 (icta

535 1328 710 1374 tamen
741 1328 808 1373 ex
838 1312 1055 1375 metallo
1081 1313 1221 1385 quod
1254 1313 1532 1383 imperavit
1558 1311 1696 1369 Deus
1723 1325 1884 1376 super
1909 1322 2090 1385 arcam

529 1403 881 1474 Testamenti,
903 1417 1105 1476 magno:
1135 1403 1210 1461 rei
1237 1401 1600 1476 signiﬁcanda:
1621 1396 2091 1473 gratiannnaliud

529 1503 686 1558 quam
713 1488 1000 1562 Cherubim
1034 1489 1089 1544 in
1119 1489 1206 1548 illa
1234 1503 1446 1563 quoque
1493 1489 1738 1559 ﬁgmenta
1764 1487 2086 1546 vocitantur.

528 1580 649 1649 ltcm
676 1580 912 1648 quisquis
935 1582 1093 1658 .vidct
1119 1580 1416 1646 somnium,
1450 1594 1554 1634 non
1584 1578 1748 1634 dicit:
1795 1576 1918 1635 Vidi
1958 1577 2092 1632 ima-

525 1660 700 1740 ginem
719 1669 1023 1740 Augustini,
1047 1681 1138 1726 aut
1168 1669 1532 1738 Simpliciani;
1558 1669 1678 1736 sed,
1698 1668 1808 1728 vidi
1839 1666 2092 1740 Augusti-

527 1774 672 1828 num,
702 1775 768 1814 an
805 1760 1207 1828 Simplicianum
1241 1778 1255 1815 :
1287 1776 1405 1814 cum
1453 1775 1518 1816 eo
1556 1771 1796 1830 tempore
1833 1775 1939 1833 quo
1984 1760 2090 1819 tale

2203 579 2336 636 ferte
2366 581 2709 649 prohrndiore
2733 591 2783 636 et
2811 582 3096 650 prolixiore
3123 581 3502 656 [perplexiore]
3528 579 3733 653 inquisi-

2201 670 2376 736 tione,
2405 686 2525 740 qua:
2555 670 2636 726 vel
2664 671 2856 725 virium
2885 687 3124 727 mearum
3154 673 3238 728 vel
3273 675 3518 743 temporis
3539 674 3736 727 excedo

2201 759 2503 827 angttstias,
2535 758 2834 813 Inveniatur
2849 759 3210 828 adliquidum,
3238 761 3319 817 vel
3347 777 3520 832 posse,
3545 765 3621 816 vel
3642 779 3736 816 non

2199 862 2354 915 posse
2377 848 2609 902 animam
2643 847 2924 902 humanam
2954 863 3076 902 cum
3106 865 3175 902 ex
3207 849 3304 904 hac
3333 853 3431 902 vita
3463 852 3734 920 etuigrave-

2199 938 2298 1002 rit,
2329 936 2548 1007 maglcis
2591 931 2916 994 carminibus
2958 951 3232 998 evocatam
3265 982 3282 1008 ,
3331 943 3559 996 vivorum
3590 957 3733 1010 appa-

2197 1044 2320 1085 rere
2339 1028 2742 1100 cunspectibus,
2774 1029 2933 1085 etiam
2954 1030 3196 1095 conteris
3221 1032 3355 1086 linea
3365 1043 3528 1088 menta
3545 1045 3732 1104 gratan-

2199 1130 2328 1189 tem,
2359 1129 2417 1177 ut
2446 1135 2550 1176 non
2592 1122 2762 1177 solum
2794 1121 2961 1178 videri
2985 1124 3182 1188 valeat,
3211 1126 3306 1179 sed
3339 1137 3390 1180 et
3415 1126 3620 1198 agnosci
3649 1145 3661 1179 :
3686 1137 3730 1180 et

2197 1210 2240 1266 si
2268 1220 2475 1282 potest,
2509 1221 2682 1265 utrum
2709 1212 2869 1268 etiam
2896 1212 3026 1283 justi
3054 1215 3254 1276 anima,
3289 1230 3391 1268 non
3427 1215 3630 1283 quidem
3649 1231 3730 1269 eu-

2195 1311 2348 1373 gatur
2375 1303 2598 1372 magicis
2623 1302 2790 1358 sacris
2810 1343 2826 1369 ,
2854 1302 2950 1358 sed
2976 1304 3220 1373 dignetur
3239 1302 3464 1370 ostendi,
3495 1306 3728 1359 occultio-

2192 1391 2341 1458 rlbus
2367 1390 2604 1464 imperiis
2631 1393 2953 1470 [mysteriis]
2969 1410 3190 1449 summm
3207 1393 3339 1464 lt-gis
3354 1395 3728 1462 obtemperans;

2195 1489 2251 1536 ut
2270 1482 2314 1536 si
2338 1481 2451 1537 ﬁeri
2482 1498 2587 1538 non
2612 1498 2774 1553 posse
2798 1483 3054 1542 claruerit
3072 1525 3085 1546 .
3116 1498 3222 1540 non
3253 1493 3472 1550 uterque
3497 1486 3730 1539 sensusin

2193 1573 2352 1644 hujus
2376 1574 2666 1644 Scriptura
2699 1576 3020 1634 tractatione
3040 1586 3201 1644 atque
3225 1576 3550 1643 expositione
3563 1574 3732 1628 adnut-

2195 1672 2359 1728 tatur,
2386 1665 2480 1723 sed
2527 1665 2620 1719 illo
2649 1665 2900 1730 excluso,
2935 1665 3246 1735 imaginaria
3279 1665 3542 1721 simulatio
3578 1663 3728 1735 [-imi-

2195 1753 2382 1825 litudo]
2405 1755 2691 1819 Samuelis,
2720 1745 2983 1811 diabolica
3007 1756 3113 1811 ritu
3139 1753 3273 1811 facta
3299 1754 3624 1822 intelligatur.
3642 1753 3727 1809 Sed

526 1849 720 1924 aliquid
751 1850 879 1907 vidit
902 1889 919 1918 ,
950 1865 1048 1906 nos
1086 1850 1489 1933 ignoraremus;
1539 1865 1706 1922 usque
1749 1850 1884 1905 adeo
1912 1849 2085 1917 mani-
2118 1841 2163 1898 B
2189 1846 2438 1913 quoniam
2466 1849 2580 1904 sive
2608 1847 2736 1902 illud
2766 1847 2878 1904 lieri
2914 1848 3098 1915 possit,
3149 1850 3269 1902 sive
3312 1863 3413 1903 non
3454 1850 3635 1915 possit,
3659 1858 3726 1900 ta-

527 1939 720 2000 festum
747 1949 828 1998 est
857 1955 964 1999 non
997 1941 1141 2012 ipsos
1172 1941 1416 2006 homines
1457 1941 1548 1998 sed
1592 1941 1850 2010 imagines
1898 1953 2085 1998 eorum

526 2029 720 2088 videri.
752 2028 824 2090 Et
850 2029 1057 2097 Pharao
1085 2030 1258 2104 spicas
1279 2045 1338 2089 se
1362 2031 1496 2088 dixit
1517 2030 1714 2088 vidisse
1741 2031 1789 2084 in
1813 2031 2016 2086 somnis
2032 2040 2085 2086 et

524 2119 726 2188 boves,
758 2133 865 2180 non
892 2120 1157 2188 spicarum
1200 2130 1291 2174 aut
1337 2120 1496 2179 boum
1531 2118 1803 2192 imagines.
1833 2118 1890 2174 Si
1923 2119 2087 2191 igitur

522 2206 718 2275 liquido
738 2216 947 2267 constat
973 2210 1276 2267 nominibus
1298 2225 1480 2273 earum
1497 2227 1674 2268 rerum
1699 2224 1923 2284 quarunt
1950 2212 2084 2268 ima-

523 2295 675 2368 gines
691 2307 814 2364 sunt
834 2299 1047 2357 easdem
1071 2299 1328 2370 imagines
1355 2300 1632 2374 appellari,
1658 2317 1761 2359 non
1791 2302 1983 2359 mirum
2003 2312 2086 2364 est

519 2392 660 2458 quod
697 2388 993 2463 Scriptura
1067 2392 1237 2458 ditit,
1288 2391 1589 2451 Samuelem
1637 2392 1847 2458 visum.
1879 2393 2086 2452 etiamsi

521 2481 662 2542 forte
687 2480 859 2556 imago
903 2481 1169 2542 Samuelis
1210 2483 1457 2553 apparuit
1491 2482 1924 2540 machinamento
1969 2483 2088 2553 ejus

522 2571 616 2640 qui
659 2571 1000 2644 transfigurat
1034 2586 1092 2627 se
1129 2573 1278 2632 velut
1327 2573 1574 2643 angelum
1617 2572 1780 2641 lucis,
1821 2584 1876 2628 et
1906 2573 2086 2630 ηιίιιὶε‹

521 2667 630 2718 tros
657 2673 784 2717 suos
807 2660 952 2716 velut
994 2661 1265 2716 ministros
1297 2661 1542 2730 juStitiae.
1571 2662 1687 2717 Jam
1722 2677 1848 2738 vero
1885 2666 1926 2720 si
1957 2663 2085 2722 illud

521 2759 698 2808 movet
719 2749 989 2822 quomodo
1017 2758 1073 2806 et
1093 2765 1122 2805 a
1157 2750 1390 2820 maligno
1413 2751 1602 2821 spiritu
1628 2752 1774 2810 Sauli
1803 2768 1928 2808 vera
1953 2769 2085 2821 prmo

515 2841 659 2901 dicta
698 2843 838 2912 sint,
869 2853 1042 2912 pote“
1079 2854 1137 2900 et
1182 2844 1312 2903 illud
1340 2847 1535 2905 mirum
1567 2846 1767 2913 videri,
1815 2840 2086 2916 quomodo

514 2931 786 2992 tltemones
829 2933 1152 3004 agnoverint
1198 2935 1496 3001 Christum,
1547 2952 1705 3005 quem
1756 2936 1923 2994 Judaei
1973 2953 2114 2998 non.

513 3022 906 3092 agnoscebant
935 3023 1068 3082 Cum
1110 3026 1254 3081 enim
1300 3027 1412 3084 vult
1452 3027 1593 3081 Deus
1640 3029 1799 3084 etiam
1841 3043 1935 3096 per
1963 3029 1995 3086 i-
2023 3031 2083 3086 (ιη

514 3127 633 3171 mos
677 3113 1016 3184 infamesque
1060 3115 1280 3186 spiritus
1305 3117 1535 3188 aliquem
1561 3134 1687 3179 vera
1729 3134 2076 3190 cognoscere,

2189 1950 2309 1993 men
2342 1937 2544 1994 iallacia
2575 1937 2787 1994 Satantc
2814 1949 2973 2006 atque
3002 1938 3291 2006 imaginum
3339 1940 3730 1996 simulandaruni

2185 2026 2376 2082 callida
2422 2027 2661 2094 operatio
2703 2027 3034 2095 decipiendis
3073 2027 3322 2083 humanis
3351 2029 3583 2084 sensibus
3613 2030 3728 2080 mut-

2187 2115 2414 2173 tiiorrnis
2481 2115 2764 2184 invigilat,
2847 2115 3175 2185 pedetentim
3248 2117 3497 2184 quidem.
3551 2133 3612 2172 ne
3661 2120 3725 2171 in-

2184 2205 2436 2274 quisition
2461 2205 2560 2264 bus
2620 2205 3047 2276 diligentioribus
3141 2209 3573 2278 prtescriliamus,
3648 2210 3726 2262 sui

2187 2305 2360 2354 tamen
2435 2297 2607 2364 potius
2665 2298 3030 2353 existimemus
3118 2301 3226 2356 tate
3290 2301 3480 2368 aliquid
3555 2299 3721 2353 iactura

2185 2385 2247 2458 [a
2323 2388 2555 2457 maligno
2624 2388 2842 2460 spiritu]
2899 2389 3142 2458 maligna
3221 2390 3539 2460 pythonisste
3607 2393 3724 2448 illius

2188 2475 2507 2543 ministerio,
2531 2477 2762 2547 quandiu
2795 2479 2948 2534 nobis
2975 2477 3174 2549 aliquid
3203 2481 3431 2548 amplius
3453 2493 3723 2549 excngrtare

2185 2575 2344 2637 atque
2368 2569 2638 2639 explicare
2658 2584 2766 2625 non
2787 2569 2962 2626 datur.
2999 2569 3122 2626 lituo
3147 2580 3406 2640 suntque:
3429 2581 3547 2626 tunc
3568 2574 3625 2625 dc
3647 2588 3720 2641 py-

2187 2655 2421 2716 tbonissa
2439 2669 2491 2714 et
2510 2659 2760 2716 Samuele
2782 2659 3029 2729 rescripsi
3053 2667 3102 2726 ι,
3123 2659 3221 2714 sed
3242 2676 3399 2731 quam
3424 2676 3521 2717 non
3549 2665 3716 2716 [rustra

2185 2745 2441 2814 dixerim,
2471 2748 2817 2823 pedetentim,
2853 2764 2948 2806 nos
2979 2749 3031 2804 in
3061 2749 3159 2806 bac
3189 2765 3249 2808 re
3277 2759 3425 2820 gesta
3453 2751 3720 2806 simulata-rt

2187 2837 2468 2908 imaginem
2511 2839 2773 2897 Samuelis
2813 2839 3046 2908 maligno
3092 2839 3416 2909 pythonissat
3457 2842 3720 2896 ministerio

2186 2938 2582 2998 praesentatam,
2596 2931 2904 2988 existimare
2925 2931 3123 2989 debere
3137 2933 3229 2999 (ne
3245 2932 3727 3002 inquisitionibusdi-

2185 3021 2554 3092 ligentioribus
2583 3023 3015 3102 prescrihamus)
3056 3037 3172 3077 mea
3198 3023 3462 3092 posterior
3485 3023 3722 3092 inquisitio

2183 3113 2496 3183 declaravit,
2539 3110 2752 3184 quando
2779 3114 2960 3171 inveni
2991 3114 3044 3170 in
3074 3115 3212 3169 l.bro
3239 3114 3621 3175 Ecclesiastico,
3648 3113 3718 3166 ubi

515 3203 823 3270 turtporelia
869 3205 1128 3266 duntaxat
1162 3215 1324 3277 atque
1349 3208 1438 3265 ad
1491 3208 1647 3267 istam
1699 3189 2076 3269 mortalitatem
2108 3189 2158 3254 (ἶ
2189 3213 2367 3273 patres
2394 3203 2676 3280 laudantur
2694 3218 2761 3264 ex
2783 3203 2992 3275 ordine,
3009 3205 3181 3272 ipsum
3198 3205 3274 3257 sic
3289 3203 3449 3257 fuisse
3467 3204 3718 3267 laudatum,

513 3293 867 3362 pertinentia,
912 3294 1177 3356 facile—est
1207 3305 1263 3354 et
1303 3314 1410 3358 non
1440 3299 1790 3370 incongruum
1822 3301 2080 3358 utomni-

516 3394 702 3454 potens
726 3386 828 3454 77
858 3394 934 3448 et-
953 3386 1126 3455 justus
1149 3428 1165 3454 ,
1190 3390 1262 3446 ad
1295 3404 1480 3449 eorum
1515 3406 1724 3460 poenam
1746 3392 1955 3461 quibus
1981 3393 2104 3452 icte-

515 3477 886 3542 Pmdicanlur,
911 3491 968 3535 ut
994 3481 1190 3539 malum
1215 3482 1355 3551 quod
1381 3485 1461 3543 eis
1490 3484 1762 3554 impendet
1789 3493 2078 3554 antequam

515 3567 694 3625 veniat
717 3572 1101 3635 prmonscendo
1115 3574 1400 3638 patiantur,
1425 3574 1638 3630 occulto
1651 3584 1907 3642 apparatu
1937 3589 2081 3644 myso

516 3654 773 3714 teriorltm
815 3672 1031 3718 suorum
1054 3661 1216 3716 etiam
1243 3661 1522 3730 spiritibus
1549 3663 1743 3718 talibus
1767 3662 1967 3733 al‘quid
1996 3665 2078 3723 dir.

516 3745 797 3803 vinationis
828 3748 1113 3816 impertiat,
1133 3751 1359 3821 utquod
1386 3752 1605 3808 audiunt
1627 3754 1693 3808 ab
1714 3755 1914 3824 angelis
1939 3770 2078 3824 ρης

519 3837 761 3897 nuntient
777 3837 1105 3897 hominibus.
1122 3840 1346 3898 Tantum
1363 3852 1538 3897 autem
1557 3845 1800 3914 audiunt,
1823 3855 2076 3914 quantum

513 3928 745 3986 omnium
772 3929 1027 3988 Doniin
1042 3939 1208 4001 atque
1231 3937 1532 3989 moderator
1553 3935 1638 3988 vel
1658 3935 1807 4003 jubet
1823 3935 1906 3988 vel
1927 3936 2074 3991 sinit.

517 4013 669 4076 Unde
691 4017 853 4074 etiam
881 4019 1102 4085 spiritus
1133 4021 1452 4090 pythonicus
1482 4022 1533 4076 in
1562 4021 1784 4078 Actibus
1807 4024 2077 4092 apostolo-

514 4119 632 4160 rum
661 4114 939 4166 attestatur
967 4108 1135 4164 Paulo
1175 4111 1447 4179 apostolo,
1500 4121 1555 4167 et
1589 4113 1913 4182 evangelista
1955 4128 2075 4169 esse

516 4205 740 4252 conatur
771 4213 784 4249 :
819 4197 1046 4256 miscent
1070 4206 1244 4258 tamen
1274 4201 1363 4255 isti
1387 4201 1621 4257 fallacias
1650 4213 1704 4258 et
1723 4219 1905 4259 verum
1934 4205 2075 4274 quod

519 4299 678 4345 rtosse
706 4290 975 4354 potuerint
998 4326 1017 4350 ,
1049 4305 1151 4347 non
1183 4275 1405 4349 docendi
1428 4294 1593 4363 magis
1607 4308 1764 4361 quam
1779 4294 2075 4364 decipiendi

519 4376 623 4434 line
649 4381 1034 4444 praertuntiant;
1059 4390 1111 4435 et
1129 4381 1268 4439 forte
1283 4383 1384 4437 hoc
1402 4393 1480 4437 est
1499 4384 1637 4452 quod
1654 4399 1770 4439 cum
1793 4386 1883 4440 illa
1904 4387 2078 4456 imago

517 4466 776 4526 Samuelis
803 4469 1014 4527 Saulem
1043 4473 1356 4540 prtediceret
1383 4474 1698 4529 moriturum
1716 4513 1734 4542 ,
1760 4475 1898 4530 dixit
1916 4479 2074 4531 etlam

2184 3305 2239 3350 ut
2262 3295 2608 3364 prophetasse
2621 3295 2779 3355 etiam
2801 3304 3040 3349 mortuus
3062 3295 3348 3352 diceretur.
3375 3292 3479 3348 Sed
3500 3298 3603 3346 siet
3621 3293 3716 3345 huic

2181 3385 2318 3442 libro
2331 3400 2394 3444 ex
2413 3384 2755 3442 Hebrteorum
2775 3384 2919 3453 (quia
2951 3383 3003 3436 in
3041 3397 3225 3437 eorum
3259 3398 3364 3439 non
3407 3393 3491 3435 cst
3522 3381 3715 3445 canone)

2181 3474 2585 3539 contradicitur,
2610 3474 2736 3542 quid
2756 3474 2825 3529 de
2849 3474 3029 3543 Moyse
3054 3472 3245 3531 dicturi
3271 3486 3474 3536 sumus,
3497 3472 3578 3540 qui
3597 3480 3714 3524 certe

2181 3572 2236 3620 ct
2256 3564 2308 3620 in
2328 3563 2742 3622 Deuteronomio
2763 3572 3094 3630 mortuus,et
3111 3563 3162 3618 in
3185 3562 3479 3631 Evangelia
3495 3578 3602 3617 cum
3623 3561 3711 3614 Elia

2181 3657 2267 3724 qui
2292 3664 2530 3710 mortuus
2554 3669 2660 3710 non
2687 3663 2769 3710 est
2795 3655 2989 3724 legitur
3015 3653 3328 3723 apparuisse
3359 3655 3667 3709 viventibus?

2711 3765 2936 3835 CAPUT
2993 3763 3214 3819 «σενι

2183 3857 2382 3922 Quibus
2409 3855 2720 3923 sacriﬁcium
2750 3859 2939 3922 prosit,
2969 3863 3058 3906 aut
3086 3854 3229 3907 locus
3265 3864 3542 3923 martyrum
3567 3855 3611 3904 in
3633 3869 3712 3919 quo

2249 3927 2506 3995 quispiam
2549 3922 2793 3995 sepelitur
2822 3940 2839 3987 ;
2887 3939 2949 3978 ea:
2991 3925 3122 3977 libro
3149 3923 3210 3977 de
3236 3922 3372 3979 Cura
3405 3922 3509 3991 pro
3536 3925 3711 3978 sternet

2247 3993 2464 4069 petenda
2493 3995 2559 4048 ad
2589 3993 2865 4046 Paulinum
2892 3994 3197 4064 episwpum.

2248 4108 2520 4178 Scripsisti
2555 4107 2708 4172 mihi,
2731 4120 2976 4176 quarens
2995 4123 3022 4162 ιι
3052 4121 3136 4160 me
3163 4113 3338 4160 utrum
3360 4107 3525 4175 prosit
3547 4106 3704 4169 cuique

2180 4211 2299 4270 post
2323 4209 2548 4260 mortem
2585 4199 2726 4268 quod
2763 4211 2957 4265 corpus
2981 4195 3098 4264 ejus
3141 4195 3280 4264 apud
3315 4198 3481 4251 sancti
3524 4193 3709 4262 alicujus

2179 4291 2492 4350 memoriam
2522 4289 2834 4358 sepeliatur.
2882 4285 3060 4344 Certe.
3093 4285 3222 4342 Nam
3271 4287 3408 4342 dicis
3453 4288 3604 4341 videri
3635 4285 3706 4338 tibi

2180 4399 2284 4439 non
2316 4397 2436 4440 esse
2456 4384 2641 4440 inanes
2675 4395 2851 4436 ructus
2874 4381 3169 4437 animorum
3187 4382 3554 4450 religiosorum
3578 4393 3704 4446 atque

2182 4474 2420 4533 ﬁdelium
2443 4480 2540 4543 pro
2563 4474 2675 4529 suis
2700 4473 2800 4530 ista
2822 4470 2937 4543 [ita]
2967 4470 3299 4527 curantium:
3327 4473 3561 4542 adjungis
3579 4474 3704 4524 etiam

522 4569 698 4615 securo
753 4558 1023 4626 futurum,
1085 4564 1227 4632 quod
1263 4567 1446 4633 utique
1492 4566 1680 4620 falsum
1728 4578 1831 4623 est.
1886 4569 2074 4639 Magno
2104 4549 2151 4609 θ
2183 4578 2373 4621 vacare
2401 4578 2503 4620 non
2529 4577 2688 4633 posse
2715 4562 2852 4631 quod
2877 4562 3126 4617 universa
3147 4577 3243 4630 pro
3272 4563 3534 4616 defunctis
3559 4561 3706 4614 Eccle—

519 4645 715 4714 quippe
742 4647 1022 4708 intervallo
1052 4661 1173 4718 post
1190 4665 1417 4708 mortem
1449 4658 1684 4724 separari
1715 4656 1883 4712 bonos
1906 4674 1932 4710 a
1965 4675 2076 4714 ma-

519 4737 619 4802 iis,
650 4735 700 4792 in
751 4738 1034 4808 Evangelia
1064 4741 1315 4811 lengus;
1360 4762 1480 4800 cum
1526 4748 1777 4802 Dominus
1820 4751 1958 4805 inter
2000 4766 2079 4805 su-

522 4825 742 4893 perbum
794 4827 939 4882 illum
968 4830 1205 4896 divitem,
1235 4849 1355 4888 cum
1395 4836 1500 4902 jam
1533 4838 1668 4904 apud
1720 4840 1918 4895 inferos
1967 4851 2076 4896 tor-

522 4924 698 4969 menta
731 4927 1028 4984 pateretur,
1067 4930 1120 4974 et
1151 4921 1297 4976 illum
1327 4925 1415 4992 qui
1444 4926 1507 4979 ad
1538 4929 1654 4994 ejus
1679 4927 1894 4996 januam
1934 4932 2077 4986 ulce-

527 5021 681 5060 rosus
715 5008 945 5074 jacebat,
974 5011 1080 5077 jam
1113 5015 1163 5064 in
1191 5018 1373 5080 requie
1400 5020 1740 5073 constitutum
1763 5061 1780 5084 ,
1826 5038 2073 5091 magnum

530 5097 693 5150 cliens
715 5098 1046 5166 interiectum
1077 5117 1196 5158 esse
1225 5114 1464 5161 testatur.
1495 5113 1598 5163 Aut
1617 5111 1660 5163 si
1684 5122 1964 5181 propterea
1981 5114 2076 5170 Sa-

522 5189 664 5266 muel
693 5190 838 5244 Sauli
859 5192 1023 5258 dixit,
1061 5195 1265 5249 Mecum
1303 5200 1439 5260 eris,
1471 5211 1525 5254 ut
1549 5218 1651 5256 non
1678 5206 1745 5256 ad
1778 5208 2076 5274 aequitatem

524 5276 923 5354 [qualitatem]
953 5284 1252 5354 felicitatis,
1285 5289 1378 5342 sed
1410 5291 1473 5344 ad
1506 5307 1683 5358 parem
1721 5298 2078 5352 conditionem

525 5370 710 5423 mortis
761 5372 1061 5443 referatur,
1115 5379 1254 5446 quod
1308 5389 1530 5449 uterque
1578 5382 1734 5438 homo
1779 5387 1975 5450 fuerit,
2029 5398 2082 5443 et

529 5470 750 5530 uterque
799 5465 932 5517 mori
979 5471 1241 5534 potuerit;
1283 5469 1502 5538 jamque
1563 5485 1802 5530 mortuus
1859 5487 2081 5532 mortem

529 5549 652 5603 vivo
680 5555 1092 5618 prmttnntialtat;
1129 5558 1400 5627 perspicit,
1431 5569 1682 5629 quantum
1713 5564 1922 5630 Opinor,
1957 5581 2084 5633 pru-

2179 4655 2260 4711 sia
2281 4649 2580 4722 supplicare
2602 4651 2908 4716 consuevit,
2939 4661 2996 4708 ut
3026 4651 3152 4706 hinc
3175 4662 3228 4707 et
3259 4653 3386 4708 illud
3409 4653 3585 4722 conjici
3611 4665 3704 4720 pos-

2179 4748 2271 4814 sit,
2305 4746 2504 4810 homini
2556 4745 2811 4815 prodesse
2859 4753 2980 4814 post
3016 4753 3244 4800 mortem
3285 4746 3330 4800 si
3381 4748 3483 4801 lide
3524 4757 3700 4800 tuomst

2182 4835 2450 4893 humando
2477 4837 2595 4904 eius
2614 4835 2826 4905 corpori
2859 4834 2982 4889 talis
3006 4835 3346 4902 providentur
3373 4839 3536 4905 locus,
3555 4838 3598 4888 in
3619 4846 3701 4902 quo

2180 4935 2434 4997 appareat
2459 4925 2736 4994 apitulatio
2759 4927 2920 4983 etiam
2957 4926 3060 4980 isto
3086 4927 3244 4980 modo
3271 4929 3493 4993 quassita
3519 4936 3694 4981 necto.

2184 5034 2326 5079 rum.
2364 5018 2469 5074 Sed
2499 5034 2617 5073 cum
2645 5017 2760 5072 haec
2784 5018 2856 5071 ita
2883 5017 2988 5072 sint
3011 5059 3026 5083 ,
3052 5022 3323 5089 quomodo
3367 5021 3486 5074 huic
3507 5015 3698 5088 opinioni

2185 5110 2507 5165 contrarium
2567 5123 2671 5162 non
2721 5107 2788 5162 sit
2838 5109 2978 5179 quod
3029 5111 3103 5164 ait
3149 5109 3484 5178 Apostolus:
3542 5111 3700 5164 Omnes

2185 5200 2325 5255 enim
2377 5198 2667 5253 astabimus
2716 5209 2841 5254 ante
2890 5199 3118 5254 tribunal
3167 5199 3399 5264 Christi,
3451 5211 3506 5254 ut
3548 5197 3701 5252 rrfenl

2188 5293 2549 5359 unusquisque
2596 5288 2884 5343 secundum
2930 5304 2992 5344 ea
3022 5303 3142 5359 quae
3185 5305 3280 5356 per
3325 5305 3519 5358 corpus
3557 5285 3697 5357 gessit.

2188 5385 2298 5437 sive
2326 5383 2540 5446 bonum,
2572 5383 2688 5436 sive
2729 5383 2946 5436 malum.
2978 5382 3093 5437 Non
3136 5393 3188 5437 te
3215 5384 3342 5436 satis
3374 5386 3549 5440 videre
3570 5377 3696 5448 signi-

2189 5475 2336 5528 ficas.
2367 5473 2473 5526 l-lac
2492 5473 2686 5542 quippe
2710 5473 3000 5541 apostolica
3033 5476 3328 5541 sententia,
3372 5487 3493 5530 ante
3520 5481 3696 5527 moria

2188 5563 2434 5618 admonet
2456 5561 2566 5617 ﬁeri
2592 5562 2731 5632 quod
2751 5564 2918 5632 possit
2947 5563 3201 5631 prodesse
3230 5575 3345 5632 post
3374 5576 3601 5623 mortem;
3620 5570 3696 5610 non

531 5637 708 5695 dentia
737 5652 821 5698 tua
848 5683 861 5708 ,
889 5647 1179 5702 secundum
1211 5658 1491 5719 utrumque
1522 5653 1850 5727 intellectum
1890 5657 2086 5713 habere
2189 5664 2314 5710 tunc
2341 5647 2551 5724 quando
2571 5654 2678 5724 jam
2710 5653 3075 5724 recipiendum
3101 5665 3183 5710 est
3211 5656 3350 5726 quod
3381 5655 3588 5726 quisque
3609 5661 3697 5718 [6-

596 5754 620 5784 ⁶
642 5753 754 5806 nec
771 5761 1008 5811 sententia
1032 5761 1110 5811 vel
1134 5762 1192 5813 alt
1212 5762 1456 5827 Eugyppio
1481 5765 1556 5817 vel
1582 5766 1643 5815 ab
1664 5766 1759 5817 alio
1783 5767 1973 5818 videtur
1999 5769 2210 5830 adjecta.
3379 5738 3388 5742 -
