3874 6226
181 411 336 464 102!

1366 384 1800 450 TIIESAURUS.
1841 381 1994 440 CAP.
2038 379 2278 436 CCCVII.

3297 338 3434 433 toea

177 525 334 582 ,πίε
366 535 488 580 περ
517 530 762 578 mortem,
791 518 989 574 Verum
1033 515 1145 569 ιιεε
1174 510 1243 566 ita
1274 510 1496 565 solvitur
1519 504 1765 576 quaestio,
1796 502 1842 560 Α
1872 505 2047 552 autem
2083 494 2334 550 deessent
2377 490 2492 557 ista:
2521 490 2937 561 supplicationes
2966 505 3082 561 qm:
3126 488 3257 547 fiunt
3291 503 3435 545 recta

180 619 461 687 quoniam
494 614 721 685 quodam
745 612 866 665 vitm
895 621 1088 678 genere
1113 605 1420 674 acquiritur,
1442 602 1566 653 dum
1599 598 1649 650 in
1675 596 1775 652 hoc

157 709 439 778 corpore
469 707 681 770 vivitur,
724 713 779 758 ut
808 699 1005 770 aliquid
1033 698 1283 766 adjuvcnt
1329 696 1427 747 ista
1471 689 1769 745 defunctos.

177 799 274 854 Ac
306 809 416 867 per
442 798 566 859 huc,
597 793 885 849 secundum
917 804 979 845 ea
1009 803 1123 859 qua:
1147 801 1240 856 per
1256 797 1447 853 corpus
1469 784 1769 851 gesserunt,

180 889 279 943 cis
309 903 437 958 qua:
487 893 604 954 post
643 895 832 950 corpus
862 880 1110 949 religiose
1135 891 1229 944 pro
1269 875 1378 929 illis
1405 872 1535 927 facta
1576 867 1774 921 fuerint

185 978 558 1048 adjuvantur.
587 975 721 1032 Sunt
757 974 897 1025 enim
939 983 1072 1039 quos
1103 967 1234 1021 nihil
1274 964 1493 1017 omnino
1524 959 1774 1026 adjuvant

186 1070 342 1135 ista,
368 1070 479 1120 sive
504 1080 599 1135 pro
629 1065 708 1120 eis
731 1064 854 1116 fiant
875 1076 1094 1130 quorum
1121 1067 1223 1111 tam
1248 1056 1382 1108 mala
1409 1059 1536 1107 sunt
1563 1048 1771 1112 merita,

186 1168 267 1213 ut
303 1174 409 1212 nec
441 1157 634 1212 talibus
661 1154 802 1224 digni
824 1155 929 1207 sint
957 1150 1224 1222 adjuvari;
1257 1148 1370 1201 sive
1394 1156 1501 1216 pro
1533 1142 1612 1194 bis
1637 1153 1773 1208 quo-

189 1264 337 1306 rum
365 1260 472 1304 tam
503 1251 669 1314 bona,
695 1255 752 1304 ut
781 1244 971 1300 talibus
1001 1257 1101 1296 non
1132 1240 1399 1307 indigeant
1426 1229 1771 1302 adjumentis.

192 1339 430 1395 Gencre
474 1339 632 1408 igitur
677 1338 795 1390 vitae
825 1336 960 1403 quod
991 1332 1154 1402 gessit
1181 1329 1404 1398 quisque
1439 1339 1531 1393 per
1558 1331 1773 1388 corpus,

195 1431 452 1485 efficitur
478 1438 534 1483 ut
562 1429 764 1497 prosint
796 1425 873 1479 vel
914 1439 1017 1478 non
1064 1424 1267 1490 prosint
1311 1426 1638 1488 quaecunque
1680 1423 1774 1482 pro

195 1521 312 1576 il'o
355 1522 439 1589 pie
477 1522 608 1572 lium
643 1532 763 1571 cum
807 1513 1079 1583 reliquerit
1105 1523 1318 1577 corpus.
1363 1507 1493 1561 Nam
1526 1501 1771 1563 meritum

196 1628 316 1681 per
345 1611 489 1680 quod
516 1611 614 1664 ista
666 1606 868 1678 prosint
895 1606 940 1658 si
980 1604 1178 1659 nullum
1206 1605 1569 1666 comparatum
1610 1601 1692 1648 est
1720 1593 1772 1649 in

199 1705 320 1758 hac
343 1704 471 1767 vita,
499 1702 690 1755 frustra
717 1709 835 1767 post
868 1698 1002 1749 lianc
1027 1694 1279 1763 quaeritur
1307 1691 1486 1747 vitam.
1518 1687 1595 1741 ita
1634 1686 1692 1741 fit
1717 1691 1774 1740 ut

200 1808 398 1864 neque
427 1791 668 1853 inaniter,
686 1786 916 1844 Ecclesia
941 1822 957 1849 ,
987 1784 1068 1838 vel
1099 1796 1314 1836 suorum
1357 1793 1485 1833 cura
1536 1790 1633 1846 pro
1677 1773 1774 1829 de-

1877 585 1978 638 fide
2007 599 2069 638 ac
2093 584 2287 651 pietate
2317 595 2413 652 pro
2442 583 2660 638 mortuis
2686 623 2702 648 ,
2749 591 2874 651 puto
2903 582 3041 650 quod
3071 581 3196 638 niliil
3227 581 3437 649 prodes-

1873 685 1956 739 set
1985 675 2258 744 spiritibus
2307 688 2496 732 eorum
2527 674 2809 744 quamlibet
2841 673 2970 729 locis
3014 673 3214 734 sanctis
3266 673 3440 728 exanio

1875 782 1957 820 tua
1989 781 2215 833 corpora
2251 772 2595 834 ponerentur.
2625 761 2755 830 Cum
2798 778 2923 833 ergo
2970 761 3142 820 ﬁdelis
3180 773 3350 818 mater
3378 760 3440 814 fi-

1875 856 2013 910 delis
2065 857 2162 912 ﬁlii
2199 856 2439 916 defuncti
2493 867 2689 923 corpus
2745 853 3066 909 desideravit
3120 853 3172 907 iu
3223 853 3438 907 basilica

1876 947 2123 1022 martyris
2146 946 2297 1018 poni;
2327 947 2370 1000 si
2420 943 2634 1015 quidem
2664 942 2894 1001 credidit
2923 942 3042 1012 ejus
3071 942 3300 997 animam
3329 956 3441 1002 me-

1877 1039 1998 1093 ritis
2029 1037 2279 1110 martyris
2306 1035 2568 1105 adjuvari,
2596 1033 2697 1090 hoc
2720 1033 2860 1102 quod
2894 1034 2963 1089 ita
2994 1033 3219 1093 Credidit
3242 1034 3442 1102 suppli-

1874 1124 2266 1193 catioqutedam
2297 1124 2417 1186 fuit,
2441 1132 2495 1177 et
2519 1124 2631 1178 base
2650 1120 2862 1190 profuit,
2889 1122 2933 1176 si
2959 1121 3083 1190 quid
3119 1121 3315 1195 profuit
3340 1138 3352 1185 ;
3381 1131 3439 1181 et

1874 1218 2014 1289 quod
2038 1207 2103 1273 ad
2125 1216 2264 1272 idem
2288 1215 2590 1282 sepulcrum
2615 1214 2840 1274 recurrit
2858 1212 3053 1281 animo,
3073 1203 3310 1268 et~li|iutn
3337 1227 3445 1282 pre-

1877 1307 2028 1365 cibus
2058 1307 2227 1378 rnagis
2265 1307 2543 1376 magisque
2593 1303 2952 1371 commendat,
2975 1304 3189 1378 adjuvat
3210 1302 3442 1371 defuncti

1873 1399 2118 1469 spiritum
2134 1413 2239 1452 non
2261 1398 2454 1454 mortui
2468 1398 2708 1470 cerporis
2728 1396 2893 1459 locus,
2909 1395 3002 1467 sed
3025 1409 3087 1452 ex
3104 1393 3231 1451 locis
3244 1408 3446 1447 mento.-

1875 1491 1955 1547 ria
1982 1490 2133 1544 vivus
2164 1489 2351 1548 matris
2379 1489 2625 1545 affectus.
2655 1486 2825 1544 Simul
2853 1488 3016 1551 cnim,
3042 1494 3097 1546 et
3123 1485 3263 1555 quis,
3292 1484 3446 1542 etcui

1874 1579 2282 1640 commendatus
2324 1581 2394 1640 sit
2425 1574 2954 1656 [commendandus],
3006 1591 3110 1632 non
3144 1576 3324 1644 utique
3366 1575 3446 1629 in-

1878 1667 2148 1732 fructuose
2174 1671 2480 1740 religiosam
2511 1679 2742 1725 mentem
2773 1667 3038 1738 precantis
3063 1667 3289 1733 attingit.
3314 1665 3446 1718 Nam

1877 1772 1931 1817 et
1953 1769 2164 1816 orantes
2184 1761 2252 1817 de
2281 1760 2535 1817 membris
2563 1759 2645 1814 sui
2672 1758 2908 1823 t-orporis
2935 1755 3132 1811 faciunt
3160 1756 3295 1824 quod
3323 1770 3446 1823 sup-

198 1842 840 1952 fis—n‘c—tis'quodpotuerit
875 1842 1147 1943 religionis
1184 1869 1482 1939 impendat;
1516 1842 1569 1925 et
1603 1874 1780 1922 tamen

1891 1851 2202 1921 plicantibus
2230 1849 2512 1917 congruit,
2536 1863 2657 1906 cum
2679 1862 2845 1914 genua
2879 1845 3044 1916 figunt
3068 1889 3084 1911 ,
3117 1862 3235 1898 cum
3259 1856 3447 1899 exten-
3505 1912 3508 1916 Α

202 1973 359 2027 ferat
389 1970 747 2039 unusquisque
777 1965 1064 2022 secundum
1089 1977 1147 2019 ea
1179 1976 1294 2031 quae
1324 1974 1416 2028 per
1447 1970 1644 2026 corpus
1664 1967 1783 2024 ges-

203 2064 314 2128 sil,
348 2060 465 2116 sive
491 2061 686 2116 bonum
707 2101 722 2124 ,
755 2057 866 2112 sive
897 2056 1090 2110 malum
1111 2093 1125 2119 ,
1166 2050 1419 2110 reddente
1451 2048 1559 2106 Deo
1581 2041 1786 2104 unicui-

204 2166 324 2220 que
353 2149 644 2205 secundum
671 2161 827 2213 opera
857 2145 990 2211 eius.
1025 2143 1092 2199 Ut
1116 2145 1255 2196 enim
1289 2141 1388 2199 hoc
1411 2137 1548 2208 quod
1575 2137 1783 2204 impen—

209 2243 376 2297 ditur
421 2240 588 2308 possit
621 2239 666 2294 ei
711 2235 961 2305 prodesse
989 2243 1106 2303 post
1136 2245 1346 2298 corpus,
1376 2229 1428 2285 in
1469 2243 1529 2289 ea
1571 2228 1674 2282 vita
1702 2233 1784 2280 est

213 2325 548 2398 acquisitum
575 2344 729 2397 quam
755 2326 919 2394 gessit
957 2327 1008 2379 in
1053 2337 1296 2390 corpore.
1328 2321 1575 2378 Provisus
1607 2319 1784 2387 itaque

211 2419 554 2490 sepeliendis
594 2418 904 2486 corporibus
951 2415 1090 2484 apud
1120 2411 1428 2470 memoriam
1478 2420 1780 2468 sanctorum

217 2513 381 2569 locus
412 2511 563 2567 bonae
588 2509 883 2567 aﬂectionis
910 2507 1152 2561 humanae
1181 2513 1265 2559 est
1301 2519 1421 2573 erga
1451 2503 1631 2557 funera
1650 2515 1785 2563 suo-

216 2617 370 2666 tum,
400 2602 648 2670 quoniam
677 2600 721 2653 si
752 2597 1000 2652 nonnulla
1030 2597 1216 2666 religio
1245 2605 1327 2651 est
1349 2605 1407 2648 ut
1437 2595 1781 2663 sepeliantur,

219 2709 336 2751 non
367 2701 538 2763 potest
563 2691 704 2748 nulla
731 2704 850 2745 esse
873 2688 1084 2758 quando
1109 2687 1196 2741 ubi
1218 2685 1539 2757 sepeliantur
1567 2683 1784 2742 attendi-

218 2795 331 2843 tur.
382 2784 485 2839 Sed
541 2799 658 2839 cum
713 2783 830 2835 talin
878 2781 1119 2837 vivorum
1166 2777 1353 2833 solatia
1409 2775 1781 2846 requiruntur,

218 2875 426 2945 quibus
457 2889 643 2932 eorum
675 2873 788 2944 pius
810 2872 860 2930 in
882 2886 1008 2931 suos
1023 2869 1230 2924 animus
1253 2877 1502 2937 appareat
1526 2910 1540 2935 ,
1571 2881 1676 2921 non
1703 2864 1783 2919 vi-

221 2966 335 3023 deo
355 2981 473 3035 quae
509 2966 610 3022 sint
641 2963 943 3034 adiumenta
973 2969 1300 3025 mortuorum
1326 3000 1340 3025 ,
1381 2960 1478 3013 nisi
1509 2956 1576 3012 ad
1607 2956 1706 3015 hoc
1728 2965 1786 3014 ut

223 3059 358 3112 dum
411 3057 651 3114 recolunt
697 3055 786 3110 ubi
831 3049 940 3113 sint
982 3054 1149 3128 posita
1177 3068 1360 3107 eorum
1391 3066 1523 3122 quos
1561 3050 1786 3121 di'igunt

223 3161 481 3218 corpora,
513 3145 714 3204 eisdem
747 3145 946 3202 sanctis
972 3145 1088 3201 illos
1118 3153 1364 3213 tanquam
1393 3142 1632 3211 patronis
1669 3156 1785 3195 sus-

1882 1943 2017 2000 dunt
2045 1941 2360 2010 manus,vel
2391 1940 2548 1996 etiam
2581 1946 2994 2008 prosternuntur
3013 1935 3148 2001 stilo,
3174 1945 3229 1991 et
3253 1937 3297 1989 si
3323 1937 3449 2005 quid

1884 2032 2029 2089 aliud
2052 2031 2253 2090 faciunt
2271 2029 2573 2093 visibiliter,
2597 2028 2835 2098 quamvis
2858 2043 3039 2085 eorum
3063 2026 3339 2082 invisibilis
3361 2041 3451 2080 vo-

1885 2125 2061 2184 luntas
2098 2132 2152 2180 et
2180 2123 2358 2178 cordis
2387 2123 2611 2177 intentio
2659 2121 2765 2176 Deo
2809 2129 2929 2176 nota
2960 2120 3047 2182 sit,
3079 2133 3176 2181 nee
3198 2119 3285 2173 ille
3314 2119 3453 2176 indi.»

1883 2224 2006 2288 geat
2049 2212 2370 2271 bisindiciis
2412 2221 2473 2269 ut
2501 2211 2708 2269 animus
2755 2209 2803 2266 ci
2853 2210 3116 2280 pandatur
3165 2210 3448 2266 humanus.

1883 2304 1984 2360 Sed
2004 2304 2124 2359 hinc
2145 2303 2310 2371 magis
2330 2303 2563 2371 seipsum
2593 2299 2792 2355 excitat
2816 2300 2975 2352 homo
2998 2299 3063 2356 ad
3083 2295 3338 2354 orandum
3361 2315 3452 2370 ge-

1889 2393 2249 2460 mendumque
2300 2391 2551 2450 humilius
2599 2398 2756 2465 atque
2805 2388 3208 2450 ferventius;et
3265 2390 3450 2444 nescio

1887 2489 2156 2561 quomodo
2211 2503 2332 2545 cum
2384 2487 2438 2543 hi
2481 2493 2656 2540 motus
2707 2484 2944 2558 corporis
2985 2483 3098 2539 fieri
3155 2484 3252 2538 nisi
3309 2493 3453 2544 metu

1890 2582 2054 2640 animi
2084 2579 2420 2652 praecedente
2449 2592 2553 2632 non
2582 2575 2807 2645 possint.
2851 2573 3048 2634 eisdem
3082 2588 3266 2631 rursus
3301 2582 3452 2629 exte-

1887 2675 1998 2729 rius
2025 2673 2310 2736 visibiliter
2353 2671 2541 2737 laetis,
2574 2667 2666 2725 ille
2695 2667 2917 2723 interior
2946 2665 3221 2725 invisibilis
3249 2664 3333 2732 qui
3362 2677 3393 2718 e
3428 2678 3454 2722 tt

1888 2762 2031 2829 fecit,
2063 2770 2304 2833 augetur.
2349 2763 2427 2818 Ac
2458 2773 2550 2827 per
2581 2757 2682 2814 hoc
2706 2756 2883 2811 cordis
2921 2755 3139 2812 affectus
3167 2754 3255 2824 qui
3281 2763 3335 2808 ut
3365 2753 3453 2809 tie.

1889 2861 2008 2910 rent
2031 2852 2129 2908 ista
2160 2850 2464 2919 praecessit,
2495 2847 2620 2915 quia
2653 2845 2786 2902 facta
2817 2853 2962 2908 sunt,
2993 2846 3205 2902 crescit.
3241 2842 3454 2898 Verum-

1891 2951 2066 3000 tamen
2099 2942 2142 2996 si
2180 2955 2246 2998 eo
2275 2939 2430 2995 modo
2461 2939 2686 3009 quisque
2729 2945 2991 3004 teneatur,
3015 2935 3099 2993 vel
3137 2935 3300 2987 etiam
3328 2934 3448 3003 lige-

1890 3043 1994 3097 tur,
2025 3042 2080 3088 ut
2111 3032 2224 3087 haec
2284 3030 2351 3085 de
2379 3029 2493 3082 suis
2536 3026 2788 3082 membris
2839 3024 3010 3082 facere
3048 3030 3303 3093 nequeat;
3352 3038 3453 3079 non

1849 3122 2014 3188 ._ideo
2047 3137 2150 3176 non
2181 3128 2296 3176 orat
2340 3119 2561 3175 interior
2590 3116 2771 3180 ltomo,
2801 3123 2853 3174 et
2882 3123 3003 3172 ante
3042 3114 3226 3172 oculos
3260 3114 3375 3176 Dei,
3405 3115 3453 3172 in

227 3205 421 3306 capies
446 3205 581 3309 apud
610 3237 887 3293 Dominum
918 3205 1242 3302 adjuvandus
1267 3205 1469 3290 orando
1512 3245 1787 3288 commen-

1893 3212 2258 3270 secretissimo
2283 3210 2468 3282 cubili,
2501 3208 2588 3268 ubi
2626 3207 3020 3280 compar-gitur,
3063 3205 3338 3264 sternitur.
3385 3207 3455 3261 Ita

229 3327 386 3382 dent.
409 3325 558 3395 Quod
601 3326 810 3395 quidem
857 3324 1032 3383 facere
1073 3330 1316 3393 possent,
1362 3322 1570 3382 etiamsi
1601 3321 1792 3375 talibus

234 3416 370 3471 locis
396 3428 490 3470 eos
521 3415 739 3472 humare
765 3427 868 3472 non
896 3421 1115 3481 possent
1143 3429 1157 3468 :
1186 3413 1279 3474 sed
1307 3427 1408 3471 ncn
1435 3412 1504 3469 ob
1535 3411 1674 3468 aliud
1709 3409 1793 3466 vel

236 3504 514 3563 memoria:
535 3504 620 3560 vel
653 3509 992 3564 monumenta
1034 3502 1281 3561 dicuntur
1310 3518 1375 3560 ea
1400 3517 1517 3572 qua:
1546 3501 1791 3570 insignita

234 3597 368 3649 fiunt
395 3595 636 3664 sepulcra
668 3604 1029 3659 mortuorum,
1066 3595 1166 3652 nisi
1196 3595 1320 3662 quia
1361 3608 1456 3649 eos
1484 3594 1573 3662 qui
1611 3593 1794 3651 viven-

236 3687 370 3742 tium
393 3685 558 3746 oculis
588 3693 759 3744 morte
784 3685 1038 3743 subtracti
1066 3694 1222 3748 sunt,
1257 3699 1323 3740 ne
1341 3685 1606 3745 oblivione
1633 3685 1794 3745 etiam

235 3775 489 3837 cordibus
545 3777 965 3844 subtrahantur,
1014 3777 1066 3834 in
1107 3779 1416 3834 memoriam
1467 3786 1800 3837 revocantet

236 3866 575 3927 admonendo
606 3865 804 3924 faciunt
841 3866 1083 3941 cogitari.
1133 3867 1262 3926 Nam
1313 3875 1367 3924 et
1395 3868 1668 3924 memorias
1709 3880 1800 3925 no-

239 3972 365 4012 men
395 3957 448 4011 id
477 3956 812 4026 apertissiuie
865 3958 1131 4021 ostendit,
1174 3966 1228 4010 et
1275 3964 1706 4019 monumentum.
1732 3969 1797 4012 eo

238 4044 382 4115 quod
433 4052 646 4098 moneat
691 4051 944 4107 mentem.
993 4043 1043 4102 id
1082 4051 1161 4101 est
1190 4044 1492 4115 admoneat,
1527 4059 1796 4113 Ituncupa.

241 4146 358 4190 tur.
383 4135 604 4204 Propter
625 4134 763 4203 quod
793 4143 844 4193 et
868 4133 1036 4188 Graeci
1060 4144 1293 4205 μνημεῖον
1322 4144 1512 4192 vocant
1531 4134 1669 4202 quod
1701 4149 1797 4192 nos

241 4226 554 4284 memoriam
584 4240 678 4284 seu
724 4237 1119 4282 monumentum
1151 4228 1476 4295 appellamus
1501 4268 1514 4293 ,
1547 4226 1794 4306 quoniam

239 4320 421 4390 lingua
436 4333 618 4376 eorum
644 4318 898 4375 memoria
916 4316 1030 4385 ipsa
1047 4335 1147 4387 qua
1174 4320 1511 4376 meminimus
1528 4321 1697 4391 μνήμη
1717 4317 1799 4372 div-

240 4409 403 4463 eitur.
445 4407 576 4462 Cum
607 4408 784 4476 itaque
813 4406 996 4464 recolit
1034 4410 1242 4464 animus
1268 4411 1376 4481 78
1399 4410 1486 4467 ubi
1525 4408 1796 4480 sepultum

241 4498 319 4552 sit
345 4497 647 4553 charissimi
676 4484 890 4572 corpus,
915 4506 968 4554 et
990 4499 1219 4552 occurrit
1247 4499 1391 4556 locus
1422 4501 1634 4557 nomine
1658 4514 1798 4555 mar-

1896 3303 2056 3360 etiam
2086 3317 2209 3359 cum
2238 3301 2521 3369 plurimum
2553 3299 2757 3354 intersit
2786 3297 2873 3354 ubi
2904 3308 3064 3370 ponat
3093 3310 3287 3366 corpus
3317 3311 3454 3354 moro

1897 3395 1970 3449 tui
1998 3394 2078 3448 sui
2107 3394 2193 3464 qui
2223 3407 2319 3462 pro
2343 3392 2532 3465 spiritu
2552 3388 2669 3458 eius
2689 3388 2797 3445 Deo
2830 3389 3091 3458 supplicat
3109 3389 3231 3458 qua
3256 3394 3309 3441 et
3325 3400 3456 3454 pra:-

1894 3484 2090 3540 eedens
2111 3481 2331 3538 affectus
2356 3481 2530 3536 locum
2553 3478 2711 3547 elegit
2731 3486 3003 3542 sanetum;
3028 3486 3076 3535 et
3107 3476 3214 3536 illic
3234 3489 3457 3543 corpore

1897 3575 2069 3644 posito
2087 3573 2399 3634 recordatus
2422 3573 2569 3630 locus
2599 3579 2814 3630 sanctus
2841 3584 2963 3627 eum
2992 3569 3081 3637 qui
3115 3580 3457 3636 praeessent

1897 3678 2121 3725 renovat
2149 3675 2203 3720 et
2230 3675 2389 3740 auget
2415 3663 2904 3722 affectum.Tamen
2935 3663 3144 3724 etiamsi
3166 3679 3271 3720 non
3295 3662 3459 3732 possit

1900 3757 1986 3815 ubi
2018 3757 2294 3825 religiosus
2323 3757 2534 3814 animus
2578 3752 2745 3824 elegit
2792 3754 3014 3811 humare
3043 3768 3196 3821 quem
3243 3752 3459 3820 diligit,

1899 3848 2045 3907 nullo
2075 3847 2234 3904 modo
2263 3846 2426 3902 debet
2450 3863 2479 3906 a
2509 3845 2990 3919 Supplicationibus
3038 3845 3358 3903 necessariis
3407 3845 3459 3900 iu

1900 3942 2016 4016 ejus
2038 3942 2500 4001 commendatione
2512 3955 2742 3998 cessare.
2773 3940 3080 4009 Ubicunque
3100 3941 3240 3998 enim
3266 3945 3460 4012 jaceat,

1899 4036 1981 4094 vel
2011 4050 2116 4095 non
2151 4035 2330 4103 jaceat
2359 4031 2595 4094 defuncti
2622 4046 2779 4098 caro,
2808 4031 3015 4101 spiritui
3047 4032 3257 4100 requies
3282 4034 3451 4101 aequi.

1893 4127 2062 4186 renda
2075 4136 2155 4182 est
2172 4144 2185 4180 :
2199 4125 2287 4194 qui
2306 4140 2424 4182 cum
2450 4125 2570 4180 inde
2588 4125 2777 4188 exiret,
2791 4138 2972 4178 secum
2988 4123 3203 4181 abstulit
3223 4137 3459 4194 sensum,

1898 4231 2003 4287 quo
2031 4219 2288 4277 interesse
2318 4215 2486 4284 possit
2506 4214 2776 4283 quomodo
2794 4214 3024 4282 quisque
3051 4215 3121 4270 sit
3148 4214 3263 4269 sive
3283 4213 3337 4269 in
3367 4216 3455 4270 ιω.

1899 4310 2004 4372 nis,
2039 4311 2152 4367 sive
2185 4308 2236 4362 in
2267 4306 2460 4372 malis;
2489 4320 2591 4366 nec
2612 4300 2692 4359 'ab
2731 4319 2795 4364 ea
2821 4319 2982 4366 carne
3009 4313 3282 4372 exspectat
3315 4306 3457 4374 adju'

1900 4401 2011 4455 vari
2039 4415 2188 4467 suam
2239 4398 2400 4452 vitam
2424 4436 2441 4462 ,
2472 4398 2557 4451 cui
2601 4395 2872 4465 praebebat
2898 4395 3015 4464 ipse
3052 4397 3213 4454 vitam,
3243 4438 3257 4464 ,
3306 4403 3464 4466 quam

1905 4491 2136 4547 detraxit
2174 4488 2477 4552 excedens.
2519 4494 2574 4548 et
2603 4486 2907 4546 redditurus
2931 4497 3008 4544 est
3042 4487 3256 4543 rediens
3287 4505 3300 4540 :
3333 4504 3456 4556 quo~

246 4588 382 4657 tyris
411 4567 784 4652 venerabilis;
807 4587 977 4646 eidem
1026 4588 1241 4657 martyri
1272 4588 1499 4646 animam
1548 4589 1793 4644 dilectam
1823 4567 1870 4626 ι)
1901 4582 2039 4641 uiam
2072 4596 2174 4632 non
2207 4594 2333 4636 caro
2361 4577 2593 4647 spiritui.
2625 4577 2715 4636 sed
2746 4577 2967 4644 spiritus
3004 4576 3155 4632 carui
3183 4575 3344 4633 etiam
3373 4577 3458 4645 ips

244 4681 587 4738 commendat
632 4681 962 4737 recordantis
993 4690 1047 4735 et
1095 4683 1356 4751 precantis
1403 4682 1656 4748 alicctus;
1705 4683 1794 4752 qui

245 4785 370 4825 cum
416 4769 676 4827 defunctis
723 4783 752 4825 a
799 4770 1039 4827 fidelibus
1104 4773 1428 4831 cbarissiruis
1477 4774 1794 4843 exhibetur.

249 4877 373 4917 eum
391 4861 642 4930 prodesse
664 4875 766 4914 non
793 4861 1009 4920 dubium
1037 4862 1212 4921 estbis
1233 4864 1320 4936 qui
1343 4878 1461 4921 cum
1492 4864 1542 4920 in
1571 4880 1796 4933 corpo:e

250 4951 492 5006 viverent
518 4953 636 5005 talia
665 4952 765 5007 sibi
792 4961 908 5019 post
939 4952 1076 5007 lianc
1105 4955 1262 5008 vitam
1312 4955 1499 5024 prodes
1532 4973 1561 5011 e
1591 4972 1796 5013 merucv

251 5050 399 5096 runt.
436 5040 628 5097 Verum
671 5042 768 5098 etsi
804 5042 972 5110 aliqua
1008 5046 1312 5109 necessitas,
1338 5046 1418 5101 vel
1449 5047 1653 5100 humari
1680 5063 1800 5100 cor~

254 5146 408 5200 pora,
435 5133 516 5188 vel
548 5133 598 5184 in
631 5133 822 5188 talibus
846 5133 976 5190 locis
999 5133 1201 5191 humari
1234 5136 1370 5189 nulla
1407 5137 1528 5195 data
1555 5138 1801 5201 facultate

255 5223 555 5292 permittat,
593 5239 702 5279 non
743 5226 869 5284 sunt”
893 5227 1352 5295 praetermittenda:
1389 5230 1802 5298 supplicationes

258 5329 355 5384 pro
385 5314 656 5382 spiritibus
683 5329 1027 5384 mortuorum,
1057 5335 1186 5388 quas
1214 5323 1477 5382 faciendas
1511 5339 1606 5391 pro
1633 5324 1803 5383 omni.

259 5404 357 5459 bus
388 5403 441 5458 in
473 5403 767 5462 Christiana
819 5416 871 5467 et
911 5410 1164 5465 catholica
1207 5414 1461 5470 societate
1507 5413 1766 5472 defunctis
1798 5456 1812 5479 ,

257 5495 415 5556 etiam
460 5495 632 5551 tacitis
655 5499 956 5557 nominibus
971 5515 1184 5566 eorum,
1206 5503 1307 5560 sub
1325 5505 1554 5571 germali
1580 5521 1789 5564 comme

259 5586 557 5645 moratione
583 5587 817 5656 suscepit
857 5586 1125 5657 Ecclesia;
1165 5600 1221 5646 ut
1247 5594 1437 5664 quibus
1476 5595 1542 5648 ad
1593 5597 1690 5654 ista
1723 5597 1791 5654 de

260 5685 386 5731 sunt
411 5688 673 5746 parentesI
708 5689 797 5733 aut
827 5680 940 5745 filii,
972 5692 1061 5740 aut
1088 5683 1384 5753 quicunque
1425 5689 1632 5757 cognati
1657 5733 1671 5755 ,
1725 5693 1805 5747 vel

262 5769 444 5840 amici,
469 5771 536 5825 ab
552 5784 652 5825 una
676 5770 758 5831 eis
773 5769 1122 5838 ealiilieantur
1144 5776 1225 5846 pia
1251 5787 1414 5833 matre
1432 5783 1723 5840 communi.
1745 5785 1802 5843 Si

1900 4671 2012 4727 sius
2085 4667 2489 4726 resurrectionis
2561 4667 2804 4729 meritum
2845 4677 3157 4735 comparat,
3187 4675 3371 4726 utrum.
3399 4667 3468 4728 ad

1903 4776 2111 4832 penam
2137 4775 2204 4818 an
2231 4761 2296 4818 ad
2326 4759 2552 4829 gloriam
2580 4757 2881 4817 reviviscat.
2928 4809 2929 4816 η
3455 4775 3458 4778 ’

2434 4867 2657 4923 CAPUT
2694 4864 2932 4923 CCCVll.

1901 4961 2053 5030 Quod
2113 4975 2246 5029 sirpe
2292 4960 2343 5012 in
2395 4958 2587 5012 somnis
2649 4960 2835 5012 mortui
2897 4959 3169 5012 viventibus

2218 5067 2222 5081 η
2289 5040 2563 5099 putantur;
2617 5044 2696 5085 ea.“
2722 5032 2896 5087 eodem
2925 5032 3071 5087 libre.

1976 5143 2267 5202 Narrantur
2293 5142 2405 5195 visa
2433 5139 2675 5210 quasdam
2698 5153 2817 5208 quin
2838 5141 2961 5193 ltulc
2984 5137 3325 5206 disputationi
3351 5140 3459 5192 non

1906 5233 2266 5304 negligentiam
2320 5231 2598 5285 videantur
2626 5230 2821 5286 Inferre
2848 5229 3209 5298 questionem.
3242 5226 3450 5282 νέηαι

1908 5336 1991 5381 tur
2012 5323 2209 5394 quippe
2249 5322 2442 5377 mortui
2485 5323 2741 5384 nonnulli,
2772 5324 2846 5374 vel
2874 5321 2927 5373 lu
2965 5319 3184 5379 aemula,
3233 5319 3315 5373 vel
3355 5316 3461 5372 alio

1909 5429 2224 5486 quocunque
2251 5414 2408 5471 modo
2453 5414 2762 5482 apparuisse
2803 5412 3112 5474 viventibus,
3166 5419 3322 5478 atque
3368 5407 3460 5468 ubi

1909 5521 2089 5562 eorum
2119 5520 2341 5574 corpora
2365 5506 2603 5575 jacerent
2624 5505 2888 5560 inhumato
2909 5501 3283 5564 nescientibus,
3305 5502 3401 5556 loci
3433 5530 3460 5542 -

1908 5613 2010 5670 que
2039 5597 2345 5652 monstratis
2375 5597 2716 5663 admonuisse
2737 5606 2791 5647 ut
2812 5593 2912 5647 sibi
2942 5592 3208 5661 sepultura
3231 5608 3347 5661 qua:
3367 5594 3461 5648 de

1927 5699 2077 5747 uerat
2101 5689 2450 5758 praeberetur.
2475 5689 2599 5742 Hac
2624 5686 2668 5740 si
2709 5684 2836 5738 his:
2863 5697 2981 5740 esse
3007 5683 3468 5752 responderimus,

1909 5796 2093 5842 contra
2123 5795 2467 5856 quorum-em
2490 5779 2690 5850 scripta
2711 5776 2967 5843 Metium.
2988 5785 3038 5832 et
3065 5787 3247 5832 contra
3275 5792 3462 5832 eorum

3219 4971 3461 5031 apponere
