1900 3118
188 142 259 171 1023

732 136 763 164 ι).
784 134 944 165 ΕυϐἴΡΙηΙ
963 131 1110 162 ABBATIS
1128 131 1290 161 AFRICANI

1746 127 1815 157 ’θαι

190 209 287 230 sensus
299 201 344 236 qui
358 198 418 226 talia
429 197 478 224 sibi
484 196 613 224 accidisse
624 194 795 228 confirmant,
805 194 975 228 impudenter
989 192 1012 222 Δ
1026 189 1097 224 quod
1112 193 1187 236 ltiti“
1202 196 1254 236 tio"
1271 193 1409 222 receperat
1423 183 1529 236 quantm
1539 185 1705 236 estpocula“
1722 193 1802 220 ιιεηο

190 247 280 274 venire
296 243 444 271 videbimur
459 252 466 268 :
491 241 537 268 sed
561 239 775 274 respondendum
794 244 834 266 est
848 247 902 266 nun
917 238 978 266 ideo

192 290 336 326 putandum
347 295 410 316 esse
419 292 541 314 mortuos
547 286 596 314 ista
609 285 720 318 sentire,
732 285 794 320 quia
805 285 863 312 lucc
875 285 977 315 dicere,

189 336 232 364 vel
248 334 379 366 indicare,
395 333 436 361 vel
448 338 539 368 petere
552 332 676 359 videmur
690 330 717 358 in
739 330 858 357 somnis:
876 337 937 356 nam
951 333 980 355 et

190 380 312 408 viventes
338 382 469 414 apparent
499 384 572 412 saepe
597 376 750 404 viventibus
772 374 978 406 dormientibus,

188 427 253 454 dum
274 433 305 452 se
326 425 376 459 ipsi
402 423 521 451 nesciant
534 429 675 458 apparere.
696 425 723 449 et
737 421 771 448 ab
791 421 832 448 eTs
846 420 904 447 hac
917 427 978 455 qua

191 470 385 498 aomniaveirnt
398 468 508 496 audiunt
522 467 671 495 dicentibus
688 466 759 500 quod
773 472 820 492 eos
832 466 859 492 in
877 464 978 492 somnis

190 516 309 544 viderint
322 520 433 549 agentes
453 513 563 548 aliquid,
579 513 619 540 vel
631 512 780 546 loquentes.
797 511 826 538 Si
847 517 912 544 ergo
936 518 979 537 me

190 565 279 595 potest
293 560 390 594 aliquis
402 559 540 587 insomnis
556 558 646 585 videre
660 557 709 584 sibi
725 555 824 590 aliquid
837 555 907 590 quod
923 554 978 582 fac-

189 611 245 635 tum
258 610 300 634 est
311 605 482 636 indicantem,
495 604 536 632 vel
547 604 625 631 etiam
636 602 707 637 quod
719 601 835 628 futurum
850 605 891 627 cst
906 607 975 634 pne-

191 651 369 683 nunliantem,
384 657 445 678 cum
465 649 490 677 id
509 656 559 683 ego
579 655 687 682 prorsus
705 647 835 682 ignorem,
852 650 879 672 et
891 645 977 672 omni-

191 702 345 730 noprorsus
361 701 414 721 non
430 701 532 724 curem.
548 700 601 720 non
613 692 699 719 solum
712 691 775 726 quid
790 690 835 718 ille
850 690 977 720 somniet.

193 732 240 768 sed
255 744 344 767 utrum
368 739 521 767 dormiente
540 745 583 765 me
605 737 705 771 vigilet,
730 744 764 764 an
784 736 910 771 vigilante
937 742 980 762 nte

190 786 315 818 dormiat,
328 792 362 813 an
375 792 428 812 uno
441 784 589 818 eodemque
604 787 723 817 tempore
742 781 881 817 vigilemus
888 781 978 812 am‘o,

195 831 252 858 sive
270 830 433 857 dormiamus
452 829 557 864 quando
579 828 624 855 ille
637 828 769 855 somnium
789 826 860 853 videt
882 826 909 853 in
926 832 981 859 quo

1028 236 1094 262 luta.
1111 235 1158 261 llic
1171 235 1261 269 utique
1275 239 1382 268 putatur
1395 235 1483 262 anima
1496 233 1611 263 hominis
1630 241 1732 265 curam.
1748 240 1811 268 ger

1027 281 1095 307 sisse
1109 288 1156 313 pro
1172 280 1239 312 ﬁlio,
1252 284 1280 306 et
1298 280 1331 306 ad
1356 287 1416 307 eutn
1441 281 1546 308 venisse
1569 280 1759 311 dormientem,
1787 284 1815 305 at

1026 325 1126 353 docens
1131 326 1201 360 quod
1208 325 1345 357 ignorabat
1351 333 1445 360 magna
1452 326 1570 353 molestia
1584 326 1756 353 l;beraretur:
1766 327 1814 352 sed

1028 370 1123 398 eodem
1140 372 1198 405 ipso
1209 370 1292 398 ferme
1304 375 1425 405 tempore
1436 379 1488 406 quo
1508 371 1532 399 id
1546 371 1706 402 audivimus,
1720 369 1750 397 id
1773 375 1813 396 est

1028 416 1105 444 nobis
1118 418 1187 451 apud
1201 416 1378 444 Mediolanum
1389 417 1551 450 constitutis,
1566 417 1601 443 Cu
1607 416 1732 451 rthaginis
1745 416 1811 443 rbe-

1029 466 1071 489 tor
1085 461 1222 496 Eulogius,
1239 462 1284 497 qui
1296 462 1405 489 meusin
1420 461 1514 489 eadem
1528 468 1585 489 arte
1596 462 1637 489 dis
1654 462 1737 496 ipulus
1753 462 1811 494 fuit,

1028 507 1098 535 sicut
1112 507 1167 539 ipse
1181 507 1245 534 mihi
1262 512 1430 542 posteaquam
1448 506 1475 534 in
1489 507 1604 534 Africam
1626 507 1812 537 rrmcavisuus.

1029 552 1138 585 retulit,
1162 559 1222 579 cum
1249 552 1396 579 rhetoricos
1417 552 1554 579 Ciceronis
1578 551 1659 578 libros
1677 552 1812 585 discipulis

1028 597 1085 624 suis
1105 597 1237 628 traderet,
1258 604 1400 625 recensens
1422 596 1563 624 lectionem
1587 604 1663 631 quam
1685 597 1812 630 postridie

1029 644 1117 671 fuerat
1125 644 1281 677 traditurus,
1292 644 1433 679 quemdam
1444 644 1530 671 locum
1538 645 1647 671 offendit
1659 645 1808 675 obscurum.

1029 697 1082 725 quo
1096 698 1150 717 mn
1165 691 1301 718 intellecto
1316 691 1358 717 vix
1375 690 1459 724 potuit
1473 689 1592 717 dormire
1603 690 1742 717 sollicitus.
1755 690 1810 723 Qua

1031 739 1110 762 nocte
1119 735 1264 762 somnianti
1279 742 1328 769 ego
1347 734 1386 761 illi
1398 735 1468 769 quod
1484 742 1536 761 non
1553 733 1716 768 inteil'tgebat
1728 742 1779 769 esp
1790 744 1810 758 ι-

1030 779 1082 812 sui,
1089 780 1142 807 imo
1150 786 1202 806 non
1209 787 1272 815 ego,
1283 780 1330 807 sed
1342 780 1428 814 imago
1439 787 1509 812 mea,
1518 778 1652 807 nesciente
1662 787 1713 811 me,
1722 784 1749 806 et
1759 778 1810 806 tam

1032 824 1110 860 longe
1124 830 1197 852 trans
1209 832 1283 852 mare
1297 825 1332 852 ali
1343 817 1395 858 [uid
1411 824 1480 851 aliud
1491 824 1548 852 sive
1558 830 1663 859 agente,
1674 824 1731 851 sive
1741 832 1811 850 anin-

193 884 237 903 nie
247 877 320 903 videt
336 884 343 908 ;
359 876 421 910 quid
436 875 531 902 mirum
546 875 568 902 si
582 868 732 902 nescientes
743 871 851 905 mortui,
862 878 911 898 nec
926 871 975 898 ista
992 866 1016 896 Β
1030 870 1129 906 niante,
1143 875 1169 897 et
1180 870 1243 897 nihil
1258 870 1291 897 de
1305 870 1375 897 illius
1389 870 1461 897 curis
1474 870 1586 897 omnino
1609 874 1729 896 curante.
1739 870 1810 903 Quo-

191 923 348 954 scntientes,
357 926 445 949 tamen
456 928 472 948 a
487 920 636 947 viventibus
648 918 771 946 videntur
784 918 811 944 in
826 916 938 949 somnis,
949 919 976 943 et

195 967 294 1002 aliquid
309 967 401 994 dicunt
415 966 485 1001 quod
507 965 664 999 evigifautes
677 971 769 991 verum
782 970 842 991 e~se
863 968 974 996 cognos-

194 1011 273 1038 cant?
287 1011 419 1046 AI-gelicis
435 1010 513 1045 igitur
522 1008 721 1045 oper-tionibus
733 1008 789 1035 ﬁeri
804 1007 973 1039 crediderim,

193 1057 251 1083 sive
266 1056 432 1090 permittatur
446 1055 573 1089 desuper,
590 1054 652 1082 sive
672 1053 809 1089 jubcatur,
833 1056 861 1079 ut
875 1051 975 1086 aliquid

194 1102 286 1129 dicere
307 1101 341 1128 de
359 1100 518 1136 sepeliendis
540 1099 698 1133 corporibus
722 1099 778 1125 suis
793 1097 931 1124 videantur
949 1096 975 1123 in

193 1147 307 1180 somnis,
322 1154 383 1174 cum
406 1146 433 1174 id
453 1146 558 1180 penitus
572 1145 693 1173 nesciant
712 1151 825 1179 quorum
851 1142 895 1170 illa
915 1146 979 1169 sunt

194 1199 315 1227 corpora.
329 1191 356 1219 Id
366 1196 453 1218 autem
463 1190 606 1226 aliquando
619 1190 718 1217 utiliter
732 1189 771 1222 Iit,
787 1189 843 1216 sive
854 1188 890 1215 ad
901 1188 977 1215 viVn-

195 1244 253 1263 rum
273 1236 456 1270 qualecunque
478 1234 615 1265 solatium.
639 1233 672 1261 ad
691 1241 760 1268 quos
787 1234 920 1267 pertinent
940 1232 977 1259 illi

195 1282 293 1309 mortui
305 1288 418 1316 quorum
425 1285 555 1316 apparent
565 1280 693 1315 imagines
703 1279 906 1311 somniantibus,
920 1278 978 1306 sive

196 1331 226 1353 ut
235 1326 278 1353 his
287 1325 511 1354 admonitionibus
523 1324 614 1361 generi
625 1326 741 1351 humano
750 1324 893 1358 sepultura
905 1330 979 1350 com-

198 1373 337 1400 mendetur
351 1372 511 1404 humanitas,
525 1379 595 1406 quin,
615 1370 675 1398 licet
699 1369 830 1398 defunctis
845 1377 897 1397 non
918 1368 977 1402 opi-

195 1417 307 1449 tuletur,
332 1416 464 1452 culpanda
494 1421 581 1444 tamen
609 1415 806 1451 irreligiositate
826 1414 978 1449 negligitur.

195 1462 345 1496 Aliquando
357 1466 445 1489 autem
460 1461 596 1489 fallacibus
611 1461 675 1488 visis
689 1461 812 1489 homines
825 1461 852 1488 in
868 1468 980 1495 magnos

196 1507 336 1534 mittuntur
354 1514 470 1539 errores,
486 1514 553 1542 quos
564 1507 625 1535 talia
637 1507 737 1542 perpeti
755 1506 854 1542 iustum
867 1511 922 1534 est:
936 1513 981 1533 te

1027 916 1108 944 modo
1126 916 1189 943 ﬁant
1207 917 1256 943 ista
1277 916 1378 948 nescio,
1393 915 1439 942 sed
1454 915 1655 950 quomodolibet
1675 915 1751 946 ﬁant.
1766 923 1811 942 cur

1029 968 1082 988 non
1097 961 1192 988 eodem
1206 961 1285 988 modo
1297 961 1353 987 fieri
1364 960 1497 987 credimus
1509 965 1537 987 ut
1548 960 1574 986 in
1588 960 1687 987 somnis
1700 960 1812 994 quisque

1027 1005 1117 1033 videat
1142 1010 1296 1039 mortuum,
1330 1005 1461 1037 quomodo
1490 1004 1519 1031 ﬁt
1545 1009 1574 1031 ut
1598 1004 1683 1032 videat
1718 1009 1748 1031 et
1776 1006 1812 1030 vi.

1027 1058 1088 1078 vum
1098 1051 1110 1078 f
1121 1051 1249 1078 ambobus
1262 1050 1354 1085 utique
1368 1050 1548 1077 nescientibus
1560 1057 1645 1084 neque
1656 1050 1810 1076 curantibus

1027 1096 1089 1131 quis
1102 1096 1144 1123 vel
1159 1096 1217 1129 ubi,
1239 1095 1282 1123 vel
1296 1096 1403 1130 quando
1424 1102 1516 1122 eorum
1535 1095 1663 1129 imagines
1684 1095 1809 1121 sosnni't.

1027 1142 1130 1170 Similia
1144 1146 1206 1169 sunt
1220 1146 1308 1168 autem
1320 1141 1431 1168 somniis
1446 1140 1571 1167 nonnulla
1580 1140 1659 1167 etiam
1671 1140 1727 1166 visa
1745 1140 1811 1175 vigi-

1028 1188 1138 1215 lantium
1144 1188 1188 1222 qui
1196 1187 1314 1214 turbatos
1326 1187 1421 1214 habent
1429 1193 1534 1218 sensus,
1540 1186 1611 1213 sicut
1617 1186 1763 1220 phrenetici
1773 1187 1810 1213 vel

1027 1240 1185 1269 quocunque
1192 1232 1307 1260 furentes
1315 1232 1409 1259 modo:
1420 1240 1480 1259 nam
1486 1236 1514 1259 et
1521 1232 1569 1266 ipsi
1576 1232 1717 1266 loquuntur
1723 1240 1811 1259 secum

1027 1279 1102 1313 quasi
1118 1285 1182 1306 vero
1191 1278 1364 1313 przcsentibus
1375 1278 1526 1312 loquantur,
1534 1281 1560 1304 et
1566 1280 1618 1304 tam
1626 1285 1684 1304 cum
1693 1277 1812 1305 absenti-

1028 1324 1077 1352 bus
1087 1333 1165 1359 quam
1176 1332 1237 1352 eum
1251 1318 1540 1360 prasentibusquorum
1550 1326 1677 1362 imagines
1686 1333 1810 1357 ceruum,

1027 1371 1084 1398 sive
1095 1371 1226 1404 vivorum.
1240 1371 1298 1398 sive
1308 1375 1472 1399 mortuorum
1480 1381 1486 1398 :
1494 1371 1541 1400 sed
1552 1372 1774 1407 quemadmodum
1787 1372 1811 1399 bi

1028 1415 1074 1451 qui
1086 1415 1175 1443 vivunt
1190 1416 1224 1443 ab
1234 1416 1277 1453 eis
1282 1423 1311 1443 se
1318 1416 1401 1443 videri
1414 1422 1440 1444 et
1453 1423 1513 1444 cum
1520 1417 1596 1444 cisse
1606 1416 1678 1451 loqui
1694 1417 1810 1444 uestiunt

1030 1462 1132 1497 (neque
1144 1463 1216 1489 enim
1230 1469 1320 1489 revera
1333 1462 1383 1496 ipsi
1397 1461 1504 1496 adsunt,
1516 1467 1562 1489 aut
1572 1462 1620 1496 ipsi
1630 1463 1808 1489 sermocinan-

1031 1511 1083 1539 tur,
1090 1508 1136 1534 sed
1144 1508 1218 1534 turba
1223 1507 1256 1534 tis
1264 1507 1387 1535 sensibus
1394 1507 1517 1536 homines
1524 1507 1585 1534 talia
1591 1508 1646 1535 visa
1660 1508 1810 1543 imaginaria

195 1549 235 1578 lut
247 1552 270 1579 si
288 1552 425 1587 quisquam
439 1552 526 1580 videat
538 1552 564 1579 in
575 1553 675 1580 somnis
688 1552 758 1588 quod
772 1551 871 1581 Aineas
882 1551 979 1578 vidisse
992 1549 1014 1579 C
1031 1552 1192 1587 patiuntur),
1210 1560 1243 1580 eo
1256 1553 1335 1580 modo
1349 1557 1377 1580 et
1391 1553 1417 1580 hi
1436 1552 1480 1586 qui
1489 1560 1521 1580 ex
1538 1552 1588 1580 hac
1596 1553 1647 1580 vita
1654 1553 1810 1588 migrarent,

194 1597 265 1642 apud
291 1597 391 1625 inferos
404 1598 506 1632 poetica
523 1597 637 1625 falsitate
658 1600 792 1629 narratur,
808 1600 836 1624 et
852 1596 876 1624 ei
890 1596 979 1630 cujus-

198 1641 267 1676 piam
282 1650 335 1670 non
348 1643 445 1677 sepulti
468 1647 596 1678 appareat
611 1643 708 1677 imago,
726 1642 903 1678 loquaturque
916 1642 978 1669 talia

197 1687 286 1723 qualia
300 1687 414 1716 refertur
428 1688 533 1715 locutus
548 1687 593 1715 ille
611 1687 693 1716 fuisse
707 1687 845 1715 Palinurus
857 1695 864 1720 ;
876 1692 904 1715 et
917 1694 977 1715 cum

144 1768 147 1771 ι
198 1733 375 1767 evigilavcrit,
390 1733 428 1760 ibi
441 1741 538 1767 corpus
547 1733 606 1767 eius
617 1733 732 1760 inveniat
746 1733 789 1760 ubi
799 1733 888 1767 jacere
904 1733 981 1767 inhu-

199 1783 299 1806 matum
313 1786 374 1806 cum
388 1779 536 1806 somniarct
547 1779 658 1811 audivit,
671 1779 823 1806 admonitus
834 1784 861 1806 et
872 1783 981 1813 rogatus

199 1829 229 1852 ut
242 1825 369 1859 sepeliret
383 1825 529 1853 inventum.
543 1825 574 1852 Et
588 1825 649 1860 quia
661 1824 687 1852 id
702 1832 792 1852 verum
805 1832 864 1852 esse
874 1832 982 1857 compe-

199 1872 245 1905 rit,
258 1871 349 1899 credat
360 1871 420 1899 ideo
432 1876 550 1899 mortuus
559 1871 679 1906 sepeliri,
692 1877 721 1899 ut
732 1878 825 1899 eorum
839 1871 937 1898 anima:
947 1870 980 1897 ad

199 1916 257 1943 loca
278 1919 414 1943 transeant
439 1915 509 1942 unde
533 1915 725 1950 insepultorum
747 1916 849 1942 animas
877 1915 982 1942 inferna

200 1960 335 1996 prohiberi
360 1961 420 1995 lege
434 1961 587 1988 somniavit.
612 1960 705 1988 Nonne
720 1961 769 1988 ista
790 1959 982 1996 lita]credeus

200 2007 341 2041 plurimum
355 2014 370 2034 a
385 2006 491 2034 tramite
513 2007 633 2034 veritatis
651 2006 800 2034 exorbitat?
824 2005 871 2033 Sic
892 2012 981 2033 autem

200 2053 339 2079 intinnitas
355 2053 534 2079 humanasese
548 2052 636 2084 habet,
649 2056 677 2078 ut
689 2059 748 2078 cum
757 2052 784 2078 in
797 2050 900 2079 sonmis
909 2051 983 2085 quis-

200 2106 252 2133 que
264 2098 358 2126 viderit
370 2103 514 2130 mortuum,
529 2097 612 2132 ipsius
625 2098 740 2124 animam
755 2104 784 2124 se
794 2096 885 2124 videre
907 2096 982 2124 arbi-

201 2149 299 2177 tretur;
315 2151 375 2171 cum
395 2148 483 2171 autem
494 2143 581 2170 vivum
592 2143 714 2170 similiter
727 2141 910 2176 somniaverit,
928 2150 981 2169 non

201 2190 258 2222 ejus
269 2190 384 2215 animam
401 2196 485 2223 neque
499 2195 607 2221 corpus,
627 2187 674 2214 sed
697 2187 812 2214 hominis
832 2187 984 2214 similitudi—

202 2242 262 2261 nem
276 2234 326 2261 sibi
341 2234 495 2268 apparuisse
508 2241 560 2260 non
581 2233 695 2265 dubitet,
709 2233 783 2267 quasi
808 2239 859 2259 non
880 2232 981 2266 possint
998 2231 1019 2259 D

202 2285 227 2308 et
242 2286 406 2313 mortuorum
421 2279 555 2306 hominum
573 2279 667 2306 eodem
692 2278 771 2305 modo
795 2278 980 2311 nescientium,

203 2334 255 2352 non
267 2326 373 2356 animai,
389 2324 435 2351 sed
450 2324 635 2352 similitudines
646 2331 774 2358 apparere
781 2323 981 2351 dormientibus.

204 2370 255 2397 Pro
266 2375 338 2398 certo
362 2377 422 2396 cum
439 2369 579 2396 ﬂediolani
594 2376 725 2402 essemus,
745 2368 891 2395 audivimus
911 2369 980 2402 quod

204 2421 262 2440 cum
284 2414 403 2440 debitum
428 2417 617 2445 repeteretura
637 2413 752 2447 quodam
763 2412 879 2439 defuncti
901 2412 982 2446 patris

204 2460 325 2486 cautione
334 2463 446 2493 prolata,
460 2458 530 2493 quod
541 2459 597 2485 filio
611 2458 746 2485 nesciente
756 2465 771 2484 a
782 2462 855 2492 patre
862 2457 917 2492 jam
925 2457 981 2484 fue-

205 2510 245 2531 rat
259 2505 432 2539 persolutum,
447 2504 597 2532 contristari
620 2504 700 2531 homo
713 2503 869 2538 gravissime
890 2503 980 2536 erepit.

206 2554 285 2584 atque
297 2550 386 2576 mirari
398 2551 468 2585 quod
484 2550 508 2577 ei
527 2554 600 2584 pater
615 2549 733 2577 moriens
742 2556 794 2576 non
809 2548 907 2576 dixerit
920 2548 982 2583 quid

205 2596 325 2625 deberet.
345 2603 404 2622 cum
425 2594 534 2622 fecisset
555 2595 635 2622 etiam
650 2598 834 2622 testamentum
849 2603 856 2621 :
874 2599 938 2622 tunc
958 2595 982 2622 ei

206 2639 307 2676 [nimis]
318 2640 397 2667 anxio
412 2641 533 2674 apparuit
553 2640 621 2667 idem
643 2644 719 2673 pater
737 2640 795 2675 eius
823 2640 849 2667 in
870 2641 981 2673 somnis,

206 2691 231 2713 ct
246 2686 289 2713 ubi
304 2690 374 2712 esset
387 2685 551 2721 [repositum]
568 2689 706 2712 recautum
721 2692 773 2719 quo
784 2685 826 2712 illa
836 2685 924 2713 cautio
938 2693 984 2712 va-

207 2737 282 2760 cuata
299 2732 393 2764 fuerat,
412 2732 556 2759 indicavit:
576 2739 629 2766 quo
651 2731 759 2758 invento
781 2733 887 2765 juvenis
908 2738 986 2766 atque

209 2785 364 2810 monstrato.
379 2788 431 2807 non
441 2780 526 2807 solum
539 2779 597 2806 fulsi
612 2779 694 2806 debiti
709 2779 866 2805 calumniam
882 2780 987 2813 propul-

211 2827 287 2859 savit,
303 2827 347 2853 scd
362 2828 439 2853 ctiam
452 2827 505 2861 79
514 2831 651 2861 paternum
668 2825 766 2860 recepit
780 2825 985 2860 chirographum

1031 1599 1071 1626 sie
1083 1598 1186 1627 affectis
1200 1598 1352 1626 hominibus
1363 1598 1487 1626 videntur
1496 1599 1571 1633 quasi
1584 1603 1742 1633 prasentes.
1755 1606 1810 1626 eam

1030 1644 1084 1672 sint
1091 1644 1226 1676 absentes,
1236 1648 1263 1672 et
1276 1649 1363 1671 utrum
1371 1643 1506 1678 aliquieos
1516 1643 1698 1679 imaginaliter
1707 1644 1811 1670 videant

1031 1689 1141 1717 omnino
1156 1689 1316 1716 nescientes.
1334 1689 1401 1717 lluie
1412 1689 1452 1716 rei
1463 1689 1551 1717 simile
1564 1694 1607 1717 est
1621 1679 1650 1716 et
1662 1689 1742 1721 illud,
1755 1697 1811 1716 cun

1032 1734 1156 1762 homines
1169 1735 1249 1762 altius
1262 1742 1342 1769 quam
1353 1735 1376 1761 si
1389 1734 1538 1762 dormirent
1548 1735 1743 1762 subtrahuntur
1756 1743 1809 1762 eor-

1032 1779 1104 1813 poris
1126 1780 1259 1812 sensibus,
1280 1783 1308 1806 et
1329 1784 1493 1813 occupantur
1516 1779 1614 1806 talibus
1634 1778 1716 1806 visis:
1730 1784 1757 1806 et
1774 1779 1810 1805 his

1033 1825 1105 1853 enim
1117 1829 1246 1860 apparent
1260 1825 1388 1860 imagines
1402 1825 1523 1853 vivorum
1547 1830 1630 1859 atque
1639 1831 1808 1862 mortqu

1031 1871 1078 1898 sed
1089 1869 1150 1897 cum
1158 1870 1256 1898 fuerint
1265 1870 1388 1898 sensibus
1397 1870 1503 1903 redditi,
1510 1878 1684 1905 quoscunque
1696 1876 1808 1897 «nam

1032 1916 1131 1944 vidisse
1143 1916 1306 1949 sedixerint,
1318 1924 1380 1944 vere
1400 1924 1460 1944 cum
1486 1917 1525 1944 eis
1546 1916 1630 1944 fuisse
1652 1917 1807 1944 creduntur;

1033 1970 1083 1990 nec
1097 1962 1234 1989 attendunt
1251 1962 1296 1997 qui
1312 1963 1368 1990 haec
1382 1962 1503 1995 audiunt,
1515 1963 1641 1990 similiter
1666 1963 1745 1990 abeis
1767 1962 1808 1988 ab-

1032 2009 1148 2037 sentium
1160 2013 1238 2043 atque
1253 2008 1428 2036 nescientium
1439 2007 1615 2041 quorumdam
1629 2009 1708 2035 etiam
1724 2008 1808 2042 imagi-

1034 2062 1082 2089 nes
1094 2054 1163 2081 visas
1178 2061 1239 2081 esse
1254 2054 1385 2081 vivorum.
1401 2053 1439 2081 lbi
1449 2053 1695 2089 ergosuntspiritus
1706 2053 1808 2080 defunc-

1013 2103 1021 2107 ·
1033 2087 1131 2130 forum,
1146 2098 1190 2125 ubi
1206 2107 1257 2125 non
1272 2098 1363 2125 vidcnt
1386 2087 1550 2133 quascunque
1572 2087 1687 2133 aguntur
1699 2102 1745 2125 aut
1755 2106 1808 2125 erc-

1034 2144 1109 2171 niunt
1124 2145 1150 2171 in
1171 2144 1220 2171 ista
1241 2145 1293 2172 vita
1309 2144 1459 2171 hominibus
1473 2152 1481 2172 :
1498 2145 1614 2178 quomod
1625 2154 1632 2168 t
1646 2152 1709 2179 ergo
1724 2144 1806 2171 vident

1034 2191 1150 2218 ttImulus
1164 2198 1227 2217 suos
1243 2196 1285 2216 aut
1301 2197 1413 2220 corpora
1425 2198 1471 2216 sua
1487 2196 1574 2216 u:rum
1595 2189 1696 2223 ahjecta
1711 2190 1808 2223 jarcant

1033 2245 1065 2263 an
1077 2238 1178 2270 sepulta
1186 2237 1196 2262 τ
1204 2235 1336 2271 quomodo
1347 2236 1478 2262 intersunt
1489 2235 1603 2261 miseri-.e
1614 2235 1744 2264 vivorum,
1754 2243 1806 2260 run

1034 2283 1074 2308 vel
1088 2291 1131 2307 sua
1150 2282 1197 2315 ipsi
1213 2291 1236 2307 Ill
1247 2283 1278 2306 ξιτ]
1295 2282 1437 2312 patiantur,
1454 2281 1475 2306 si
1492 2280 1551 2305 talia
1568 2280 1663 2306 merita
1676 2284 1807 2306 cuutrate-

1035 2333 1104 2359 runt,
1122 2328 1160 2353 νύ
1180 2328 1204 2353 in
1225 2334 1287 2353 caece
1300 2327 1476 2360 requiescant,
1498 2325 1567 2351 sicut
1582 2324 1642 2351 huic
1658 2324 1738 2351 Josiz
1752 2331 1806 2358 pro~

1035 2375 1141 2400 missurn
1159 2379 1209 2404 εστ,
1224 2374 1265 2399 uiri
1281 2374 1346 2399 mala
1364 2373 1414 2398 ul‘a
1432 2379 1479 2398 nec
1495 2371 1631 2405 patiendo,
1648 2378 1696 2398 nec
1708 2378 1804 2403 comp-

1035 2419 1123 2445 ticnilo
1147 2420 1310 2449 s'~a-‘.i:mnt,
1339 2418 1440 2444 liberati
1463 2417 1495 2443 ab
1517 2417 1642 2443 omnibus
1658 2416 1732 2442 malis
1754 2422 1805 2449 qu:

1035 2464 1086 2497 pali
1099 2464 1157 2489 -ιτιέίι
1216 2462 1398 2496 mmpatiendo
1422 2469 1480 2487 cum
1498 2460 1539 2487 hic
1563 2463 1681 2486 viverent
1702 2458 1806 2486 sustine-

1035 2509 1117 2535 bant?
1136 2511 1213 2534 ςὶξνίπτ
1227 2518 1232 2531 ι’
1251 2509 1341 2540 Δε,ἰῙ(ιιιῖς
1359 2516 1363 2532 ;
1378 2507 1404 2533 Si
1418 2507 1486 2532 nulla
1499 2511 1539 2532 est
1561 2506 1671 2532 mortuis
1696 2511 1759 2532 cura
1776 2503 1805 2530 dc

1126 2562 1221 2584 ιξιμηιω
1234 2554 1239 2566 ‘
1254 2554 1310 2578 zillc
1326 2553 1399 2577 divrs
1414 2551 1456 2584 qui
1469 2550 1538 2584 apud
1556 2550 1655 2576 inferos
1671 2548 1804 2583 torqueba-

1036 2606 1075 2625 iur
1093 2600 1199 2632 z'cyai-a.
1218 2602 1229 2622 »κ
1259 2599 1345 2623 ιττιιηιη
1365 2603 1463 2629 patrum
1490 2599 1519 2621 ut
1538 2594 1626 2620 mittat
1643 2590 1804 2619 Latarumd

1198 2650 1237 2669 εῖτ.
1254 2652 1261 2666 2
1273 2651 1345 2673 Sli'h,
1361 2642 1475 2668 nondum
1491 2646 1621 2670 mortuos,
1637 2645 1663 2666 et
1676 2643 1740 2673 agat
1752 2642 1803 2663 c-

1270 2695 1294 2714 ct
1310 2689 1357 2721 ipsi
1374 2690 1398 2714 in
1415 2687 1535 2713 eumdem
1561 2690 1752 2712 tormentomm
1771 2683 1804 2709 Ιο-

1037 2555 1109 2585 vitisI

1038 2647 1151 2680 quinqu;
1168 2645 1237 2669 “ait.

1038 2694 1074 2718 cis
1092 2699 1123 2717 ne
1141 2691 1244 2715 "(vitat-1

1038 2745 1095 2762 cum
1110 2737 1119 2752 ⁷
1135 2735 1184 2760 ενι·ίῖ

1195 2695 1244 2715 ἷῧῗιῖ

1080 2746 1095 2761 ν
1110 2737 1119 2752 7
1135 2735 1184 2760 ’én‘.
1205 2735 1321 2767 nunquid
1338 2733 1399 2765 quia
1422 2732 1470 2757 hoc
1494 2731 1538 2756 ille
1562 2730 1638 2756 dives
1659 2729 1736 2759 disit,
1754 2726 1804 2753 ida

1038 2783 1096 2811 ιῖιιιιῖ
1116 2782 1208 2806 ίῖη¹⁷ηιλ
1224 2785 1329 2810 ζῖμεὶτυιῖἱ
1344 2779 1382 2803 Vel
1400 2777 1458 2811 quid
1471 2781 1624 2809 paterentur
1639 2775 1682 2800 illo
1699 2776 1804 2804 templi

1038 2838 1056 2852 ει
1070 2828 1129 2851 aint?
1147 2833 1178 2849 il",
1198 2828 1220 2849 :l‘
1251 2826 1294 2851 iiii
1316 2832 1375 2849 rora
1394 2824 1423 2849 de
1440 2821 1516 2853 \l\lS,
1530 2822 1649 2854 qminvis
1673 2819 1735 2851 quid
1754 2822 1803 2850 ιβ·

1643 2867 1895 3066 Δ
