3874 6226
167 225 309 282 ιοὲὄ

162 438 236 485 de
275 436 527 498 mortuis,
552 435 791 504 quamvis
839 434 962 500 quid
989 442 1145 503 agant
1176 435 1355 500 utique
1400 433 1697 486 nesciamus
1727 451 1740 485 :

166 537 293 575 nam
316 524 362 577 si
382 525 511 579 nihil
528 528 593 578 tle
611 522 831 577 mortuis
856 538 1184 589 curaretuus,
1206 537 1307 577 non
1327 522 1505 591 utique
1528 538 1622 592 pro
1644 522 1748 575 illis

138 620 149 673 ξ
173 611 287 665 Deo
310 613 758 682 suppiicarcmus.

701 700 922 755 CAPUT
962 699 1222 756 CCCVI“.

144 786 365 843 .Utrnm
406 801 649 860 martyres
688 792 742 844 in
773 792 1027 860 beneﬁciis
1068 807 1178 859 qua:
1218 807 1391 844 eorum
1430 788 1744 843 orationibus

234 859 565 925 conferuntur
577 862 672 926 ipsi
689 859 923 915 interesse
939 861 1175 916 credendi
1190 872 1304 914 sunt
1320 861 1463 913 rebus
1474 859 1743 924 humanis;

243 945 314 980 ca:
343 930 471 981 libro
496 933 694 984 eodem.

244 1017 477 1077 Proinde
499 1018 763 1074 fatendum
785 1030 868 1075 est
889 1024 1091 1078 nescire
1115 1022 1324 1092 quidem
1350 1030 1588 1076 mortuos
1614 1018 1741 1088 quid

172 1108 264 1160 hic
295 1117 501 1175 agatur,
541 1111 634 1164 sed
665 1111 789 1165 dum
832 1111 917 1167 hic
946 1114 1150 1182 agitur:
1186 1124 1366 1183 postea
1389 1126 1519 1167 vero
1558 1111 1742 1165 audire

176 1196 250 1247 ab
278 1197 357 1250 eis
382 1196 470 1265 qui
500 1197 621 1251 hinc
652 1199 718 1253 ad
748 1214 842 1254 eos
863 1200 1136 1255 moriendo
1175 1210 1417 1271 pergunt,
1480 1214 1584 1254 non
1627 1198 1743 1269 qui-

169 1288 299 1342 dem
331 1290 530 1355 omnia,
569 1291 661 1346 sed
685 1307 802 1361 quae
831 1292 1074 1348 sinuntur
1103 1294 1336 1349 indicare
1366 1294 1455 1364 qui
1496 1294 1743 1348 sinuntur

169 1381 338 1431 etiam
365 1379 463 1433 ista
496 1382 822 1447 meminisse,
853 1392 907 1436 et
932 1399 1049 1452 quze
1087 1383 1208 1437 illos
1233 1384 1424 1452 quibus
1464 1382 1577 1436 hu-c
1606 1380 1741 1435 indi-

168 1476 299 1520 cant
327 1480 536 1536 oportet
565 1470 768 1526 audire.
804 1470 1030 1525 Possunt
1051 1472 1191 1527 etab
1216 1472 1417 1541 angelis
1446 1471 1536 1541 qui
1582 1471 1739 1527 rebus

170 1570 291 1624 qua:
322 1566 547 1627 aguntur
575 1559 658 1613 ltic
682 1570 876 1629 prasto
906 1571 1029 1615 sunt
1071 1562 1254 1616 audire
1280 1553 1478 1631 aliquid
1523 1560 1738 1625 mortui,

170 1647 315 1715 quod
344 1664 773 1719 unumquemque
804 1651 1009 1703 illorum
1033 1652 1217 1705 audire
1257 1652 1451 1706 debere
1515 1651 1737 1719 judicat,
1796 1696 1797 1699 η
1842 1647 1895 1664 ν*
1941 1647 2156 1663 """""
2183 1647 2371 1664 """"
2404 1647 2692 1712 {""""w'
2735 1647 2826 1663 '""
2868 1647 2990 1676 """
3022 1647 3234 1714 """",‘W
3289 1647 3416 1677 """

171 1736 255 1771 ,ωε
294 1749 480 1771 “MM
512 1740 742 1771 “manu
774 1749 889 1771 mm,
944 1739 1054 1771 mm
1084 1742 1223 1771 ηηεΜ
1252 1750 1425 1771 mm“,
1459 1740 1734 1771 “mum,
1772 1709 1816 1768 Β
1846 1700 2111 1770 quomodo
2130 1700 2263 1765 vult,
2287 1714 2930 1770 maximeqnetereorum
2954 1717 3235 1757 memorias
3259 1701 3417 1771 (quo«

171 1736 257 1791 cui
294 1749 481 1791 cuncta
510 1740 743 1808 subjecta
774 1749 915 1793 sunt.
944 1739 1054 1793 Nisi
1083 1742 1223 1793 enim
1252 1750 1433 1793 essent
1459 1740 1736 1811 angeliqui

174 1829 383 1895 possint
423 1830 679 1884 interesse
715 1831 951 1883 vivorum
980 1838 1035 1885 et
1081 1824 1409 1884 mortuorum
1443 1830 1598 1894 locis,
1642 1818 1747 1884 non

171 1916 403 1973 dixisset
430 1917 682 1972 Dominus
710 1917 891 1973 Jesus:
916 1918 1148 1989 Contigit
1169 1930 1343 1973 autem
1375 1919 1508 1973 mori
1531 1921 1745 1989 inopum

177 2007 345 2071 illum,
372 2016 425 2062 et
449 2008 623 2061 all‘crri
656 2008 724 2061 ab
764 2008 963 2078 angelis
993 2008 1043 2061 in
1084 2009 1257 2062 sinum
1303 2010 1549 2064 Abrahae.
1601 2008 1750 2065 Nunc

174 2112 309 2169 ergo
360 2098 476 2164 hic,
529 2114 667 2153 nunc
716 2098 787 2153 ibi
835 2113 952 2153 esse
999 2107 1281 2168 potuerunt
1319 2098 1406 2165 qui
1456 2099 1578 2153 hinc
1624 2098 1751 2153 illuc

172 2202 333 2256 quem
365 2187 509 2241 Deus
555 2188 723 2242 voluit
750 2188 1102 2243 abstulerunt.
1135 2188 1371 2241 Possunt.
1391 2190 1552 2243 etiam
1584 2188 1744 2257 spiri-

175 2282 261 2327 tus
293 2291 619 2331 mortuorum
647 2277 821 2346 aliqua
851 2292 966 2345 qum
996 2276 1080 2330 hic
1100 2286 1324 2346 aguntur
1345 2292 1463 2345 qure
1494 2291 1738 2332 necessa-

172 2366 311 2418 rium
334 2375 419 2420 est
444 2380 537 2420 eos
554 2381 728 2428 nosse,
760 2374 965 2434 etquos
996 2367 1351 2421 necessarium
1378 2380 1457 2419 est
1489 2382 1550 2419 ea
1579 2382 1739 2421 nosse

176 2455 251 2525 [et
280 2473 400 2527 qum
422 2458 777 2513 necessarium
808 2472 912 2511 non
940 2468 1023 2513 est
1051 2473 1143 2512 eos
1171 2473 1273 2511 non
1306 2456 1504 2527 nosse],
1535 2472 1640 2512 non
1666 2472 1751 2512 so-

179 2549 287 2601 lum
313 2549 591 2617 praesentia
616 2550 697 2605 vel
718 2550 1006 2619 przeterita,
1026 2565 1207 2604 verum
1237 2551 1395 2603 etiam
1423 2547 1620 2617 futura,
1633 2549 1751 2619 Spi-

178 2638 283 2693 ritu
314 2638 407 2694 Dei
439 2635 733 2707 revelante,
757 2656 1120 2710 cognoscere;
1152 2641 1287 2696 sicut
1316 2657 1417 2696 nou
1444 2658 1632 2698 omnes
1656 2644 1750 2697 ho-

180 2727 380 2795 mines,
411 2730 504 2783 sed
530 2729 801 2798 pr0pheta:
818 2730 944 2783 dum
968 2728 1053 2784 hic
1078 2732 1314 2785 viverent
1335 2731 1748 2800 cognosci-bant,

181 2829 281 2869 nec
310 2816 409 2884 ipsi
438 2818 638 2884 omnia,
664 2817 757 2872 sed
788 2834 905 2887 qua:
928 2818 1031 2873 illis
1046 2833 1168 2876 esse
1195 2822 1479 2873 revelanda
1508 2820 1597 2876 Dei
1630 2836 1751 2891 pro-

182 2905 415 2960 videntia
441 2906 731 2974 judicabat.
764 2907 895 2962 Mitti
928 2924 1135 2978 quoque
1162 2910 1225 2963 ad
1272 2912 1419 2964 vivos
1448 2910 1657 2981 aliquos
1684 2926 1751 2965 ex

183 2996 427 3062 mortuis,
458 2999 594 3052 sicut
621 3013 650 3052 e
672 2998 939 3053 contrario
971 2999 1161 3053 Paulus
1203 3014 1267 3055 es
1296 3001 1430 3055 vivis
1456 3001 1507 3056 in
1539 3003 1751 3071 paradi-

183 3098 300 3141 sum
329 3098 512 3157 raptus
538 3097 643 3161 est,
696 3087 872 3141 divina
906 3088 1177 3158 Scriptura
1222 3097 1465 3145 testatur.
1514 3090 1649 3145 illnc
1694 3103 1749 3147 et

185 3177 269 3229 iila
291 3177 516 3232 solvitur
533 3179 775 3247 qumstio,
798 3191 1025 3247 quonam
1049 3178 1207 3232 modo
1229 3191 1487 3249 martyres
1510 3180 1639 3247 ipsis
1663 3182 1753 3236 be-

187 3266 398 3323 neﬂciis
423 3284 540 3339 quae
577 3268 774 3323 dantur
814 3272 1092 3325 orantibus
1120 3269 1353 3324 indicant
1399 3286 1459 3325 se
1498 3271 1755 3327 interesse

186 3359 347 3414 rebus
374 3359 640 3426 humanis,
669 3358 715 3415 si
756 3361 997 3415 nesciunt
1038 3360 1227 3415 mortui
1266 3361 1388 3429 quid
1420 3369 1583 3429 agunt
1624 3362 1752 3415 vivi.

192 3449 310 3503 Non
339 3450 480 3505 enim
508 3449 639 3504 solis
664 3450 1041 3505 beneﬁciorqu
1079 3450 1378 3514 effectibus,
1414 3466 1596 3505 verum
1626 3450 1755 3518 ipsis

185 3542 347 3596 etiam
378 3527 650 3597 hominum
679 3542 983 3611 aspectibus
1024 3542 1386 3597 confessorem
1441 3543 1755 3611 apparuisse

184 3634 440 3698 Felicem,
462 3634 613 3704 cujus
642 3634 1011 3704 inquilinatum
1045 3633 1128 3703 pie
1168 3634 1363 3701 diligis,
1395 3648 1515 3686 cum
1554 3648 1583 3686 a
1632 3633 1755 3688 bar-

193 3722 341 3779 baris
366 3722 495 3778 Nola
515 3730 930 3794 oppugnaretur,
960 3722 1253 3776 audivimus
1276 3737 1380 3775 non
1402 3721 1619 3775 incertis
1662 3737 1754 3775 ru-

186 3814 449 3877 moribus,
487 3814 583 3869 sed
634 3814 867 3868 testibus
903 3812 1085 3866 certis.
1120 3812 1311 3865 Verum
1358 3813 1455 3865 ista
1505 3811 1759 3866 divinitus

189 3905 510 3962 exhibentur
529 3906 684 3977 longe
704 3906 859 3960 aliter
883 3919 1039 3974 quam
1063 3919 1180 3959 sese
1203 3904 1357 3957 habet
1380 3905 1605 3958 usitatus
1626 3904 1760 3958 ordo

187 3995 412 4066 singulis
434 4005 798 4050 creaturarum
824 3992 1104 4063 generibus
1131 3992 1439 4047 attributus.
1474 3991 1588 4046 Non
1615 3993 1758 4047 enim

186 4085 313 4152 quia
341 4084 393 4139 in
410 4086 588 4139 vinum
617 4098 753 4153 aqua
782 4098 901 4139 cum
926 4082 1089 4138 voluit
1116 4082 1368 4137 Dominus
1396 4092 1611 4149 repente
1632 4098 1762 4136 con-

190 4187 346 4229 versa
376 4183 483 4239 est,
514 4173 763 4243 ideonon
789 4172 1046 4227 debemus
1073 4172 1195 4240 quid
1219 4186 1349 4241 aqua
1380 4173 1551 4226 valeat
1574 4172 1623 4225 in
1647 4172 1758 4227 ele-

193 4276 494 4322 mentorum
522 4266 709 4321 ordine
732 4266 965 4335 proprio,
994 4265 1063 4319 ab
1090 4264 1242 4319 istius
1272 4263 1430 4317 divini
1463 4262 1641 4331 operis
1670 4278 1756 4318 ra-

193 4358 375 4422 ritate,
407 4359 488 4413 vel
519 4358 696 4427 potius
730 4355 1096 4426 singularitate
1132 4355 1433 4410 discernere
1459 4372 1471 4407 :
1499 4368 1595 4408 nec
1627 4369 1762 4423 quo-

1348 227 1784 284 TIIESAURUS.
1825 228 1976 284 CAP.
2018 229 2239 288 CCCIX.

163 348 292 394 rent
313 340 532 395 omnino
562 343 809 405 nesciret,
842 336 1286 409 quemadmodum
1320 340 1471 392 nobis
1499 349 1581 393 est
1608 355 1733 393 cura
1766 342 1816 400 Α
1842 356 1976 409 quos
2005 357 2097 409 per
2130 359 2223 397 cos
2250 355 2454 397 certum
2484 350 2569 397 est
2610 342 2849 413 adjuvari

3272 241 3293 294 l
3302 240 3405 298 026

2895 363 2906 397 :
2960 353 3133 399 utrum
3186 332 3289 417 ipsi
3312 369 3406 420 per

1846 431 2048 497 seipsos
2071 432 2242 485 adsint
2272 448 2377 486 uno
2399 441 2638 501 tempore
2668 443 2772 487 tam
2797 434 3023 489 diversis
3038 435 3168 489 locis
3183 448 3240 491 et
3261 450 3403 495 tanta

1847 519 1982 573 inter
2011 535 2069 574 se
2098 520 2482 591 longinquitate
2506 521 2771 587 discretis,
2801 524 2916 577 sive
2951 525 3039 578 ubi
3070 526 3196 580 sunt
3215 542 3402 584 eorum

1846 608 2137 675 memoriae,
2191 611 2305 664 sive
2357 622 2561 679 praeter
2593 625 2718 666 suas
2769 616 3055 669 memorias
3106 616 3410 687 ubicunque

1845 700 2029 753 ade-se
2055 701 2384 766 sentiuntur;
2409 717 2477 755 an
2508 702 2633 771 ipsis
2660 705 2711 756 ιιι
2741 704 2859 758 loco
2887 706 2999 760 suis
3036 708 3241 763 meritis
3266 723 3400 763 cnn-

1843 802 1976 858 gruo
2000 788 2068 844 ab
2086 790 2229 845 omni
2270 791 2570 845 mortalium
2615 791 3018 847 cuttversatione
3059 796 3303 863 semotis,
3355 805 3414 853 et

1846 890 2020 934 tamen
2068 881 2389 950 generaliter
2423 882 2757 935 orationibus
2780 882 3098 955 [orantium]
3129 902 3224 955 pro
3271 867 3409 943 indi-

1842 970 2013 1039 gentia
2042 971 2468 1041 supplicantium,
2490 973 2630 1025 sicut
2666 985 2765 1026 nos
2790 988 3001 1028 oramus
3031 991 3125 1042 pro
3155 977 3403 1041 mortuis,

1843 1064 2035 1131 quibus
2055 1063 2236 1133 utique
2251 1078 2355 1119 non
2378 1044 2782 1132 praesentamur,
2812 1067 3016 1120 necubi
3040 1068 3146 1121 sint
3174 1069 3252 1122 vel
3278 1069 3405 1138 quid

1844 1166 2005 1223 agant
2034 1154 2263 1220 scimus,
2298 1153 2441 1209 Deus
2475 1154 2816 1222 omnipotens
2837 1157 2925 1225 qui
2954 1158 3037 1211 est
3061 1160 3172 1228 so
3213 1160 3409 1228 ubique

1846 1258 2103 1313 praesens,
2127 1258 2225 1298 nec
2246 1251 2529 1298 concretus
2559 1242 2732 1308 nobis,
2764 1259 2863 1298 nec
2892 1256 3128 1299 remotus
3158 1263 3184 1299 a
3228 1232 3407 1313 nobis,

1842 1334 2133 1389 exaudiens
2160 1342 2450 1403 martyrum
2476 1349 2682 1401 preces,
2717 1349 2811 1404 per
2836 1337 3071 1406 angelica
3104 1338 3395 1395 ministeria

1843 1440 2219 1496 usquequaque
2251 1424 2440 1480 dilfusa
2469 1427 2703 1495 prmbcat
2740 1427 3042 1483 hominibus
3073 1428 3171 1481 ista
3196 1428 3411 1493 solatia,

1842 1516 2035 1587 quibus
2064 1518 2114 1570 iu
2146 1515 2301 1586 hujus
2328 1518 2446 1571 vita:
2470 1517 2681 1571 miseria
2701 1517 2899 1587 judicat
2955 1533 3075 1573 esse
3104 1520 3412 1589 praebenda,

1841 1620 1895 1664 et
1940 1622 2156 1663 suorum
2183 1609 2371 1664 merita
2402 1619 2693 1680 martyrum
2734 1610 2826 1663 ubi
2862 1610 2990 1676 vult,
3022 1613 3234 1681 quando
3282 1614 3416 1677 vult,

1851 1794 1988 1846 niam
2018 1793 2118 1846 hoc
2144 1792 2287 1845 novit
2307 1792 2559 1859 expedire
2586 1794 2739 1846 nobis
2764 1793 2829 1846 ad
2869 1775 3231 1847 ediﬂcaodam
3259 1793 3418 1849 iidem

1849 1882 2069 1947 Christi,
2102 1896 2197 1951 pro
2222 1880 2375 1950 cujus
2418 1880 2496 1935 illi
2522 1882 2859 1938 conlessione
2886 1890 3009 1938 sunt
3052 1884 3217 1953 passi)
3253 1887 3419 1939 mira-

1851 1974 1940 2027 bili
1963 1983 2120 2043 atquc
2148 1971 2397 2027 inellabill
2432 1981 2691 2040 potestate
2715 1988 2777 2028 ac
2802 1975 3036 2030 bonitate
3061 1977 3420 2034 commendet.

1852 2064 1957 2119 lies
1982 2077 2064 2120 est
2110 2064 2223 2119 brec
2267 2065 2429 2120 altior
2457 2079 2617 2136 quam
2658 2074 2771 2120 uta
2803 2082 2889 2123 me
2918 2068 3082 2137 possit
3111 2071 3319 2139 attingi,
3364 2080 3419 2126 et

1850 2157 2149 2211 aliatrusior
2174 2170 2330 2226 quam
2355 2166 2411 2210 ut
2439 2171 2470 2211 a
2516 2171 2602 2212 me
2631 2157 2807 2223 valeat
2838 2159 3187 2227 perscrutari;
3221 2148 3420 2216 et'idt-o

1849 2246 1972 2318 quid
2003 2246 2189 2301 horum
2216 2246 2441 2302 duorum
2482 2247 2567 2311 sit,
2597 2262 2664 2302 an
2707 2261 2838 2303 vero
2865 2247 3105 2305 fortassis
3133 2256 3416 2318 utrumque

1849 2338 1935 2399 sit,
1978 2344 2035 2389 ιιι
2080 2336 2364 2406 aliquando
2410 2338 2511 2391 ista
2561 2337 2689 2391 ﬁant
2741 2352 2836 2408 per
2864 2337 3032 2407 ipsam
3077 2341 3414 2407 pratsentiatn

1853 2434 2164 2495 martyrum,
2196 2425 2478 2495 aliquando
2500 2441 2594 2494 per
2611 2413 2827 2497 angelos
2850 2428 3203 2497 suscipientes
3234 2445 3419 2497 perso-

1852 2530 1973 2569 nam
2004 2525 2316 2585 martyrum,
2350 2515 2571 2569 deiinire
2598 2530 2701 2569 non
2729 2515 2922 2571 audeo.
2962 2516 3216 2572 Malletua
3241 2516 3421 2573 scien-
3467 2508 3470 2511 ’

1854 2605 1995 2658 tibus
2014 2605 2112 2657 ista
2153 2604 2461 2673 perquirere
2486 2621 2499 2657 :
2532 2618 2703 2673 neque
2732 2604 2874 2658 enim
2903 2619 3060 2659 nemo
3085 2613 3167 2659 est
3192 2608 3280 2675 qni
3308 2605 3421 2661 haec

1851 2696 2005 2755 sciat.
2056 2709 2160 2749 non
2200 2695 2287 2762 qui
2309 2693 2408 2748 sibi
2461 2695 2601 2749 scire
2642 2692 2886 2747 videatur
2924 2702 2979 2747 et
3006 2694 3231 2749 nesciat.
3274 2692 3421 2748 Dona

1851 2786 1992 2841 enim
2023 2784 2113 2839 Dei
2143 2794 2266 2839 sunt
2286 2785 2369 2839 bis
2397 2783 2499 2838 alia
2528 2792 2583 2838 et
2624 2783 2730 2839 illis
2752 2783 2853 2838 alia
2896 2782 3193 2852 largientis.
3224 2797 3420 2838 secun-

1855 2876 1979 2929 dum
2010 2875 2320 2944 Apostolum
2351 2873 2438 2944 qui
2480 2873 2638 2938 dicit,
2673 2872 2961 2943 unicuique
2982 2872 3097 2927 dari
3119 2870 3422 2927 manifesta-

1854 2967 2049 3020 tionem
2078 2964 2306 3035 Spiritus
2332 2964 2399 3017 ad
2439 2963 2740 3018 utilitatem.

2407 3074 2633 3131 canor
2670 3073 2890 3149 ecetx.

1858 3168 1989 3223 Item
2023 3168 2087 3223 de
2126 3167 2381 3222 oblatione
2418 3167 2495 3220 rei
2535 3168 2851 3235 elumesyna
2897 3181 2991 3235 pro
3032 3166 3317 3235 defunctis;
3360 3180 3423 3221 ra

2458 3237 2632 3289 eodem
2652 3234 2802 3289 libro.
3104 3234 3107 3235 ⁷
3389 3240 3394 3245 ’

1925 3348 2054 3416 Qute
2085 3363 2205 3401 cum
2245 3345 2316 3401 ita
2353 3346 2480 3412 sint,
2514 3361 2619 3401 non
2660 3344 3026 3399 existimemus
3063 3345 3130 3399 ad
3177 3358 3417 3402 mor:uos

1857 3453 1955 3507 pro
1974 3440 2168 3507 quibus
2202 3452 2383 3491 curant
2421 3437 2656 3507 gerimus
2682 3433 2978 3504 pervenire,
3013 3434 3128 3489 nisi.
3153 3433 3294 3504 quod
3325 3449 3422 3504 pro

1856 3528 1957 3593 eis,
1990 3529 2105 3581 sive
2124 3511 2327 3591 altaris,
2351 3524 2464 3579 sive
2485 3524 2808 3589 orationum,
2828 3525 2945 3578 sive
2961 3523 3422 3596 eleemosynarum

1858 3615 2137 3670 sacriﬁciis
2164 3616 2476 3669 solemniter
2503 3613 2863 3681 supplicamus
2888 3626 2904 3665 :
2931 3614 3173 3680 quamvis
3196 3628 3300 3667 non
3324 3628 3423 3682 pro

1858 3706 2051 3775 quibus
2114 3704 2246 3759 iiunt
2296 3703 2545 3759 omnibus
2607 3702 2855 3772 prosint,
2917 3702 3012 3757 sed
3068 3704 3148 3757 eis
3212 3712 3416 3758 tantum

1859 3799 2053 3869 quibus
2079 3798 2207 3853 dum
2235 3792 2419 3851 vivunt
2446 3805 2786 3865 comparatur
2814 3800 2872 3849 ut
2911 3794 3134 3865 prus-int.
3159 3794 3268 3851 Sed
3293 3795 3417 3865 quia

1862 3903 1967 3942 nou
1992 3887 2349 3941 discernimus
2374 3889 2463 3955 qui
2488 3887 2615 3951 sint,
2637 3893 2851 3953 oportet
2877 3898 2939 3939 ea
2972 3899 3066 3952 pro
3096 3885 3422 3955 regeneratis

1859 3978 2110 4032 omnibus
2140 3979 2338 4041 facere,
2366 3986 2423 4030 ut
2452 3976 2628 4031 nullus
2659 3983 2868 4030 eorum‘
2890 3976 3320 4041 praetermittatur
3352 3975 3420 4029 ad

1859 4084 1995 4139 quos
2026 4070 2139 4123 haec
2182 4067 2437 4122 beneﬁcia
2486 4066 2689 4134 possint
2736 4056 2790 4119 ei
2832 4064 3064 4119 debeant
3108 4063 3407 4132 pervenire.

1859 4157 2042 4214 tlelins
2086 4162 2232 4214 enim
2285 4168 2600 4227 superet-unt
2644 4156 2739 4210 ista
2796 4154 2875 4209 eis
2940 4154 3135 4224 quibus
3178 4169 3281 4210 nec
3324 4153 3426 4210 ob-

1860 4258 1983 4303 sunt
2012 4262 2110 4304 nec
2130 4256 2377 4317 prosunt,
2407 4261 2566 4316 quam
2594 4246 2675 4301 eis
2698 4244 2927 4299 deerunt
2952 4243 3147 4312 quibus
3176 4251 3418 4312 prosunt.

1862 4336 2175 4405 Diligentius
2205 4343 2380 4389 tamen
2411 4334 2537 4387 iacit
2579 4331 2693 4386 hate
2730 4333 2953 4401 quisque
2984 4344 3079 4398 pro
3107 4333 3428 4406 tieecasariis

194 4407 375 4422 --ν-η.
421 4407 487 4413 ὴν-
522 4407 690 4427 .--π-τ
732 4407 958 4426 me"-
1547 4407 1590 4408 η
1640 4407 1661 4423 ι

192 4448 336 4502 niam
364 4445 594 4501 Lazarus
614 4446 921 4509 resurrexit,
945 4444 1065 4499 ideo
1090 4451 1326 4497 mortuus
1352 4444 1521 4497 omnis
1546 4442 1753 4512 quando

1867 4427 1998 4492 sui-,
2028 4439 2135 4495 quo
2163 4440 2259 4495 pro
2290 4424 2383 4477 illo
2412 4422 2541 4476 liant
2564 4421 2807 4475 similiter
2834 4434 2864 4474 a
2903 4418 3035 4473 suis.
3063 4419 3287 4488 Corpori
3326 4435 3426 4476 au.

194 4536 309 4589 vult
343 4535 593 4604 resurgit,
621 4541 712 4588 aut
735 4548 801 4590 eo
832 4532 989 4587 modo
1027 4532 1285 4587 exanimis
1316 4548 1340 4582 a
1383 4532 1595 4585 vivente
1622 4544 1759 4601 quo-

196 4624 359 4678 modo
390 4638 422 4677 a
452 4623 703 4691 vigilante
751 4621 1024 4677 dormiens
1067 4619 1346 4674 excitatur.
1400 4620 1504 4674 Alli
1544 4620 1765 4692 [itaque]

194 4720 321 4767 sunt
336 4711 684 4765 humanarum
710 4709 906 4764 limites
934 4724 1136 4773 rerum,
1158 4709 1259 4763 alia
1288 4707 1586 4762 divinarum
1612 4711 1763 4779 signa

195 4803 491 4864 vittutum;
523 4800 627 4859 alia
649 4808 772 4852 sunt
793 4812 913 4868 quae
958 4798 1293 4861 naturaliter,
1326 4798 1427 4853 alia
1454 4814 1574 4868 quae
1602 4799 1765 4853 mira-

197 4890 378 4947 biliter
406 4890 567 4945 ﬁunt:
595 4890 837 4959 quamvis
860 4898 915 4944 et
944 4898 1143 4943 naturae
1164 4889 1307 4944 Deus
1333 4889 1470 4943 adsit
1498 4899 1555 4943 ut
1581 4889 1673 4955 sit,
1706 4899 1763 4945 et

199 4983 699 5039 miraculismatura
736 4995 838 5036 non
886 4981 1043 5036 desit.
1073 4981 1184 5036 Non
1228 4982 1387 5051 igitur
1414 4981 1537 5036 ideo
1575 4988 1765 5051 putan-

198 5076 328 5128 dum
354 5079 441 5128 est
485 5072 724 5127 vivorum
769 5070 929 5126 rebus
973 5070 1239 5140 quoslibet
1295 5070 1557 5126 interesse
1607 5085 1765 5140 posse

201 5162 504 5229 delunctos,
551 5163 800 5232 quoniam
844 5161 1156 5232 quibusdam
1188 5161 1437 5216 sanandis
1484 5161 1567 5217 vel
1610 5162 1766 5231 adjuo

202 5255 391 5311 vandis
419 5264 677 5327 martyres
706 5255 922 5320 adsunt;
963 5253 1056 5311 sed
1095 5254 1215 5309 ideo
1252 5256 1427 5322 potius
1476 5254 1769 5323 intelligen-

203 5342 331 5401 dum
354 5354 434 5399 est
457 5344 597 5414 quod
623 5360 717 5415 per
742 5344 981 5423 Divinam
1011 5342 1300 5414 potentiam
1325 5352 1587 5413 martyies
1617 5342 1768 5397 vivo-

206 5450 324 5491 rum
363 5423 527 5489 rebus
552 5435 838 5501 intersunt,
866 5434 1112 5505 quoniam
1143 5431 1377 5487 defuncti
1403 5448 1499 5502 per
1528 5441 1771 5487 naturam

210 5524 476 5596 propriam
533 5525 773 5580 vivorum
836 5523 998 5581 rebus
1063 5523 1321 5578 interesse
1373 5538 1478 5577 non
1532 5530 1772 5591 possunt.

166 5645 170 5648 -
210 5618 522 5684 Quanquam
544 5615 645 5667 ista
674 5615 901 5682 quaestio
924 5616 1065 5670 vires
1092 5612 1459 5681 intelligentize
1490 5627 1623 5665 ruere
1650 5612 1779 5670 vicit

217 5704 456 5779 [vincat],
496 5706 941 5777 quemadmodum
1001 5707 1324 5779 opitulentur
1386 5712 1647 5774 martyres
1694 5702 1777 5766 bis

1870 4525 1977 4570 tem
2025 4514 2291 4568 humando
2337 4510 2593 4582 quidquid
2641 4508 2982 4585 impenditur,
3026 4525 3134 4569 non
3179 4518 3266 4564 est
3291 4525 3427 4581 prata

1868 4603 2060 4661 sidium
2111 4603 2325 4667 salutis,
2382 4602 2477 4655 sed
2525 4590 2870 4654 humanitatis
2920 4598 3178 4665 olllcium,
3231 4613 3424 4655 secun-

1868 4694 1993 4751 dum
2020 4693 2267 4749 alectum
2296 4706 2402 4762 quo
2433 4705 2592 4746 nemo
2616 4690 3089 4760 unquam'carnem
3118 4702 3268 4744 suam
3297 4688 3425 4744 odio

1871 4787 2051 4842 habet.
2067 4786 2217 4843 Unde
2239 4791 2447 4854 oportet
2468 4790 2525 4837 ut
2543 4796 2701 4854 quam
2724 4788 2895 4851 potest
2914 4794 3009 4851 pro
3022 4794 3185 4835 carne
3197 4780 3427 4851 proximi

1865 4892 2049 4933 curam
2074 4885 2243 4947 gerat,
2271 4888 2396 4929 cum
2425 4873 2514 4929 ille
2536 4872 2661 4928 inde
2687 4871 2965 4928 recesserit
2987 4871 3077 4941 qui
3102 4870 3333 4942 regebat.
3359 4870 3426 4926 Et
3468 4864 3472 4867 ⁷

1868 4970 1912 5026 si
1936 4972 2049 5025 hac
2069 4968 2371 5037 faciuntqui
2396 4966 2574 5021 carnis
2590 4964 3033 5020 resurrectionem
3057 4978 3163 5019 non
3180 4962 3425 5031 (sedum,

1854 5070 2069 5131 :quanto
2109 5057 2275 5129 magis
2302 5056 2502 5113 debent
2542 5054 2720 5110 facere
2744 5054 2839 5126 qui
2879 5053 3102 5109 credunt
3133 5062 3188 5107 nt
3214 5054 3427 5123 corpori

1873 5164 2116 5222 mortuo,
2153 5150 2248 5205 sed
2294 5156 2473 5203 tamen
2522 5152 2889 5201 resurrecturo
2929 5151 3002 5226 et.
3029 5144 3082 5197 in
3132 5142 3431 5201 eternitate

1874 5258 2146 5308 mansuro,
2174 5242 2470 5311 impensum
2495 5234 2757 5307 ejusmodi
2784 5233 3011 5289 olnt-ium
3028 5233 3098 5287 sit
3121 5231 3279 5288 etiam
3296 5246 3419 5301 quo-

1874 5339 2160 5399 dammodo
2204 5335 2444 5408 ejusdem
2490 5332 2614 5389 lidei
2656 5326 3052 5387 testimonium?
3096 5326 3250 5395 Quod
3299 5340 3433 5383 vero

1873 5430 2099 5503 quisque
2142 5426 2285 5497 apud
2327 5422 2615 5480 memorias
2658 5428 2952 5491 martyrum
2998 5415 3287 5486 sepelitur,
3328 5416 3433 5477 hoc

1876 5529 2078 5578 tantum
2109 5517 2241 5574 mihi
2261 5518 2473 5573 videtur
2499 5513 2750 5585 prodesse
2773 5510 3048 5576 defuncto,
3077 5517 3140 5562 ut
3162 5520 3429 5563 emuntu-

1875 5612 2010 5668 dans
2053 5624 2174 5666 eum
2214 5608 2375 5662 etiam
2420 5614 2710 5675 martyrum
2753 5599 3045 5671 patrocinio
3069 5598 3291 5655 aﬂ'ectus
3339 5612 3436 5672 pro

1878 5703 1968 5760 illo
1997 5699 2396 5772 supplicatinnis
2424 5704 2699 5769 augeatur.
