3800 6236
153 213 277 272 1029

1277 151 1725 249 τιιεεςὶυιςυε.
1766 191 1917 252 CAP.
1956 199 2202 258 CCCX'l.

3254 215 3385 271 {050

147 322 412 385 aversatus
444 325 623 389 fueris,
651 320 714 374 ad
746 318 978 372 animum
1023 312 1358 370 referendum
1392 298 1499 356 εει.
1555 303 1700 361 llila-
1733 307 1781 364 Α
1812 309 1947 364 bona
1972 312 2106 367 facta
2136 320 2342 379 vestra;
2365 315 2458 369 sed
2488 329 2591 369 non
2615 315 2684 371 ibi
2719 316 2881 371 finem
2915 323 3207 390 constituit,
3229 328 3379 382 addi-

147 437 253 474 rem
280 420 419 473 enim
451 415 687 469 datorem
715 408 885 477 diligit
913 407 1071 460 Deus.
1105 406 1367 458 Mutuatur
1388 398 1568 452 autem
1590 414 1704 454 om-

145 511 223 566 nis
253 510 338 578 qui
370 505 577 573 accipit,
607 498 943 570 etiamsinon
975 496 1088 564 ipse
1117 495 1394 548 soluturus
1426 495 1510 540 est
1537 503 1552 543 :
1586 504 1705 543 cum

144 601 282 656 enim
313 591 741 651 misericordtbus
773 588 910 641 Deus
939 586 1088 654 plura
1121 583 1382 648 restituat,
1415 579 1590 633 omnis
1616 580 1704 648 qui

146 688 455 744 beneficium
489 688 701 751 praestat
742 679 1034 732 feneratur.

667 789 888 854 CAPUT
927 786 1172 845 CCCX".

147 892 411 960 Quomodo
451 887 832 960 intelligendum
859 883 1178 960 sit_:_f7avete
1215 897 1277 960 ne
1301 878 1570 960 iustitiam.
1595 892 1707 929 νεε-

209 975 344 1016 trum
382 962 582 1032 faciatis
608 948 776 1011 Eorum
798 953 1084 1009 hominibus
1107 968 1126 1007 .°
1148 954 1223 1006 vel
1252 966 1365 1021 qua:
1385 951 1449 1004 sit
1473 948 1705 1010 sinistra;

206 1049 274 1086 ea:
301 1030 477 1085 eodem
505 1030 650 1082 libro.

211 1141 402 1197 Corde
434 1142 701 1195 mundatio
726 1147 809 1193 est
829 1125 1084 1207 tanquam
1121 1131 1308 1189 oculus
1353 1147 1460 1204 quo
1500 1130 1711 1206 videtur

145 1240 306 1304 Deus,
335 1237 487 1306 cujus
535 1234 791 1304 simplicis
832 1231 1061 1289 habendi
1110 1239 1308 1285 tantam
1359 1241 1540 1281 curam
1589 1238 1712 1279 esse

143 1340 376 1399 oportet,
407 1338 652 1396 quantam
697 1325 811 1394 ejus
837 1309 913 1378 rei
943 1321 1174 1392 dignitas
1220 1318 1442 1387 ﬂagitat,
1470 1331 1586 1385 qua:
1619 1313 1710 1368 tali

143 1421 304 1476 oculo
349 1418 584 1487 conspici
633 1426 823 1487 potest.
859 1416 990 1469 lluic
1021 1423 1196 1467 autem
1237 1409 1392 1466 oculo
1422 1423 1608 1477 magna
1645 1422 1710 1461 ex

143 1523 298 1583 parte
321 1511 568 1566 mundata
594 1509 812 1563 diflit-ile
841 1514 922 1559 est
950 1519 1053 1558 non
1085 1502 1363 1570 subripere
1393 1500 1582 1554 sordes
1611 1496 1712 1552 ali-

142 1619 276 1674 quas
305 1603 370 1657 de
398 1603 476 1655 his
505 1601 663 1655 rebus
694 1614 808 1667 quae
838 1598 979 1665 ipsas
1024 1605 1234 1649 nostras
1280 1596 1446 1648 bonas
1475 1590 1714 1645 actiones

1809 400 1885 451 dit
1913 401 2082 456 enim:
2107 404 2164 457 Et
2197 405 2500 475 glorificent
2524 407 2734 463 Patrem
2758 417 2994 463 vestrum
3025 413 3114 480 qui
3141 418 3192 468 in
3221 421 3375 473 caelis

1809 500 1911 544 est.
1944 493 2041 548 ilic
2067 504 2244 550 autem
2275 498 2399 567 quia
2431 497 2531 553 hoc
2574 501 2920 568 reprehendit
2964 503 3008 556 si
3036 505 3136 559 sibi
3170 507 3266 576 ipsi
3306 510 3378 562 sit

1810 583 1875 654 [si
1907 585 1978 639 ibi
2006 585 2096 656 sit]
2119 587 2244 642 linis
2271 599 2417 645 recte
2446 590 2723 661 factorum,
2753 594 2805 648 id
2843 603 2926 650 est
2945 637 2961 664 ,
3008 595 3054 650 si
3091 608 3377 665 propterea

1809 684 1953 728 recte
1991 674 2252 733 faciamus
2288 687 2348 732 ut
2390 688 2596 736 tantum
2622 683 2900 740 videamur
2937 684 3005 740 ab
3045 685 3376 756 hominibus,
3407 752 3409 754 η

1808 773 2155 850 posteaquam
2205 769 2340 824 dixit
2371 788 2385 823 :
2417 770 2610 827 Cavete
2641 773 2814 830 facere
2839 773 3099 844 justitiam
3140 789 3374 834 vestram

1808 867 1988 909 coram
2025 857 2349 925 hominibus,
2383 869 2442 914 ut
2469 861 2751 937 videamini
2777 866 2843 920 ab
2872 868 2981 934 eis,
3013 869 3140 923 nihil
3171 870 3377 926 addid.t

1811 944 1865 998 in
1910 961 2016 1014 quo
2045 960 2266 1017 apparet
2296 965 2402 1005 non
2435 952 2536 1006 hoc
2581 967 2702 1008 eum
2746 955 3081 1021 prohibuisse
3122 970 3179 1014 ut
3223 970 3372 1016 recte

1814 1033 1909 1088 fiat
1934 1051 2113 1099 coram
2146 1039 2468 1107 hominibus,
2499 1041 2596 1095 sed
2624 1057 2690 1097 ue
2731 1044 2851 1098 ideo
2880 1055 3024 1101 recte
3051 1047 3142 1103 llat
3183 1064 3365 1105 coram

1812 1123 2122 1182 hominibus
2143 1136 2201 1182 ut
2219 1128 2499 1202 videamur
2528 1130 2595 1185 ab
2623 1132 2721 1198 eis,
2755 1132 2806 1187 id
2829 1144 2931 1199 est,
2955 1144 3012 1189 ut
3037 1137 3135 1193 hoc
3157 1139 3367 1195 intuea-

1817 1231 1959 1283 mur,
1989 1225 2044 1274 et
2070 1218 2138 1274 ibi
2169 1219 2327 1274 linem
2357 1221 2524 1275 nostri
2568 1223 2825 1291 propositi
2865 1224 3220 1294 collocemus;
3251 1243 3376 1286 nam

1813 1313 1870 1360 et
1913 1306 2200 1374 Apostolus
2239 1307 2368 1362 dicit
2397 1325 2414 1361 :
2443 1307 2499 1364 Si
2528 1309 2700 1364 adhuc
2741 1310 3047 1368 hominibus
3091 1316 3379 1384 placerem,

1812 1395 2007 1451 Christi
2039 1411 2227 1453 servus
2257 1414 2362 1453 non
2393 1415 2600 1466 essem;
2627 1417 2747 1456 cum
2775 1403 2880 1457 alio
2911 1404 3027 1460 loco
3049 1406 3190 1460 dicat
3221 1425 3232 1459 :
3262 1407 3381 1462 Pla-

1813 1495 1933 1541 cete
1961 1487 2264 1544 hominibus
2295 1490 2588 1562 [omnibus]
2617 1507 2711 1561 per
2735 1492 2909 1547 omnia
2929 1535 2942 1559 ,
2974 1496 3115 1550 sicut
3144 1495 3242 1568 [et]
3283 1514 3386 1568 ego

1812 1579 2063 1634 omnibus
2092 1596 2185 1649 per
2204 1583 2384 1635 omnia
2409 1583 2614 1651 placeo,
2647 1585 2787 1653 quod
2809 1586 2898 1654 qui
2923 1601 3028 1640 non
3055 1587 3395 1658 intelligunt,

142 1672 387 1746 comitari
415 1690 606 1753 solent,
630 1688 784 1741 veluti
802 1687 1014 1740 estians
1039 1686 1268 1737 humana
1295 1680 1583 1749 :siquidem
1607 1695 1711 1734 non
1744 1676 1789 1734 Β
1816 1672 2142 1724 conuiuium
2177 1680 2382 1739 Ριιιδηῑν
2427 1687 2549 1726 cum
2581 1673 2668 1728 me
2707 1691 2765 1728 ³⁸
2805 1676 2998 1730 dixem
3032 1693 3136 1732 ηοη
3170 1681 3385 1747 im“:ere

143 1794 296 1838 recte
326 1784 499 1835 vivere
531 1779 885 1848 perniciosum
917 1786 1020 1840 est,
1049 1784 1193 1828 recte
1221 1782 1396 1827 autem
1432 1775 1629 1840 vivere,
1660 1783 1712 1826 et

143 1876 291 1929 nolle
323 1872 545 1936 laudari,
576 1871 696 1939 quid
729 1866 969 1923 est‘aliud
994 1880 1150 1936 quam
1180 1862 1453 1918 inimicum
1482 1877 1602 1917 esse
1630 1877 1687 1916 re

145 1966 244 2018 bus
305 1963 579 2028 humanis,
625 1973 743 2028 quae
791 1957 972 2026 utique
1017 1965 1163 2010 tanto
1208 1962 1330 2008 sunt
1383 1951 1713 2016 miseriores,

143 2064 345 2123 quanto
389 2055 561 2108 minus
613 2052 785 2121 placet
832 2058 972 2103 recta
1007 2047 1113 2100 vita
1160 2041 1473 2099 hominum?
1501 2041 1556 2096 Si
1587 2056 1715 2110 ergo

143 2150 291 2202 inter
320 2161 449 2210 quos
477 2143 613 2197 vivis
642 2151 692 2196 te
734 2149 883 2193 recte
914 2139 1178 2192 viventem
1212 2149 1315 2188 non
1361 2130 1711 2196 laudaverint,

143 2241 218 2294 illi
246 2240 302 2292 in
335 2251 514 2292 errore
558 2243 710 2299 sunt;
735 2233 780 2287 si
809 2239 986 2285 autem
1018 2226 1371 2291 laudaverint,
1408 2233 1463 2278 tu
1489 2223 1542 2276 in
1572 2223 1711 2292 peri-

143 2330 270 2383 culo
304 2345 316 2380 :
350 2327 450 2381 nisi
474 2334 577 2378 tam
608 2323 835 2392 simplex
865 2336 958 2376 cor
991 2317 1242 2374 habueris
1264 2323 1319 2371 et
1347 2314 1626 2378 mundum,
1658 2320 1716 2364 ut

142 2434 206 2473 ea
235 2433 358 2488 quae
387 2426 530 2471 recte
563 2414 694 2468 facis
722 2427 825 2466 non
867 2419 1082 2480 propter
1113 2407 1297 2462 laudes
1328 2407 1601 2461 hominum
1635 2401 1714 2456 fa—

143 2509 282 2572 cias,
309 2507 574 2577 magisque
604 2504 704 2557 illis
728 2513 870 2556 recta
908 2497 1243 2554 laudantibus
1289 2495 1568 2566 gratularis
1599 2492 1714 2561 qui-

143 2600 244 2652 bus
307 2596 356 2650 id
413 2593 553 2664 quod
607 2592 800 2646 bonum
853 2598 936 2644 est
984 2589 1179 2656 placet,
1214 2600 1372 2657 quam
1418 2583 1533 2650 tibi,
1592 2581 1712 2655 quia

143 2699 300 2742 recte
325 2687 480 2751 vivis,
502 2683 707 2738 etiamsi
728 2696 885 2736 nemo
903 2679 1177 2743 laudaret;
1204 2679 1478 2747 ipsamque
1503 2674 1713 2729 laudem

142 2791 298 2834 tuam
326 2791 448 2833 tunc
478 2778 738 2846 intelligas
781 2775 958 2829 utilem
990 2786 1111 2828 esse
1138 2771 1495 2834 laudantibus,
1529 2768 1575 2822 si
1608 2784 1712 2822 non

143 2872 377 2937 teipsum
405 2869 454 2922 itt
485 2875 570 2921 tua
595 2867 734 2922 bona
768 2866 894 2928 vita,
922 2863 1016 2918 sed
1057 2863 1220 2918 Deum
1250 2862 1531 2925 honorent,
1559 2859 1715 2928 cujus

143 2961 540 3014 sanctissimum
592 2957 841 3024 templum
887 2964 970 3010 est
1010 2953 1254 3024 quisquis
1294 2953 1422 3008 vivit
1470 2953 1623 3018 bene,
1659 2960 1715 3004 ut

1819 1758 2144 1827 hominibus,
2170 1761 2291 1828 quia
2320 1777 2425 1814 non
2455 1762 2575 1817 ideo
2607 1772 2760 1818 recte
2799 1764 3029 1821 faciebat
3057 1779 3108 1822 ut
3142 1769 3383 1838 placeret

1818 1847 2144 1914 hominibus,
2170 1850 2263 1904 sed
2293 1860 2351 1904 ut
2377 1851 2510 1917 Deo,
2539 1851 2607 1904 ad
2636 1852 2790 1921 cujus
2821 1868 3058 1910 amorem
3090 1858 3253 1913 corda
3284 1860 3383 1915 ho-

1816 1941 2017 1995 minum
2069 1942 2281 1997 volebat
2324 1949 2659 2011 convertere,
2708 1959 2776 2000 eo
2818 1944 2936 2014 ipso
2980 1961 3086 2016 quo
3136 1949 3386 2018 placebat

1817 2031 2120 2086 hominibus
2155 2050 2168 2085 :
2203 2034 2381 2102 itaque
2433 2043 2486 2088 et
2541 2049 2648 2088 non
2699 2049 2758 2090 se
2804 2035 3018 2104 placere
3073 2037 3387 2098 hominibus

1816 2131 1964 2177 recte
1984 2123 2216 2188 dicebat,
2247 2125 2372 2194 quia
2413 2126 2466 2179 in
2495 2138 2562 2180 eo
2590 2125 2706 2194 ipso
2734 2134 2789 2180 ut
2810 2126 2918 2181 Deo
2945 2130 3178 2196 placeret
3207 2131 3386 2189 intue-

1816 2211 1972 2265 batur
1993 2227 2011 2268 :
2031 2220 2086 2267 et
2111 2212 2422 2281 placendum
2449 2229 2570 2270 esse
2596 2217 2901 2274 hominibus
2928 2218 3073 2277 recte
3103 2225 3385 2294 praecipie-

1817 2301 1907 2355 bat
1939 2317 1954 2356 :
1983 2317 2089 2356 non
2130 2312 2187 2356 ut
2215 2302 2317 2357 hoc
2350 2313 2690 2373 appeteretur
2719 2314 2966 2378 tauquam
3003 2327 3211 2368 merces
3239 2323 3386 2371 recte

1816 2391 2097 2460 factorum,
2128 2394 2222 2448 sed
2250 2396 2374 2464 quia
2407 2396 2515 2450 Deo
2554 2397 2767 2465 placere
2807 2415 2908 2456 non
2947 2414 3129 2470 posset
3152 2406 3241 2473 qui
3272 2421 3377 2461 non

1816 2498 1875 2538 se
1900 2485 1982 2539 his
2017 2500 2154 2554 quos
2182 2486 2357 2540 salvos
2401 2487 2513 2541 fieri
2541 2488 2700 2542 vellet
2744 2491 3006 2557 praeberet
3033 2494 3381 2553 imitandum:

1817 2574 2014 2629 imitari
2091 2585 2267 2630 autem
2339 2575 2485 2630 illum
2557 2578 2648 2646 qui
2723 2566 2821 2632 sibi
2911 2595 3016 2634 non
3073 2581 3380 2650 placuerit,

1818 2665 1964 2718 nullo
2063 2663 2199 2718 facto
2293 2665 2536 2737 [pacto]
2625 2668 2899 2736 quisquam
2975 2681 3168 2736 potest.
3234 2671 3387 2726 Sicut

1817 2769 1946 2824 ergo
1995 2769 2098 2809 non
2151 2755 2382 2810 absurde
2431 2755 2738 2825 loqueretur
2780 2758 2870 2826 qui
2911 2758 3151 2814 diceret:
3183 2760 3238 2815 In
3286 2761 3387 2818 hac

1820 2862 1984 2916 opera
2003 2863 2106 2916 qua
2131 2862 2317 2901 navem
2348 2860 2559 2916 quam,
2589 2861 2690 2900 non
2723 2863 2912 2902 navem
2940 2865 3146 2918 quam,
3168 2852 3264 2906 sed
3291 2867 3386 2919 pa-

1821 2940 2011 3003 triam;
2042 2938 2121 2991 sic
2163 2938 2451 3003 Apostolus
2494 2926 2878 2992 convenienter
2917 2939 3122 2993 diceret
3153 2957 3167 2993 :
3203 2940 3259 2995 in
3285 2941 3385 2997 hae

147 3050 284 3106 illud
333 3050 612 3117 impleatur
653 3046 792 3116 quod
830 3046 903 3100 ait
943 3043 1148 3114 David:
1180 3042 1494 3098 'ln-Domino
1524 3041 1708 3095 lauda-

1820 3040 1982 3096 Opera
2029 3043 2131 3096 qua
2201 3025 2504 3080 hominibus
2569 3026 2754 3095 placeo
2785 3065 2800 3087 ,
2873 3042 2979 3081 non
3045 3028 3384 3094 hominibus,

145 3143 298 3196 bitur
320 3141 490 3194 anima
518 3155 653 3202 mea,
685 3137 900 3191 audiant
924 3123 1526 3205 mitesetj'ocuudvntur
1547 3135 1718 3202 [man-

145 3232 290 3288 sueti
321 3240 373 3286 et
401 3229 684 3301 laetentur].
714 3229 948 3282 Pertinet
977 3241 1106 3294 ergo
1125 3222 1192 3285 ad
1216 3225 1433 3280 'oculnm
1464 3225 1717 3277 mundum

145 3339 255 3376 non
285 3321 477 3375 inlucri
507 3321 557 3374 in
581 3300 723 3374 recte
749 3317 989 3372 faciendo
1022 3300 1533 3382 laud‘es'iwminum,
1562 3325 1614 3369 et
1650 3315 1717 3371 ad

145 3427 242 3468 eas
285 3410 485 3464 referte
510 3409 647 3476 quod
695 3417 840 3461 recte
870 3406 1019 3471 facis,
1050 3405 1104 3463 id
1147 3409 1232 3466 cst
1259 3414 1538 3471 propterea
1572 3412 1719 3458 recte

145 3501 333 3571 facere
363 3497 552 3567 aliquid
585 3506 642 3551 ut
673 3494 972 3550 hominibus
1008 3494 1251 3563 placeas;
1268 3494 1351 3547 sic
1378 3493 1518 3547 enim
1555 3494 1715 3547 etiam

145 3591 408 3646 simulare
441 3592 629 3643 bonum
662 3589 864 3652 libebit,
897 3586 939 3640 si
972 3601 1074 3639 non
1105 3586 1443 3639 attendentuv-
1468 3584 1719 3657 [attendi-

148 3679 288 3751 tur],
315 3680 413 3734 nisi
465 3689 520 3734 ut
549 3679 704 3733 homo
756 3677 952 3741 laudet,
993 3677 1081 3745 qui
1131 3677 1380 3745 quoniam
1413 3675 1597 3728 videre
1626 3689 1720 3729 cor

147 3790 260 3828 non
289 3781 478 3840 potest,
505 3780 676 3839 potest
699 3769 856 3823 etiam
890 3765 1023 3822 falsa
1056 3767 1310 3822 laudare:
1342 3767 1481 3836 quod
1517 3766 1606 3835 qui
1639 3766 1714 3818 fa-

145 3863 331 3926 ciunt,
361 3860 411 3915 id
444 3871 523 3914 est
566 3859 655 3928 qui
698 3857 984 3913 bonitatem
1016 3855 1287 3918 simulant,
1320 3854 1516 3922 duplici
1559 3854 1720 3908 corde

145 3959 300 4005 sunt.
343 3949 456 4002 Non
485 3962 611 4016 ergo
657 3946 815 4000 habet
859 3946 1086 4015 simplex
1132 3958 1243 4007 cor,
1275 3943 1327 3998 id
1354 3953 1433 3996 est
1463 3942 1717 3996 mundum

144 4057 268 4105 cor,
306 4040 404 4093 nisi
440 4037 530 4107 qui
570 4033 891 4091 transcendit
934 4035 1197 4088 humanas
1244 4034 1447 4099 laudes,
1481 4041 1536 4087 et
1567 4033 1714 4086 illum

143 4132 329 4184 solum
362 4129 592 4181 intuetur
620 4140 736 4180 cum
762 4133 908 4179 recte
938 4123 1085 4188 vivit,
1118 4132 1170 4178 et
1197 4124 1244 4178 ei
1278 4124 1489 4189 placere
1529 4123 1719 4176 nititur

143 4223 240 4292 qui
274 4218 619 4274 conscientias
649 4217 793 4272 solus
823 4217 1094 4285 inspector
1118 4223 1227 4278 est;
1277 4211 1344 4269 de
1385 4213 1537 4283 ettjus
1584 4229 1711 4267 con-

142 4311 396 4368 scientia:
429 4309 653 4384 puritate
684 4305 935 4377 quidquid
968 4303 1226 4374 procedit,
1256 4310 1402 4357 tanto
1429 4311 1510 4357 est
1537 4302 1716 4356 lauda-

1824 3117 1918 3173 sed
1997 3118 2110 3173 Deo
2182 3117 2412 3186 placeo,
2482 3116 2602 3186 quia
2661 3131 2766 3170 non
2825 3117 2926 3172 hoc
2973 3128 3216 3187 appeto,
3289 3121 3384 3176 sed

1818 3208 1886 3264 ad
1962 3209 2015 3264 id
2079 3208 2253 3264 refero
2301 3215 2359 3261 ut
2396 3221 2482 3261 me
2532 3206 2808 3260 imitentur
2861 3223 2993 3276 quos
3045 3210 3221 3264 salvos
3267 3210 3382 3267 ﬁeri

1820 3303 1978 3367 volo;
2009 3302 2148 3355 sicut
2183 3299 2312 3354 dicit
2352 3297 2420 3353 de
2467 3297 2740 3354 oblatione
2780 3315 2896 3367 quae
2940 3300 3000 3353 lit
3048 3301 3104 3355 in
3145 3315 3384 3367 sanctos,

1821 3404 1927 3443 non
1956 3389 2078 3457 quia
2106 3403 2286 3456 quaero
2307 3387 2511 3450 datum,
2540 3387 2632 3440 sed
2681 3388 2889 3456 inquiro
2926 3387 3206 3461 [requiro]
3238 3391 3380 3446 (mc-

1821 3490 1956 3544 tum,
1989 3479 2042 3532 id
2085 3489 2185 3542 est,
2218 3477 2356 3547 quod
2387 3489 2569 3546 quem
2611 3477 2790 3530 datum
2838 3488 3095 3540 vestrum,
3129 3494 3234 3532 non
3284 3481 3385 3535 hoc

1819 3585 2021 3640 quam,
2054 3570 2147 3622 sed
2181 3567 2409 3621 fructum
2439 3567 2822 3619 vestrumzhoc
2843 3568 2984 3620 enim
3005 3568 3201 3622 iudicio
3225 3584 3387 3638 appa-

1821 3675 1940 3716 rere
1961 3667 2166 3728 poterat
2187 3667 2439 3725 quantum
2471 3656 2884 3724 profecissentin
2916 3657 3096 3725 Deum,
3118 3675 3238 3714 cum
3260 3661 3308 3714 id
3329 3663 3386 3716 li-
3477 3672 3479 3674 ‘

1823 3752 2014 3807 benter
2035 3749 2269 3806 facerent
2291 3746 2605 3820 [offerrent],
2622 3749 2759 3816 quod
2783 3764 2887 3803 non
2912 3759 3126 3819 prepter
3137 3754 3386 3823 gaudium

1820 3845 2008 3914 desz
2024 3843 2352 3908 muneribus,
2371 3842 2464 3895 sed
2508 3851 2722 3909 prapter
2749 3843 3174 3898 communionem
3203 3847 3378 3900 chari-

1822 3935 1947 3988 tatis
1975 3935 2044 3987 ab
2072 3948 2140 3988 eo
2171 3933 2527 4002 quaerebatur.
2554 3931 2630 3984 illi
2671 3943 2800 3999 ergo
2839 3944 3194 4000 perceperunt
3241 3951 3385 3991 mer-

1818 4023 2001 4079 cedem
2030 4037 2202 4085 suam,
2225 4021 2319 4094 qui.
2337 4035 2440 4073 non
2476 4021 2546 4074 ob
2573 4019 2716 4073 aliud
2737 4020 3134 4090 eleemosynam
3181 4021 3382 4078 faciunt

1821 4117 1922 4171 nisi
1945 4123 2001 4170 ut
2025 4108 2384 4184 glorificentur
2414 4113 2480 4166 ab
2511 4112 2849 4167 hominibus:
2876 4127 2980 4167 non
3006 4114 3053 4168 si
3075 4115 3385 4182 gloriﬁcen-

1821 4217 1908 4262 tur
1932 4206 2000 4260 ab
2022 4203 2345 4267 hominibus,
2381 4201 2476 4256 sed
2499 4201 2540 4254 si
2566 4201 2686 4255 ideo
2707 4201 2900 4255 faciant
2923 4209 2979 4255 ut
3000 4201 3383 4271 gloriﬁcentur,

1819 4300 1956 4353 sicut
1998 4296 2248 4366 superius
2294 4298 2570 4348 tractatum
2615 4301 2716 4345 est.
2767 4292 2903 4346 Laus
2951 4294 3096 4346 enim
3150 4294 3380 4348 humana

131 4399 338 4469 bilius,
367 4381 566 4473 quanto
594 4399 852 4454 humanas
889 4396 1071 4451 laudes
1101 4395 1273 4449 minus
1300 4394 1582 4449 desiderat.
1615 4386 1713 4447 Ca-
1743 4387 1794 4446 D
1822 4405 1925 4445 non
1949 4388 2124 4458 appeti
2154 4393 2342 4440 arecte
2368 4383 2612 4449 faciente,
2633 4380 2727 4436 sed
2751 4381 2899 4451 sequi
2931 4382 3088 4437 debet
3118 4394 3262 4438 recte
3289 4385 3386 4439 fa-

145 4507 275 4551 vete
331 4508 477 4562 ergo,
525 4491 714 4560 inquit,
757 4489 928 4543 facere
977 4485 1236 4556 justitiam
1283 4488 1512 4541 vestram
1541 4499 1719 4539 coram

143 4587 484 4651 hominibus,
524 4593 582 4638 ut
624 4581 908 4638 videamini
937 4581 1002 4635 ab
1029 4580 1139 4645 eis,
1171 4578 1223 4632 id
1268 4586 1372 4643 est,
1411 4586 1594 4631 cavete
1622 4577 1721 4631 hoc

140 4677 338 4731 animo
381 4675 523 4743 juste
561 4675 753 4737 vivere,
787 4679 839 4726 et
876 4670 949 4725 ibi
998 4671 1322 4724 constituere
1355 4665 1550 4722 bonum
1597 4681 1720 4721 vcs-

142 4780 324 4827 trnm,
349 4775 405 4817 ut
442 4777 538 4817 vos
569 4763 777 4817 videant
829 4759 1104 4824 homines;
1133 4757 1367 4827 alioquin
1416 4757 1719 4813 mercedem

141 4871 258 4911 non
293 4853 560 4906 habebitis
591 4850 725 4920 apud
779 4845 986 4904 Patrem
1038 4857 1274 4902 vestrum
1332 4847 1421 4916 qui
1471 4848 1520 4901 in
1570 4847 1744 4901 cmiis'

137 4955 233 4999 est
262 4960 278 4995 :
318 4958 421 4997 non
451 4942 494 4995 si
515 4943 580 4995 ab
599 4940 898 4994 hominibus
912 4937 1219 5003 videamini,
1252 4935 1343 4990 sed
1370 4938 1413 4991 si
1438 4936 1718 5006 propterea

141 5036 295 5108 iuste
331 5032 514 5086 vivatis
564 5039 621 5085 ut
664 5033 730 5084 ab
775 5028 1074 5083 hominibus
1131 5027 1438 5081 videamini.
1466 5027 1602 5088 Nam
1630 5027 1718 5081 ubi

140 5128 258 5183 erit.
307 5123 444 5192 quod
493 5123 546 5176 in
600 5120 854 5188 principio
889 5118 1150 5172 sermonis
1182 5119 1338 5185 hujus
1371 5114 1566 5170 dictum
1598 5125 1716 5171 est:

139 5216 260 5274 Vos
295 5216 428 5270 estis
477 5216 654 5268 lumen
705 5209 854 5284 [qu]
885 5210 1112 5264 mundi?
1141 5208 1256 5264 Non
1311 5221 1487 5279 potest
1528 5211 1714 5264 civitas

138 5306 412 5363 abscondi
457 5319 618 5373 super
665 5311 893 5357 montem
943 5301 1148 5370 posita,
1203 5313 1376 5369 neque
1416 5303 1716 5357 accendunt

131 5401 431 5454 lucernam
462 5405 512 5448 et
544 5403 739 5462 ponunt
764 5404 878 5446 eam
909 5390 1008 5445 sub
1044 5388 1242 5457 modio,
1277 5391 1371 5445 sed
1402 5406 1564 5460 super
1587 5403 1722 5447 can-

140 5487 456 5550 delabrum,
489 5495 543 5536 ut
571 5485 745 5539 luceat
771 5482 1015 5538 omnibus
1043 5481 1212 5550 quiin
1245 5480 1405 5534 domo
1432 5492 1557 5536 sunt
1589 5498 1604 5537 :
1636 5486 1715 5538 sic

143 5584 339 5636 lucent
377 5576 548 5628 lumen
591 5583 820 5629 vestrum
851 5587 1028 5627 coram
1063 5569 1387 5642 hominibus,
1422 5582 1480 5626 ut
1507 5565 1719 5628 videant

1823 4484 2072 4552 cientem,
2097 4490 2154 4535 ut
2174 4480 2278 4534 illis
2321 4476 2599 4548 proﬁciant
2621 4475 2712 4543 qui
2737 4475 2898 4528 etiam
2941 4474 3135 4543 imitari
3166 4487 3385 4545 possunt

1824 4573 1967 4644 quod
1987 4571 2223 4634 laudant,
2243 4581 2353 4623 non
2385 4575 2440 4620 ut
2462 4566 2583 4619 hinc
2613 4573 2760 4632 putet
2786 4565 2982 4629 aliquid
3013 4578 3106 4619 eos
3134 4567 3235 4621 siti
3263 4583 3386 4637 pro--

1823 4665 1979 4722 desse
2024 4677 2180 4734 quem
2221 4661 2456 4715 laudant.
2490 4657 2565 4712 Te
2601 4668 2781 4711 autem
2829 4657 3061 4714 faciente
3088 4661 3384 4733 elcetnosys

1818 4768 1970 4823 nam,
2004 4771 2105 4812 non
2128 4746 2525 4824 sclat[nesciat]
2555 4748 2772 4801 sinistra
2799 4753 2890 4801 tua
2912 4748 3038 4817 quid
3073 4749 3230 4804 faciat
3254 4751 3386 4806 des-

1828 4861 1936 4904 tera
1963 4859 2070 4901 tua.
2098 4844 2235 4900 Nihil
2263 4840 2677 4909 consequentius
2707 4839 2926 4892 sinistra
2950 4839 3156 4894 videtur
3180 4843 3383 4910 signiti-

1824 4955 1964 5004 care,
1995 4948 2155 5006 quam
2198 4934 2368 5002 ipsam
2396 4929 2805 4984 delectationem
2837 4927 3040 4991 laudis;
3075 4927 3260 4981 dextra
3289 4943 3384 4982 au-

1826 5043 1927 5086 tem
1959 5023 2585 5099 signincntlnteutionem
2609 5021 2859 5089 implendi
2894 5027 3152 5087 praecepta
3181 5020 3382 5076 divina.

1821 5122 1952 5175 Cum
1981 5120 2158 5188 itaque
2177 5112 2521 5168 conscientiae
2562 5111 2804 5166 facientis
2836 5111 3224 5177 elecmosynam
3251 5113 3380 5163 mis-

1823 5213 1906 5266 eet
1934 5224 1992 5263 se
2040 5203 2294 5275 appetitio
2335 5202 2506 5256 laudis
2537 5206 2805 5265 humanas,
2847 5199 2903 5250 lit
2931 5197 3141 5251 sinistra
3169 5200 3381 5253 conscia

1824 5301 2000 5370 operis
2049 5297 2274 5352 dextra.
2302 5293 2517 5348 Nesciet
2543 5304 2675 5358 ergo
2699 5290 2914 5342 sinistra
2955 5295 3042 5340 tua
3069 5287 3193 5355 quid
3225 5287 3382 5343 faciat

1822 5392 2035 5445 dextera
2068 5395 2177 5450 tua,
2208 5385 2257 5438 id
2275 5392 2393 5448 dest,
2425 5395 2531 5435 non
2561 5393 2620 5434 se
2665 5378 2879 5432 misceat
2917 5377 3253 5430 conscientia:
3279 5385 3383 5431 tua:

1825 5481 1996 5537 laudis
2024 5480 2268 5532 humana:
2311 5472 2583 5543 appetitio,
2623 5481 2739 5522 cum
2771 5467 3104 5537 elcemosyna
3137 5466 3379 5522 facienda

1826 5575 2058 5630 divinum
2093 5578 2413 5640 praeceptum
2439 5561 2718 5621 contendis
2759 5559 2998 5629 implere.
3029 5559 3091 5615 Ut
3137 5560 3209 5616 sit
3234 5561 3380 5616 elec-
