3874 6226
530 239 658 294 1031

1596 230 1657 284 D.
1698 228 2013 286 l-IUGYPPII
2053 226 2340 288 ABBATIS
2379 230 2694 288 AI’IIICANI

3626 237 3743 293 1οᾘ

528 367 747 424 mnsyna
779 361 864 405 tua
923 351 975 404 in
1014 346 1319 403 abscondito
1367 340 1692 414 [absconsn].
1735 343 1872 410 Quid
1903 351 1984 397 est
2025 343 2079 396 in
2123 347 2169 407 Α
2264 344 2329 424 rit
2376 357 2494 398 ante
2539 344 2698 401 Deum
2730 356 2817 399 aut
2864 347 2987 417 petit
3013 346 3112 402 Job
3152 349 3559 412 tentandum":
3591 353 3742 403 (ad...

527 442 808 495 abcundito
827 481 844 504 ,
877 442 974 493 nisi
1007 440 1056 490 iu
1081 440 1189 501 ipsa
1217 438 1350 488 bona
1380 434 1728 497 conscientia,
1756 449 1874 501 quae
1908 434 2092 486 huma-

530 532 612 584 nis
638 531 807 584 oculis
829 525 1177 582 demonstrari
1203 539 1307 583 non
1341 531 1515 590 potest
1541 537 1636 575 nec
1661 523 1836 574 verbis
1861 521 2096 590 aperiri?

530 618 946 686 quandoquidem
975 614 1124 668 multi
1161 615 1324 667 multa
1362 616 1711 666 mentiuntur.
1739 612 2093 680 Quapropter,

530 713 574 763 si
605 713 784 762 dextra
812 706 1132 758 intrinsecus
1159 704 1266 773 agit
1294 703 1346 755 in
1369 703 1706 766 abscondito,
1733 702 1797 754 ad
1823 702 2092 754 sinistram

532 800 800 870 pertinent
826 807 1090 849 exteriora
1121 794 1298 847 omnia
1329 807 1445 860 qua:
1477 801 1600 845 sunt
1626 791 1849 844 visibilia
1881 803 1933 843 et
1965 801 2097 845 temo

529 887 751 956 ruralia.
794 888 874 941 Sit
904 903 1032 954 ergo
1078 886 1423 951 eleemosyna
1467 893 1549 936 tua
1583 883 1635 937 in
1668 882 1781 951 ipsa
1809 883 2094 936 conscien-

525 982 628 1044 tia,
663 978 755 1032 ubi
819 979 968 1031 multi
1025 977 1414 1046 elecmosyoam
1466 974 1663 1027 faciunt
1708 973 1843 1026 bona
1909 973 2096 1027 volun-

529 1078 657 1130 tate,
688 1068 894 1122 etiamsi
946 1067 1224 1136 pecuniam
1268 1066 1346 1118 vel
1379 1064 1423 1118 si
1469 1063 1589 1132 quid
1639 1071 1722 1118 est
1759 1061 1902 1115 aliud
1953 1063 2093 1130 quod

522 1159 666 1226 inopi
697 1157 1029 1228 largiendum
1060 1168 1142 1209 est
1177 1173 1281 1209 non
1323 1155 1551 1216 habent;
1581 1153 1729 1207 multi
1753 1164 1929 1207 autem
1967 1152 2094 1206 foris

526 1247 744 1313 faciunt,
777 1259 829 1301 et
858 1249 1001 1300 intus
1046 1261 1149 1300 non
1197 1246 1414 1308 laciunt,
1446 1242 1533 1310 qui
1573 1242 1657 1296 vel
1690 1241 1982 1294 ambitione
2009 1242 2091 1294 vel

523 1339 745 1406 alicujus
780 1335 1085 1404 temporalis
1127 1337 1202 1387 rei
1243 1333 1443 1404 gratia,
1473 1332 1661 1386 volunt
1714 1329 2092 1384 misericordes

525 1427 716 1490 videri,
759 1425 1031 1492 inquibus
1059 1424 1171 1476 sola
1218 1422 1433 1476 sinislra
1478 1420 1690 1489 operati
1739 1418 2088 1474 existimanda

520 1527 625 1574 est.
662 1518 788 1571 Item
820 1515 906 1569 alii
929 1514 1077 1583 quasi
1105 1514 1333 1567 medium
1366 1513 1504 1566 inter
1529 1521 1781 1578 utrosque
1805 1510 1974 1563 locum
2008 1518 2089 1563 te-

527 1617 673 1672 nent,
699 1617 754 1660 ut
775 1620 823 1661 et
847 1609 896 1659 itt
927 1607 1140 1659 entioue
1169 1620 1284 1672 qua:
1314 1603 1362 1655 in
1391 1602 1556 1655 Deum
1582 1610 1664 1653 est
1689 1599 2085 1669 electnnsynam

522 1696 740 1764 faciant,
783 1708 837 1750 et
869 1706 1042 1750 tamen
1093 1697 1289 1748 inserat
1334 1708 1392 1748 se
1435 1693 1558 1746 huic
1581 1696 1792 1759 eptimm
1827 1689 2085 1743 voluntati
2120 1701 2165 1758 Β

522 1789 771 1842 nonnulla
826 1791 985 1841 etiam
1038 1786 1208 1839 laudis
1235 1785 1317 1837 vel
1371 1787 1632 1850 cujusque
1663 1784 1736 1836 rei
1786 1782 1987 1851 fragilis
2033 1794 2086 1836 et

525 1879 835 1946 temporalis
881 1877 1140 1945 cupiditas
1173 1893 1185 1927 :
1218 1874 1310 1927 sed
1367 1868 1623 1926 Dominus
1688 1881 1868 1926 noster
1920 1873 2085 1926 multo

522 1955 893 2024 vehementius
927 1969 1056 2035 proh
1085 1968 1170 2021 bet
1201 1967 1365 2020 solam
1395 1951 1668 2018 sinistram
1701 1964 1753 2017 in
1785 1964 1935 2016 nobis
1961 1979 2088 2031 ope-

522 2060 661 2123 rari,
710 2059 921 2128 quando
984 2059 1144 2111 etiam
1211 2057 1420 2109 misceri
1472 2072 1588 2109 eam
1641 2064 1778 2107 vetat
1840 2055 2087 2121 operibus

517 2149 743 2210 dextrae,
769 2156 826 2200 ut
869 2146 1074 2199 scilicet
1112 2161 1214 2197 non
1255 2144 1412 2196 modo
1453 2145 1564 2195 sola
1595 2142 1961 2209 temporalium
1995 2155 2081 2193 rc-

517 2253 633 2291 tum
677 2236 969 2304 cupiditate
1005 2249 1284 2290 caveamus
1321 2233 1712 2298 elcemmynam
1768 2232 1959 2293 facere,
1987 2231 2081 2282 sed

518 2342 614 2380 ttec
644 2325 711 2379 ita
739 2324 789 2377 iit
827 2326 926 2378 hoc
963 2339 1123 2392 opere
1153 2322 1487 2376 attendamus
1529 2320 1717 2384 Deum,
1753 2333 1807 2373 ut
1837 2335 1955 2373 sese
1986 2319 2084 2372 iui-

519 2424 662 2468 sceat
702 2415 782 2468 vel
831 2413 1082 2482 adjungat
1131 2413 1464 2466 exteriorum
1494 2411 1750 2480 appetitio
1779 2410 2083 2463 commodo-

516 2522 652 2560 rtun.
684 2509 868 2576 Agitur
890 2508 1029 2560 enim
1059 2507 1123 2558 de
1150 2504 1311 2557 corde
1333 2504 1656 2566 mttndando,
1681 2502 1817 2571 quod
1843 2502 1941 2555 nisi
1967 2501 2090 2557 fue-

518 2599 587 2652 rit
613 2599 865 2666 simplex,
902 2598 1153 2651 mundum
1188 2609 1292 2650 non
1322 2597 1424 2649 crit
1449 2614 1462 2648 :
1489 2596 1712 2663 simplex
1744 2605 1922 2648 autem
1957 2608 2088 2662 quo-

522 2688 680 2742 modo
722 2689 846 2751 erit,
878 2688 921 2740 si
953 2686 1154 2741 duobus
1207 2685 1439 2739 dominis
1478 2686 1661 2750 servit,
1718 2698 1816 2737 nec
1860 2697 1959 2735 una
2011 2681 2092 2734 in-

527 2780 767 2835 tentione
814 2793 990 2832 rerum
1042 2789 1359 2830 a'ternartnn
1409 2776 1644 2843 purificat
1725 2775 1890 2827 πρῖε-ιη
1931 2786 2105 2825 etiam-

533 2870 632 2924 sed
680 2883 795 2922 eam
831 2867 1133 2922 mortalitm
1161 2882 1246 2935 qui
1267 2882 1370 2934 que
1397 2867 1545 2934 ftagil
1571 2881 1637 2917 nn
1661 2879 1760 2932 que
1787 2878 1961 2917 rerum
1979 2878 2097 2915 amo

517 2979 578 3018 re
620 2962 894 3015 obnubilat
915 2963 938 3014 ’τ
958 2962 1037 3016 Sit
1065 2975 1192 3029 ergo
1218 2959 1553 3046 eleemosuia
1586 2966 1669 3010 tua
1705 2957 1757 3010 in
1789 2954 2096 3009 abscondito

520 3049 824 3124 [alisconso]
846 3091 862 3117 ,
907 3052 1163 3135 et_l‘ater
1198 3057 1316 3102 tuus
1352 3047 1442 3117 qui
1472 3044 1610 3101 videt
1658 3047 1708 3099 in
1752 3044 2081 3108 abscondito,
2114 3058 2158 3118 (ς

513 3143 696 3200 red-iet
723 3143 844 3206 tibi;
874 3133 1167 3202 rectissime
1188 3141 1406 3193 omnino
1456 3150 1508 3193 et
1535 3137 1833 3191 verissime.
1858 3133 1914 3188 Si
1937 3133 2077 3188 enim

514 3232 786 3302 praemium
827 3231 892 3282 ab
921 3245 986 3283 eo
1013 3235 1292 3296 exspectas
1336 3227 1431 3296 qui
1454 3225 1793 3280 conscientiae
1822 3223 1964 3276 solus
2003 3221 2082 3274 in-

514 3334 729 3392 spector
755 3332 858 3387 est,
889 3322 1116 3374 sufficiat
1147 3319 1239 3375 tibi
1269 3319 1332 3372 ad
1366 3317 1774 3388 promerendum
1798 3315 2092 3385 puemiuns.

513 3414 622 3482 ipsa
650 3413 994 3467 conscientia.

1029 3479 1251 3535 CAPUT
1291 3477 1555 3534 CCCXIII.

512 3569 616 3624 Cur
638 3571 885 3623 orandum
906 3571 1002 3630 sit,
1038 3570 1142 3622 Deo
1183 3571 1366 3622 sciente
1387 3569 1511 3635 quid
1537 3566 1677 3619 nobis
1703 3565 2074 3628 necessarium;

1079 3655 1145 3690 ss
1167 3639 1338 3691 eodem
1372 3638 1518 3689 libro.

578 3751 753 3818 Queri
785 3759 954 3819 potest
981 3752 1093 3804 sive
1124 3750 1278 3803 rebus
1311 3749 1427 3807 sive
1469 3747 1643 3800 verbis
1687 3745 1944 3800 orandum
1971 3745 2075 3798 sit'l

512 3842 633 3912 quid
658 3858 789 3909 opus
818 3842 886 3895 sit
914 3842 1026 3908 ipsa
1075 3840 1336 3905 oratione,
1384 3840 1427 3892 si
1473 3839 1610 3892 Deus
1639 3838 1746 3904 jam
1780 3836 1924 3890 novit
1954 3835 2078 3903 quid

512 3931 664 3986 nobis
685 3933 754 3984 sit
780 3929 1174 3985 necessarium?
1203 3930 1299 3982 nisi
1331 3929 1451 3996 quia
1482 3927 1590 3994 ipsa
1622 3926 1884 3978 orationis
1915 3925 2087 3977 inten-

524 4025 596 4077 tio
611 4037 703 4077 cor
719 4031 952 4091 nostrum
977 4029 1187 4073 serenat
1218 4028 1272 4073 et
1303 4025 1518 4086 purgat,
1537 4015 1899 4083 capaciusque
1925 4013 2086 4066 efficit

509 4115 574 4167 ad
596 4112 902 4182 excipienda
919 4111 1093 4164 divina
1131 4124 1348 4164 munera
1372 4122 1490 4176 quae
1512 4106 1818 4181 spiritaliter
1841 4103 1992 4158 nobis
2008 4104 2089 4157 ἰη-

511 4203 817 4258 funduntur.
845 4201 957 4256 Non
995 4201 1134 4256 enim
1173 4194 1464 4252 ambitione
1505 4211 1718 4265 precum
1750 4209 1847 4248 nos
1873 4193 2088 4248 exaudit

511 4295 671 4358 Deus,
699 4293 784 4360 qui
815 4305 1024 4358 semper
1051 4299 1264 4364 paratus
1288 4296 1370 4342 est
1395 4287 1524 4342 dare
1548 4300 1696 4340 suam
1729 4285 1902 4339 lucem
1925 4283 2078 4338 nobis

509 4397 616 4436 non
630 4381 909 4442 visibilem,
924 4379 1016 4434 sed
1034 4378 1414 4446 intelligibiletn
1436 4385 1489 4430 et
1521 4374 1849 4444 spiritalem;
1867 4374 1960 4428 sed
1984 4389 2080 4427 nos

512 4486 616 4524 non
644 4485 853 4536 semper
879 4469 1046 4536 parati
1078 4481 1261 4521 sumus
1298 4464 1562 4533 accipere,
1593 4465 1723 4520 cum'
1744 4464 2074 4518 declinamur

513 4559 880 4631 linclinamur]
904 4562 955 4613 in
977 4559 1101 4626 alia,
1123 4567 1174 4610 et
1195 4572 1372 4612 rerum
1401 4555 1766 4624 temporalium
1796 4553 2082 4622 cupiditate

513 4657 876 4705 tenebramur.
921 4647 1005 4703 Fit
1052 4663 1180 4717 ergo
1218 4648 1270 4702 in
1309 4646 1550 4700 oratione
1584 4645 1865 4699 conversio
1905 4644 2082 4697 cordis

512 4741 577 4794 ad
600 4756 721 4796 eum
754 4738 843 4808 qui
880 4752 1090 4806 semper
1107 4737 1234 4791 dare
1257 4745 1471 4805 paratus
1492 4743 1594 4799 est,
1618 4734 1663 4787 si
1691 4748 1786 4787 nos
1807 4733 2079 4802 capiamus

509 4829 650 4896 quod
672 4827 900 4892 dederit,
927 4836 983 4882 et
1010 4828 1062 4880 iu
1089 4827 1200 4894 ipsa
1220 4824 1569 4879 conversione
1597 4823 1839 4891 purgatio
1855 4820 2077 4875 interio-

510 4921 585 4975 ris
608 4920 767 4980 oculi,
799 4934 918 4972 cum
954 4917 1315 4971 excluduntur
1342 4929 1402 4968 ea
1430 4928 1547 4983 qum
1579 4910 1938 4979 temporaliter
1977 4925 2068 4965 cu-

513 5011 815 5078 piebantur,
842 5017 901 5061 ut
928 5008 1071 5062 acies
1100 5004 1354 5072 simplicis
1378 5002 1555 5056 cordis
1589 5002 1723 5055 ferre
1752 5002 1915 5068 possit
1942 5001 2070 5053 sim-

512 5104 698 5172 plicem
733 5103 927 5166 lucem,
958 5100 1213 5154 divinitus
1253 5097 1370 5150 sine
1405 5095 1511 5148 ullo
1537 5107 1725 5148 occasu
1755 5100 1847 5145 aut
1881 5093 2070 5145 immu-

509 5195 706 5247 ta'ione
750 5194 1065 5259 fulgentem;
1112 5205 1210 5247 nec
1249 5189 1420 5242 solum
1455 5187 1614 5250 ferre,
1644 5184 1734 5238 sed
1769 5184 1928 5237 etiam
1959 5199 2068 5236 ma-

512 5299 637 5338 nere
682 5286 733 5336 in
778 5283 888 5345 illa,
931 5298 1033 5336 non
1068 5290 1270 5334 tantum
1314 5278 1432 5331 sine
1487 5275 1751 5336 molestia,
1788 5273 1879 5328 sed
1908 5275 2066 5328 etiam

511 5387 631 5426 cum
657 5370 912 5426 ineffabili
941 5372 1151 5434 gaudio,
1184 5368 1322 5438 qttod
1355 5383 1479 5420 vere
1509 5381 1570 5419 ac
1600 5363 1875 5419 sinceriter
1915 5364 2070 5418 bi-ata

510 5465 618 5517 vita
643 5465 928 5533 percipitur
969 5459 1301 5547 [perﬁcitur].

1024 5571 1246 5626 CAPUT
1293 5567 1562 5623 CCCXIV.

428 5714 430 5716 ,
516 5659 598 5714 De
619 5661 901 5729 diﬂ'rrcntiu
941 5663 1223 5717 tentationis
1248 5679 1263 5717 :
1287 5672 1333 5718 et
1369 5659 1620 5729 quomodo
1661 5654 1890 5709 diabolus
1919 5662 2068 5708 stete-

2265 414 2416 469 libro.

2267 564 2432 618 Sexta
2461 565 2643 630 petitio
2666 575 2764 631 est,
2789 567 2851 620 Et
2876 583 2941 622 ne
2971 582 3069 622 nos
3095 568 3293 623 inferas
3321 568 3374 622 in
3404 569 3739 622 tentationem.

2195 653 2442 706 Nonnulli
2475 654 2685 708 codices
2719 655 2939 718 habent,
2979 655 3219 721 inducas,
3255 656 3398 726 quod
3439 655 3739 710 tantumdem

2198 747 2373 798 valere
2405 743 2666 808 arbitror;
2701 761 2820 798 nam
2853 761 2917 800 ex
2951 761 3056 799 uno
3087 748 3274 800 Graeco
3296 746 3438 816 quod
3470 746 3652 799 dictum
3670 754 3741 800 est

2197 835 2398 904 iviyxpc
2451 831 2795 906 [sicsvs’yuy],
2850 833 3036 888 Latine
3104 844 3386 904 utrumque
3456 834 3736 888 translatum

2197 935 2300 978 est.
2330 926 2473 979 Multi
2504 935 2682 979 autem
2712 924 3051 993 deprecando
3084 924 3153 977 ita
3196 925 3379 978 dicunt
3407 943 3419 976 :
3445 925 3522 978 Ne
3544 941 3631 979 nos
3665 939 3737 993 ps.

2199 1017 2346 1070 tiaris
2397 1019 2574 1070 induci
2630 1017 2682 1070 in
2732 1017 3103 1083 tentatinnem,
3160 1029 3488 1084 exponentes
3528 1018 3738 1071 videli-et

2197 1107 2463 1175 quomodo
2493 1107 2691 1159 dictum
2733 1106 2804 1158 sit
2830 1103 3076 1159 inducas.
3119 1104 3232 1158 Non
3255 1109 3395 1158 enim
3420 1122 3513 1174 per
3533 1107 3734 1174 seipsunt

2198 1200 2399 1254 inducit
2429 1195 2590 1262 Deus,
2614 1197 2706 1252 sed
2739 1196 2914 1250 induci
2938 1197 3135 1264 patitur
3160 1211 3282 1250 eum
3310 1213 3462 1263 quem
3496 1213 3587 1251 suo
3612 1203 3736 1251 auxi-

2197 1288 2268 1340 Iiu
2300 1289 2616 1351 deseruerit,
2650 1287 2835 1340 ordine
2863 1285 3229 1340 occultissimo
3259 1300 3321 1339 ac
3348 1288 3550 1340 metitis
3569 1287 3731 1351 causis,

2196 1379 2356 1433 etiam
2387 1382 2541 1448 ’szepe
2571 1377 2887 1440 manifestis,
2919 1378 3133 1446 dignum
3152 1375 3356 1443 judicat
3383 1377 3470 1430 ille
3495 1392 3636 1444 quem
3657 1379 3729 1430 de-

2194 1481 2338 1526 serat
2366 1479 2418 1524 et
2461 1473 2513 1524 itt
2556 1471 2898 1525 lettlzllittttem
2948 1468 3123 1524 induci
3166 1469 3324 1522 sinat.
3366 1469 3520 1521 Aliud
3558 1478 3732 1521 estau-

2197 1573 2299 1616 tetn
2332 1561 2506 1615 induci
2557 1563 2607 1615 in
2649 1561 3018 1624 tentationem,
3050 1559 3188 1612 aliud
3233 1559 3455 1611 tentari;
3505 1573 3614 1610 nam
3638 1559 3730 1612 sine

2197 1653 2493 1706 tentatione
2521 1652 2771 1717 probatus
2800 1665 2921 1705 esse
2944 1651 3121 1704 nullus
3149 1659 3340 1718 potest,
3374 1647 3488 1702 sive
3515 1649 3604 1701 sibi
3629 1647 3728 1714 ipsi,

2193 1742 2333 1795 sicut
2354 1742 2606 1809 scriptum
2637 1753 2715 1796 est
2741 1759 2754 1793 :
2779 1740 2876 1806 Qui
2918 1755 3020 1794 non
3051 1748 3136 1794 est
3163 1749 3394 1794 tentatus
3430 1738 3589 1807 qualia
3616 1741 3729 1791 scit?

2189 1834 2302 1887 sive
2329 1833 2468 1896 aliis,
2499 1832 2637 1886 sicut
2674 1832 2958 1900 Apostolus
2989 1831 3116 1885 dicit
3146 1848 3158 1881 :
3194 1830 3254 1882 Et
3292 1829 3620 1882 tentatimtem
3648 1842 3727 1878 vr»-

2191 1933 2353 1978 stram
2399 1925 2448 1976 in
2478 1937 2640 1977 carne
2689 1937 2804 1976 mea
2842 1937 2946 1974 non
2991 1921 3290 1988 sprevistis.
3322 1919 3457 1973 llinc
3499 1919 3626 1972 enim
3650 1933 3726 1971 eos

2193 2013 2374 2067 firmos
2403 2027 2524 2066 esse
2567 2012 2836 2080 COgnovit,
2879 2011 3024 2078 quod
3069 2011 3145 2063 eis
3189 2010 3604 2063 tribulationibus
3631 2024 3724 2076 qua:

2192 2102 2446 2170 Apustolo
2484 2102 2774 2155 secundum
2812 2114 3027 2154 carnem
3077 2100 3384 2152 acciderant
3428 2116 3526 2152 non
3563 2109 3665 2152 sunt
3699 2114 3720 2149 ι

2190 2190 2448 2245 cltaritate
2475 2191 2664 2244 deﬂexi
2696 2209 2707 2242 :
2742 2205 2860 2243 nam
2910 2190 3017 2243 Deo
3047 2189 3152 2242 noti
3200 2204 3382 2245 sumtrs
3415 2200 3466 2243 et
3497 2199 3607 2241 ante
3632 2203 3724 2237 nm-

2192 2298 2289 2336 nes
2317 2284 2661 2348 tentationes,
2691 2284 2778 2352 qui
2808 2284 2907 2336 scit
2929 2283 3103 2334 omnia
3135 2289 3416 2347 antequam
3444 2277 3719 2344 fiant.Quud

2194 2377 2369 2442 itaque
2412 2378 2665 2443 scriptum
2695 2384 2774 2428 est
2806 2391 2819 2425 :
2845 2373 3036 2426 Tentat
3078 2386 3172 2423 vos
3207 2371 3456 2423 Dominus
3485 2372 3606 2423 Deus
3626 2383 3722 2420 vcs-

2195 2476 2296 2531 ter,
2330 2474 2386 2517 ut
2415 2466 2546 2517 sciat
2577 2465 2621 2518 si
2666 2462 2894 2532 diligatis
2922 2476 3044 2515 eum
3069 2477 3082 2525 ;
3110 2461 3192 2513 illa
3239 2462 3500 2513 locutione
3528 2459 3718 2526 positum

2192 2567 2296 2622 est,
2326 2566 2382 2610 ut
2411 2559 2543 2610 sciat
2576 2569 2669 2622 pro
2710 2569 2774 2607 eo
2795 2551 2934 2621 quod
2960 2560 3062 2613 est,
3096 2559 3150 2602 tit
3177 2550 3318 2603 scire
3345 2565 3433 2600 vos
3465 2548 3604 2600 faciat
3627 2563 3638 2597 :
3661 2548 3719 2595 εἰσ

2193 2657 2284 2701 cut
2328 2646 2467 2700 diem
2501 2645 2680 2698 laetum
2709 2642 2935 2696 dicimus
2981 2641 3120 2708 quod
3158 2636 3308 2691 lat-tos
3343 2639 3482 2698 facil,
3510 2645 3556 2688 ct
3587 2635 3718 2701 frigus

2198 2744 2403 2812 pigrum
2428 2740 2566 2810 quod
2597 2739 2773 2808 pigros
2808 2736 2961 2798 facit,
2993 2747 3042 2788 et
3075 2732 3477 2788 innumerabilia
3517 2730 3719 2796 hujusce-

2196 2833 2360 2894 modi,
2389 2847 2507 2900 qnte
2529 2832 2572 2884 si
2585 2845 2646 2882 te
2670 2833 2718 2880 in
2740 2827 3123 2880 consuetudine
3157 2822 3425 2890 loquendi,
3447 2825 3547 2874 sive
3569 2823 3611 2870 in
3630 2833 3718 2870 ser-

2197 2937 2353 2975 mone
2391 2920 2700 2985 doctorum,
2731 2917 2843 2971 sive
2872 2918 2923 2969 iit
2955 2913 3240 2983 Scripturis
3269 2917 3463 2966 sanctis
3490 2911 3718 2978 reperiun-

2200 3022 2310 3078 tur;
2338 3011 2476 3081 quod
2505 3026 2607 3063 non
2639 3010 2996 3077 intelligentes
3021 3005 3254 3062 lttcretiti
3280 3006 3366 3075 qui
3388 3005 3550 3058 Veteri
3574 3003 3717 3056 Testa-

2138 3099 2157 3118 ⁴
2191 3110 2372 3156 mento
2392 3101 2758 3163 adversantur,
2787 3099 2927 3151 velut
2974 3096 3279 3165 ignorantia:
3312 3097 3440 3149 vitio
3468 3093 3711 3148 notandum

2187 3201 2371 3259 putant
2396 3207 2517 3245 enm
2545 3190 2614 3245 de
2643 3205 2745 3259 quo
2768 3189 2966 3242 dictum
2998 3197 3116 3242 est:
3148 3188 3342 3240 Tentat
3365 3202 3455 3239 vos
3497 3186 3711 3237 Dominus

2190 3285 2326 3337 Deus
2360 3291 2554 3344 vester,
2578 3281 2728 3349 quasi
2761 3280 2810 3334 in
2837 3279 3124 3348 Evangelia
3151 3277 3218 3331 de
3251 3277 3472 3330 Domino
3500 3275 3710 3342 scriptum

2185 3390 2287 3428 non
2339 3376 2407 3428 sit
2456 3390 2468 3426 :
2514 3372 2624 3427 Iloc
2670 3381 2846 3426 autem
2899 3371 3108 3425 dicebtt
3155 3381 3366 3423 lenlalls
3431 3385 3576 3427 eum.
3615 3382 3708 3419 nant

2185 3467 2298 3534 ipse
2350 3465 2552 3521 sciebat
2590 3463 2712 3533 quid
2763 3471 2908 3518 esset
2953 3463 3214 3525 facturus;
3269 3461 3312 3513 si
3342 3461 3477 3514 enim
3529 3465 3710 3510 not-crat

2184 3570 2277 3608 cor
2303 3555 2416 3622 ejus
2451 3568 2606 3620 quem
2649 3552 2908 3616 tentahat,
2941 3551 3067 3619 quid
3098 3551 3339 3618 estquod
3377 3550 3533 3602 voluit
3560 3548 3706 3598 videre

2189 3645 2477 3698 tentando?
2499 3644 2590 3697 sed
2639 3644 2876 3712 profecto
2918 3643 3048 3695 illud
3079 3641 3273 3694 factum
3316 3653 3394 3693 est
3429 3651 3479 3692 ut
3506 3640 3603 3702 ipse
3625 3637 3704 3689 sibi

2189 3744 2344 3788 notus
2368 3735 2516 3787 fieret
2543 3734 2632 3801 qui
2665 3732 2986 3794 tentabalur,
3027 3744 3285 3796 suamque
3325 3729 3703 3797 desperationem

2188 3827 2569 3881 eundemnart-t
2613 3823 2866 3878 saturatis
2917 3821 3084 3876 turbis
3127 3821 3192 3874 de
3244 3836 3378 3888 pane
3412 3812 3703 3883 Domini,qu

2187 3933 2277 3972 eas
2330 3935 2434 3972 non
2488 3918 2684 3971 habere
2725 3913 2864 3984 quod
2914 3914 3132 3967 ederent
3173 3913 3573 3965 existimaverat.
3614 3906 3702 3960 Non

2182 4023 2313 4078 ergo
2343 4011 2427 4063 hic
2452 4019 2636 4063 oratur
2660 4017 2717 4061 ut
2742 4022 2846 4060 non
2880 4013 3166 4066 tentemttr,
3200 4003 3294 4056 sed
3336 4013 3389 4054 ut
3425 4017 3520 4055 non
3549 3997 3705 4052 infera-

2171 4100 2305 4154 ‘ntttr
2326 4102 2376 4153 iu
2407 4098 2749 4152 tetttationem
2776 4111 2791 4159 ;
2823 4106 3070 4163 tanquam
3101 4093 3143 4146 si
3168 4093 3428 4162 quispiam
3454 4090 3529 4145 cui
3557 4100 3703 4141 neces-

2187 4205 2246 4245 se
2272 4200 2350 4245 est
2392 4192 2509 4258 igne
2541 4187 2856 4250 examinari,
2895 4200 2998 4239 non
3027 4192 3143 4236 oret
3173 4197 3227 4235 ut
3267 4183 3388 4252 igne
3414 4198 3508 4233 non
3529 4177 3698 4232 contin-

2187 4291 2360 4350 gatur,
2397 4279 2488 4333 sed
2520 4286 2578 4331 ut
2616 4291 2720 4331 non
2744 4284 3017 4331 exuratur.
3051 4274 3186 4326 Vasa
3223 4275 3365 4326 enim
3397 4271 3524 4340 figuli
3554 4265 3702 4335 probat

2191 4372 2397 4432 fornax.
2429 4368 2673 4423 homines
2706 4381 2835 4420 vero
2869 4365 3066 4433 justos,
3117 4364 3339 4417 tentatio
3373 4354 3697 4414 tribulationis.

2186 4461 2380 4529 Ioseph
2409 4477 2536 4529 ergo
2567 4469 2797 4513 tentatus
2819 4467 2900 4511 est
2929 4457 3175 4510 illecebra
3201 4454 3393 4518 stupri,
3419 4451 3502 4506 sed
3525 4464 3612 4501 non
3637 4452 3699 4498 est

2186 4550 2430 4604 inductus
2472 4550 2941 4610 intentationem;
2984 4546 3229 4599 Susanna
3275 4545 3465 4598 tentata
3512 4548 3599 4604 est,
3626 4548 3698 4586 nec

2183 4645 2295 4715 ipsa
2319 4643 2530 4697 inducta
2553 4643 2635 4695 vel
2673 4641 2816 4694 illata
2856 4641 2906 4692 iu
2955 4640 3336 4700 tentatiozteut;
3366 4635 3596 4698 multique
3628 4625 3696 4680 alvi

2184 4735 2455 4802 utriusque
2485 4748 2664 4788 sest's.
2712 4731 2815 4786 Sed
2861 4730 2960 4786 Job
3003 4732 3254 4791 maxime,
3287 4732 3435 4796 cujus
3463 4722 3695 4778 Illittlrabl°

2184 4824 2288 4879 lem
2353 4823 2694 4877 stabilitatem
2767 4821 2819 4875 in
2893 4822 2999 4874 Deo
3058 4821 3282 4873 Domino
3346 4835 3437 4873 suo
3490 4829 3592 4869 cum
3638 4809 3693 4863 illi

2177 4914 2414 4968 haeretici
2472 4913 2652 4966 hostes
2713 4911 2914 4966 Veteris
2965 4910 3296 4965 Testamenti
3350 4924 3433 4962 ore
3484 4903 3693 4966 βιαίῳ

2178 5006 2401 5060 irridere
2453 5004 2736 5068 voluerint,
2768 5003 2895 5076 illud
2928 5017 3037 5071 pra:
3085 5001 3297 5055 ueteris
3327 4999 3559 5053 ventilant
3583 4987 3691 5061 quod

2177 5098 2399 5153 Satanas
2447 5096 2691 5164 petiverit
2741 5109 2862 5148 eum
2913 5093 3222 5148 tentandum
3258 5108 3271 5143 :
3307 5097 3531 5158 qttrrunt
3578 5082 3687 5136 enim

2174 5191 2242 5243 ab
2293 5188 2577 5255 imperitis
2615 5187 2912 5240 hominibus
2979 5185 3098 5238 talia
3177 5184 3467 5250 intelligere
3536 5184 3690 5239 netlﬂl'

2179 5297 2336 5351 quam
2377 5280 2692 5339 valentibus,
2738 5275 3004 5345 quomodo
3050 5275 3277 5329 Satanas-
3331 5287 3445 5324 cum
3510 5268 3597 5318 Deo
3629 5260 3687 5312 lo-

2180 5372 2268 5443 qui
2313 5368 2579 5440 potuerit?
2627 5382 2731 5420 non
2776 5367 3044 5419 intuentes
3071 5365 3098 5422 ,'
3125 5377 3235 5420 non
3291 5361 3428 5414 enim
3482 5355 3681 5423 possunt.

2179 5479 2300 5520 cum
2343 5461 2716 5530 superstitione
2743 5467 2796 5512 et
2822 5456 3162 5510 contentione
3192 5455 3368 5506 cruenti
3405 5455 3532 5506 sunt,
3555 5443 3679 5530 Delta

2183 5569 2286 5608 non
2311 5553 2419 5623 83
2447 5552 2546 5606 loci
2579 5548 2803 5618 spatium
2834 5547 2970 5600 mole
2985 5544 3226 5611 corporis
3248 5552 3512 5609 occupare,
3538 5541 3580 5586 et
3603 5525 3679 5623 ἐκ

2184 5617 2478 5708 διῖιὴἶξρ,
2503 5617 2625 5698 alibi
2663 5654 2766 5695 non
2798 5650 2939 5702 esse,
2997 5646 3089 5690 aut
3118 5645 3262 5690 certe
3296 5634 3376 5688 hic
3403 5635 3579 5702 partem
3603 5617 3674 5670 ιιι·
