3874 6226
137 207 291 264 1033
1329 208 1749 273 τηεδλυῆυε.

1850 215 1948 272 ΑΡ.
1989 212 2162 274 CCCX
2173 213 2231 273 ν.
3266 223 3397 279 103$

132 317 281 378 ben
310 323 494 377 aliam
515 329 566 375 et
593 321 717 375 a'ibi
741 319 898 375 aliam
923 337 938 388 ;
961 320 1057 376 sed
1086 320 1364 390 majestate
1390 318 1582 393 ubique
1605 341 1733 392 prae-
1765 332 1810 388 Α
1840 327 1979 383 lLbro
1997 344 2116 406 cum
2139 333 2440 387 temeritate
2461 330 2694 401 culpare.
2721 323 2877 387 Fiunt
2901 331 3056 400 igitur
3079 336 3392 390 tentatioucs

123 423 230 468 sto
261 427 438 480 esse,
473 430 577 467 non
608 429 703 480 per
727 421 903 481 partes
931 413 1176 477 divisum,
1205 416 1296 469 sed
1320 416 1512 484 ubique
1540 417 1740 484 perfec-
1846 432 1940 485 per
1963 419 2236 486 Satanam,
2269 439 2374 476 non
2403 432 2663 492 potestate
2703 426 2837 492 ejus,
2869 425 2964 479 sed
2994 425 3254 492 permisso
3299 427 3398 482 Do-

133 509 288 560 tnm.
326 503 498 570 Quod
529 504 574 555 si
604 504 888 556 carnaliter
914 504 1184 559 intuentur
1209 507 1348 574 quod
1392 507 1589 560 dictum
1610 517 1692 560 est
1723 523 1739 563 :
1846 505 1973 557 mini
2001 505 2064 558 ad
2091 507 2354 575 homines,
2402 520 2492 590 aut
2531 527 2626 580 pro
2648 513 2756 567 suis
2803 514 3036 581 peccatis
3081 514 3397 582 puniendos,

131 591 375 649 Citium
405 595 536 648 mihi
569 597 786 646 thronus
811 592 1006 666 [sedes]
1051 605 1152 663 est,
1185 607 1240 651 et
1268 607 1406 652 terra
1453 599 1740 652 scabellum
1843 600 1934 645 aut
1966 608 2061 660 pro
2091 594 2180 648 Dei
2205 598 2563 654 misericordia
2596 602 2897 669 probandos
2926 612 2981 658 et
3025 606 3356 659 exercentlos
3386 624 3400 670 ς

131 684 363 752 pedum
401 697 675 746 meorum;
703 684 788 737 cui
836 686 951 739 loco
981 693 1034 738 et
1063 685 1320 742 Dominus
1347 697 1631 742 attestatur
1658 690 1739 743 di-

1850 690 1899 732 ct
1929 680 2148 734 interest
2175 683 2456 750 plurimum
2487 688 2536 738 in
2562 690 2768 754 qualem
2802 693 3026 758 quisque
3050 693 3400 746 tentationeiu

134 787 282 826 cens
313 790 328 825 :
361 771 488 827 Non
530 771 740 841 juretis,
765 789 937 843 neque
963 790 1059 844 per
1100 778 1310 843 caelum,
1345 779 1465 847 quia
1520 779 1744 833 thronus
1846 769 2066 823 incidat.
2099 769 2214 822 Non
2245 772 2386 826 enim
2430 774 2483 826 in
2508 777 2664 828 talem
2692 778 2874 833 incidit
2904 781 3062 834 ludas
3087 783 3176 850 qui
3222 785 3402 835 νοιιιιι-

135 863 243 918 Dei
268 873 404 928 es“
438 879 612 933 neque
643 879 738 932 per
783 872 1003 931 terram,
1054 866 1174 934 quia
1205 869 1492 923 scamnum
1540 880 1623 923 εει
1652 883 1744 937 pe-
1845 858 1924 911 dit
1952 859 2259 924 Dominum,
2294 862 2345 914 in
2368 864 2577 930 qualem
2611 867 2797 920 incidit
2825 869 3012 924 Petrus
3037 886 3156 926 cum
3189 877 3403 928 territus

135 955 281 1008 dum
317 954 485 1024 ejus;
512 953 636 1024 quid
668 955 855 1008 mirum
887 954 929 1008 si
961 958 1012 1009 in
1043 965 1186 1010 terra
1216 957 1456 1011 diabolus
1480 959 1743 1012 constitu-
1845 949 2125 1057 υοῑξιίηοηι
2170 954 2402 1057 litigavit.
2445 955 2581 1053 Sunt
2605 958 2762 1057 etiam
2794 959 3033 1015 humanm
3061 968 3400 1057 icnlaliollcs.

135 1054 258 1112 ms,
319 1052 464 1100 alue
515 1044 676 1113 pedes
729 1045 822 1099 Dei
878 1047 1045 1109 stem.
1105 1054 1156 1100 ει
1190 1060 1371 1101 coram
1423 1049 1511 1102 ίιιο
1539 1047 1742 1115 aliquid
1845 1038 2007 1092 credo
2042 1055 2162 1094 cum
2207 1042 2345 1096 bono
2375 1043 2599 1112 quisque
2639 1047 2838 1114 animo,
2881 1054 3168 1106 secundum
3221 1057 3407 1110 huma-

139 1133 394 1188 iocutus
422 1135 548 1188 est?
574 1133 703 1188 Nam
741 1135 951 1204 quando
974 1135 1050 1188 illi
1079 1136 1258 1189 valent
1281 1138 1575 1208 intelligere
1625 1140 1744 1193 nul-

1850 1143 1965 1181 nam
1995 1140 2168 1189 tamen
2203 1131 2561 1199 fragilitatem,
2611 1136 2661 1189 in
2691 1138 2866 1206 aliquo
2907 1142 3132 1197 consilio
3190 1145 3402 1211 labitur,

140 1226 264 1281 lam
296 1239 438 1280 esse
460 1225 715 1290 animam,
767 1227 1010 1296 quamvis
1041 1242 1363 1295 perversam,
1396 1246 1517 1300 qua:
1567 1240 1742 1286 tamen
1844 1233 1933 1275 aut
1964 1222 2202 1278 irritatur
2233 1226 2283 1278 in
2314 1225 2534 1280 fratrem
2567 1229 2742 1283 studio
2773 1232 3094 1301 corrigendi,
3125 1237 3279 1303 paulo
3332 1247 3410 1291 ta-

142 1313 316 1369 ,ωηο
349 1314 519 1370 modo
570 1315 876 1370 ηιίοοίυπί
921 1327 1112 1384 potest,
1145 1318 1196 1370 in
1223 1318 1374 1387 cuius
1419 1322 1744 1375 conscientia
1845 1330 1966 1370 men
1997 1317 2224 1385 amplius
2252 1333 2410 1388 quam
2436 1320 2738 1376 Christiana
2769 1327 3126 1398 tranquillitas
3153 1334 3402 1397 postulat;

143 1418 267 1458 non
296 1403 563 1473 loquatur
592 1404 885 1458 Dominus?
920 1406 1049 1473 Quis
1068 1406 1213 1461 enim
1247 1409 1466 1477 scripsit
1491 1411 1542 1464 in
1570 1411 1744 1465 cordi-

1850 1404 1911 1459 de
1939 1406 2131 1474 quibus
2177 1408 2466 1476 Apostolus
2494 1410 2622 1464 dicit
2651 1427 2666 1463 :
2698 1411 2944 1467 Tentatio
2969 1429 3062 1469 vos
3095 1432 3197 1470 non
3222 1434 3410 1487 appre-

142 1494 262 1550 bus
321 1495 608 1550 hominum
661 1495 958 1551 naturalem
1010 1497 1178 1561 legem
1216 1500 1315 1554 nisi
1344 1500 1486 1555 Deus
1507 1501 1529 1555 τ
1551 1501 1617 1556 de
1641 1517 1743 1566 qua
1845 1492 2042 1548 hendat
2073 1496 2174 1550 nisi
2205 1496 2459 1566 humana,
2496 1513 2615 1554 curn
2642 1499 2780 1555 idem
2811 1502 2951 1557 dicat
2983 1521 2994 1555 :
3030 1505 3225 1561 Fidelis
3249 1509 3405 1575 Deus,

146 1584 286 1652 ιεαε
321 1586 620 1654 Apostolus
650 1584 775 1638 dicit
805 1601 818 1637 :
850 1583 985 1639 Cum
1024 1586 1169 1641 enim
1217 1598 1402 1656 gentes
1427 1605 1544 1657 quze
1573 1592 1742 1658 legem
1843 1584 1930 1652 qui
1965 1599 2060 1639 vos
2089 1602 2192 1639 non
2219 1588 2360 1642 sinat
2387 1592 2579 1644 tentari
2605 1601 2765 1661 supra
2797 1606 2951 1660 quam
2996 1597 3215 1662 ptile~lis
3247 1599 3407 1665 ferre,

146 1688 272 1728 non
292 1673 504 1728 habent
520 1674 958 1743 naturaliterqua:
970 1674 1100 1743 legis
1111 1685 1231 1729 sunt
1247 1676 1464 1746 faciunt,
1495 1679 1548 1732 bi
1572 1681 1738 1749 legem

1850 1671 1936 1725 sed
1968 1672 2126 1728 faciet
2146 1690 2264 1728 cum
2297 1679 2589 1734 tentalioue
2613 1681 2773 1734 etiam
2805 1683 2999 1736 exitqu
3024 1681 3406 1757 [proventum].

151 1777 277 1817 non
295 1760 1750 1840 habentesipsisibisuntlex,quiostenduntopuslegis
1852 1770 1909 1814 ut
1939 1765 2153 1830 possitis
2175 1765 2426 1822 tolerare.
2470 1761 2529 1823 in
2555 1784 2656 1837 qua
2701 1773 2968 1827 sententia
3012 1776 3143 1830 satis
3180 1781 3410 1834 ostendit

151 1853 273 1905 seri
283 1862 448 1922 ptum
461 1853 514 1906 in
542 1852 790 1908 cordibus
802 1853 934 1919 suis,
948 1864 1278 1911 contestante
1287 1860 1607 1914 conscientia
1635 1862 1725 1917 illo
1735 1890 1749 1900 -

1851 1865 1958 1905 non
1986 1851 2034 1906 id
2066 1854 2216 1909 nobis
2241 1857 2498 1912 orandum
2523 1873 2643 1915 esse
2687 1869 2744 1914 ut
2769 1877 2873 1916 non
2904 1872 3189 1931 tentemnr,
3223 1869 3315 1923 sed
3344 1888 3407 1923 ne

154 1956 295 1995 rum
317 1952 380 1998 et
394 1942 535 1996 inter
548 1955 610 1998 se
623 1943 847 1997 invicem
866 1944 1242 2013 cogitationum
1260 1950 1641 2015 accusantium,
1661 1962 1752 2006 aut

153 2029 347 2085 etiam
379 2033 762 2098 excusantium,
799 2033 851 2087 in
875 2033 962 2090 die
987 2049 1089 2104 qua
1107 2035 1367 2104 iudicabit
1385 2038 1525 2094 Deus
1545 2043 1749 2097 occulta

157 2121 489 2176 hominum.
542 2121 878 2192 Quapropter
923 2124 969 2178 si
1015 2125 1188 2180 omnis
1236 2127 1409 2193 anima
1453 2131 1748 2199 rationalis,

154 2213 345 2267 etiam
373 2212 663 2282 cupiditate
683 2223 901 2280 caecata,
929 2224 1104 2270 tamen
1136 2230 1254 2270 cum
1283 2220 1478 2287 cogitat
1505 2229 1555 2276 et
1585 2223 1748 2278 ratio-

156 2301 416 2368 cinatur,
446 2301 696 2378 quidquid
728 2303 780 2356 in
798 2318 859 2358 ea
883 2305 1286 2362 ratiocinatione
1309 2324 1488 2363 verum
1515 2321 1617 2378 est,
1646 2330 1748 2367 nvn

155 2387 215 2444 ei
243 2376 598 2446 tribuendum
622 2400 724 2458 cst,
747 2392 839 2447 sed
862 2391 962 2462 ipsi
984 2395 1171 2450 lumini
1194 2398 1449 2466 veritatis,
1482 2415 1509 2453 a
1534 2376 1637 2470 quo
1669 2406 1750 2459 vel

164 2481 419 2535 tenuiter
447 2495 546 2551 pro
567 2481 647 2536 sui
675 2483 968 2552 capacitate
1018 2486 1334 2554 illustratur,
1368 2501 1423 2545 ut
1445 2506 1622 2547 verum
1654 2496 1751 2548 ali-

162 2568 310 2640 quid
341 2571 393 2626 in
416 2571 781 2627 ratiocinando
811 2575 1039 2640 sentiat;
1073 2577 1196 2645 quid
1228 2579 1416 2634 mirum
1465 2582 1510 2635 si
1553 2582 1750 2640 diaboli

165 2657 385 2726 anima,
417 2673 585 2728 prava
623 2660 913 2730 cupiditate
962 2677 1234 2734 perversa,
1267 2668 1523 2738 quidquid
1573 2681 1750 2730 tamen

167 2761 373 2802 verum
413 2749 481 2804 de
530 2750 673 2818 justo
731 2751 844 2807 viro
893 2755 1164 2824 cogitavit,
1211 2771 1332 2814 cum
1378 2773 1753 2823 eum'tentare

168 2835 358 2891 vellet
395 2836 560 2904 ipsius
591 2838 682 2894 Dei
711 2855 861 2906 voce,
892 2841 944 2896 id
974 2853 1057 2898 est
1091 2845 1257 2916 ipsius
1307 2848 1554 2908 Veritatis
1595 2871 1696 2912 voc
1717 2880 1750 2924 -,

170 2929 398 2984 audisse
434 2931 780 3000 perhibetur?
816 2935 1082 3008 Quidquid
1108 2951 1285 2999 autem
1314 2945 1504 3002 falsum
1537 2950 1611 3005 illi
1657 2967 1752 3007 cu-

172 3021 399 3090 piditati
423 3026 672 3116 tribuitur
695 3043 798 3098 qua
821 3031 1019 3088 diaboli
1052 3049 1245 3093 nomen
1291 3042 1518 3112 accepit,
1571 3061 1744 3116 quan-
1773 3026 1823 3089 ο

173 3124 360 3214 quam.
381 3111 666 3215 [quamvis]
699 3121 858 3215 etiam
884 3135 977 3188 per
1000 3133 1298 3215 creaturqm
1323 3111 1651 3202 corporalem
1673 3149 1753 3192 at-

171 3210 289 3269 que
310 3201 577 3258 visibilem
605 3203 744 3260 Deus
766 3207 1082 3281 plerumque
1109 3201 1312 3271 locuius
1334 3201 1436 3288 est,
1461 3225 1748 3293 sett'bonis,

175 3305 276 3347 seu
311 3292 490 3359 malis,
524 3302 772 3366 tauquam
821 3301 1056 3356 omnium
1092 3302 1346 3362 Dominus
1374 3322 1427 3364 ct
1476 3321 1671 3379 rector,
1697 3292 1752 3371 et

175 3394 283 3450 pro
309 3382 570 3454 cujusque
593 3386 674 3440 rei
701 3388 901 3445 meritis
931 3391 1221 3464 ordinatur,
1251 3399 1388 3454 sicut
1412 3415 1507 3468 per
1534 3404 1750 3475 angelos

179 3471 277 3539 qui
326 3471 603 3529 hominum
656 3491 867 3546 quoque
917 3482 1219 3550 aspectibus
1259 3471 1640 3559 apparuerunt,
1696 3502 1752 3549 et

182 3575 288 3630 per
319 3563 604 3631 prophetas
647 3565 908 3634 dicentes,
942 3568 1062 3624 llaec
1114 3574 1244 3627 dicit
1291 3575 1568 3635 Dominus.
1614 3582 1748 3650 Quid

181 3667 317 3722 ergo
341 3656 530 3708 mirum
561 3656 604 3710 si
644 3666 941 3726 quanquam
995 3677 1098 3716 non
1150 3664 1200 3716 in
1249 3665 1360 3734 ipsa
1409 3671 1749 3741 cogitatione,

183 3757 284 3811 per
313 3745 542 3814 aliquam
573 3755 718 3806 certe
740 3759 1035 3804 creaturam
1065 3754 1154 3806 tali
1200 3757 1347 3822 operi
1381 3765 1750 3819 accommoda-

184 3843 297 3888 tam
325 3831 463 3897 Deus
487 3836 687 3889 locutus
715 3853 834 3890 cum
866 3838 1077 3895 diabolo
1098 3841 1321 3898 dicitur?
1344 3843 1450 3901 Nec
1479 3848 1772 3919 dignitatis

183 3939 308 3980 esse
338 3927 662 3980 arbitrentur
688 3935 741 3981 et
767 3930 1152 3998 quasijustitim
1181 3936 1424 3991 meritbm
1455 3940 1594 4009 quod
1624 3959 1743 4000 cum

184 4015 280 4069 illo
307 4015 444 4069 Deus
467 4016 676 4071 locutus
726 4027 825 4082 est,
867 4023 1116 4087 quoniam
1150 4023 1354 4080 locutus
1380 4039 1459 4083 est
1487 4047 1604 4086 cum
1630 4036 1745 4089 ani-

188 4119 269 4159 ma
319 4107 574 4174 angelica,
610 4121 906 4178 quanquam
937 4112 1095 4166 stulta
1144 4125 1196 4169 et
1235 4119 1445 4186 cupida,
1499 4133 1743 4195 tanquam

184 4199 231 4252 si
263 4199 568 4268 loqueretur
593 4211 710 4252 cum
743 4202 917 4255 anima
947 4207 1172 4261 humana
1224 4209 1382 4264 stulta
1429 4224 1483 4268 et
1519 4215 1743 4286 cupida;

188 4296 281 4342 aut
308 4288 406 4355 ipsi
435 4289 608 4342 dicant
638 4291 902 4359 quomodo
942 4292 1151 4353 locutus
1174 4307 1256 4353 est
1297 4302 1433 4358 Deus
1481 4319 1600 4361 cum
1656 4307 1745 4365 illo

185 4376 352 4433 divite
380 4379 529 4448 cujus
550 4377 891 4450 cbpiditatem
923 4385 1287 4444 stultissimam
1336 4407 1556 4463 arguere
1581 4398 1748 4454 voluit
1775 4377 1825 4435 Ῑ)

187 4467 374 4524 dicens
401 4487 413 4521 :
447 4469 640 4534 Stulte,
692 4471 790 4525 hac
821 4483 978 4530 nocte
1006 4477 1176 4530 anima
1211 4488 1296 4534 tua
1326 4489 1691 4552 cxposiulalur
1717 4507 1746 4544 a

187 4565 261 4622 te,
287 4567 482 4626 etquae
511 4563 816 4628 praiparasti
862 4565 1014 4634 cujus
1042 4571 1239 4623 erunt?
1282 4571 1438 4630 Certe
1490 4576 1592 4633 hoc
1633 4581 1748 4650 ipse

187 4645 445 4705 Dominus
473 4650 523 4703 in
548 4652 829 4722 Evangelia
854 4657 1004 4723 dicit,
1038 4662 1123 4715 cui
1157 4662 1390 4720 haeretici
1423 4667 1530 4737 isti,
1582 4645 1749 4729 veiint

187 4739 381 4805 nolint,
413 4739 546 4792 colla
599 4741 937 4800 submittunt.
994 4746 1050 4802 Si
1098 4760 1274 4807 autem
1321 4751 1423 4810 hoc
1469 4773 1747 4818 moventur

189 4832 332 4901 quod
383 4835 689 4890 tentandum
736 4839 936 4908 jus'nm
988 4843 1215 4904 Satanas
1246 4849 1378 4916 petit
1421 4865 1451 4905 a
1480 4853 1612 4921 Deo,
1639 4872 1744 4912 non

187 4938 287 4994 ego
304 4939 511 4991 expono
536 4941 698 4993 quare
719 4930 787 4982 sit
809 4930 1024 4997 factum,
1047 4931 1138 4989 sed
1162 4935 1308 5006 ipsos
1329 4955 1459 5011 cogo
1481 4957 1748 5014 exponere

186 5027 352 5080 quare
381 5013 447 5069 sit
476 5015 672 5071 dictum
704 5015 755 5071 in
791 5012 1077 5091 Evangeiio
1121 5030 1189 5080 ab
1228 5029 1343 5098 ipso
1369 5012 1592 5090 Domino
1635 5037 1744 5092 dis-

186 5101 378 5168 cipulis
407 5105 518 5159 suis
547 5123 558 5158 :
587 5106 724 5162 Ecce
739 5105 960 5166 Satanas
991 5113 1137 5182 petiit
1161 5133 1350 5174 vexare
1373 5137 1465 5176 vos
1483 5127 1748 5192 quomodo

188 5191 450 5256 triticum;
485 5203 537 5248 et
570 5194 726 5250 Petro
756 5197 830 5251 ait
861 5217 874 5250 :
908 5199 1016 5270 Ego
1054 5191 1526 5274 autempostulavi
1557 5231 1622 5269 ne
1650 5217 1746 5272 de-

191 5282 482 5337 iiciatfides
513 5296 620 5341 tua.
668 5287 796 5343 Cum
847 5288 1022 5346 autem
1052 5295 1153 5349 hoc
1182 5313 1451 5366 exponunt
1471 5305 1625 5373 mihi,
1676 5308 1749 5361 si-

189 5371 295 5425 mul
328 5372 456 5425 illud
487 5377 624 5443 quod
653 5393 684 5432 a
715 5394 799 5433 me
819 5377 1062 5450 quaeritnt
1094 5393 1506 5455 exponuntsibi.
1536 5395 1591 5451 Si
1609 5371 1742 5452 vero

191 5475 291 5514 non
317 5462 581 5517 valuerint
606 5464 705 5521 hoc
733 5484 1020 5541 exponere,
1054 5468 1155 5530 non
1187 5479 1414 5537 audeant
1440 5483 1490 5538 id
1512 5487 1651 5555 quod
1686 5488 1738 5543 in
1766 5536 1771 5540 .

192 5552 474 5623 Evangelia
495 5556 608 5610 sine
651 5555 943 5617 oﬂ'ensione
983 5580 1088 5622 non
1135 5566 1456 5639 intelligunt,
1489 5552 1543 5630 in
1569 5576 1746 5648 aliquo

472 5687 739 5750 Panon.
785 5661 978 5753 LXII.

1851 1940 1904 1995 in
1931 1945 2274 2000 tentationem
2307 1947 2659 2016 inducantur;
2686 1953 2984 2010 inducimur
3005 1957 3168 2025 enim,
3203 1962 3246 2016 si
3280 1963 3407 2019 tales

1849 2035 2134 2091 acciderint
2163 2051 2296 2107 quas
2326 2040 2464 2094 ferre
2511 2056 2616 2096 non
2648 2059 2927 2112 possumus
2956 2067 2970 2103 :
3002 2049 3095 2104 sed
3123 2065 3242 2107 cum
3292 2063 3408 2108 ten-

1850 2123 2079 2179 tationes
2133 2128 2443 2195 periculosae
2491 2130 2542 2184 in
2596 2146 2729 2199 quas
2775 2133 2960 2189 inferri
3018 2146 3179 2208 atque
3232 2142 3406 2198 induci

1851 2214 2203 2280 perniciosum
2225 2226 2325 2281 cst,
2344 2226 2434 2271 aut
2456 2220 2721 2288 prosperis
2738 2222 2896 2277 rebus
2920 2227 3294 2295 temporalibus
3318 2245 3409 2285 aut

1848 2301 2090 2358 adversis
2134 2305 2390 2372 oriantur,
2423 2321 2580 2362 nemo
2627 2308 2885 2379 frangitur
2929 2313 3268 2372 adversarum
3297 2335 3409 2374 mo-

1851 2392 2001 2447 lestia
2033 2396 2119 2462 qui
2147 2411 2520 2466 prosperarum
2551 2399 2904 2462 delectatione
2928 2404 3258 2479 [dilectione]
3303 2428 3406 2465 non

1850 2491 2080 2550 capitur.

1883 2553 1888 2574 ί
2369 2555 2595 2611 CAPUT
2645 2559 2888 2615 CCCXV.

1851 2639 1928 2693 De
1981 2642 2259 2727 septifornti
2310 2644 2523 2727 Spiritu.
2571 2660 2858 2727 sapientius
2905 2657 3319 2727 beatitudinibas,
3360 2674 3409 2715 ct

2061 2722 2248 2778 septem
2272 2717 2595 2781 petitionibus
2620 2717 2865 2776 oratiunis
2895 2723 3194 2783 Dominicis.

1859 2863 1864 2874 ,
1921 2809 2142 2865 Videtur
2159 2812 2320 2866 etiam
2352 2813 2482 2868 mihi
2525 2821 2857 2886 septenarius
2880 2823 2980 2880 iste
3015 2842 3267 2882 numerus
3314 2829 3408 2883 ha-

1849 2912 1966 2952 rum
1998 2898 2316 2966 petitionum
2366 2916 2662 2972 congruere
2709 2908 2784 2963 illi
2815 2916 3118 2980 septenario
3163 2933 3404 2982 numero,

1848 2999 1915 3041 ex
1935 3002 2042 3055 quo
2069 2990 2330 3047 totusisie
2353 3007 2532 3050 sermo
2561 3001 2814 3054 manavit.
2870 3002 2926 3056 Si
2957 3004 3096 3059 enim
3132 3008 3290 3064 timor
3313 3010 3405 3065 Dei

1855 3085 1938 3130 est
1960 3092 2068 3146 quo
2095 3078 2234 3135 beati
2267 3082 2399 3135 liunt
2447 3099 2705 3154 pauperes
2731 3089 2943 3157 spiritu,
2973 3096 3222 3162 quoniam
3264 3100 3407 3170 ipso-

1853 3180 1968 3219 rum
1995 3177 2078 3221 est
2104 3184 2322 3237 regnum
2360 3172 2640 3241 caelorum,
2671 3186 2912 3246 petamus
2951 3194 3006 3237 ut
3050 3188 3408 3245 sanctificatur

1852 3257 1905 3311 in
1927 3257 2232 3315 hominibus
2257 3277 2451 3317 nomen
2484 3263 2604 3331 Dei,
2644 3267 2833 3324 timore
2867 3285 3014 3328 cas'o
3068 3291 3408 3344 permaricnre

1853 3346 1905 3400 in
1936 3349 2189 3404 saxulum
2210 3352 2413 3407 seculi.
2446 3353 2501 3408 Si
2535 3356 2704 3423 pietas
2750 3369 2830 3412 est
2858 3376 2958 3428 qua
2990 3363 3126 3419 beati
3149 3382 3267 3421 sunt
3301 3376 3405 3426 mi.

1855 3440 1959 3505 tes,
1983 3443 2106 3507 quia
2136 3442 2233 3511 ipsi
2275 3445 2586 3500 haereditate
2615 3448 2959 3516 possidebunt
3017 3464 3230 3522 terram,
3263 3471 3409 3529 pcta.

1853 3548 1972 3588 mus
1996 3541 2056 3594 ut
2081 3533 2258 3587 veniat
2285 3549 2507 3604 regnum
2536 3537 2671 3604 ejus,
2697 3539 2810 3593 sive
2835 3540 2889 3594 in
2912 3557 3009 3597 nos
3035 3544 3198 3613 ipsos,
3223 3559 3281 3604 nt
3309 3553 3407 3605 mi-

1853 3630 2144 3688 tescamus,
2176 3635 2276 3676 nec
2297 3624 2346 3676 ei
2376 3625 2703 3693 resistamus,
2735 3628 2846 3684 sive
2870 3631 2937 3686 de
2981 3635 3120 3690 cmlo
3144 3638 3195 3690 in
3219 3648 3406 3703 terras.

1853 3713 1908 3768 in
1932 3712 2178 3769 claritate
2206 3712 2466 3769 adventus
2493 3716 2698 3772 Domini
2727 3734 2833 3788 quo
2860 3737 2955 3776 nos
2983 3727 3327 3792 gaudebimus
3354 3744 3406 3786 ct

1852 3803 2145 3868 laudamur,
2170 3803 2380 3859 dicente
2406 3805 2495 3858 illo
2521 3822 2536 3858 :
2560 3807 2767 3874 Venite,
2793 3809 3056 3868 benedicti
3080 3816 3252 3871 Patris
3279 3823 3404 3884 mei,

1850 3893 2111 3961 percipite
2137 3906 2357 3961 regnum
2379 3895 2520 3963 quod
2543 3895 2691 3951 vobis
2729 3909 2968 3966 paratum
2998 3913 3080 3957 est
3107 3906 3174 3961 ab
3199 3910 3402 3978 origine

1850 3979 2066 4057 mundi."
2097 3980 2153 4034 In
2184 3981 2426 4048 Domino,
2456 3984 2623 4052 inquit
2651 3987 2928 4057 propheta,
2961 3990 3261 4050 laudabitur
3289 4001 3406 4054 ani-

1851 4087 1935 4125 ma
1966 4054 2106 4137 mea,
2139 4073 2356 4127 audiant
2404 4076 2560 4130 mites
2610 4076 2910 4151 [mansueti]
2939 4091 2993 4136 et
3025 4084 3396 4153 jucundenlur.

1837 4161 1907 4224 Si
1934 4162 2152 4217 scientia
2197 4174 2278 4218 est
2324 4179 2425 4233 qua
2471 4166 2606 4221 beati
2634 4179 2758 4223 sunt
2791 4172 2879 4240 qui
2908 4172 3108 4244 lugent,
3154 4180 3401 4247 quoniam

1805 4299 1816 4310 ,
1849 4253 1947 4321 ipsi
1974 4253 2409 4321 consolabuntur,
2442 4271 2656 4340 oremus
2683 4268 2742 4312 ut
2769 4260 2861 4313 liat
2889 4264 3131 4318 voluntas
3177 4269 3291 4336 ejus
3325 4272 3402 4327 si-

1849 4353 1940 4398 cut
1968 4343 2022 4397 in
2050 4344 2186 4399 cutio
2217 4353 2268 4398 et
2295 4343 2348 4398 in
2383 4355 2542 4410 terra,
2569 4346 2720 4416 'quia
2745 4363 2866 4400 cum
2918 4365 3108 4419 corpus
3157 4367 3406 4427 tanquam

1853 4441 2016 4500 terra,
2042 4433 2252 4502 spiritui
2276 4443 2522 4502 tanquam
2567 4434 2724 4501 ctelo,
2755 4449 2959 4492 summa
3024 4452 3079 4497 et
3109 4451 3220 4499 tota
3275 4464 3407 4517 pace

1855 4522 2208 4586 consenserit,
2240 4537 2344 4577 non
2370 4522 2695 4592 lugebimus;
2727 4540 2849 4578 nam
2878 4528 3053 4584 nullus
3086 4534 3219 4587 alius
3251 4536 3411 4606 hujus

1843 4609 2110 4679 temporis
2139 4611 2312 4664 luctus
2339 4621 2442 4676 est,
2477 4613 2576 4666 nisi
2627 4628 2748 4668 cum
2770 4615 3051 4672 adversum
3077 4635 3134 4675 se
3160 4622 3257 4678 ista
3279 4640 3410 4680 con~

1850 4698 2058 4767 ilignnt,
2083 4709 2138 4754 et
2159 4709 2358 4768 cogunt
2387 4715 2485 4755 nos
2509 4701 2691 4758 dicere
2722 4721 2736 4756 :
2773 4705 2942 4761 Video
2971 4708 3127 4763 aliam
3154 4712 3325 4781 legem
3355 4717 3405 4769 in

1852 4789 2108 4844 membris
2134 4789 2290 4856 meis,
2339 4802 2722 4860 repugnantem
2771 4796 2878 4866 legi
2911 4801 3101 4854 mentis
3152 4817 3322 4869 meae,
3356 4816 3412 4860 et

1853 4881 2051 4935 luctum
2095 4890 2339 4935 nostrum
2370 4883 2663 4954 Iacrymosa
2702 4902 2833 4943 voce
2865 4891 3044 4944 testari
3078 4907 3091 4943 :
3125 4892 3281 4947 Miser
3310 4910 3411 4966 ego

1852 4973 2038 5041 homo,
2065 4974 2185 5042 quis
2215 4989 2301 5029 me
2330 4975 2578 5032 liberabit
2632 4979 2698 5033 de
2727 4994 2952 5049 corpore
3004 4984 3187 5037 mortis
3219 4985 3408 5054 hujus‘l

1852 5062 1909 5118 Si
1938 5059 2195 5116 fortitudo
2224 5074 2306 5117 est
2333 5080 2435 5134 qua
2492 5066 2631 5124 beati
2682 5078 2802 5123 sunt
2842 5071 2929 5139 qui
2977 5075 3216 5127 esuriuut
3242 5087 3292 5128 et
3335 5079 3412 5130 si-

1853 5150 1992 5203 tiunt
2016 5150 2302 5219 justitiam,
2352 5154 2473 5224 quia
2506 5156 2604 5224 ipsi
2651 5159 3045 5225 saturabuntur,
3096 5173 3307 5217 oremus
3359 5177 3411 5218 ut

1853 5239 2007 5307 panis
2033 5249 2216 5294 noster
2242 5245 2584 5310 quotidianus
2605 5246 2760 5300 detur
2786 5247 2939 5300 nobis
2963 5248 3138 5316 hodie,
3165 5267 3268 5319 quo
3294 5252 3410 5307 fulti

1854 5335 2014 5396 atque
2041 5331 2346 5397 sustentati,
2378 5333 2443 5386 ad
2494 5333 2852 5402 plenissimam
2900 5337 3044 5391 illam
3076 5343 3410 5398 saturitatem

1854 5416 2040 5471 venire
2071 5419 2357 5485 possimus.
2398 5422 2456 5477 Si
2485 5425 2785 5485 ,consilium
2834 5437 2914 5481 est
2952 5445 3057 5498 quo
3113 5431 3249 5487 beati
3289 5448 3410 5491 sunt

1858 5507 2258 5575 misericordes,
2306 5515 2555 5580 quoniam
2606 5514 2840 5583 ipsorum
2883 5518 3221 5576 miserebitur
3251 5525 3411 5598 Deus,

1861 5592 2191 5654 dimittamus
2212 5600 2546 5658 dcbitoribus
2575 5607 2790 5671 nostris,-
2822 5617 2873 5663 et
2903 5624 3113 5667 oremus
3141 5626 3195 5671 ut
3222 5629 3273 5672 ct
3315 5592 3406 5676 no;

2904 5724 2981 5782 33
