3874 6226
524 245 656 300 10εὸ

1621 235 1682 290 1).
1726 229 2034 290 ΕυϐΥΡΡΙΙ
2073 228 2358 286 ABBATIS
2395 227 2704 285 AFRICANI

3609 226 3731 284 l035

519 359 599 413 bis
628 367 807 411 nostra
837 354 1185 409 dimittantur.
1217 350 1272 407 Si
1316 347 1616 404 intellectus
1639 355 1719 402 est
1771 361 1877 416 quo
1925 342 2065 398 beati
2098 343 2145 401 Α
2177 338 2336 391 etiam
2384 339 2647 406 ειτβίίίῦηε
2701 351 2819 390 cum
2873 334 3169 404 ieiunamus
3220 348 3318 390 "05
3370 349 3491 390 €550
3521 335 3725 392 dem

520 459 643 502 sunt
670 447 851 502 mundi
876 446 1034 500 corde
1059 441 1306 512 quoniam
1333 440 1428 509 ipsi
1455 440 1620 493 Deum
1648 439 1921 500 videbunt,
1951 449 2072 489 ore-

522 555 634 591 Inus
666 552 768 591 non
793 534 966 590 induci
991 533 1040 585 iu
1069 531 1433 596 tentationem,
1460 545 1526 585 ne
1553 530 1842 584 habeamus
1872 528 2068 596 duplex

521 647 612 687 eor
639 646 740 686 non
770 628 1063 698 appetendo
1089 627 1314 696 simplex
1343 627 1566 688 bonum,
1614 640 1720 695 quo
1770 619 2067 677 referamus

519 721 690 776 omnia
718 734 834 789 qua:
861 733 1161 787 operamur,
1192 717 1285 772 sed
1313 718 1472 772 simul
1497 715 1808 784 temporalia
1849 723 1902 766 et
1955 718 2065 764 ter-

520 825 643 864 rena
665 806 1291 871 seetaudo;tentationes
1315 805 1456 860 enim
1504 805 1570 859 de
1618 804 1701 857 his
1748 802 1908 855 rebus
1949 814 2066 867 qua:

516 913 699 967 graves
723 897 1123 952 ctcalamitoszn
1180 896 1431 950 videntur
1479 894 1798 956 hominibus,
1850 906 1954 944 non
2014 890 2066 942 in

516 1004 610 1042 nos
640 989 834 1053 valent,
866 988 910 1041 si
939 1003 1044 1042 non
1067 983 1276 1041 valeant
1300 987 1402 1040 illae
1425 1001 1541 1054 qua:
1588 982 1853 1038 blanditiis
1883 995 2066 1035 earum

516 1091 688 1130 rerum
718 1077 965 1132 accidunt
989 1091 1119 1147 quas
1147 1076 1388 1131 homines
1427 1076 1591 1130 bonas
1640 1081 1696 1128 et
1741 1072 2068 1126 lzetabundas

516 1177 720 1238 putant.
753 1168 807 1222 Si
836 1167 1092 1236 sapientia
1124 1177 1207 1222 est
1233 1183 1333 1235 qua
1363 1166 1500 1220 beati
1525 1173 1648 1220 sunt
1680 1163 1906 1233 pacifici,
1935 1178 2068 1232 quo-

516 1261 653 1313 niam
685 1259 782 1328 ipsi
819 1259 910 1312 lilii
940 1259 1030 1313 Dei
1056 1258 1406 1324 vocabuntur,
1442 1271 1654 1312 oremus
1696 1266 1750 1309 ut
1780 1254 2069 1309 liberemur

516 1367 543 1401 τι
574 1352 710 1404 malo
741 1367 752 1401 :
779 1348 894 1417 Ipsa
923 1349 1062 1401 enim
1091 1348 1329 1402 liberatio
1362 1347 1560 1402 liberos
1583 1359 1680 1398 nos
1707 1343 1884 1408 faciet,
1915 1343 1964 1396 id
1987 1351 2068 1396 est

517 1436 650 1490 filios
696 1437 816 1499 Dei,
857 1443 915 1490 ut
963 1435 1149 1505 spiritu
1195 1434 1494 1502 adoptionis
1540 1434 1855 1499 clamcmus,
1914 1431 2066 1485 Abba

516 1536 680 1594 pater.

1027 1593 1252 1649 CAPUT
1285 1591 1570 1646 CCCXVI.’

2172 428 2324 493 Quod
2348 429 2391 481 si
2432 427 2790 494 turpissimum
2814 441 2997 480 omnes
3033 426 3289 488 farcntur,
3341 425 3728 491 intelligendum

2169 527 2252 570 est
2291 518 2392 572 hoc
2419 526 2737 585 pra-ceptum
2775 517 3003 584 ungendi
3033 528 3189 584 caput
3218 526 3273 571 et
3303 516 3494 569 faciem
3527 516 3744 568 lavandi’

2169 607 2236 660 ad
2265 608 2569 661 interiorem
2600 606 2864 659 hominem
2909 608 3177 674 pertinere
3209 623 3220 659 :
3255 621 3454 674 ungere
3489 621 3613 672 ergo
3638 620 3718 658 ca-

2169 705 2262 765 put
2281 696 2348 749 ad
2388 695 2622 748 laetitiam
2668 694 2915 761 pertinet,
2969 695 3146 749 lavare
3193 705 3372 750 autem
3421 695 3633 757 faciem,
3661 695 3718 745 ad

2170 785 2486 839 munditiam
2518 803 2532 839 :
2563 793 2616 838 et
2639 783 2760 837 ideo
2787 793 2946 850 caput
2967 783 3112 852 ungit
3153 785 3244 853 qui
3273 785 3480 838 lzetatur
3510 784 3720 837 iuten‘us

2170 887 2346 930 mente
2374 885 2531 944 atque
2557 876 2780 929 ratione.
2829 875 2940 928 lloc
2970 874 3114 929 enim
3144 884 3288 929 recte
3327 876 3614 946 accipimus
3641 889 3720 928 ca-

2170 974 2264 1033 put
2290 964 2429 1033 quod
2461 966 2513 1019 in
2539 965 2715 1018 anima
2746 965 3071 1033 prmemiuel,
3097 972 3150 1016 et
3197 979 3305 1033 quo
3326 976 3519 1018 caetera
3557 965 3717 1017 horni-

2170 1057 2253 1109 nis
2286 1057 2395 1124 regi
2425 1064 2479 1110 et
2524 1056 2805 1124 gubernari
2846 1055 3184 1108 manifestum
3224 1063 3341 1119 est;
3373 1065 3426 1108 et
3457 1059 3553 1110 hoc
3605 1055 3717 1109 facit

2170 1145 2260 1212 qui
2292 1159 2396 1197 non
2428 1142 2557 1198 foris
2582 1142 2775 1213 quaerit
2803 1143 3064 1208 laetitiam,
3096 1153 3153 1197 ut
3174 1144 3239 1199 de
3267 1143 3537 1197 hominum
3561 1144 3716 1198 laudi-

2171 1235 2267 1287 bus
2287 1233 2572 1288 carnaliter
2591 1232 2833 1303 gaudeat.
2862 1233 2998 1286 Caro
3017 1233 3182 1300 enim,
3211 1247 3332 1302 qua
3351 1233 3583 1302 subjecta
3607 1247 3716 1289 esse

2166 1323 2346 1388 debet,
2377 1325 2521 1379 nullo
2548 1325 2706 1380 modo
2729 1333 2815 1381 est
2835 1325 2994 1381 totius
3022 1334 3225 1380 natura:
3244 1326 3489 1380 humana
3525 1337 3670 1394 caput
3700 1344 3713 1378 :

2171 1413 2338 1467 Nemo
2367 1415 2582 1483 quidem
2621 1432 2850 1486 unquam
2897 1430 3113 1471 carnem
3159 1430 3311 1471 suam
3358 1416 3482 1471 odio
3527 1418 3711 1480 habuit,

2173 1506 2313 1560 sicut
2343 1510 2626 1576 Apostolus
2653 1509 2803 1574 dicit,
2833 1523 2956 1563 cum
2989 1509 3056 1563 de
3103 1507 3375 1578 diligenda
3405 1524 3564 1561 uxore
3592 1523 3714 1574 pr:-

2167 1599 2314 1667 cipit.
2365 1599 2471 1654 Sed
2518 1610 2674 1670 caput
2725 1602 2960 1656 mulieris
3011 1602 3113 1664 vir,
3157 1603 3244 1654 cui
3278 1601 3392 1654 viro
3436 1612 3590 1670 caput
3637 1611 3711 1655 est

510 1685 618 1756 84
655 1683 732 1738 De
761 1686 959 1754 jejunio
994 1694 1040 1738 et
1069 1683 1284 1764 [attendo
1325 1683 1453 1764 rufis
1491 1682 1564 1733 vel
1612 1677 1843 1750 ungenda
1871 1678 2062 1745 capite;

2171 1688 2427 1745 Christus.
2475 1691 2700 1747 Interius
2741 1708 2866 1763 ergo
2912 1694 3140 1764 gaudeat
3183 1695 3234 1748 in
3283 1694 3484 1762 jejunio
3513 1710 3624 1757 suo,
3653 1709 3711 1746 eo

1068 1770 1131 1806 ex
1180 1751 1350 1807 eodem
1376 1751 1521 1802 libro.

582 1869 712 1922 Cum
745 1875 917 1921 autem
943 1865 1215 1934 jejunatis,
1243 1863 1429 1932 inquit,
1479 1861 1639 1917 nolite
1670 1861 1783 1917 fieri
1814 1861 1954 1915 sicut
1977 1861 2072 1930 hy-

513 1960 724 2025 pocrita:
740 1959 935 2021 tristes,
950 1953 1452 2010 exterminantenim
1469 1953 1668 2005 vultum
1680 1965 1852 2015 suum,
1867 1958 1924 2003 ut
1937 1949 2073 2004 vide-

511 2059 666 2104 antur
680 2046 1311 2115 hominibusjejunantcs.
1328 2046 1492 2098 Amen
1506 2043 1628 2096 dico
1645 2042 2072 2110 vobis,percepe—

512 2149 634 2193 runt
648 2139 946 2193 mercedem
961 2151 1132 2190 suam.
1150 2136 1251 2190 Vos
1263 2133 1952 2201 autemjejunantes,ungite
1980 2147 2070 2186 ca-

512 2231 618 2296 pita
633 2236 828 2294 vestra,
843 2235 895 2281 et
911 2227 1072 2281 facies
1089 2235 1291 2281 vestras
1309 2225 1500 2292 lavate,
1521 2238 1587 2278 ne
1603 2223 1882 2277 videamini
1899 2223 2068 2278 homi-

514 2318 996 2388 nibusjejunantes,
1014 2317 1104 2370 sed
1124 2316 1260 2369 Patri
1276 2323 1453 2368 vestro
1467 2314 1556 2382 qui
1571 2323 1652 2367 est
1672 2313 1722 2367 in
1735 2313 2070 2376 abscondito,

509 2418 564 2463 et
592 2409 743 2463 Pater
771 2419 945 2462 vester
974 2405 1063 2476 qui
1087 2405 1230 2459 videt
1251 2405 1301 2458 in
1325 2402 1656 2467 abscondito,
1680 2401 1870 2456 reddet
1903 2401 2069 2458 vobis.

511 2497 838 2553 Manifestum
865 2507 947 2552 est
975 2497 1056 2551 his
1095 2495 1398 2564 praeceptis,
1435 2507 1648 2549 omnem
1695 2503 1932 2548 nostram
1990 2508 2074 2548 ra-

512 2589 705 2642 tionem
732 2584 1125 2658 [intentionem]
1173 2586 1225 2638 in
1265 2584 1517 2638 interiora
1553 2582 1742 2653 gaudia
1785 2582 1964 2652 dirigi,
2010 2597 2076 2636 ne

518 2678 647 2731 foris
670 2685 972 2745 quaerentes
997 2677 1296 2729 mercedem
1345 2674 1465 2727 huic
1516 2674 1710 2726 saeculo
1763 2672 2072 2726 eoufdrme-

514 2783 650 2829 mur,
679 2776 732 2820 et
762 2766 1065 2820 amittamus
1094 2765 1488 2833 promissionem
1528 2773 1671 2817 tanto
1696 2764 1962 2819 solidioris
1990 2774 2074 2817 at-

510 2871 610 2924 que
651 2854 919 2921 ﬁrmioris,
953 2863 1149 2922 quanto
1178 2855 1444 2908 interioris
1467 2853 1804 2908 beatitudinis
1845 2869 1948 2922 qua
1978 2868 2076 2908 nos

508 2947 666 3013 elegit
714 2945 852 2999 Deus
879 2944 1181 2999 conformes
1210 2944 1323 2998 fieri
1347 2943 1591 3013 imaginis
1620 2944 1738 2997 Filii
1779 2943 1892 3012 ejus
1924 2942 2072 3018 [sui].

2175 1777 2291 1846 ipso
2312 1794 2415 1845 quo
2439 1780 2517 1834 sic
2537 1794 2595 1834 se
2619 1780 2909 1849 jejunando
2929 1782 3119 1836 avertit
3145 1797 3173 1834 a
3205 1785 3478 1848 voluptate
3525 1782 3709 1840 seculi.

2177 1877 2232 1920 ut
2258 1869 2325 1921 sit
2351 1869 2591 1924 subditus
2616 1869 2828 1925 Christo
2855 1872 2945 1940 qui
2973 1872 3264 1926 secundum
3293 1874 3391 1926 hoc
3411 1885 3709 1942 praeceptum

2176 1968 2331 2025 caput
2364 1967 2578 2012 unctum
2628 1959 2825 2013 habere
2855 1959 3150 2024 desiderat;
3178 1961 3249 2014 ita
3275 1960 3416 2015 enim
3445 1973 3498 2014 et
3541 1961 3706 2015 faciem

2178 2047 2388 2111 lavabit,
2418 2047 2470 2102 id
2511 2058 2594 2102 est
2635 2064 2730 2103 cor
2760 2049 3053 2114 mundabit,
3084 2065 3188 2118 quo
3218 2051 3428 2104 visurus
3453 2059 3533 2103 est
3563 2049 3706 2102 Deum

2177 2149 2280 2188 non
2311 2135 2621 2205 interposito
2669 2137 2946 2201 velamine,
2978 2147 3194 2206 propter
3220 2137 3572 2191 infirmitatem
3597 2152 3706 2192 ωηο

2175 2230 2393 2276 tractam
2424 2224 2492 2278 de
2515 2225 2780 2291 sordibus,
2809 2224 2903 2280 sed
2931 2223 3116 2279 firmus
3153 2233 3210 2279 et
3225 2226 3448 2289 stabilis,
3477 2223 3706 2294 quoniam

2178 2318 2404 2372 mundus
2433 2327 2487 2372 et
2511 2318 2758 2389 simplex.
2791 2319 3084 2382 Lavamini,
3110 2317 3304 2386 inquit,
3325 2319 3500 2370 mundi
3527 2328 3704 2376 estote.

2175 2394 2377 2458 auferte
2405 2406 2663 2474 nequitias
2684 2406 2750 2459 ab
2797 2401 2986 2458 animis
3015 2403 3206 2459 ve5tris
3235 2414 3395 2473 atque
3422 2419 3448 2456 a
3499 2417 3702 2470 cousre-

2175 2505 2263 2549 ctu
2290 2497 2564 2551 oculorum
2595 2511 2858 2550 meorum.
2887 2497 2965 2549 Ab
2996 2495 3080 2549 his
3124 2495 3282 2563 igitur
3301 2495 3540 2549 sordibus
3566 2494 3705 2546 facies

2178 2594 2353 2638 nostra
2378 2585 2599 2639 lavanda
2624 2594 2730 2651 est,
2761 2585 2950 2655 quibus
2995 2585 3090 2639 Dei
3119 2593 3365 2650 aspectus
3413 2583 3701 2637 oﬂ’endiul';

2177 2690 2275 2730 nos
2299 2677 2442 2730 enim
2465 2677 2696 2730 revelata
2725 2677 2856 2731 facie
2889 2676 3109 2746 gloriam
3161 2675 3254 2728 Dei
3279 2675 3621 2743 speculantes,
3658 2675 3702 2726 iu

2173 2765 2416 2819 eamdem
2475 2767 2754 2835 imaginem
2800 2764 3316 2819 transformabimur.
3365 2764 3516 2832 διε-βε
3563 2767 3700 2817 ctiam

2175 2857 2425 2925 cogitatio
2470 2857 2888 2913 necessariarum
2933 2869 3110 2908 rerum
3141 2853 3209 2906 ad
3241 2853 3394 2907 istam
3423 2855 3570 2906 vitam
3594 2866 3702 2919 pe:-

2177 2947 2452 3001 tinentium
2478 2956 2532 3002 et
2557 2947 2760 3000 sauciat
2804 2957 2858 3000 et
2903 2945 3141 2999 sordidat
3189 2944 3491 2998 interiorem
3520 2943 3703 2997 oculum

515 3037 569 3087 In
611 3035 709 3089 hoc
762 3042 939 3088 autem
991 3034 1225 3102 capitulo
1275 3036 1506 3089 maxime
1544 3036 2070 3089 animadvertendum
2098 3063 2145 3124 ρ
2177 3046 2438 3100 nostrum,
2462 3045 2512 3091 et
2537 3037 2844 3106 plerumque
2869 3034 3203 3103 conduplicat
3226 3033 3344 3105 [cor
3372 3033 3634 3102 duplicat].
3656 3043 3704 3082 ιιι

508 3134 609 3190 est,
643 3140 746 3178 non
777 3123 830 3177 in
875 3126 993 3177 solo
1044 3140 1216 3178 rerum
1268 3139 1643 3193 corporearum
1696 3127 1868 3180 nitore
1915 3137 2075 3194 atque

512 3231 722 3284 pompa,
757 3216 850 3269 sed
879 3217 1040 3270 etiam
1083 3216 1135 3268 in
1166 3216 1292 3286 ipsis
1348 3218 1594 3271 sordibus
1644 3219 1899 3272 luctuosis
1955 3233 2074 3273 esse

513 3319 667 3371 posse
691 3305 996 3373 iactantiam
1013 3347 1027 3370 ,
1061 3314 1116 3359 et
1153 3321 1218 3359 eo
1246 3306 1698 3375 periculosiorem,
1720 3323 1828 3376 quo
1853 3308 1955 3362 sub
1978 3322 2073 3362 no.

507 3395 648 3448 mine
673 3394 940 3449 servitutis
963 3394 1054 3448 Dei
1077 3395 1288 3463 decipit.
1316 3396 1412 3462 Qui
1438 3411 1564 3462 ergo
1588 3397 1935 3453 immoderato
1961 3397 2072 3451 cul~

512 3495 570 3564 tu
615 3486 852 3552 corporis
903 3493 1059 3552 atque
1099 3485 1343 3550 vestitus,
1398 3486 1482 3540 vel
1528 3494 1843 3540 exterarum
1891 3500 2068 3540 rerum

517 3576 689 3630 nitore
713 3576 1008 3644 prafulget,
1033 3574 1186 3628 facile
1215 3577 1552 3629 convincitur
1573 3576 1730 3630 rebus
1760 3577 1890 3644 ipsis
1921 3591 2070 3642 pom-

516 3678 698 3732 parum
746 3662 926 3717 steculi
947 3677 1068 3716 esse
1113 3673 1364 3716 sectator.
1418 3663 1527 3718 Nec
1572 3678 1890 3733 quemquam
1936 3662 2071 3715 fallit

507 3754 690 3808 dolosa
721 3753 947 3822 imagine
985 3753 1278 3808 sanctitatis
1306 3769 1320 3806 :
1348 3749 1435 3820 qui
1456 3762 1633 3806 autem
1661 3755 1712 3806 in
1738 3753 2070 3821 professione

501 3841 924 3897 libristianitatis
953 3842 1206 3896 inusitato
1230 3841 1474 3910 squalore
1502 3856 1565 3896 ac
1595 3841 1842 3896 sordibus
1895 3841 2068 3896 inten-

507 3945 588 3986 tos
610 3933 661 3987 in
689 3946 748 3988 se
775 3931 1046 3986 hominum
1089 3933 1274 3987 oculos
1320 3931 1466 3996 facit,
1512 3946 1633 3985 cum
1689 3931 1740 3985 id
1793 3931 2065 3986 voluntate

509 4021 653 4086 facit,
703 4037 806 4076 non
858 4023 1173 4077 necessitate
1201 4021 1415 4090 patitur,
1465 4021 1673 4075 cmteris
1719 4021 1875 4091 hujus
1898 4021 2058 4094 [ejus]

505 4112 753 4180 operibus
779 4118 955 4178 potest
973 4109 1181 4190 conjici.
1214 4119 1389 4162 utrum
1415 4096 1514 4163 hoc
1533 4119 1840 4178 contemptu
1867 4126 2058 4180 super-

507 4201 596 4253 llui
625 4201 822 4262 cultus,
845 4213 911 4252 an
935 4198 1222 4253 ambitione
1249 4199 1422 4267 aliqua
1478 4199 1664 4265 faciat;
1715 4202 1838 4269 quia
1867 4211 1922 4254 et
1961 4201 2060 4253 sub

506 4291 657 4342 ovina
687 4288 822 4357 pelle
850 4288 1113 4343 cavendus
1137 4288 1290 4356 lupos
1339 4289 1593 4343 Dominus
1627 4291 1878 4358 pracepit
1911 4310 1922 4341 :
1950 4292 2054 4345 Sed

506 4396 567 4436 cs
587 4380 863 4443 fructibus,
877 4379 1068 4447 inquit,
1081 4393 1267 4432 eorum
1282 4379 1616 4449 ceguoscetis
1628 4394 1741 4432 eos.
1755 4379 1884 4432 Cum
1909 4380 2052 4433 enim

506 4470 1036 4537 emperintaliquibus
1060 4471 1512 4523 tentationibusea
1530 4471 1643 4536 ipsa
1675 4468 1922 4540 [scilicet]
1955 4470 2061 4524 illis

507 4559 744 4614 subtrahi
780 4560 861 4612 vel
893 4561 1067 4628 negari
1100 4575 1216 4628 qua:
1247 4561 1349 4614 isto
1374 4561 1636 4614 velamine
1675 4562 1756 4613 vel
1793 4564 2062 4619 consecuti

507 4660 648 4715 sunt,
662 4651 743 4704 vel
756 4654 1002 4718 consequi
1020 4651 1252 4718 cupiunt,
1269 4662 1394 4705 tunc
1408 4667 1628 4707 necesse
1640 4664 1718 4708 est
1739 4663 1795 4707 ut
1812 4665 2062 4725 appareat

510 4747 683 4795 utrum
713 4740 869 4809 lupus
894 4741 945 4792 in
971 4739 1126 4792 ovina
1156 4741 1294 4806 pelle
1334 4742 1421 4804 sit,
1473 4757 1540 4794 an
1578 4742 1694 4796 ovis
1724 4744 1776 4795 in
1802 4759 1916 4797 sua.
1947 4745 2061 4798 Non

509 4834 648 4887 enim
697 4839 975 4899 prapterea
1031 4840 1215 4883 ornatu
1271 4833 1540 4898 superfluo
1606 4832 1767 4888 debet
1820 4847 2064 4903 aSpectus

512 4921 782 4976 hominum
815 4921 1048 4973 mulcere
1091 4919 1445 4984 Christianus,
1485 4921 1606 4989 quia
1655 4923 1796 4976 illum
1848 4939 2063 4992 parcum

512 5013 748 5065 habitum
793 5024 854 5065 ac
901 5009 1259 5064 necessarium
1310 5011 1467 5063 etiam
1529 5012 1869 5067 simulatores
1923 5029 2065 5084 sa'pe

514 5111 788 5169 usurpant,
817 5110 874 5155 ut
926 5101 1166 5154 incautos
1215 5099 1502 5166 decipiant,
1547 5101 1665 5167 quia
1694 5111 1747 5156 et
1793 5103 1893 5156 illa;
1938 5119 2064 5159 oves

513 5209 617 5247 non
642 5192 834 5246 debent
888 5191 1156 5259 deponere
1186 5191 1350 5257 pelles
1381 5205 1526 5253 suas,
1555 5192 1598 5244 si
1647 5193 1928 5260 aliquando
1983 5195 2062 5248 eis

514 5283 619 5350 lupi
652 5288 1040 5350 se‘conteguut.
1095 5282 1268 5348 Qumri
1302 5295 1429 5348 ergo
1477 5281 1612 5334 solet
1643 5283 1765 5348 quid
1818 5284 1885 5336 sit
1922 5286 2058 5354 (ιιιυά

513 5378 586 5427 ait
614 5391 626 5427 :
661 5373 766 5430 Vos
794 5373 966 5428 autem
992 5376 1310 5443 jejttnnttles,
1357 5375 1536 5440 ungite
1566 5376 1735 5441 capita
1788 5385 1981 5437 vestra.
2014 5389 2067 5430 (ιι

517 5466 679 5518 iacies
711 5476 915 5518 vestras
953 5467 1136 5529 lavate,
1170 5482 1235 5520 ne
1266 5465 1547 5518 videamini
1606 5465 1901 5520 hominibus
1928 5469 2067 5535 jeju-

519 5565 730 5615 ucmtes;
759 5573 860 5610 non
889 5559 1030 5610 enim
1053 5558 1311 5624 quispiam
1342 5569 1486 5610 recte
1527 5558 1856 5624 praeceperit,
1883 5572 2066 5624 quam-

521 5642 598 5695 vis
625 5643 806 5698 faciem
839 5649 1137 5705 quotidiana
1189 5648 1574 5702 consuetudine
1606 5648 1860 5710 lavemus,
1895 5650 2066 5702 unctis

2180 3143 2241 3182 ea
2262 3143 2380 3197 quae
2402 3127 2640 3182 videmur
2665 3143 2784 3181 cum
2809 3127 3109 3180 hominibus
3135 3133 3282 3178 recte
3314 3124 3503 3186 facere,
3532 3139 3626 3175 non
3651 3136 3706 3176 co

2159 3218 2338 3273 corde
2355 3217 2608 3271 faciamus
2623 3232 2728 3286 quo
2744 3217 2998 3271 Dominus
3021 3213 3288 3284 prmcepit,
3315 3214 3365 3266 id
3384 3223 3463 3267 est
3481 3228 3576 3266 non
3599 3215 3701 3279 quia

2174 3323 2268 3362 eos
2295 3307 2584 3376 diligimus,
2635 3307 2728 3363 sed
2759 3309 2880 3377 quia
2925 3304 3262 3361 commodum
3311 3304 3379 3358 ab
3403 3307 3480 3359 eis
3518 3302 3702 3372 aliquid

2174 3409 2388 3466 propter
2407 3399 2777 3452 necessitatem
2794 3397 3071 3465 praesentis
3085 3396 3209 3450 vita:
3221 3395 3440 3464 adipisci
3456 3395 3698 3449 volumus.

2176 3486 2440 3542 Debemus
2487 3497 2664 3542 autem
2717 3490 2851 3543 bene
2880 3487 3058 3540 facere
3094 3484 3199 3540 illis
3245 3495 3463 3555 propter
3502 3486 3701 3540 salutem

2171 3577 2404 3644 ipsorum
2460 3585 2738 3641 :eternam,
2809 3591 2911 3630 non
2965 3584 3185 3645 propter
3231 3574 3518 3642 temporale
3563 3587 3694 3628 con:-

2171 3664 2385 3717 modum
2415 3673 2676 3718 nostrum.
2723 3663 2942 3718 luclinet
2967 3679 3098 3732 ergo
3124 3663 3263 3716 Deus
3283 3677 3378 3716 cor
3409 3673 3628 3716 nostrum
3657 3663 3699 3712 in

2171 3752 2473 3806 testimonia
2505 3766 2622 3818 sua,
2645 3761 2700 3806 et
2727 3766 2832 3805 non
2862 3753 2914 3805 in
2942 3751 3378 3806 emolumentum.
3411 3752 3555 3805 Finis
3577 3751 3694 3804 enim

2170 3843 2419 3912 praecepti
2449 3850 2530 3896 est
2557 3843 2809 3906 charitas,
2831 3843 2897 3896 de
2926 3841 3088 3896 corde
3117 3856 3274 3909 puro,
3313 3851 3370 3896 et
3401 3841 3692 3896 consciuitii

2168 3934 2324 3999 bona,
2348 3944 2400 3986 et
2423 3933 2525 3986 fide
2553 3947 2656 3986 non
2686 3931 2827 3986 ficta.
2850 3931 2949 3998 Qui
2964 3941 3137 3987 autem
3151 3942 3371 4002 propter
3390 3947 3535 3986 suam
3555 3933 3599 3985 iu
3615 3931 3695 3981 hac

2163 4023 2268 4076 vita
2288 4023 2657 4077 necessitatem
2677 4022 2822 4076 fratri
2853 4022 3105 4086 consulit,
3142 4036 3248 4077 non
3285 4024 3467 4092 utique
3487 4021 3694 4076 cbaritsti

2172 4113 2422 4180 consulit,
2476 4113 2595 4181 quia
2627 4128 2732 4168 non
2768 4113 2842 4167 illi
2864 4127 3020 4181 quem
3043 4112 3203 4166 debet
3228 4122 3474 4180 tanquam
3495 4112 3694 4178 seipsum

2159 4205 2379 4274 diligere
2398 4245 2413 4270 ,
2443 4205 2536 4259 sed
2564 4205 2663 4258 sibi
2693 4204 2944 4268 consulit,
2976 4203 3057 4257 vel
3082 4203 3256 4272 potius
3286 4218 3388 4258 nec
3415 4204 3533 4264 sibi,
3555 4219 3689 4270 quau-

2157 4294 2438 4364 doquidem
2471 4296 2593 4349 hinc
2618 4295 2718 4348 sibi
2748 4295 2872 4348 facit
2892 4295 3084 4362 duplex
3113 4309 3208 4347 cor
3227 4310 3334 4362 quo
3363 4294 3622 4362 impeditur
3639 4293 3690 4343 ad

2160 4385 2443 4438 videndum
2474 4386 2660 4446 Deum,
2713 4387 2764 4438 in
2794 4400 2897 4448 qua
2923 4387 3038 4440 sola
3065 4386 3267 4438 visione
3319 4397 3404 4440 est
3458 4384 3691 4438 beatitudo

2171 4485 2315 4529 certa
2345 4484 2506 4544 atque
2538 4485 2811 4544 perpetua.

2674 4584 2900 4641 CAPUT
2937 4585 3228 4640 CCCXVll.

2174 4676 2246 4730 De
2275 4692 2332 4730 co
2356 4677 2490 4742 quod
2505 4675 2575 4728 ait
2611 4675 2854 4729 Dominus
2885 4691 2902 4728 :
2935 4675 2996 4730 Si
3019 4693 3136 4745 ergo
3161 4677 3332 4728 lumen
3351 4677 3484 4744 quod
3502 4677 3548 4729 in
3575 4688 3614 4727 te
3631 4684 3688 4726 rs!

2243 4749 2456 4815 teucbm:
2475 4755 2613 4810 sunt,
2641 4745 2994 4815 ipsatcncbrc
3013 4753 3218 4814 queatur
3252 4748 3436 4799 crutit.’
3469 4762 3527 4798 ra:
3548 4752 3689 4797 co.‘c:u

2246 4814 2331 4866 libr
2344 4832 2393 4868 0.

2239 4924 2480 4977 Lucerna
2506 4923 2748 4993 corporis
2777 4923 2852 4976 tui
2879 4932 2964 4977 est
2989 4923 3174 4978 oculus
3201 4932 3342 4978 tuus.
3373 4924 3426 4979 Si
3448 4939 3563 4992 ergo
3587 4937 3686 4975 ocu-

2167 5018 2250 5072 lus
2277 5025 2395 5070 tuus
2421 5017 2647 5085 simplex
2683 5016 2858 5080 fuerit,
2893 5024 3061 5072 tetum
3103 5031 3298 5085 corpus
3324 5028 3466 5070 tuum
3495 5014 3685 5068 lucidum

2165 5110 2296 5174 erit;
2327 5109 2368 5162 si
2398 5117 2571 5161 autem
2595 5108 2779 5161 oculus
2811 5116 2931 5161 tuus
2961 5122 3188 5175 nequam
3217 5117 3318 5170 est,
3341 5117 3504 5159 totum
3527 5118 3686 5169 corpus

2169 5206 2310 5250 tunm
2344 5195 2681 5250 tenebrosum
2713 5197 2832 5249 erit.
2880 5195 2935 5249 Si
2959 5209 3086 5264 ergo
3114 5195 3295 5248 lumen
3321 5195 3458 5262 quod
3489 5195 3534 5246 in
3561 5203 3685 5245 tcist

2170 5287 2402 5341 teucbue
2429 5295 2573 5348 sunt,
2605 5287 2733 5352 ipsa:
2773 5287 3005 5339 tenebrae
3045 5286 3305 5353 quantm?
3333 5285 3430 5352 Qui
3474 5285 3600 5337 locus
3621 5279 3682 5330 sic

2170 5373 2538 5441 intelligendus
2560 5383 2663 5436 est,
2688 5383 2745 5426 ut
2796 5375 3099 5428 noverimus
3126 5373 3305 5426 omnia
3337 5387 3493 5439 ol-era
3531 5380 3678 5424 nostra

2169 5478 2291 5520 tunc
2333 5482 2452 5521 esse
2495 5467 2710 5529 munda,
2741 5477 2794 5521 et
2850 5467 3059 5534 placere
3104 5467 3155 5517 in
3209 5474 3487 5532 corispcctu
3523 5461 3619 5519 Dei,
3646 5472 3678 5509 si

2172 5558 2295 5610 fiant
2353 5557 2577 5622 simplici
2634 5558 2813 5621 corde,
2869 5558 2917 5610 id
2981 5565 3062 5609 est
3122 5555 3412 5608 intentione
3469 5565 3677 5620 summa.

2173 5651 2272 5702 fine
2302 5648 2395 5702 illo
2425 5647 2714 5712 charitatis,
2752 5648 2871 5716 quia
2901 5655 2954 5703 et
2987 5645 3258 5715 plenitudo
3298 5647 3427 5714 legis
3464 5644 3670 5697 cbaritas
