3874 6226
134 279 264 337 1037

1307 282 1734 344 TllESAURUS.
1773 285 1925 344 CAP.
1964 285 2226 346 ceam.

3193 305 3214 358 i
3224 303 3325 358 03b

125 401 348 454 Oculum
382 413 508 465 ergo
531 396 618 451 hic
641 397 883 464 accipere
927 394 1181 450 debemus
1205 394 1371 465 ipsam
1416 395 1668 452 intentio-
1702 403 1749 458 Α
1773 397 2243 469 δΙὶιιυὶιῘςΓεινῖιις,
2267 411 2321 455 ιιι
2343 417 2444 456 non
2473 406 2642 461 solum
2670 407 2888 475 patiaris
2924 408 3109 463 harum
3145 425 3320 466 rerum

125 507 266 554 nem,
296 499 405 558 qua
432 482 654 542 facimus
673 480 924 555 quidquid
966 487 1210 555 facimus,
1253 502 1370 556 quze
1413 487 1459 540 si
1491 487 1686 542 munda

126 585 283 640 fuerit
313 591 373 636 et
397 591 561 642 recta,
592 591 643 634 et
673 579 800 633 illud
833 581 1094 648 aspiciens
1131 576 1270 648 quod
1322 574 1684 647 aspiciendutn

120 682 219 735 est,
249 671 436 726 omnia
470 684 630 737 opera
671 679 850 724 nostra
872 685 990 739 qua:
1037 666 1325 723 secundum
1351 675 1466 723 eam
1495 683 1688 738 opera-

123 775 238 813 ntur
267 771 493 812 necesse
515 767 596 812 est
618 758 750 811 bona
780 757 913 820 sint;
954 771 1071 825 qua:
1109 771 1268 824 opera
1298 755 1476 810 omnia
1517 765 1684 812 totum

120 862 317 918 corpus
341 847 654 916 appellavit,
678 848 799 916 quia
825 832 886 901 et
915 845 1200 914 Apostolus
1244 846 1476 901 membra
1501 858 1680 901 nostra

119 936 248 992 dicit
280 950 447 1004 opera
485 934 723 1003 quadarn
753 950 872 1005 qua:
907 933 1204 1004 improbat,
1238 941 1294 988 et
1326 934 1688 989 mortiﬁcauda

122 1025 388 1094 praecipit,
411 1025 592 1080 dicens
615 1044 630 1079 ι
655 1024 966 1079 Mortificate
982 1039 1106 1092 ergo
1119 1024 1350 1078 membra
1374 1033 1546 1077 vestra
1571 1039 1688 1090 qua:

121 1126 239 1170 sunt
258 1131 428 1184 super
450 1125 666 1178 terram,
691 1114 1112 1176 fornicationem,
1133 1110 1541 1174 immttnditiam,
1561 1125 1686 1163 ava-

123 1209 322 1273 ritiam,
357 1218 416 1262 et
443 1216 632 1261 ca’tera
665 1205 805 1258 talia.
838 1204 950 1259 Non
984 1218 1110 1271 ergo
1136 1203 1264 1272 quid
1291 1203 1509 1271 quisque
1538 1202 1691 1254 faciat

129 1296 246 1366 [sed
275 1311 390 1364 quo
414 1296 591 1349 auimo
631 1294 828 1365 faciat],
868 1292 1312 1349 considerandum
1334 1300 1450 1357 est;
1485 1291 1581 1346 hoc
1608 1299 1690 1345 εει

121 1387 258 1440 enim
290 1381 474 1439 lumen
503 1384 554 1438 in
587 1378 761 1449 nobis,
796 1383 915 1452 quia
944 1381 1045 1437 hoc
1072 1381 1224 1436 nobis
1249 1380 1582 1435 manifestum
1605 1388 1687 1434 est

122 1477 260 1528 bono
292 1474 479 1526 animo
507 1487 603 1527 nos
651 1472 826 1526 facere
853 1471 994 1538 quod
1054 1470 1298 1524 facimus.
1329 1469 1502 1525 Omne
1546 1470 1686 1524 enim

122 1564 262 1632 quod
294 1563 668 1617 manifestatur
697 1562 872 1616 lumen
895 1570 1006 1625 est;
1033 1576 1152 1614 nam
1183 1560 1378 1628 etipsa
1409 1561 1539 1614 facta
1569 1576 1688 1629 qua!

120 1658 184 1706 ad
214 1654 496 1708 hominum
529 1653 834 1706 societatem
859 1665 886 1702 a
911 1650 1061 1705 nobis
1085 1649 1396 1718 procedunt,
1428 1651 1686 1704 incertum

1795 487 2159 556 indigentiam,
2200 491 2293 544 sed
2321 490 2480 546 etiam
2510 504 2723 563 propter
2746 498 2879 551 hanc
2897 498 3207 565 explendam
3231 501 3330 554 uti-

1794 576 1914 631 lites
1956 577 2086 632 Deo.
2133 576 2246 633 Hoc
2273 588 2445 635 autem
2493 583 2607 637 loco
2655 584 2992 642 vehementer
3041 589 3330 642 cavendum

1788 676 1871 720 est
1921 681 1986 722 ne
2033 667 2168 722 forte
2210 683 2332 724 cum
2374 670 2657 728 viderimus
2709 675 2935 744 aliquem
2977 689 3189 732 servum
3236 678 3331 733 Dei

1789 757 2067 825 providere
2096 773 2162 812 ne
2186 758 2283 812 i5ta
2315 762 2608 814 necessaria
2644 763 2816 816 desint
2853 766 2935 818 vel
2968 765 3090 830 sibi,
3125 766 3208 822 vel
3253 769 3332 823 eis

1789 859 2012 913 quorum
2060 847 2160 900 sibi
2212 862 2340 901 cura
2385 848 2666 902 commissa
2705 855 2786 903 est
2815 893 2829 916 ,
2869 851 3163 920 iudicemus
3206 868 3328 909 eum

1785 944 1970 989 contra
1994 946 2315 1006 praeceptum
2346 937 2553 992 Domini
2585 937 2778 1006 facere,
2801 942 2941 996 etde
2968 947 3197 998 crastino
3212 958 3331 1000 esse

1785 1024 2104 1085 sollicitum;
2139 1041 2256 1078 nam
2285 1033 2341 1080 et
2370 1027 2482 1094 ipse
2514 1027 2766 1082 Dominus
2790 1069 2805 1094 ,
2847 1030 2932 1082 cui
2961 1028 3331 1086 ministrabant

1786 1112 1953 1179 angeli
1984 1153 1997 1175 ,
2041 1120 2214 1167 tamen
2259 1124 2472 1180 prapter
2522 1115 2817 1183 exemplum
2841 1154 2856 1179 ,
2909 1131 2976 1170 ne
3001 1119 3118 1185 quis
3149 1128 3328 1188 postea

1787 1201 2088 1255 scandalum
2137 1211 2411 1275 pateretur
2435 1243 2450 1266 ,
2500 1218 2621 1257 cum
2664 1203 2891 1272 aliquem
2921 1212 3188 1261 servorum
3217 1208 3332 1277 ejus

1785 1290 2242 1344 animadvertisSct
2287 1294 2383 1345 ista
2434 1295 2728 1348 necessaria
2764 1306 3046 1361 procurare
3074 1339 3088 1364 ,
3131 1298 3331 1353 loculos

1787 1380 1980 1436 habere
2009 1382 2254 1451 dignatus
2274 1392 2356 1437 εει
2383 1399 2501 1438 cum
2532 1386 2746 1451 pecunia
2769 1387 2907 1441 unde
2933 1388 3113 1442 usibus
3140 1399 3328 1444 neces-

1784 1472 1940 1526 sariis
1991 1469 2241 1543 quidquid
2285 1476 2425 1541 'opus
2469 1474 2652 1529 fuisset
2705 1477 3066 1545 praeberetur,
3105 1495 3327 1548 quorum

1789 1561 2079 1615 loculorum
2132 1572 2309 1636 custos
2353 1572 2407 1617 et
2455 1557 2533 1617 fur
2560 1604 2575 1627 ,
2603 1565 2736 1618 sicut
2762 1567 3010 1634 scriptum
3037 1576 3137 1633 est,
3166 1567 3330 1622 Judas

1789 1649 1879 1702 fuit
1932 1650 2021 1719 qui
2072 1654 2190 1704 eum
2241 1651 2496 1704 tradidit:
2542 1653 2677 1706 sicut
2727 1662 2780 1707 et
2828 1654 3096 1721 apostolus
3141 1646 3331 1710 Paulus

125 1741 322 1795 habent
349 1742 573 1805 exitum,
609 1747 665 1794 et
708 1738 830 1793 ideo
875 1737 1121 1794 tenebras
1165 1751 1257 1792 eas
1301 1738 1543 1793 vocavit:
1583 1755 1687 1794 non
1719 1736 1764 1794 B
1795 1748 1964 1806 potest
1993 1739 2156 1793 videri
2204 1741 2270 1794 de
2316 1741 2546 1795 crastino
2582 1742 2879 1810 cogitasse,
2911 1758 3028 1796 cmn
3058 1744 3188 1797 dixit
3217 1763 3232 1797 :
3259 1745 3330 1798 De

123 1835 262 1886 enim
297 1835 425 1885 novi
456 1847 576 1885 cum
634 1829 911 1899 pecuniam
945 1829 1160 1898 potrigo
1190 1827 1448 1898 indigenti
1492 1836 1548 1882 et
1596 1842 1690 1896 pe-

124 1922 276 1986 tenti,
305 1921 435 1991 quid
467 1919 590 1974 inde
617 1928 708 1974 aut
727 1918 962 1973 facturus
983 1925 1074 1970 aut
1098 1929 1348 1987 passurus
1378 1911 1466 1981 sit,
1501 1927 1557 1973 et
1579 1916 1689 1972 fieri

122 2021 291 2078 potest
324 2021 386 2064 ut
408 2010 491 2066 vel
520 2010 674 2063 faciat
711 2018 774 2063 ex
803 2023 864 2062 ea
892 2007 973 2062 vel
1016 2017 1230 2075 propter
1285 2022 1401 2062 eam
1458 2007 1691 2076 patiatur

122 2101 318 2170 aliquid
350 2101 496 2164 mall,
530 2099 668 2168 quod
698 2112 794 2165 ego
834 2109 952 2151 cum
984 2097 1166 2152 darem
1198 2112 1303 2152 non
1347 2098 1559 2153 evenire
1597 2112 1689 2152 vo-

125 2193 332 2254 luerim,
361 2207 535 2259 neque
563 2190 664 2244 hoc
710 2188 888 2242 animo
917 2188 1188 2254 dederim;
1241 2191 1417 2258 itaque
1462 2191 1505 2244 si
1553 2190 1690 2243 bono

121 2283 300 2335 animo
326 2280 428 2335 feci
458 2281 596 2348 quod
623 2277 750 2334 mibi
804 2290 926 2332 eum
959 2276 1186 2332 facerem
1239 2291 1421 2333 notum
1471 2288 1606 2345 erat,
1637 2290 1691 2334 et

126 2370 240 2425 ideo
261 2371 444 2424 lumen
469 2379 706 2432 vocatur,
732 2362 1060 2423 illuminatur
1118 2365 1274 2422 etiam
1306 2368 1497 2422 factum
1519 2384 1688 2422 meum

123 2457 553 2530 qualemcunque
581 2459 781 2514 exitum
814 2457 1057 2512 habuerit
1089 2474 1102 2508 :
1135 2457 1223 2526 qui
1245 2458 1418 2512 exitus
1440 2457 1688 2525 quoniam

133 2550 370 2604 incertus
395 2559 499 2610 est.
530 2559 583 2604 et
609 2548 817 2618 ignotus
848 2555 950 2616 est,
991 2547 1223 2601 tenebrat
1245 2545 1518 2615 appellata.
1546 2555 1688 2601 sunt.

123 2643 173 2697 Si
195 2651 376 2697 autem
426 2643 568 2698 malo
601 2642 780 2697 animo
803 2639 927 2708 feci,
975 2640 1134 2695 etiam
1179 2637 1352 2707 ipsum
1402 2636 1581 2693 lumen
1621 2645 1691 2692 te-

125 2733 301 2787 nebrae
329 2741 479 2799 sunt,
506 2733 684 2787 lumen
713 2730 853 2787 enim
875 2730 1076 2811 dicitur
1114 2728 1238 2797 quia
1271 2727 1416 2782 novit
1463 2726 1689 2796 quisque

122 2838 224 2890 quo
251 2825 437 2878 animo
466 2824 628 2879 faciat
648 2823 753 2895 85
777 2823 938 2879 etiam
981 2836 1102 2876 cum
1133 2819 1269 2876 malo
1297 2819 1476 2872 animo
1522 2816 1682 2872 facit:

125 2914 212 2967 sed
237 2915 412 2983 ipsum
435 2915 613 2969 iumen
643 2914 876 2970 tenebrat
898 2921 1049 2981 sunt,
1085 2911 1203 2980 quia
1237 2926 1340 2967 non
1379 2910 1432 2965 in
1460 2919 1684 2978 stipem:

123 3004 367 3074 dirigitur
406 3005 633 3073 simplex
675 3003 919 3070 intentio,
950 3003 1044 3058 sed
1073 3001 1140 3056 ad
1169 3002 1416 3056 inferiora
1447 2999 1681 3055 declina.

1789 1830 2031 1883 collectis
2061 1840 2232 1884 autem
2260 1839 2378 1899 qua:
2407 1831 2535 1884 fiunt
2566 1830 2616 1883 in
2642 1840 2850 1885 sanctos
2870 1871 2885 1896 ,
2928 1832 3065 1885 sicut
3092 1832 3328 1888 ordinari

1790 1917 1841 1970 in
1883 1917 2127 1971 Eccleslis
2180 1916 2416 1982 Galatia‘,
2465 1919 2536 1972 ita
2575 1927 2631 1973 et
2661 1928 2753 1972 vos
2799 1910 2970 1973 facite.
3025 1919 3126 1975 Per
3172 1929 3327 1977 unam

1787 2007 1987 2062 sabbati
2025 2009 2381 2078 unusquisque
2415 2015 2646 2063 vestrum
2699 2005 2835 2077 apud
2882 2020 2942 2064 se
2963 2019 3214 2079 .seponat,
3247 2027 3330 2067 re-

1786 2097 2024 2152 condens
2053 2098 2192 2168 quod
2240 2099 2285 2152 ei
2331 2096 2466 2152 bene
2507 2097 2792 2166 placuerit,
2839 2108 2891 2152 ut
2921 2113 3024 2153 uon
3051 2140 3065 2163 ,
3097 2114 3214 2154 cum
3242 2116 3330 2156 ve-

1791 2203 1936 2253 nero,
1969 2197 2095 2242 tunc
2122 2185 2358 2242 collecta!
2389 2189 2533 2245 fiant.
2568 2188 2658 2242 llis
2685 2196 2738 2242 et
2763 2189 3059 2256 huiusmodi
3089 2191 3330 2261 Scriptu-

1789 2288 1966 2330 rarum
1993 2277 2124 2331 locis
2142 2280 2269 2331 satis
2286 2287 2502 2346 apparet
2531 2269 2808 2331 Dominum
2839 2288 3077 2332 nostrum
3104 2295 3206 2334 non
3231 2281 3329 2335 Itoe

1789 2367 2092 2435 improbare
2119 2407 2135 2432 ,
2165 2368 2208 2420 si
2241 2360 2360 2436 quis
2386 2365 2616 2420 lmmano
2645 2382 2791 2421 more
2820 2367 2916 2421 ista
2945 2381 3208 2437 procuret,
3237 2371 3328 2426 sed

1787 2459 1832 2511 si
1857 2458 1978 2526 quis
2008 2466 2221 2526 propter
2261 2456 2362 2511 ista
2395 2457 2504 2511 Deo
2530 2455 2738 2522 militet,
2768 2467 2825 2512 ut
2855 2458 2906 2512 in
2942 2459 3189 2528 operibus
3219 2462 3330 2516 suis

1788 2555 1893 2600 non
1934 2556 2150 2615 regnum
2199 2546 2313 2620 Dei,
2346 2539 2437 2602 sed
2469 2547 2688 2600 istorum
2708 2548 3104 2614 acquisitionem
3128 2549 3330 2606 intuea-

1789 2643 1894 2690 tur.
1933 2635 2015 2689 Ad
2047 2636 2182 2689 hanc
2209 2649 2336 2704 ergo
2365 2626 2601 2705 regulam
2649 2634 2750 2690 hoc
2796 2643 2962 2691 totum
3010 2647 3328 2706 praeceptum

1788 2726 2041 2796 redigitur
2068 2723 2358 2800 [dirigitur]
2385 2767 2399 2792 ,
2434 2726 2667 2781 utetiam
2708 2727 2759 2780 in
2786 2727 3001 2781 istorum
3031 2727 3329 2797 provisione

1787 2830 2004 2886 regnum
2033 2815 2124 2871 Dei
2145 2816 2460 2885 cogitemus,
2488 2814 2538 2867 in
2570 2813 2753 2868 militia
2781 2829 2908 2869 vero
2931 2816 3077 2884 regni
3108 2814 3196 2871 Dei
3225 2817 3326 2872 ista

1786 2923 1890 2964 non
1906 2907 2211 2977 cogitemus.
2236 2907 2336 2960 Ista
2357 2906 2497 2959 enim
2518 2902 2722 2960 etiamsi
2743 2905 3023 2975 aliquando
3043 2905 3326 2972 defuerint,

1783 2992 1924 3068 quod
1970 2998 2274 3066 plerumque
2340 3005 2556 3066 propter
2607 2996 3035 3052 exercitttlonem
3091 3008 3324 3053 nostram

127 3104 225 3163 tur,
258 3106 313 3153 et
341 3097 543 3168 duplici
589 3097 749 3152 corde
779 3094 928 3166 quasi
977 3093 1215 3147 umbram
1261 3091 1405 3146 facit.
1457 3082 1512 3146 Si
1556 3102 1682 3158 ergo
1712 3075 1757 3137 C
1787 3087 1922 3142 Deus
1951 3086 2096 3149 sinit,
2149 3098 2257 3140 non
2301 3085 2470 3139 solum
2519 3097 2624 3139 non
2671 3081 2949 3141 debilitant
3001 3087 3324 3158 propositum

129 3186 298 3241 lumen
329 3187 473 3256 quod
497 3187 550 3241 in
578 3195 628 3241 te
652 3194 735 3240 est
761 3185 991 3240 tenebrae
1012 3192 1153 3249 Sunt,
1179 3184 1409 3238 tenebrae
1438 3180 1682 3252 quantm?

126 3274 219 3329 hoc
231 3282 332 3342 est,
346 3271 392 3331 si
406 3277 519 3346 ipsa
536 3275 709 3331 cordis
725 3273 944 3334 intentio
960 3287 1060 3341 qua
1078 3271 1206 3325 facis
1229 3269 1366 3339 quod
1385 3269 1536 3338 facis,
1552 3283 1670 3338 qua:

127 3365 214 3419 tibi
229 3373 350 3420 nota
368 3377 474 3434 est,
498 3363 1044 3434 sordidaturappctitu
1084 3375 1259 3418 rerum
1282 3369 1612 3416 terrenarum
1625 3369 1680 3415 et

125 3456 492 3525 temporalium
521 3465 678 3524 atque
697 3464 946 3519 caecatur,
969 3461 1166 3520 quanto
1186 3448 1351 3520 magis
1377 3452 1547 3518 ipsum
1575 3450 1678 3504 fac-

127 3552 251 3608 tum,
282 3545 438 3614 cujus
489 3545 721 3599 incertus
773 3551 857 3599 est
887 3541 1081 3605 exitus,
1111 3541 1380 3596 sordidum
1427 3551 1482 3596 et
1530 3551 1676 3596 tene-

128 3629 337 3689 brosum
362 3635 484 3691 est?
515 3635 634 3704 quia
663 3633 763 3690 etsi
814 3634 948 3687 bene
973 3624 1130 3686 alicui
1161 3632 1433 3700 proveniat
1456 3630 1593 3700 quod
1623 3641 1678 3683 tu

129 3738 226 3780 non
249 3736 392 3781 recta
446 3735 503 3782 et
525 3716 716 3780 munda
763 3723 1057 3779 intentione
1099 3722 1248 3786 facis,
1301 3720 1566 3790 quomodo
1619 3727 1677 3775 tu

129 3817 306 3873 feceris
354 3819 457 3874 tibi
516 3819 840 3887 imputatur,
901 3824 1006 3871 non
1049 3812 1314 3883 quomodo
1359 3811 1434 3865 illi
1484 3821 1673 3879 prove-

131 3907 279 3960 nerit.

607 3973 830 4030 CAPUT
866 3971 1180 4028 CCCXVIII.

133 4084 199 4140 De
225 4086 568 4142 sollicitudine
609 4084 993 4208 crastintendiei
1044 4083 1335 4151 prohibita;
1385 4096 1447 4133 ex
1501 4078 1673 4131 eodem

847 4171 864 4206 ι
901 4171 978 4207 re.

847 4171 978 4207 toro.

193 4285 358 4343 Nolite
384 4303 518 4356 ergo
559 4287 771 4342 solliciti
803 4300 920 4340 esse
948 4285 1012 4338 de
1039 4281 1274 4338 crastino
1302 4279 1497 4352 [Nolite
1525 4279 1670 4349 cogi-

131 4381 233 4430 Ltre
264 4378 329 4432 de
374 4374 632 4446 cras'tlno]
665 4393 676 4429 :
714 4391 815 4428 non
842 4376 983 4429 enim
1006 4369 1198 4427 dicitur
1225 4372 1486 4426 crastinus
1512 4371 1628 4425 dies
1652 4410 1667 4436 ,

132 4465 222 4520 nisi
253 4464 302 4520 in
334 4479 574 4537 tempore
603 4467 691 4521 ubi
723 4466 993 4535 praeterito
1022 4459 1256 4518 succedit
1300 4463 1532 4516 futurum
1577 4459 1669 4515 ite-

133 4569 259 4610 rum.
307 4554 447 4626 Ergo
477 4573 595 4612 cum
626 4557 821 4623 aliquid
856 4556 978 4612 boni
1007 4569 1307 4623 Operamur,
1337 4566 1442 4607 non
1465 4562 1671 4622 tempo-

131 4642 272 4710 ralia,
299 4650 392 4704 sed
422 4659 622 4703 acterna
653 4647 970 4716 cogitemus,
1002 4655 1129 4700 tunc
1159 4646 1260 4700 erit
1299 4641 1427 4699 illud
1471 4645 1667 4700 bonum

130 4744 178 4788 et
199 4739 487 4804 perlectum
515 4753 666 4807 opus.
694 4732 967 4791 Crastinus
995 4735 1156 4802 enim,
1180 4737 1368 4804 inquit,
1393 4735 1506 4790 dies
1526 4735 1670 4789 solli-

132 4825 258 4880 citus
278 4828 378 4882 erit
398 4828 500 4883 sibi
529 4829 624 4896 ipsi
656 4844 670 4880 :
699 4827 750 4882 id
777 4837 878 4893 est,
903 4835 959 4880 ut
979 4842 1097 4880 cum
1121 4828 1412 4894 oportuerit
1441 4826 1531 4878 tibi
1556 4826 1667 4894 ipse

129 4927 294 4973 sumas
315 4921 512 4986 cibum,
537 4920 620 4974 vel
661 4928 860 4986 polum,
902 4918 981 4972 vei
1009 4917 1389 4982 indumentum,
1420 4931 1537 4970 cum
1561 4917 1670 4984 ipsa

128 5004 315 5060 scilicet
344 5009 633 5064 necessitas
654 5023 841 5076 urgere
858 5008 1098 5075 cmperit.
1121 5007 1356 5061 Aderunt
1371 5007 1510 5061 enim
1535 5005 1665 5074 haec,

130 5095 236 5160 quia
265 5100 406 5154 novit
435 5099 591 5154 Pater
629 5106 804 5153 vester
856 5098 995 5167 quod
1047 5096 1233 5149 borum
1273 5097 1506 5149 omnium
1538 5095 1670 5148 imii-

131 5199 298 5250 gcmus
327 5207 339 5241 :
368 5190 577 5259 Sufﬁcit
603 5191 742 5244 enim
771 5230 784 5256 ,
819 5189 1020 5257 inquit,
1053 5187 1155 5242 diei
1203 5187 1396 5240 malitia
1443 5178 1572 5248 suzi;
1615 5185 1666 5240 id

131 5282 223 5338 est,
253 5277 446 5334 sufﬁcit
465 5281 602 5349 quod
626 5280 730 5332 ista‘
751 5292 964 5332 sumere
988 5276 1194 5345 urgebit
1219 5276 1331 5344 ipsa
1359 5275 1663 5336 necessitas,

131 5378 270 5428 quam
303 5380 581 5436 propterea
610 5369 864 5423 malitiam
897 5368 1222 5421 nominatam
1254 5366 1482 5418 arbitror
1504 5405 1516 5427 ,
1547 5364 1665 5432 quia

136 5457 339 5518 poenalis
363 5467 446 5512 est
467 5459 640 5523 nobis,
663 5460 888 5526 pertinet
912 5458 1049 5510 enim
1079 5456 1141 5508 ad
1171 5456 1306 5508 hanc
1335 5453 1666 5520 fragilitatem

134 5552 179 5594 et
229 5549 593 5603 mortalitatem
641 5564 798 5616 quam
851 5548 1118 5616 peccando
1174 5545 1482 5599 meruimus.
1541 5543 1682 5599 lluic

134 5645 249 5700 9'80
318 5651 484 5704 parum
562 5637 868 5706 temporalis
925 5634 1251 5690 necessitatis
1316 5632 1421 5686 noli
1467 5630 1670 5685 addere

1782 3183 2040 3242 nostrum,
2065 3175 2158 3229 sed
2185 3175 2342 3229 etiam
2372 3176 2727 3228 examinatum
2767 3176 3153 3246 probatumque
3190 3193 3323 3234 cou-

1782 3263 1993 3317 firmant
2023 3279 2040 3316 :
2065 3262 2366 3319 Gloriamur
2384 3264 2548 3329 enim,
2573 3260 2762 3332 inquit,
2795 3265 2846 3317 iu
2875 3263 3321 3323 tribulationibus.

2290 3389 2514 3451 CAPUT
2550 3393 2816 3452 CCCXIX.

1783 3507 2049 3588 Quomodo
2073 3508 2424 3588 accipietide
2451 3509 2516 3562 sit
2538 3523 2557 3562 :
2586 3507 2762 3588 μείης
2779 3509 3106 3588 judicare“
3125 3513 3332 3581 judirco

1847 3579 2004 3642 mini;
2032 3587 2082 3631 et
2109 3577 2173 3631 de
2193 3581 2386 3648 festuca
2404 3580 2455 3629 in
2483 3579 2630 3631 oculo
2652 3577 2824 3648 fratris
2853 3595 2911 3648 ac
2937 3583 3074 3634 trabe
3101 3577 3198 3636 u'on
3225 3587 3328 3648 uiso

1847 3649 1901 3699 in
1924 3648 2128 3716 proprio
2150 3644 2334 3707 oculo;
2380 3654 2443 3700 ra:
2481 3644 2663 3702 cadetis
2697 3646 2826 3702 libro
2854 3647 2918 3700 de
2945 3648 3189 3705 Sermone
3218 3645 3322 3706 Do-

1847 3712 1971 3769 mini
1991 3712 2044 3770 iis
2072 3715 2262 3770 Monte.

1845 3823 2018 3880 Nolite
2039 3823 2282 3893 judicare
2306 3839 2372 3878 nc
2395 3823 2657 3893 iudicetur
2678 3824 2744 3882 de
2772 3824 2950 3880 vobis:
2981 3829 3029 3881 in
3053 3843 3156 3896 quo
3181 3833 3323 3886 enim

1771 3917 1968 3985 judicio
1984 3916 2366 3986 judicaveritis,
2391 3914 2713 3984 iudicabitur
2742 3913 2809 3970 de
2837 3915 3014 3982 vobis;
3049 3922 3102 3973 et
3135 3919 3187 3972 in
3218 3935 3322 3989 qua

1775 4020 2021 4060 mensura
2052 4005 2219 4058 mensi
2246 4001 2470 4070 fueritis,
2522 4003 2830 4059 remeticl'u'r
2861 4006 3034 4059 vobis.
3064 4006 3174 4062 lloc
3205 4005 3323 4064 loco

1774 4096 1905 4151 nihil
1935 4087 2076 4149 aliud
2107 4095 2261 4150 nobis
2303 4095 2518 4164 pra-cipi
2556 4094 2836 4160 existimo,
2868 4093 2968 4150 nisi
2996 4103 3051 4148 ut
3086 4111 3146 4150 ea
3191 4093 3324 4153 facta

1775 4202 1895 4256 qua:
1924 4181 2141 4240 dubium
2169 4193 2259 4240 est
2282 4192 2386 4253 quo
2409 4183 2588 4237 animo
2617 4182 2745 4237 fiant
2767 4223 2783 4248 ,
2815 4184 2865 4236 in
2895 4181 3165 4240 meliorem
3204 4201 3323 4255 par-

1775 4286 1882 4332 tem
1908 4277 2340 4344 interpretemur.
2363 4267 2513 4342 QuOd
2542 4275 2682 4327 enim
2709 4273 2959 4341 scriptum
2981 4283 3081 4336 e5t,
3115 4266 3190 4328 Ex
3217 4273 3324 4330 fru-

1775 4367 1944 4421 ctibus
1981 4378 2163 4418 eorum
2203 4363 2536 4432 cognoscetis
2568 4369 2689 4426 eos,
2715 4361 2781 4414 de
2811 4361 3101 4416 manifestis
3124 4357 3320 4417 dictum

1778 4461 1882 4519 est,
1914 4468 2032 4523 qua:
2055 4469 2159 4507 non
2201 4459 2420 4521 possunt
2461 4451 2599 4504 bono
2637 4449 2813 4501 animo
2843 4449 2955 4503 fieri
2980 4467 2997 4504 :
3020 4452 3171 4506 sicuti
3201 4467 3322 4507 sunt

1778 4557 1983 4615 stupra,
2014 4545 2096 4598 vel
2125 4541 2488 4611 blaspltemim,
2517 4542 2596 4594 vel
2630 4541 2763 4593 furta
2783 4580 2796 4603 ,
2829 4541 2911 4595 vel
2942 4541 3242 4609 ebriositas,
3268 4556 3322 4598 et

1775 4635 1819 4690 si
1841 4651 1942 4705 qua
1967 4633 2087 4689 talia
2108 4674 2121 4696 ,
2148 4633 2214 4686 de
2251 4625 2440 4700 quibus
2489 4628 2642 4683 nobis
2671 4628 2911 4697 judicare
2955 4631 3272 4698 permittitur
3301 4673 3316 4694 .

1774 4730 1982 4782 dicente
2009 4725 2262 4794 Apostolo
2277 4741 2288 4774 :
2306 4719 2439 4789 Quid
2462 4719 2600 4776 enim
2616 4721 2742 4776 mihi
2765 4721 2832 4774 de
2852 4719 2914 4774 iis
2934 4721 3020 4787 qui
3052 4723 3175 4783 locis
3196 4736 3318 4776 sunt

1769 4817 2040 4887 judicare?
2069 4829 2242 4868 nonne
2264 4813 2329 4866 de
2349 4814 2427 4866 cis
2452 4813 2544 4881 qui
2584 4812 2727 4866 intus
2751 4819 2872 4864 sunt
2899 4826 2994 4864 vos
3025 4807 3272 4878 iudicatis
3292 4813 3316 4862 7

1779 4910 1850 4962 De
1874 4920 2065 4972 genere
2090 4912 2263 4956 autem
2302 4903 2563 4966 ciborum,
2586 4898 2702 4968 quia
2733 4907 2950 4967 possunt
2971 4898 3107 4950 bono
3136 4900 3315 4954 animo

1774 5003 1828 5050 et
1865 4993 2089 5062 simplici
2120 4991 2278 5046 corde
2307 4991 2421 5042 sine
2451 4986 2580 5043 vitio
2619 4986 3052 5053 concupiscentia:
3073 4986 3312 5054 quicum-

1775 5091 1876 5154 que
1905 5082 2117 5136 humani
2156 5078 2258 5134 cibi
2292 5075 2654 5132 lnditlerentcr
2692 5075 2846 5140 sumi,
2878 5073 3145 5141 prohibuit
3173 5075 3314 5133 idem

1775 5174 2058 5243 Apostolus
2083 5171 2308 5239 iudicari
2343 5181 2435 5224 eos
2473 5169 2562 5238 qui
2595 5165 2837 5221 carnibus
2867 5165 3218 5223 vescebantur
3258 5177 3311 5226 et

1775 5269 1950 5318 vinum
1981 5260 2251 5325 bibebant,
2274 5260 2339 5313 ab
2367 5261 2444 5313 eis
2475 5260 2560 5326 qui
2587 5271 2644 5309 se
2671 5251 2737 5307 ab
2768 5253 3066 5323 huiusmodi
3095 5256 3314 5320 alimen-

1773 5356 1838 5408 tis
1869 5353 2227 5420 tcmperabant
2255 5370 2265 5402 :
2292 5349 2387 5417 Qui
2421 5347 2718 5408 manducat,
2745 5345 2936 5411 inquit,
2962 5352 3064 5397 non
3089 5343 3311 5420 mandit-

1772 5454 1976 5498 cantem
2010 5459 2112 5496 non
2155 5451 2387 5510 spernat,
2415 5443 2466 5492 et
2487 5436 2570 5504 qui
2604 5448 2706 5487 non
2750 5433 3063 5498 manducat,
3094 5434 3316 5488 mandu-

1771 5547 1976 5592 cantem
2009 5551 2111 5590 non
2144 5535 2375 5604 judicet;
2409 5530 2476 5583 ibi
2518 5528 2676 5582 etiam
2703 5527 2776 5579 ait
2810 5543 2821 5577 :
2850 5526 2928 5579 Tu
2977 5527 3093 5594 quis
3122 5537 3199 5592 cs,
3224 5529 3311 5595 qui

1769 5629 1974 5695 iudicas
2004 5627 2228 5680 alienum
2254 5619 2504 5677 servum?
2537 5618 2759 5672 Domino
2784 5630 2878 5670 suo
2906 5623 3127 5681 stat,aut
3148 5618 3305 5671 cadit.
