3874 6226
499 264 633 322 N139

1581 264 1639 318 ι).
1685 261 1996 319 ευογιιῐιιι
2037 255 2322 345 ΑιιιιΑτιε
2361 256 2674 315 AFRICANI

3601 250 3728 304 ιοιιι

507 381 582 436 De
613 381 808 437 talibus
845 381 986 437 enim
1028 380 1185 455 rebus
1227 390 1342 447 qum
1383 384 1601 445 possunt
1631 374 1802 437 bono,
1842 382 1899 428 et
1937 372 2063 427 sim-
2095 372 2347 434 Aautem
2397 369 2828 439 persecutoribus
2878 367 3207 438 plurimum,
3247 365 3371 436 quia
3427 367 3524 420 etsi
3575 367 3732 436 aliqui

506 473 630 540 plici
656 513 671 538 ,
713 485 767 528 et
816 486 1005 540 magno
1031 470 1208 524 animo
1233 466 1367 535 ﬁeri,
1399 465 1644 536 quamvis
1672 465 1875 534 possint
1901 456 2063 518 etiam

505 577 608 616 non
651 563 807 624 bono,
843 560 1091 614 volebant
1118 558 1217 623 illi,
1247 572 1368 611 cum
1394 554 1638 609 homines
1660 563 1861 618 essent,
1891 554 1942 606 in
1973 567 2064 606 oc-

502 652 641 704 culta
685 649 860 704 cordis
893 647 1032 701 ferre
1058 645 1401 712 sententiam,
1431 645 1498 699 de
1537 644 1729 713 quibus
1756 643 1895 697 Deus
1916 640 2066 696 solus

503 740 715 805 iudicat.
751 736 826 790 Ad
858 736 958 790 hoc
994 735 1224 804 pertinet
1262 734 1422 788 etiam
1466 732 1594 787 illud
1624 733 1785 811 quod
1810 731 1920 786 alio
1950 731 2068 787 loco

504 830 627 884 dicit
659 847 671 880 :
705 827 880 882 Nolite
909 836 1032 882 ante
1059 835 1266 895 tempus
1295 826 1581 896 quidquam
1601 824 1864 895 judicare,
1891 821 2066 892 quoad

503 933 670 987 usque
692 919 868 972 veniat
905 918 1175 983 Dominus,
1201 925 1253 971 et
1275 910 1533 970 illuminet
1565 915 1676 986 [qui
1704 923 1759 970 et
1801 912 2071 967 illumina-

505 1003 600 1077 hit]
626 1007 932 1062 abscondita
975 1003 1315 1062 tenebrarum
1339 1050 1352 1072 ,
1386 1015 1441 1059 et
1471 1002 1832 1059 manifes‘tabit
1862 1000 2067 1072 cogita-

503 1099 670 1151 tiones
697 1097 897 1159 cordis,
927 1106 980 1151 et
1009 1107 1132 1151 tunc
1167 1093 1280 1150 laus
1308 1095 1409 1149 erit
1432 1093 1714 1162 unicuique
1740 1107 1769 1146 a
1803 1091 1915 1146 Deo
1941 1090 2073 1160 [Do-

504 1185 692 1258 mino].
724 1185 857 1240 Sunt
889 1201 1016 1254 ergo
1044 1181 1285 1254 quaedam
1323 1181 1457 1236 facta
1490 1181 1682 1247 media,
1713 1196 1830 1249 qua:
1862 1182 2073 1248 ignora-

506 1290 622 1329 mus
667 1289 772 1343 quo
819 1275 1000 1338 animo
1047 1273 1202 1338 fiant,
1243 1271 1364 1341 quia
1414 1281 1468 1326 et
1511 1268 1653 1325 bono
1691 1281 1746 1324 et
1777 1270 1918 1322 malo
1956 1259 2073 1322 fieri

460 1393 465 1399 ν
509 1374 748 1431 possunt,
783 1363 848 1418 de
869 1363 1058 1434 quibus
1087 1363 1423 1416 temerarium
1448 1372 1529 1415 est
1556 1362 1816 1429 judicare,
1842 1359 2072 1412 maxime
2105 1404 2108 1407 .

507 1463 562 1507 ιιι
595 1451 1031 1508 condemnemus.
1085 1451 1282 1505 [lorum
1339 1459 1516 1505 autem
1569 1449 1749 1504 veniet
1781 1461 1988 1516 tempus
2015 1456 2075 1500 ut

401 1581 406 1584 -
489 1542 829 1609 iudicentur,
852 1556 972 1596 cum
1017 1541 1157 1595 Deus
1185 1539 1486 1613 [Dominus]
1509 1539 2074 1594 illuminabitabscon-

506 1635 614 1687 dita
647 1632 1006 1697 tenebrarum,
1034 1641 1087 1685 et
1115 1630 1474 1686 manifestabit
1498 1629 1853 1700 cogitationes
1873 1628 2071 1683 cordis.

2168 472 2355 513 eorum
2385 461 2608 514 correcti
2638 470 2761 515 sunt
2780 501 2794 524 ,
2847 474 2912 514 eo
2945 470 3122 514 tamen
3156 467 3400 527 tempore
3425 470 3530 526 quo
3557 471 3731 524 perse-

2167 553 2466 619 quebantur
2493 552 2782 606 excaecavit
2810 552 2931 605 illos
2970 551 3194 618 malitia
3222 565 3430 617 eorum.
3466 549 3554 603 Sic
3581 556 3636 602 et
3665 555 3734 601 1ο-

2170 643 2454 697 merarium
2481 640 2738 711 judicium
2785 640 3097 709 plerumque
3127 639 3260 694 nihil
3288 649 3444 694 nocet
3472 639 3519 693 ei
3545 637 3616 691 de
3636 647 3734 705 quo

2172 741 2376 786 temere
2400 729 2692 799 iudicatur,
2716 729 2764 783 ei
2792 737 2970 783 autem
3000 729 3089 796 qui
3122 736 3325 782 temere
3360 727 3557 795 iudicat
3581 766 3597 790 ,
3628 726 3733 792 ipsa

2173 819 2446 873 temeritas
2495 830 2718 876 necesse
2746 825 2827 872 est
2856 826 2914 870 ut
2964 827 3176 871 noceat.
3230 817 3332 872 Ista
3372 818 3550 887 regula
3581 817 3732 870 etiam

2172 910 2298 964 illud
2325 911 2525 964 dictum
2549 909 2782 965 arbitror
2809 924 2823 962 :
2853 907 3042 984 pinnis
3073 909 3162 977 qui
3190 911 3510 977 percusserit
3538 906 3730 976 gladio,

2172 1003 2348 1072 gladio
2375 1002 2652 1058 morietur.
2675 1002 2844 1069 Quam
2879 999 3033 1054 multi
3063 1000 3204 1054 enim
3223 999 3402 1070 gladio
3419 1000 3729 1069 percutiunt,

2173 1108 2271 1148 nec
2305 1103 2476 1148 tamen
2497 1090 2602 1164 [in]
2628 1091 2806 1161 gladio
2833 1091 3133 1144 moriuntur
3163 1129 3180 1153 ,
3210 1090 3350 1144 sicut
3378 1103 3475 1144 nec
3503 1090 3617 1158 ipse
3646 1089 3732 1142 Pe-

2173 1181 2332 1235 trus?
2360 1181 2465 1237 Sed
2491 1196 2560 1236 ne
2588 1182 2745 1235 istum
2787 1180 2945 1234 venia
2976 1188 3313 1248 peccatorum
3349 1180 3502 1232 talem
3529 1194 3732 1248 pinnam

2176 1271 2412 1326 evasisse
2439 1271 2558 1340 quis
2586 1279 2756 1340 putet,
2781 1278 3082 1339 quanquam
3105 1265 3237 1322 nihil
3268 1268 3546 1322 absurdius
3573 1280 3721 1336 quam

2176 1373 2234 1417 ut
2258 1363 2510 1432 majorem
2537 1369 2687 1434 putet
2719 1361 2899 1432 gladio
2930 1375 3140 1430 pennam
3181 1375 3302 1414 esse
3332 1361 3592 1428 potuisse,
3622 1373 3730 1423 qua:

2177 1455 2333 1508 Petro
2364 1469 2469 1508 non
2497 1454 2714 1519 accidit,
2734 1467 2892 1522 quam
2919 1453 3092 1506 crucis
3116 1465 3233 1520 qua:
3256 1449 3480 1503 accdit:
3512 1448 3636 1517 quid
3663 1457 3733 1498 ta-

2177 1560 2298 1599 men
2328 1544 2396 1600 de
2427 1544 2718 1598 latronibus
2738 1543 2979 1599 dicturus
3003 1551 3104 1604 est,
3128 1542 3214 1611 qui
3239 1556 3361 1594 cum
3385 1541 3607 1594 Domio
3627 1555 3734 1592 cru-

2176 1637 2316 1691 cifixi
2347 1646 2502 1701 sunt,
2535 1636 2660 1707 quia
2689 1646 2743 1692 et
2768 1637 2858 1690 ille
2886 1635 2978 1704 qui
3019 1633 3212 1689 meruit
3255 1633 3461 1687 veniam
3489 1673 3504 1694 ,
3538 1643 3737 1701 postea-

508 1722 636 1777 ltcm
685 1723 789 1777 alio
837 1723 954 1778 loco
999 1722 1125 1777 dicit
1171 1721 1308 1776 idem
1341 1722 1628 1791 Apostolus
1663 1739 1674 1774 :
1708 1721 2071 1788 Quorumdam
2107 1735 2154 1794 Β
2180 1742 2336 1797 quam
2390 1727 2677 1780 crucifixus
2725 1736 2808 1779 est
2864 1725 3095 1789 meruit,
3130 1735 3182 1777 et
3216 1723 3352 1776 altvr
3395 1724 3609 1775 omnino
3640 1739 3734 1774 non

511 1815 782 1868 hominum
816 1824 1029 1884 peccata
1060 1814 1337 1885 manifesta
1369 1823 1492 1869 sunt
1520 1814 1876 1884 pracedemia
1906 1813 1971 1868 ad
1990 1813 2075 1883 iu-

509 1905 707 1980 dicium
738 1949 751 1972 ,
785 1906 1024 1975 qozedam
1061 1914 1237 1961 autem
1268 1911 1320 1961 et
1348 1907 1766 1975 subsequuntur.
1800 1904 2074 1959 Manifesta

508 1999 568 2050 εδει
600 1997 767 2061 dicit,
819 1998 885 2052 de
912 1997 1118 2066 quibus
1156 1996 1360 2051 clarum
1404 2005 1487 2052 est
1532 2012 1636 2066 quo
1688 1997 1866 2051 animo
1905 1996 2072 2060 fiant;

513 2089 628 2142 lucc
675 2087 974 2155 pra'ccdunt
1008 2087 1072 2140 ad
1099 2086 1392 2154 iudicium,
1421 2088 1471 2142 id
1509 2097 1617 2154 est,
1657 2087 1779 2156 quia
1826 2087 1870 2140 si
1918 2086 2077 2141 fuerit

509 2183 607 2234 ista
639 2180 981 2254 subsecutum
1004 2177 1281 2247 judicium,
1309 2193 1411 2233 non
1433 2194 1515 2234 est
1546 2177 1908 2233 temerarium.
1941 2176 2079 2231 Sub.

514 2278 810 2338 sequuntur
867 2268 954 2328 illa
1003 2275 1179 2323 autem
1228 2283 1346 2336 quae
1385 2267 1591 2322 occulta
1618 2275 1782 2332 sunt,
1814 2265 1937 2336 quia
1977 2279 2076 2320 nec

512 2360 628 2426 ipsa
659 2358 894 2412 latebant
926 2365 1165 2426 tempore
1203 2373 1319 2412 suo.
1349 2358 1438 2413 Sic
1463 2363 1517 2413 et
1541 2356 1610 2413 de
1642 2356 1796 2412 bonis
1823 2355 1976 2410 factis
1997 2358 2078 2410 in-

517 2448 862 2517 telligendum
893 2457 1002 2511 est,
1028 2464 1148 2502 nam
1181 2449 1250 2501 itzi
1284 2447 1432 2520 [ista]
1473 2447 1745 2517 subiungit
1778 2464 1791 2501 :
1822 2445 2071 2502 Similiter

511 2550 566 2594 et
599 2541 735 2595 facta
759 2540 896 2594 bona
926 2539 1205 2594 manifesta
1236 2549 1381 2606 sunt,
1405 2549 1459 2594 et
1481 2554 1813 2609 quaecunque
1837 2553 1896 2593 se
1921 2539 2076 2592 aliter

517 2631 718 2686 habent
747 2631 911 2684 latere
943 2638 1048 2684 non
1082 2639 1321 2698 possunt.
1364 2629 1439 2685 De
1479 2629 1774 2684 manifestis
1799 2627 2080 2699 ergoiudi-

513 2735 731 2789 ceruus,
755 2721 824 2777 de
844 2722 1071 2776 occultis
1110 2736 1234 2775 vero
1262 2721 1368 2776 Deo
1384 2720 1643 2790 judicium
1673 2722 2036 2791 relinquamus
2060 2759 2079 2787 ,

511 2814 636 2880 quia
671 2821 726 2866 et
763 2812 874 2880 ipsa
908 2811 1164 2866 abscondi
1210 2825 1314 2866 non
1353 2818 1606 2880 possunt,
1640 2810 1752 2865 sive
1777 2809 1937 2874 mala,
1968 2809 2083 2866 sive

519 2901 679 2968 bona,
707 2916 828 2957 cum
852 2915 1056 2972 tempus
1076 2901 1353 2956 advenerit
1373 2916 1479 2971 quo
1505 2901 1936 2955 manili-stentur.
1968 2900 2083 2953 Duo

512 3001 638 3045 sunt
675 3000 860 3055 autem
889 2993 943 3046 in
975 2991 1167 3061 quibus
1214 2990 1554 3046 temerarium
1593 2991 1854 3060 judicium
1884 2985 2110 3046 cavere?

2181 1818 2411 1873 meruit?
2461 1833 2524 1871 an
2577 1818 2711 1872 forte
2757 1831 2943 1870 omnes
2984 1831 3115 1884 quos
3150 1813 3457 1868 occiderant
3508 1813 3734 1867 cruciﬁxi

2178 1921 2351 1974 erant,
2378 1919 2432 1965 et
2460 1917 2739 1980 propterea
2765 1909 2866 1961 hoc
2909 1909 3067 1962 etiam
3119 1906 3216 1971 ipsi
3266 1907 3369 1972 pati
3402 1907 3736 1958 meruerunt?

2179 2001 2458 2054 ridiculum
2489 2009 2574 2055 est
2621 2002 2720 2053 hoc
2772 2009 2978 2066 putare.
3011 1996 3145 2062 Quid
3192 2011 3322 2062 ergo
3367 1995 3505 2048 aliud
3551 1997 3735 2048 dictum

2179 2101 2281 2157 est,
2324 2091 2507 2158 Omnis
2534 2090 2676 2145 enim
2706 2089 2795 2157 qui
2824 2088 2994 2157 gladio
3025 2087 3380 2156 percusserit,
3411 2086 3586 2155 gladio
3631 2102 3736 2138 mo-

2179 2181 2367 2250 rietur,
2401 2181 2500 2235 nisi
2543 2181 2663 2248 quia
2701 2182 2817 2248 ipso
2859 2190 3076 2246 peccato
3103 2177 3280 2230 anima
3311 2178 3552 2240 moritur,
3583 2177 3737 2243 quod-

2175 2288 2389 2342 cunque
2439 2271 2814 2327 commiserit?
2864 2270 2930 2325 Et
2974 2270 3226 2340 quoniam
3279 2270 3345 2324 de
3394 2271 3667 2323 temerario
3693 2281 3737 2322 ct

2180 2367 2363 2436 lniquo
2402 2366 2605 2436 iudicio
2647 2380 2742 2419 nos
2789 2366 2890 2417 hoc
2929 2363 3046 2417 loco
3087 2363 3341 2416 Dominus
3373 2371 3546 2415 mouet
3573 2401 3587 2424 ,
3639 2364 3739 2412 \‘ttll

2179 2460 2322 2513 enim
2355 2467 2414 2513 ut
2441 2457 2667 2527 simplici
2691 2457 2874 2520 corde,
2921 2465 2976 2509 et
3025 2456 3075 2508 in
3118 2470 3288 2508 unum
3315 2452 3474 2508 Deum
3509 2454 3703 2506 intento
3724 2493 3736 2514 .

2181 2547 2436 2602 faciamus
2461 2562 2790 2618 quaecunque
2828 2545 3048 2599 facimus
3072 2585 3089 2610 ,
3118 2555 3171 2598 et
3200 2546 3366 2599 multa
3389 2544 3638 2599 incertum
3663 2551 3737 2597 est

2181 2653 2289 2708 quo
2317 2638 2480 2692 corde
2511 2634 2734 2708 [animo]
2765 2634 2915 2701 fiant,
2944 2636 3012 2690 de
3035 2636 3226 2704 quibus
3248 2635 3486 2704 iudicare
3518 2645 3735 2688 temer»

2185 2728 2323 2782 rium
2355 2737 2463 2782 est.
2495 2727 2726 2782 Maxime
2761 2739 2941 2780 autem
2988 2727 3040 2780 hi
3083 2737 3284 2780 temere
3317 2724 3552 2793 iudicant
3579 2723 3645 2778 de
3671 2727 3739 2776 in-

2184 2801 2369 2885 certis,
2401 2826 2457 2872 et
2487 2818 2638 2873 facile
2671 2817 3066 2886 reprehendunt
3090 2857 3107 2882 ,
3138 2816 3230 2886 qui
3263 2819 3430 2886 magis
3457 2825 3635 2869 amant
3661 2818 3740 2865 vi-

2186 2917 2437 2976 tuperare
2455 2916 2508 2962 et
2528 2907 2800 2974 damnare,
2818 2922 2975 2977 quam
2990 2907 3279 2961 emendare
3295 2918 3451 2975 atque
3466 2908 3738 2974 corrigere:

2186 2998 2328 3067 quod
2365 2997 2546 3051 vitium
2589 2997 2672 3067 vel
2709 2993 2974 3065 superbiae
3003 2999 3090 3050 est
3117 2996 3200 3050 vel
3232 2997 3459 3050 invidize.
3488 2996 3599 3067 [Et]
3626 3011 3740 3049 cott-

515 3083 771 3138 tlcbemus
791 3121 810 3150 ,
862 3098 983 3138 cum
1023 3084 1279 3138 incertum
1326 3092 1408 3137 est
1466 3097 1572 3152 quo
1620 3084 1799 3136 animo
1850 3082 2083 3152 quidque
2112 3097 2158 3159 ρ
2188 3099 2478 3158 sequenter
2500 3075 2738 3153 subiicit,
2771 3097 2825 3141 ct
2849 3086 3021 3141 dicit:
3053 3087 3190 3154 Quid
3219 3097 3394 3141 autem
3423 3088 3570 3142 vides
3597 3088 3742 3140 festa-

513 3179 706 3241 tacmm
754 3176 825 3230 sit
848 3173 1086 3247 {fuerit},
1122 3175 1204 3230 vel
1231 3189 1355 3229 eum
1383 3174 1642 3229 incertum
1674 3185 1757 3228 est
1803 3174 1976 3243 qualis
2001 3173 2081 3228 fu-

516 3278 666 3320 turus
692 3265 760 3320 sit
783 3266 873 3335 qui
904 3279 1043 3319 nunc
1087 3264 1170 3319 vel
1202 3264 1374 3318 malus
1415 3265 1496 3318 vel
1527 3265 1698 3318 bonus
1728 3275 1970 3334 apparet.
2025 3263 2082 3318 Si

518 3373 644 3428 ergo
665 3357 948 3428 quispiam,
973 3356 1118 3413 verbi
1141 3358 1334 3427 gratia,
1348 3365 1673 3425 conquestus
1693 3356 1759 3410 de
1781 3356 2079 3422 stomacho,

516 3449 755 3516 ieiunare
799 3449 987 3514 noluit,
1033 3435 1176 3502 ettu
1223 3447 1273 3500 id
1302 3463 1407 3500 non
1458 3446 1703 3510 credens,
1727 3446 2005 3500 edacitatis
2032 3444 2084 3499 id

519 3541 649 3593 vitio
677 3539 948 3601 tribucris.
975 3549 1173 3593 temere
1199 3537 1480 3606 iudicabis.
1514 3538 1643 3591 Item
1674 3537 1720 3589 si
1747 3535 2084 3590 manifestam

522 3630 842 3684 edacitatem
871 3618 1340 3698 ebriositatemque
1359 3627 1699 3698 cognoveris,
1729 3637 1781 3680 et
1810 3627 1880 3679 ita
1905 3640 2087 3694 repre-

521 3721 774 3776 henderis
824 3715 974 3789 quasi
1023 3735 1288 3790 nunquam
1339 3720 1428 3773 ille
1479 3718 1647 3787 possit
1687 3718 1879 3785 corrigi
1927 3727 2086 3785 atque

518 3811 749 3877 mutari,
803 3809 1145 3863 nihilominus
1206 3818 1404 3862 temere
1451 3807 1733 3876 iudicabis.
1789 3808 1902 3860 Non
1960 3822 2087 3876 ergo

518 3897 969 3968 reprehendamus
999 3913 1059 3952 ea
1085 3911 1210 3965 quae
1240 3898 1510 3953 nescimus
1546 3912 1656 3966 quo
1690 3897 1872 3952 animo
1912 3896 2038 3950 fiant
2067 3936 2084 3961 ,

518 4006 688 4060 neque
724 3991 796 4044 ita
841 3987 1294 4058 reprehendamus
1345 4001 1464 4057 quae
1508 3987 1787 4042 manifesta
1833 3995 1993 4050 sunt,
2029 3998 2086 4040 ut

517 4082 864 4147 tteSperemus
895 4076 1199 4141 sanitatem,
1223 4087 1276 4130 et
1301 4073 1584 4131 vitabimus
1605 4075 1861 4145 iudicium
1894 4076 1961 4131 de
1983 4092 2087 4146 quo

521 4182 660 4221 nunc
684 4167 878 4220 dicitur
904 4183 917 4218 :
945 4165 1120 4220 Nolite
1159 4166 1417 4232 judicare,
1451 4179 1516 4218 ne
1537 4164 1804 4232 iudicetur
1823 4164 1888 4219 de
1912 4167 2084 4220 vobis.

522 4259 701 4312 Potest
740 4258 852 4328 86
895 4265 1069 4312 autem
1123 4271 1336 4310 movere
1381 4255 1522 4325 quod
1569 4255 1643 4308 ait
1680 4273 1692 4308 :
1728 4256 1781 4308 In
1811 4271 1915 4324 quo
1944 4256 2086 4310 enim

521 4351 722 4419 iudicio
741 4349 1110 4418 judicaveritis
1130 4391 1142 4413 ,
1172 4347 1498 4416 iudicabitur
1526 4346 1592 4402 de
1617 4347 1799 4413 vobis,
1825 4355 1880 4402 et
1909 4348 1960 4402 in
1984 4363 2087 4417 qua

2190 3193 2308 3232 cam
2335 3177 2388 3232 in
2411 3178 2568 3231 oculo
2593 3177 2770 3230 fratris
2793 3217 2810 3242 ,
2844 3177 3050 3230 trabem
3075 3184 3252 3229 autem
3280 3177 3329 3230 in
3356 3185 3443 3229 tuo
3469 3177 3624 3229 oculo
3650 3191 3744 3228 nou

2189 3267 2378 3322 vides?
2407 3267 2472 3323 Ut
2497 3269 2540 3322 si
2574 3267 2730 3332 forte,
2763 3267 2910 3321 verbi
2938 3267 3106 3335 gratia
3129 3306 3144 3332 ,
3179 3266 3255 3320 ira
3278 3265 3364 3319 ille
3391 3266 3658 3334 peccavit,
3699 3277 3743 3315 ιιι

2188 3360 2314 3414 odio
2366 3358 2746 3429 reprehendas.
2811 3356 3079 3425 Quantum
3127 3366 3305 3410 autem
3357 3357 3579 3412 interest
3624 3360 3747 3409 inter

2189 3451 2454 3505 festucam
2478 3460 2532 3504 et
2558 3450 2785 3515 trabem,
2819 3448 2969 3518 quasi
3019 3457 3223 3503 tantum
3264 3449 3402 3504 inter
3441 3450 3572 3503 iram
3602 3451 3746 3503 distet

2191 3554 2350 3611 atque
2380 3541 2580 3594 odium.
2613 3540 2804 3594 Odium
2838 3549 2920 3593 est
2968 3539 3110 3593 enim
3161 3539 3236 3592 ira
3264 3539 3576 3602 inveterata,
3609 3554 3746 3608 quasi

2191 3646 2309 3700 quae
2353 3639 2611 3684 vetustate
2656 3631 2768 3696 ipsa
2801 3637 3005 3681 tantum
3039 3627 3199 3681 robur
3227 3627 3490 3695 acceperit
3513 3669 3529 3691 ,
3563 3639 3617 3681 ut
3649 3642 3746 3680 me-

2197 3721 2300 3775 rito
2320 3720 2617 3789 appelletur
2648 3723 2848 3772 trabes.
2883 3719 3024 3772 Fieri
3053 3726 3231 3771 autem
3264 3728 3444 3787 potest
3478 3729 3535 3772 ut
3564 3720 3607 3772 si
3652 3721 3742 3769 ira-

2191 3813 2355 3866 scaris
2393 3810 2632 3874 homini,
2682 3809 2812 3863 velis
2860 3823 2980 3862 cum
3027 3808 3221 3877 corrigi
3252 3825 3266 3862 :
3297 3809 3341 3861 si
3373 3816 3548 3862 autem
3584 3805 3745 3861 oderis

2193 3903 2459 3957 hominem
2484 3939 2500 3963 ,
2531 3916 2636 3955 non
2664 3911 2817 3969 potes
2848 3914 2967 3953 eum
3000 3897 3136 3952 velle
3165 3898 3454 3968 corrigere.
3481 3890 3742 3964 Quomodo

2191 3994 2331 4047 enim
2377 3991 2511 4046 dicis
2563 3990 2712 4043 fratri
2769 3998 2860 4043 tuo
2891 4005 2905 4041 :
2939 3988 3066 4044 Sine
3089 4028 3105 4052 ,
3136 3986 3349 4057 eiiciam
3382 3988 3636 4042 festucam
3681 3985 3740 4040 de

2190 4085 2345 4138 oculo
2375 4091 2488 4147 tuo,
2519 4091 2572 4134 et
2599 4095 2726 4134 ecce
2754 4079 2931 4134 trabes
2958 4087 3040 4133 est
3067 4079 3120 4132 in
3151 4078 3309 4132 oculo
3343 4079 3478 4132 tuo?
3507 4079 3742 4148 llypocri-

2190 4186 2265 4239 ta,
2282 4175 2415 4243 ejice
2438 4176 2663 4242 primum
2696 4171 2898 4225 trabem
2927 4171 2993 4225 de
3017 4171 3174 4224 oculo
3196 4179 3310 4232 tuo,
3339 4181 3394 4226 et
3420 4182 3539 4226 tunc
3562 4170 3744 4224 videbis

2190 4267 2386 4335 ejicere
2418 4262 2674 4316 festucam
2707 4261 2774 4316 de
2802 4262 2960 4316 oculo
2987 4261 3165 4314 fratris
3193 4262 3266 4315 tui
3297 4279 3308 4312 :
3337 4263 3389 4316 id
3413 4273 3514 4326 est,
3536 4265 3740 4332 primum

2189 4339 2400 4426 expelle
2418 4355 2594 4408 odium
2620 4393 2638 4419 ,
2684 4363 2736 4408 et
2764 4353 2959 4408 deinde
2989 4354 3188 4422 poteris
3211 4353 3323 4422 jam
3350 4369 3469 4408 eum
3499 4370 3645 4424 quem
3672 4355 3742 4407 di-

531 4455 779 4496 mensura
835 4441 1004 4494 mensi
1056 4439 1297 4504 fueritis,
1351 4439 1404 4492 in
1444 4453 1506 4493 ea
1560 4439 1872 4492 remetietur
1917 4439 2085 4493 vobis.
2120 4449 2315 4534 01333,
2369 4447 2680 4502 emendare.
2730 4446 2794 4499 Et
2843 4448 2976 4500 tene
3024 4445 3136 4506 ait,
3166 4445 3475 4515 uypocrm,
3501 4451 3743 4502 Αςευςπα

529 4531 775 4600 Nunquid
819 4531 959 4584 enim
1011 4531 1054 4584 si
1106 4544 1202 4583 nos
1251 4528 1451 4598 judicio
1491 4527 1775 4582 temerario
1812 4527 2089 4596 iudicave-

531 4625 698 4676 rimus
726 4662 739 4681 ,
769 4631 969 4674 temere
1027 4620 1185 4672 ctiant
1217 4618 1284 4673 de
1315 4617 1468 4671 nobis
1507 4619 1644 4673 Deus
1668 4616 1966 4686 iudicabit?
2001 4627 2094 4672 aut

531 4711 766 4780 nunquid
799 4712 842 4765 si
875 4713 925 4764 in
968 4723 1218 4764 mensura
1271 4709 1448 4778 iniqua
1497 4707 1667 4762 mensi
1717 4705 1969 4762 fuerimus
1993 4747 2008 4772 ,
2038 4717 2094 4762 et

529 4803 667 4874 apud
701 4804 863 4857 Deum
893 4801 1066 4871 iniqua
1101 4816 1347 4854 mensura
1377 4810 1454 4854 εει
1483 4799 1622 4853 unde
1646 4799 1800 4853 nobis
1839 4799 2091 4854 remetie-

532 4895 655 4948 tur?
682 4893 813 4946 Nam
861 4901 915 4944 ct
961 4905 1225 4945 mensurae
1263 4891 1506 4955 nomine,
1538 4891 1705 4957 ipsum
1728 4888 1986 4958 iudicium
2017 4890 2093 4945 si-

530 4986 833 5053 gnificatum
881 4984 1137 5047 arbitror;
1177 4983 1320 5036 nullo
1349 4981 1508 5040 modo
1541 4981 1712 5048 Deus,
1762 4982 1843 5035 vel
1892 4989 2094 5037 temere

525 5077 749 5145 iudicat,
783 5075 865 5130 vel
915 5074 1092 5142 iniqua
1139 5087 1386 5128 mensura
1416 5073 1662 5140 cuiquam
1693 5072 1966 5141 rependit;
2000 5071 2094 5128 sed

531 5169 632 5221 hoc
654 5166 853 5220 dictum
883 5173 992 5230 est,
1018 5163 1265 5232 quoniam
1300 5161 1570 5217 temeritas
1592 5176 1692 5230 qut
1726 5161 1881 5230 punis
1906 5161 2092 5228 alium,

531 5257 714 5310 eadem
747 5256 856 5324 ipsa
883 5252 984 5324 [est
1012 5255 1058 5309 ei
1083 5253 1206 5324 qua]
1248 5263 1300 5308 te
1343 5252 1527 5321 puniat
1579 5265 1796 5306 necesse
1825 5262 1939 5316 est;
1991 5253 2092 5307 nisi

532 5347 666 5401 forte
705 5346 1066 5400 arhitrandum
1096 5357 1178 5400 est
1207 5345 1348 5414 quod
1394 5344 1641 5411 iniquitas
1685 5344 1734 5398 ei
1777 5354 1965 5398 noceat
1991 5345 2091 5398 ali-

532 5435 657 5503 quid
691 5437 740 5489 in
772 5452 925 5505 quem
956 5435 1215 5505 procedit,
1239 5437 1285 5498 ei
1310 5447 1484 5489 autem
1505 5434 1676 5488 nihila
1700 5449 1803 5503 quo
1835 5435 2090 5503 procedit.

533 5525 644 5581 lmo
675 5542 798 5581 vero
829 5542 968 5594 saepe
1015 5528 1139 5580 nihil
1192 5539 1343 5583 nocet
1381 5529 1426 5582 ei
1461 5528 1548 5596 qui
1585 5527 1778 5594 patitur
1805 5526 2049 5595 iniurlam
2074 5568 2088 5592 ,

535 5618 585 5672 ei
615 5627 787 5672 autem
813 5617 902 5686 qui
936 5618 1057 5672 facit
1106 5633 1324 5674 necesse
1351 5629 1429 5673 cst
1463 5629 1518 5673 ut
1549 5627 1757 5672 noceat.
1790 5618 1924 5683 Quid
1949 5621 2089 5673 enim

536 5713 716 5768 nocuit
767 5711 1085 5780 martyribus
1141 5713 1389 5784 iniquitas
1439 5712 1908 5784 persequentium?
1967 5713 2094 5782 ipsis

2195 4542 2337 4595 enim
2370 4540 2517 4607 vitia,
2549 4536 2784 4591 ol'flcium
2820 4547 2902 4590 est
2931 4538 3186 4591 bonorum
3220 4538 3463 4591 virorum
3499 4547 3549 4591 ct
3597 4538 3738 4590 lacae-

2196 4628 2467 4693 volorum;
2519 4627 2807 4697 quodcum
2863 4626 2986 4680 mali
3044 4625 3285 4690 faciunt.
3339 4627 3538 4682 alienas
3583 4637 3742 4696 partes

2196 4729 2381 4790 agunt,
2415 4721 2550 4774 sicut
2581 4718 2890 4788 hypocrita,
2915 4719 3003 4785 qui
3035 4728 3215 4786 tegunt
3245 4719 3348 4772 sub
3375 4733 3592 4787 persona
3621 4719 3741 4787 quod

2197 4821 2358 4879 sunt,
2408 4821 2462 4866 et
2515 4819 2785 4866 ostentant
2851 4809 2904 4863 in
2982 4825 3203 4879 persona
3267 4813 3410 4880 quod
3467 4828 3567 4865 non
3612 4822 3738 4864 sunt.

2201 4903 2606 4974 llypoeritarum
2632 4916 2761 4973 ergo
2786 4902 2998 4955 nomine
3023 4941 3040 4967 ,
3072 4901 3415 4956 simulatores
3460 4902 3708 4970 acceperis
3727 4942 3740 4960 .

2197 5005 2252 5049 et
2281 5005 2362 5049 est
2393 5009 2517 5048 vere
2547 4994 2776 5048 multum
2802 4993 3101 5047 cavendum
3126 5003 3180 5047 et
3219 4993 3503 5049 molestum
3551 4995 3743 5049 simula-

2199 5095 2372 5139 torum
2401 5099 2569 5154 genus
2591 5124 2606 5147 ,
2648 5085 2732 5153 qui
2764 5099 2884 5138 cum
2916 5085 3154 5137 omnium
3185 5085 3435 5139 vitiorum
3475 5084 3741 5141 accusatio.

2198 5188 2295 5228 nes
2324 5173 2447 5226 odio
2473 5181 2528 5226 et
2557 5172 2725 5226 livore
2751 5173 3040 5241 suscipiant
3067 5212 3082 5237 ,
3114 5173 3276 5226 etiarn
3305 5176 3656 5228 consolatores
3677 5177 3742 5223 vi-

2199 5264 2232 5317 d
2258 5263 2314 5316 ·τί
2344 5279 2402 5316 se
2425 5263 2639 5325 volunt;
2668 5273 2722 5316 et
2745 5263 2866 5317 ideo
2897 5264 2980 5332 pie
3005 5273 3272 5332 cauteque
3299 5265 3611 5333 vigilindum
3631 5273 3704 5319 est
3723 5303 3736 5322 .

2203 5365 2258 5407 ut
2286 5369 2404 5406 cum
2438 5355 2667 5423 aliquem
2692 5353 3088 5422 reprehendere
3136 5355 3218 5408 vel
3261 5356 3542 5425 obiurgare

2201 5444 2328 5497 sitas
2353 5445 2605 5512 coegerit,
2645 5449 2816 5513 primo
2836 5451 3130 5514 cogitemus
3161 5460 3335 5501 utrum
3366 5450 3468 5503 tale
3493 5450 3558 5503 sit
3577 5450 3738 5502 vitium

2200 5534 2338 5603 quod
2371 5551 2636 5604 nunquam
2669 5538 2978 5600 habuimus,
3010 5538 3091 5590 vel
3121 5553 3227 5606 quo
3255 5540 3363 5608 iam
3389 5542 3648 5598 carnisne:
3670 5559 3680 5590 :
3701 5539 3738 5591 si

2203 5643 2468 5695 nunquam
2501 5631 2801 5695 habuimus,
2826 5629 3119 5699 cogitemus
3150 5644 3202 5685 et
3227 5647 3322 5686 nos
3361 5635 3599 5689 homines
3617 5648 3738 5690 esst.

2202 5727 2255 5771 ct
2281 5715 2474 5772 habere
2499 5720 2735 5790 potuisse
2761 5735 2774 5784 ;
2817 5719 2862 5773 si
2900 5734 3027 5775 vero
3055 5719 3358 5792 habuimus,
3390 5734 3442 5778 et
3473 5741 3572 5781 non
3599 5721 3738 5779 habe-
