  <div class='ocr_page' id='page_1' title='image "/cluster/home/n/w/nwhite01/storage/ocr_20150623/61-62/uva.x000827102/1108.png"; bbox 0 0 3874 6226; ppageno 0'>
   <div class='ocr_carea' id='block_1_1' title="bbox 137 323 272 381">
    <p class='ocr_par' dir='ltr' id='par_1_1' title="bbox 137 323 272 381">
     <span class='ocr_line' id='line_1_1' title="bbox 137 323 272 381; baseline -0.007 -3"><span class='ocrx_word' id='word_1_1' title='bbox 137 323 272 381; x_wconf 77' lang='lat' dir='ltr'><strong>lth</strong></span> 
     </span>
    </p>
   </div>
   <div class='ocr_carea' id='block_1_2' title="bbox 1279 289 2181 388">
    <p class='ocr_par' dir='ltr' id='par_1_2' title="bbox 1279 289 2181 388">
     <span class='ocr_line' id='line_1_2' title="bbox 1279 289 2181 388; baseline -0.018 -27"><span class='ocrx_word' id='word_1_2' title='bbox 1279 298 1710 360; x_wconf 61' lang='lat' dir='ltr'><strong>russaunus.</strong></span> <span class='ocrx_word' id='word_1_3' title='bbox 1747 295 1898 375; x_wconf 70' lang='lat' dir='ltr'><strong>car.</strong></span> <span class='ocrx_word' id='word_1_4' title='bbox 1938 289 2181 388; x_wconf 65' lang='lat' dir='ltr'><strong>cccsx.</strong></span> 
     </span>
    </p>
   </div>
   <div class='ocr_carea' id='block_1_3' title="bbox 3223 272 3356 330">
    <p class='ocr_par' dir='ltr' id='par_1_3' title="bbox 3223 272 3356 330">
     <span class='ocr_line' id='line_1_3' title="bbox 3223 272 3356 330; baseline 0 -2"><span class='ocrx_word' id='word_1_5' title='bbox 3223 272 3356 330; x_wconf 67' lang='lat' dir='ltr'><strong>iOt?</strong></span> 
     </span>
    </p>
   </div>
   <div class='ocr_carea' id='block_1_4' title="bbox 101 382 3353 506">
    <p class='ocr_par' dir='ltr' id='par_1_4' title="bbox 101 382 3353 506">
     <span class='ocr_line' id='line_1_4' title="bbox 101 382 3353 506; baseline -0.015 -12"><span class='ocrx_word' id='word_1_6' title='bbox 101 445 106 449; x_wconf 85' lang='grc'><em>’</em></span> <span class='ocrx_word' id='word_1_7' title='bbox 146 451 284 502; x_wconf 69' lang='lat' dir='ltr'><strong>mis,</strong></span> <span class='ocrx_word' id='word_1_8' title='bbox 299 442 476 506; x_wconf 84' lang='lat' dir='ltr'><strong>tangat</strong></span> <span class='ocrx_word' id='word_1_9' title='bbox 505 431 814 489; x_wconf 77' lang='lat' dir='ltr'><strong>memoriam</strong></span> <span class='ocrx_word' id='word_1_10' title='bbox 836 422 1129 481; x_wconf 77' lang='lat' dir='ltr'><strong>communis</strong></span> <span class='ocrx_word' id='word_1_11' title='bbox 1150 393 1446 488; x_wconf 82' lang='lat' dir='ltr'><strong>inﬁrmitas,</strong></span> <span class='ocrx_word' id='word_1_12' title='bbox 1469 428 1528 474; x_wconf 90' lang='lat' dir='ltr'><strong>ut</strong></span> <span class='ocrx_word' id='word_1_13' title='bbox 1547 417 1690 472; x_wconf 83' lang='lat' dir='ltr'><strong>illam</strong></span> <span class='ocrx_word' id='word_1_14' title='bbox 1725 415 1772 471; x_wconf 80' lang='grc' dir='ltr'>Α</span> <span class='ocrx_word' id='word_1_15' title='bbox 1795 411 1890 466; x_wconf 88' lang='lat' dir='ltr'><strong>sed</strong></span> <span class='ocrx_word' id='word_1_16' title='bbox 1920 413 1971 464; x_wconf 89' lang='lat' dir='ltr'><strong>in</strong></span> <span class='ocrx_word' id='word_1_17' title='bbox 2002 409 2199 480; x_wconf 88' lang='lat' dir='ltr'><strong>templo</strong></span> <span class='ocrx_word' id='word_1_18' title='bbox 2227 417 2342 470; x_wconf 85' lang='lat' dir='ltr'><strong>suo,</strong></span> <span class='ocrx_word' id='word_1_19' title='bbox 2373 401 2456 460; x_wconf 91' lang='lat' dir='ltr'><strong>cui</strong></span> <span class='ocrx_word' id='word_1_20' title='bbox 2497 415 2592 506; x_wconf 57' lang='lat' dir='ltr'><strong>pet:</strong></span> <span class='ocrx_word' id='word_1_21' title='bbox 2626 399 2849 506; x_wconf 70' lang='lat' dir='ltr'><strong>gratiam</strong></span> <span class='ocrx_word' id='word_1_22' title='bbox 2893 382 3147 506; x_wconf 61' lang='lat' dir='ltr'><strong>benignus</strong></span> <span class='ocrx_word' id='word_1_23' title='bbox 3187 401 3268 506; x_wconf 62' lang='lat' dir='ltr'><strong>est</strong></span> <span class='ocrx_word' id='word_1_24' title='bbox 3296 401 3353 447; x_wconf 92' lang='lat' dir='ltr'><strong>et</strong></span> 
     </span>
    </p>
   </div>
   <div class='ocr_carea' id='block_1_5' title="bbox 143 483 3358 594">
    <p class='ocr_par' dir='ltr' id='par_1_5' title="bbox 143 483 3358 594">
     <span class='ocr_line' id='line_1_5' title="bbox 143 483 3358 594; baseline -0.015 -11"><span class='ocrx_word' id='word_1_25' title='bbox 143 483 1175 594; x_wconf 48' lang='lat' dir='ltr'><strong>gnieben’sionem—autobjurgationem</strong></span> <span class='ocrx_word' id='word_1_26' title='bbox 1201 551 1218 578; x_wconf 89' lang='lat'><strong>,</strong></span> <span class='ocrx_word' id='word_1_27' title='bbox 1249 525 1353 565; x_wconf 92' lang='lat' dir='ltr'><strong>non</strong></span> <span class='ocrx_word' id='word_1_28' title='bbox 1383 483 1708 570; x_wconf 73' lang='lat' dir='ltr'><strong>odium,sed</strong></span> <span class='ocrx_word' id='word_1_29' title='bbox 1807 501 2072 571; x_wconf 86' lang='lat' dir='ltr'><strong>propitius</strong></span> <span class='ocrx_word' id='word_1_30' title='bbox 2093 499 2342 585; x_wconf 15' lang='lat' dir='ltr'><strong>:scapitur</strong></span> <span class='ocrx_word' id='word_1_31' title='bbox 2370 503 2544 550; x_wconf 89' lang='lat' dir='ltr'><strong>autem</strong></span> <span class='ocrx_word' id='word_1_32' title='bbox 2578 491 2850 594; x_wconf 68' lang='lat' dir='ltr'><strong>habitans,</strong></span> <span class='ocrx_word' id='word_1_33' title='bbox 2879 489 2947 544; x_wconf 89' lang='lat' dir='ltr'><strong>ab</strong></span> <span class='ocrx_word' id='word_1_34' title='bbox 2971 486 3086 542; x_wconf 92' lang='lat' dir='ltr'><strong>aliis</strong></span> <span class='ocrx_word' id='word_1_35' title='bbox 3115 483 3358 594; x_wconf 69' lang='lat' dir='ltr'><strong>amplius,</strong></span> 
     </span>
    </p>
   </div>
   <div class='ocr_carea' id='block_1_6' title="bbox 149 596 1709 680">
    <p class='ocr_par' dir='ltr' id='par_1_6' title="bbox 149 596 1709 680">
     <span class='ocr_line' id='line_1_6' title="bbox 149 596 1709 680; baseline -0.016 -7"><span class='ocrx_word' id='word_1_36' title='bbox 149 614 516 673; x_wconf 76' lang='lat' dir='ltr'><strong>misericordia</strong></span> <span class='ocrx_word' id='word_1_37' title='bbox 540 608 831 680; x_wconf 53' lang='lat' dir='ltr'><strong>praecedat,</strong></span> <span class='ocrx_word' id='word_1_38' title='bbox 851 615 908 660; x_wconf 91' lang='lat' dir='ltr'><strong>ut</strong></span> <span class='ocrx_word' id='word_1_39' title='bbox 934 606 1051 662; x_wconf 88' lang='lat' dir='ltr'><strong>sive</strong></span> <span class='ocrx_word' id='word_1_40' title='bbox 1070 603 1136 658; x_wconf 87' lang='lat' dir='ltr'><strong>ad</strong></span> <span class='ocrx_word' id='word_1_41' title='bbox 1157 600 1545 659; x_wconf 72' lang='lat' dir='ltr'><strong>correctionem</strong></span> <span class='ocrx_word' id='word_1_42' title='bbox 1565 596 1709 678; x_wconf 84' lang='lat' dir='ltr'><strong>ejus,</strong></span> 
     </span>
    </p>
   </div>
   <div class='ocr_carea' id='block_1_7' title="bbox 147 692 1711 773">
    <p class='ocr_par' dir='ltr' id='par_1_7' title="bbox 147 692 1711 773">
     <span class='ocr_line' id='line_1_7' title="bbox 147 692 1711 773; baseline -0.013 -14"><span class='ocrx_word' id='word_1_43' title='bbox 147 713 370 773; x_wconf 88' lang='lat' dir='ltr'><strong>propter</strong></span> <span class='ocrx_word' id='word_1_44' title='bbox 396 716 555 771; x_wconf 85' lang='lat' dir='ltr'><strong>quem</strong></span> <span class='ocrx_word' id='word_1_45' title='bbox 581 698 635 753; x_wconf 91' lang='lat' dir='ltr'><strong>id</strong></span> <span class='ocrx_word' id='word_1_46' title='bbox 662 697 881 754; x_wconf 78' lang='lat' dir='ltr'><strong>iacimus</strong></span> <span class='ocrx_word' id='word_1_47' title='bbox 905 735 922 760; x_wconf 92' lang='lat'><strong>,</strong></span> <span class='ocrx_word' id='word_1_48' title='bbox 952 695 1067 749; x_wconf 90' lang='lat' dir='ltr'><strong>sive</strong></span> <span class='ocrx_word' id='word_1_49' title='bbox 1087 692 1154 747; x_wconf 92' lang='lat' dir='ltr'><strong>ad</strong></span> <span class='ocrx_word' id='word_1_50' title='bbox 1179 693 1576 762; x_wconf 74' lang='lat' dir='ltr'><strong>perverslonem</strong></span> <span class='ocrx_word' id='word_1_51' title='bbox 1615 699 1711 740; x_wconf 83' lang='lat' dir='ltr'><strong>va-</strong></span> 
     </span>
    </p>
   </div>
   <div class='ocr_carea' id='block_1_8' title="bbox 149 777 1751 872">
    <p class='ocr_par' dir='ltr' id='par_1_8' title="bbox 149 777 1751 872">
     <span class='ocr_line' id='line_1_8' title="bbox 149 777 1751 872; baseline -0.011 -25"><span class='ocrx_word' id='word_1_52' title='bbox 149 794 310 872; x_wconf 76' lang='lat' dir='ltr'><strong>luerit</strong></span> <span class='ocrx_word' id='word_1_53' title='bbox 331 791 474 863; x_wconf 90' lang='lat' dir='ltr'><strong>(nam</strong></span> <span class='ocrx_word' id='word_1_54' title='bbox 504 789 739 843; x_wconf 87' lang='lat' dir='ltr'><strong>incertus</strong></span> <span class='ocrx_word' id='word_1_55' title='bbox 781 795 865 841; x_wconf 88' lang='lat' dir='ltr'><strong>est</strong></span> <span class='ocrx_word' id='word_1_56' title='bbox 901 784 1124 858; x_wconf 77' lang='lat' dir='ltr'><strong>exitus).</strong></span> <span class='ocrx_word' id='word_1_57' title='bbox 1158 798 1255 838; x_wconf 87' lang='lat' dir='ltr'><strong>nos</strong></span> <span class='ocrx_word' id='word_1_58' title='bbox 1278 791 1454 838; x_wconf 90' lang='lat' dir='ltr'><strong>tamen</strong></span> <span class='ocrx_word' id='word_1_59' title='bbox 1487 779 1556 834; x_wconf 90' lang='lat' dir='ltr'><strong>de</strong></span> <span class='ocrx_word' id='word_1_60' title='bbox 1583 777 1712 860; x_wconf 84' lang='lat' dir='ltr'><strong>sim-</strong></span> <span class='ocrx_word' id='word_1_61' title='bbox 1748 785 1751 790; x_wconf 85' lang='grc'><strong>·</strong></span> 
     </span>
    </p>
   </div>
   <div class='ocr_carea' id='block_1_9' title="bbox 151 867 1713 958">
    <p class='ocr_par' dir='ltr' id='par_1_9' title="bbox 151 867 1713 958">
     <span class='ocr_line' id='line_1_9' title="bbox 151 867 1713 958; baseline -0.008 -22"><span class='ocrx_word' id='word_1_62' title='bbox 151 869 390 956; x_wconf 83' lang='lat' dir='ltr'><strong>pﬁcitate</strong></span> <span class='ocrx_word' id='word_1_63' title='bbox 433 879 570 936; x_wconf 86' lang='lat' dir='ltr'><strong>oculi</strong></span> <span class='ocrx_word' id='word_1_64' title='bbox 602 877 768 934; x_wconf 85' lang='lat' dir='ltr'><strong>nostri</strong></span> <span class='ocrx_word' id='word_1_65' title='bbox 796 867 969 958; x_wconf 82' lang='lat' dir='ltr'><strong>securi</strong></span> <span class='ocrx_word' id='word_1_66' title='bbox 1012 877 1199 951; x_wconf 85' lang='lat' dir='ltr'><strong>simus.</strong></span> <span class='ocrx_word' id='word_1_67' title='bbox 1235 873 1293 928; x_wconf 92' lang='lat' dir='ltr'><strong>Si</strong></span> <span class='ocrx_word' id='word_1_68' title='bbox 1341 879 1522 926; x_wconf 88' lang='lat' dir='ltr'><strong>autem</strong></span> <span class='ocrx_word' id='word_1_69' title='bbox 1563 867 1713 942; x_wconf 85' lang='lat' dir='ltr'><strong>cogi-</strong></span> 
     </span>
    </p>
   </div>
   <div class='ocr_carea' id='block_1_10' title="bbox 152 955 1718 1043">
    <p class='ocr_par' dir='ltr' id='par_1_10' title="bbox 152 955 1718 1043">
     <span class='ocr_line' id='line_1_10' title="bbox 152 955 1718 1043; baseline -0.01 -19"><span class='ocrx_word' id='word_1_70' title='bbox 152 955 333 1024; x_wconf 78' lang='lat' dir='ltr'><strong>tantes</strong></span> <span class='ocrx_word' id='word_1_71' title='bbox 377 968 732 1043; x_wconf 71' lang='lat' dir='ltr'><strong>nosmetipsos</strong></span> <span class='ocrx_word' id='word_1_72' title='bbox 775 955 1132 1021; x_wconf 86' lang='lat' dir='ltr'><strong>invenerimus</strong></span> <span class='ocrx_word' id='word_1_73' title='bbox 1162 963 1212 1015; x_wconf 93' lang='lat' dir='ltr'><strong>in</strong></span> <span class='ocrx_word' id='word_1_74' title='bbox 1242 976 1309 1016; x_wconf 90' lang='lat' dir='ltr'><strong>eo</strong></span> <span class='ocrx_word' id='word_1_75' title='bbox 1333 974 1458 1016; x_wconf 89' lang='lat' dir='ltr'><strong>esse</strong></span> <span class='ocrx_word' id='word_1_76' title='bbox 1483 957 1612 1012; x_wconf 78' lang='lat' dir='ltr'><strong>vitio</strong></span> <span class='ocrx_word' id='word_1_77' title='bbox 1661 955 1718 1035; x_wconf 81' lang='lat' dir='ltr'><strong>in</strong></span> 
     </span>
    </p>
   </div>
   <div class='ocr_carea' id='block_1_11' title="bbox 153 1041 1719 1133">
    <p class='ocr_par' dir='ltr' id='par_1_11' title="bbox 153 1041 1719 1133">
     <span class='ocr_line' id='line_1_11' title="bbox 153 1041 1719 1133; baseline -0.007 -19"><span class='ocrx_word' id='word_1_78' title='bbox 153 1075 265 1130; x_wconf 88' lang='lat' dir='ltr'><strong>quo</strong></span> <span class='ocrx_word' id='word_1_79' title='bbox 287 1069 372 1114; x_wconf 89' lang='lat' dir='ltr'><strong>est</strong></span> <span class='ocrx_word' id='word_1_80' title='bbox 397 1059 487 1116; x_wconf 88' lang='lat' dir='ltr'><strong>ille</strong></span> <span class='ocrx_word' id='word_1_81' title='bbox 507 1041 669 1133; x_wconf 82' lang='lat' dir='ltr'><strong>quem</strong></span> <span class='ocrx_word' id='word_1_82' title='bbox 692 1055 1081 1126; x_wconf 89' lang='lat' dir='ltr'><strong>reprehendere</strong></span> <span class='ocrx_word' id='word_1_83' title='bbox 1112 1054 1448 1123; x_wconf 74' lang='lat' dir='ltr'><strong>parabamus,</strong></span> <span class='ocrx_word' id='word_1_84' title='bbox 1490 1064 1597 1105; x_wconf 91' lang='lat' dir='ltr'><strong>non</strong></span> <span class='ocrx_word' id='word_1_85' title='bbox 1631 1063 1719 1104; x_wconf 90' lang='lat' dir='ltr'><strong>re-</strong></span> 
     </span>
    </p>
   </div>
   <div class='ocr_carea' id='block_1_12' title="bbox 155 1146 1720 1219">
    <p class='ocr_par' dir='ltr' id='par_1_12' title="bbox 155 1146 1720 1219">
     <span class='ocr_line' id='line_1_12' title="bbox 155 1146 1720 1219; baseline -0.007 -15"><span class='ocrx_word' id='word_1_86' title='bbox 155 1151 549 1219; x_wconf 84' lang='lat' dir='ltr'><strong>prehendamus</strong></span> <span class='ocrx_word' id='word_1_87' title='bbox 593 1164 764 1219; x_wconf 90' lang='lat' dir='ltr'><strong>neque</strong></span> <span class='ocrx_word' id='word_1_88' title='bbox 787 1148 1128 1218; x_wconf 73' lang='lat' dir='ltr'><strong>obiurgemus</strong></span> <span class='ocrx_word' id='word_1_89' title='bbox 1151 1187 1168 1216; x_wconf 88' lang='lat'><strong>,</strong></span> <span class='ocrx_word' id='word_1_90' title='bbox 1197 1146 1292 1218; x_wconf 88' lang='lat' dir='ltr'><strong>sed</strong></span> <span class='ocrx_word' id='word_1_91' title='bbox 1322 1152 1500 1200; x_wconf 88' lang='lat' dir='ltr'><strong>tamen</strong></span> <span class='ocrx_word' id='word_1_92' title='bbox 1526 1155 1720 1210; x_wconf 88' lang='lat' dir='ltr'><strong>conge-</strong></span> 
     </span>
    </p>
   </div>
   <div class='ocr_carea' id='block_1_13' title="bbox 157 1233 1724 1310">
    <p class='ocr_par' dir='ltr' id='par_1_13' title="bbox 157 1233 1724 1310">
     <span class='ocr_line' id='line_1_13' title="bbox 157 1233 1724 1310; baseline -0.007 -17"><span class='ocrx_word' id='word_1_93' title='bbox 157 1240 452 1293; x_wconf 88' lang='lat' dir='ltr'><strong>miscamus</strong></span> <span class='ocrx_word' id='word_1_94' title='bbox 480 1236 840 1310; x_wconf 85' lang='lat' dir='ltr'><strong>[cavendum],</strong></span> <span class='ocrx_word' id='word_1_95' title='bbox 868 1245 924 1292; x_wconf 90' lang='lat' dir='ltr'><strong>et</strong></span> <span class='ocrx_word' id='word_1_96' title='bbox 950 1251 1054 1290; x_wconf 92' lang='lat' dir='ltr'><strong>non</strong></span> <span class='ocrx_word' id='word_1_97' title='bbox 1081 1235 1229 1290; x_wconf 91' lang='lat' dir='ltr'><strong>illum</strong></span> <span class='ocrx_word' id='word_1_98' title='bbox 1260 1233 1326 1288; x_wconf 90' lang='lat' dir='ltr'><strong>ad</strong></span> <span class='ocrx_word' id='word_1_99' title='bbox 1347 1234 1724 1300; x_wconf 82' lang='lat' dir='ltr'><strong>obtemperan-</strong></span> 
     </span>
    </p>
   </div>
   <div class='ocr_carea' id='block_1_14' title="bbox 157 1315 1720 1398">
    <p class='ocr_par' dir='ltr' id='par_1_14' title="bbox 157 1315 1720 1398">
     <span class='ocr_line' id='line_1_14' title="bbox 157 1315 1720 1398; baseline -0.007 -13"><span class='ocrx_word' id='word_1_100' title='bbox 157 1329 288 1394; x_wconf 84' lang='lat' dir='ltr'><strong>dutn</strong></span> <span class='ocrx_word' id='word_1_101' title='bbox 317 1329 491 1398; x_wconf 89' lang='lat' dir='ltr'><strong>nobis,</strong></span> <span class='ocrx_word' id='word_1_102' title='bbox 519 1328 610 1384; x_wconf 87' lang='lat' dir='ltr'><strong>sed</strong></span> <span class='ocrx_word' id='word_1_103' title='bbox 630 1315 696 1381; x_wconf 83' lang='lat' dir='ltr'><strong>ad</strong></span> <span class='ocrx_word' id='word_1_104' title='bbox 719 1328 915 1396; x_wconf 89' lang='lat' dir='ltr'><strong>pariter</strong></span> <span class='ocrx_word' id='word_1_105' title='bbox 936 1326 1235 1382; x_wconf 91' lang='lat' dir='ltr'><strong>conandum</strong></span> <span class='ocrx_word' id='word_1_106' title='bbox 1257 1325 1559 1378; x_wconf 81' lang='lat' dir='ltr'><strong>invitemus.</strong></span> <span class='ocrx_word' id='word_1_107' title='bbox 1588 1320 1720 1374; x_wconf 80' lang='lat' dir='ltr'><strong>Nam</strong></span> 
     </span>
    </p>
   </div>
   <div class='ocr_carea' id='block_1_15' title="bbox 158 1408 1722 1488">
    <p class='ocr_par' dir='ltr' id='par_1_15' title="bbox 158 1408 1722 1488">
     <span class='ocr_line' id='line_1_15' title="bbox 158 1408 1722 1488; baseline -0.008 -14"><span class='ocrx_word' id='word_1_108' title='bbox 158 1429 218 1474; x_wconf 85' lang='lat' dir='ltr'><strong>et</strong></span> <span class='ocrx_word' id='word_1_109' title='bbox 261 1419 389 1475; x_wconf 90' lang='lat' dir='ltr'><strong>illud</strong></span> <span class='ocrx_word' id='word_1_110' title='bbox 431 1417 572 1488; x_wconf 85' lang='lat' dir='ltr'><strong>quod</strong></span> <span class='ocrx_word' id='word_1_111' title='bbox 617 1417 743 1472; x_wconf 86' lang='lat' dir='ltr'><strong>dicit</strong></span> <span class='ocrx_word' id='word_1_112' title='bbox 774 1417 1054 1487; x_wconf 80' lang='lat' dir='ltr'><strong>Apostolus</strong></span> <span class='ocrx_word' id='word_1_113' title='bbox 1086 1433 1099 1468; x_wconf 87' lang='lat'><strong>:</strong></span> <span class='ocrx_word' id='word_1_114' title='bbox 1130 1415 1322 1470; x_wconf 79' lang='lat' dir='ltr'><strong>Factus</strong></span> <span class='ocrx_word' id='word_1_115' title='bbox 1363 1426 1480 1467; x_wconf 89' lang='lat' dir='ltr'><strong>sum</strong></span> <span class='ocrx_word' id='word_1_116' title='bbox 1520 1408 1722 1465; x_wconf 64' lang='lat' dir='ltr'><strong>Judais</strong></span> 
     </span>
    </p>
   </div>
   <div class='ocr_carea' id='block_1_16' title="bbox 152 1499 1722 1583">
    <p class='ocr_par' dir='ltr' id='par_1_16' title="bbox 152 1499 1722 1583">
     <span class='ocr_line' id='line_1_16' title="bbox 152 1499 1722 1583; baseline -0.005 -20"><span class='ocrx_word' id='word_1_117' title='bbox 152 1510 318 1578; x_wconf 77' lang='lat' dir='ltr'><strong>quasi</strong></span> <span class='ocrx_word' id='word_1_118' title='bbox 346 1509 580 1573; x_wconf 64' lang='lat' dir='ltr'><strong>Judaus,</strong></span> <span class='ocrx_word' id='word_1_119' title='bbox 609 1516 669 1563; x_wconf 88' lang='lat' dir='ltr'><strong>ut</strong></span> <span class='ocrx_word' id='word_1_120' title='bbox 695 1506 909 1563; x_wconf 74' lang='lat' dir='ltr'><strong>indures</strong></span> <span class='ocrx_word' id='word_1_121' title='bbox 936 1505 1333 1583; x_wconf 78' lang='lat' dir='ltr'><strong>lucrifacerem;</strong></span> <span class='ocrx_word' id='word_1_122' title='bbox 1367 1503 1451 1558; x_wconf 90' lang='lat' dir='ltr'><strong>his</strong></span> <span class='ocrx_word' id='word_1_123' title='bbox 1489 1499 1580 1565; x_wconf 85' lang='lat' dir='ltr'><strong>qui</strong></span> <span class='ocrx_word' id='word_1_124' title='bbox 1623 1499 1722 1564; x_wconf 86' lang='lat' dir='ltr'><strong>sub</strong></span> 
     </span>
    </p>
   </div>
   <div class='ocr_carea' id='block_1_17' title="bbox 158 1589 1723 1669">
    <p class='ocr_par' dir='ltr' id='par_1_17' title="bbox 158 1589 1723 1669">
     <span class='ocr_line' id='line_1_17' title="bbox 158 1589 1723 1669; baseline -0.008 -13"><span class='ocrx_word' id='word_1_125' title='bbox 158 1599 282 1669; x_wconf 82' lang='lat' dir='ltr'><strong>lege</strong></span> <span class='ocrx_word' id='word_1_126' title='bbox 311 1609 452 1664; x_wconf 85' lang='lat' dir='ltr'><strong>sunt,</strong></span> <span class='ocrx_word' id='word_1_127' title='bbox 480 1599 628 1668; x_wconf 88' lang='lat' dir='ltr'><strong>quasi</strong></span> <span class='ocrx_word' id='word_1_128' title='bbox 651 1598 750 1652; x_wconf 85' lang='lat' dir='ltr'><strong>sub</strong></span> <span class='ocrx_word' id='word_1_129' title='bbox 779 1598 896 1667; x_wconf 90' lang='lat' dir='ltr'><strong>lege</strong></span> <span class='ocrx_word' id='word_1_130' title='bbox 928 1611 1126 1664; x_wconf 88' lang='lat' dir='ltr'><strong>essem,</strong></span> <span class='ocrx_word' id='word_1_131' title='bbox 1151 1609 1272 1649; x_wconf 90' lang='lat' dir='ltr'><strong>cum</strong></span> <span class='ocrx_word' id='word_1_132' title='bbox 1314 1607 1425 1649; x_wconf 81' lang='lat' dir='ltr'><strong>non</strong></span> <span class='ocrx_word' id='word_1_133' title='bbox 1464 1591 1562 1648; x_wconf 87' lang='lat' dir='ltr'><strong>sim</strong></span> <span class='ocrx_word' id='word_1_134' title='bbox 1609 1589 1723 1658; x_wconf 88' lang='lat' dir='ltr'><strong>ipse</strong></span> 
     </span>
    </p>
   </div>
   <div class='ocr_carea' id='block_1_18' title="bbox 164 1678 1724 1757">
    <p class='ocr_par' dir='ltr' id='par_1_18' title="bbox 164 1678 1724 1757">
     <span class='ocr_line' id='line_1_18' title="bbox 164 1678 1724 1757; baseline -0.009 -12"><span class='ocrx_word' id='word_1_135' title='bbox 164 1691 272 1745; x_wconf 86' lang='lat' dir='ltr'><strong>sub</strong></span> <span class='ocrx_word' id='word_1_136' title='bbox 302 1690 439 1755; x_wconf 76' lang='lat' dir='ltr'><strong>lege,</strong></span> <span class='ocrx_word' id='word_1_137' title='bbox 463 1699 518 1742; x_wconf 93' lang='lat' dir='ltr'><strong>ut</strong></span> <span class='ocrx_word' id='word_1_138' title='bbox 544 1702 640 1742; x_wconf 93' lang='lat' dir='ltr'><strong>eos</strong></span> <span class='ocrx_word' id='word_1_139' title='bbox 658 1687 748 1757; x_wconf 85' lang='lat' dir='ltr'><strong>qui</strong></span> <span class='ocrx_word' id='word_1_140' title='bbox 769 1687 868 1741; x_wconf 89' lang='lat' dir='ltr'><strong>sub</strong></span> <span class='ocrx_word' id='word_1_141' title='bbox 891 1686 1006 1754; x_wconf 85' lang='lat' dir='ltr'><strong>lege</strong></span> <span class='ocrx_word' id='word_1_142' title='bbox 1025 1692 1179 1740; x_wconf 88' lang='lat' dir='ltr'><strong>erant</strong></span> <span class='ocrx_word' id='word_1_143' title='bbox 1211 1682 1571 1738; x_wconf 75' lang='lat' dir='ltr'><strong>lucrifacerem</strong></span> <span class='ocrx_word' id='word_1_144' title='bbox 1597 1696 1612 1744; x_wconf 87' lang='lat'><strong>;</strong></span> <span class='ocrx_word' id='word_1_145' title='bbox 1640 1678 1724 1732; x_wconf 89' lang='lat' dir='ltr'><strong>his</strong></span> 
     </span>
    </p>
   </div>
   <div class='ocr_carea' id='block_1_19' title="bbox 1808 573 3363 655">
    <p class='ocr_par' dir='ltr' id='par_1_19' title="bbox 1808 573 3363 655">
     <span class='ocr_line' id='line_1_19' title="bbox 1808 573 3363 655; baseline -0.014 -9"><span class='ocrx_word' id='word_1_146' title='bbox 1808 592 1876 646; x_wconf 86' lang='lat' dir='ltr'><strong>ab</strong></span> <span class='ocrx_word' id='word_1_147' title='bbox 1902 590 2021 648; x_wconf 88' lang='lat' dir='ltr'><strong>aliis</strong></span> <span class='ocrx_word' id='word_1_148' title='bbox 2053 573 2246 644; x_wconf 86' lang='lat' dir='ltr'><strong>minus.</strong></span> <span class='ocrx_word' id='word_1_149' title='bbox 2280 589 2357 643; x_wconf 88' lang='lat' dir='ltr'><strong>De</strong></span> <span class='ocrx_word' id='word_1_150' title='bbox 2400 586 2514 655; x_wconf 85' lang='lat' dir='ltr'><strong>ipso</strong></span> <span class='ocrx_word' id='word_1_151' title='bbox 2555 599 2682 640; x_wconf 90' lang='lat' dir='ltr'><strong>vero</strong></span> <span class='ocrx_word' id='word_1_152' title='bbox 2718 582 2891 652; x_wconf 87' lang='lat' dir='ltr'><strong>capite</strong></span> <span class='ocrx_word' id='word_1_153' title='bbox 2928 586 3111 632; x_wconf 88' lang='lat' dir='ltr'><strong>nostro</strong></span> <span class='ocrx_word' id='word_1_154' title='bbox 3139 573 3363 640; x_wconf 80' lang='lat' dir='ltr'><strong>Aposto-</strong></span> 
     </span>
    </p>
   </div>
   <div class='ocr_carea' id='block_1_20' title="bbox 1812 663 3364 749">
    <p class='ocr_par' dir='ltr' id='par_1_20' title="bbox 1812 663 3364 749">
     <span class='ocr_line' id='line_1_20' title="bbox 1812 663 3364 749; baseline -0.012 -15"><span class='ocrx_word' id='word_1_155' title='bbox 1812 681 1893 734; x_wconf 87' lang='lat' dir='ltr'><strong>lus</strong></span> <span class='ocrx_word' id='word_1_156' title='bbox 1917 672 2026 736; x_wconf 53' lang='lat' dir='ltr'><strong>ait”:</strong></span> <span class='ocrx_word' id='word_1_157' title='bbox 2057 679 2187 749; x_wconf 81' lang='lat' dir='ltr'><strong>Quia</strong></span> <span class='ocrx_word' id='word_1_158' title='bbox 2215 679 2267 732; x_wconf 91' lang='lat' dir='ltr'><strong>in</strong></span> <span class='ocrx_word' id='word_1_159' title='bbox 2298 679 2410 746; x_wconf 84' lang='lat' dir='ltr'><strong>ipso</strong></span> <span class='ocrx_word' id='word_1_160' title='bbox 2437 667 2645 732; x_wconf 77' lang='lat' dir='ltr'><strong>habitat</strong></span> <span class='ocrx_word' id='word_1_161' title='bbox 2668 672 2843 728; x_wconf 88' lang='lat' dir='ltr'><strong>omnis</strong></span> <span class='ocrx_word' id='word_1_162' title='bbox 2863 666 3138 740; x_wconf 86' lang='lat' dir='ltr'><strong>plenitudo</strong></span> <span class='ocrx_word' id='word_1_163' title='bbox 3164 663 3364 718; x_wconf 90' lang='lat' dir='ltr'><strong>Divini-</strong></span> 
     </span>
    </p>
   </div>
   <div class='ocr_carea' id='block_1_21' title="bbox 1813 756 3364 841">
    <p class='ocr_par' dir='ltr' id='par_1_21' title="bbox 1813 756 3364 841">
     <span class='ocr_line' id='line_1_21' title="bbox 1813 756 3364 841; baseline -0.012 -15"><span class='ocrx_word' id='word_1_164' title='bbox 1813 756 1936 826; x_wconf 86' lang='lat' dir='ltr'><strong>tatis</strong></span> <span class='ocrx_word' id='word_1_165' title='bbox 1962 770 2334 841; x_wconf 72' lang='lat' dir='ltr'><strong>corporaliter.</strong></span> <span class='ocrx_word' id='word_1_166' title='bbox 2363 768 2477 821; x_wconf 77' lang='lat' dir='ltr'><strong>Non</strong></span> <span class='ocrx_word' id='word_1_167' title='bbox 2517 766 2637 820; x_wconf 88' lang='lat' dir='ltr'><strong>idco</strong></span> <span class='ocrx_word' id='word_1_168' title='bbox 2673 760 3041 833; x_wconf 85' lang='lat' dir='ltr'><strong>corporaliter,</strong></span> <span class='ocrx_word' id='word_1_169' title='bbox 3081 757 3202 828; x_wconf 88' lang='lat' dir='ltr'><strong>quia</strong></span> <span class='ocrx_word' id='word_1_170' title='bbox 3242 769 3364 810; x_wconf 84' lang='lat' dir='ltr'><strong>cor-</strong></span> 
     </span>
    </p>
   </div>
   <div class='ocr_carea' id='block_1_22' title="bbox 1812 845 3366 944">
    <p class='ocr_par' dir='ltr' id='par_1_22' title="bbox 1812 845 3366 944">
     <span class='ocr_line' id='line_1_22' title="bbox 1812 845 3366 944; baseline -0.012 -27"><span class='ocrx_word' id='word_1_171' title='bbox 1812 847 2006 944; x_wconf 77' lang='lat' dir='ltr'><strong>poreus</strong></span> <span class='ocrx_word' id='word_1_172' title='bbox 2036 845 2117 915; x_wconf 88' lang='lat' dir='ltr'><strong>est</strong></span> <span class='ocrx_word' id='word_1_173' title='bbox 2145 858 2266 934; x_wconf 67' lang='lat' dir='ltr'><strong>{sit}</strong></span> <span class='ocrx_word' id='word_1_174' title='bbox 2289 859 2426 912; x_wconf 84' lang='lat' dir='ltr'><strong>Deus</strong></span> <span class='ocrx_word' id='word_1_175' title='bbox 2453 872 2469 920; x_wconf 90' lang='lat'><strong>;</strong></span> <span class='ocrx_word' id='word_1_176' title='bbox 2501 856 2595 911; x_wconf 88' lang='lat' dir='ltr'><strong>sed</strong></span> <span class='ocrx_word' id='word_1_177' title='bbox 2625 863 2716 908; x_wconf 89' lang='lat' dir='ltr'><strong>aut</strong></span> <span class='ocrx_word' id='word_1_178' title='bbox 2745 852 2910 909; x_wconf 87' lang='lat' dir='ltr'><strong>verbo</strong></span> <span class='ocrx_word' id='word_1_179' title='bbox 2945 850 3203 919; x_wconf 84' lang='lat' dir='ltr'><strong>translato</strong></span> <span class='ocrx_word' id='word_1_180' title='bbox 3240 857 3366 901; x_wconf 81' lang='lat' dir='ltr'><strong>usus</strong></span> 
     </span>
    </p>
   </div>
   <div class='ocr_carea' id='block_1_23' title="bbox 1812 937 3360 1019">
    <p class='ocr_par' dir='ltr' id='par_1_23' title="bbox 1812 937 3360 1019">
     <span class='ocr_line' id='line_1_23' title="bbox 1812 937 3360 1019; baseline -0.011 -14"><span class='ocrx_word' id='word_1_181' title='bbox 1812 937 1926 1015; x_wconf 63' lang='lat' dir='ltr'><strong>est,</strong></span> <span class='ocrx_word' id='word_1_182' title='bbox 1957 963 2202 1019; x_wconf 88' lang='lat' dir='ltr'><strong>tanquam</strong></span> <span class='ocrx_word' id='word_1_183' title='bbox 2225 950 2280 1003; x_wconf 93' lang='lat' dir='ltr'><strong>in</strong></span> <span class='ocrx_word' id='word_1_184' title='bbox 2310 946 2505 1015; x_wconf 89' lang='lat' dir='ltr'><strong>templo</strong></span> <span class='ocrx_word' id='word_1_185' title='bbox 2535 941 2833 1001; x_wconf 83' lang='lat' dir='ltr'><strong>ntanul‘acto</strong></span> <span class='ocrx_word' id='word_1_186' title='bbox 2853 956 2958 998; x_wconf 88' lang='lat' dir='ltr'><strong>non</strong></span> <span class='ocrx_word' id='word_1_187' title='bbox 2989 937 3360 1013; x_wconf 75' lang='lat' dir='ltr'><strong>corporaliter,</strong></span> 
     </span>
    </p>
   </div>
   <div class='ocr_carea' id='block_1_24' title="bbox 1813 1029 3365 1108">
    <p class='ocr_par' dir='ltr' id='par_1_24' title="bbox 1813 1029 3365 1108">
     <span class='ocr_line' id='line_1_24' title="bbox 1813 1029 3365 1108; baseline -0.009 -14"><span class='ocrx_word' id='word_1_188' title='bbox 1813 1039 1905 1094; x_wconf 90' lang='lat' dir='ltr'><strong>sed</strong></span> <span class='ocrx_word' id='word_1_189' title='bbox 1938 1037 2246 1094; x_wconf 87' lang='lat' dir='ltr'><strong>umbraliter</strong></span> <span class='ocrx_word' id='word_1_190' title='bbox 2275 1034 2626 1099; x_wconf 78' lang='lat' dir='ltr'><strong>habitaverit;</strong></span> <span class='ocrx_word' id='word_1_191' title='bbox 2657 1033 2762 1108; x_wconf 78' lang='lat'><strong>87</strong></span> <span class='ocrx_word' id='word_1_192' title='bbox 2786 1031 2846 1085; x_wconf 88' lang='lat' dir='ltr'><strong>id</strong></span> <span class='ocrx_word' id='word_1_193' title='bbox 2877 1037 2958 1085; x_wconf 88' lang='lat' dir='ltr'><strong>est</strong></span> <span class='ocrx_word' id='word_1_194' title='bbox 2978 1070 2994 1096; x_wconf 92' lang='lat'><strong>,</strong></span> <span class='ocrx_word' id='word_1_195' title='bbox 3024 1029 3365 1101; x_wconf 75' lang='lat' dir='ltr'><strong>praeﬁguran-</strong></span> 
     </span>
    </p>
   </div>
   <div class='ocr_carea' id='block_1_25' title="bbox 1816 1115 3369 1202">
    <p class='ocr_par' dir='ltr' id='par_1_25' title="bbox 1816 1115 3369 1202">
     <span class='ocr_line' id='line_1_25' title="bbox 1816 1115 3369 1202; baseline -0.01 -19"><span class='ocrx_word' id='word_1_196' title='bbox 1816 1128 1954 1184; x_wconf 86' lang='lat' dir='ltr'><strong>tibus</strong></span> <span class='ocrx_word' id='word_1_197' title='bbox 1981 1126 2146 1202; x_wconf 85' lang='lat' dir='ltr'><strong>signis</strong></span> <span class='ocrx_word' id='word_1_198' title='bbox 2171 1127 2318 1197; x_wconf 89' lang='lat' dir='ltr'><strong>(nam</strong></span> <span class='ocrx_word' id='word_1_199' title='bbox 2346 1125 2464 1180; x_wconf 86' lang='lat' dir='ltr'><strong>illas</strong></span> <span class='ocrx_word' id='word_1_200' title='bbox 2489 1137 2680 1202; x_wconf 86' lang='lat' dir='ltr'><strong>omnes</strong></span> <span class='ocrx_word' id='word_1_201' title='bbox 2701 1120 3118 1199; x_wconf 79' lang='lat' dir='ltr'><strong>observationes,</strong></span> <span class='ocrx_word' id='word_1_202' title='bbox 3147 1115 3369 1196; x_wconf 78' lang='lat' dir='ltr'><strong>umbras</strong></span> 
     </span>
    </p>
   </div>
   <div class='ocr_carea' id='block_1_26' title="bbox 1816 1204 3370 1286">
    <p class='ocr_par' dir='ltr' id='par_1_26' title="bbox 1816 1204 3370 1286">
     <span class='ocr_line' id='line_1_26' title="bbox 1816 1204 3370 1286; baseline -0.001 -10"><span class='ocrx_word' id='word_1_203' title='bbox 1816 1207 2117 1276; x_wconf 77' lang='lat' dir='ltr'><strong>ﬁtturorum&#39;</strong></span> <span class='ocrx_word' id='word_1_204' title='bbox 2130 1225 2301 1285; x_wconf 82' lang='lat' dir='ltr'><strong>vocat,</strong></span> <span class='ocrx_word' id='word_1_205' title='bbox 2323 1204 2478 1273; x_wconf 87' lang='lat' dir='ltr'><strong>etiam</strong></span> <span class='ocrx_word' id='word_1_206' title='bbox 2501 1211 2613 1286; x_wconf 60' lang='lat' dir='ltr'><strong>ipim</strong></span> <span class='ocrx_word' id='word_1_207' title='bbox 2635 1209 3167 1268; x_wconf 62' lang='lat' dir='ltr'><strong>tr&#39;anslato’vocabitlo</strong></span> <span class='ocrx_word' id='word_1_208' title='bbox 3187 1225 3201 1274; x_wconf 86' lang='grc'><strong>;</strong></span> <span class='ocrx_word' id='word_1_209' title='bbox 3224 1222 3370 1285; x_wconf 63' lang='grc' dir='ltr'>ευιηα</span> 
     </span>
    </p>
   </div>
   <div class='ocr_carea' id='block_1_27' title="bbox 1820 1290 3370 1375">
    <p class='ocr_par' dir='ltr' id='par_1_27' title="bbox 1820 1290 3370 1375">
     <span class='ocr_line' id='line_1_27' title="bbox 1820 1290 3370 1375; baseline -0.011 -10"><span class='ocrx_word' id='word_1_210' title='bbox 1820 1324 1942 1365; x_wconf 90' lang='lat' dir='ltr'><strong>mus</strong></span> <span class='ocrx_word' id='word_1_211' title='bbox 1969 1309 2112 1366; x_wconf 88' lang='lat' dir='ltr'><strong>enim</strong></span> <span class='ocrx_word' id='word_1_212' title='bbox 2139 1308 2312 1373; x_wconf 90' lang='lat' dir='ltr'><strong>Deus,</strong></span> <span class='ocrx_word' id='word_1_213' title='bbox 2342 1306 2480 1366; x_wconf 87' lang='lat' dir='ltr'><strong>sicut</strong></span> <span class='ocrx_word' id='word_1_214' title='bbox 2508 1303 2780 1375; x_wconf 85' lang='lat' dir='ltr'><strong>scriptum</strong></span> <span class='ocrx_word' id='word_1_215' title='bbox 2801 1309 2916 1366; x_wconf 88' lang='lat' dir='ltr'><strong>est,</strong></span> <span class='ocrx_word' id='word_1_216' title='bbox 2955 1300 3061 1354; x_wconf 82' lang='lat' dir='ltr'><strong>non‘</strong></span> <span class='ocrx_word' id='word_1_217' title='bbox 3099 1296 3152 1351; x_wconf 91' lang='lat' dir='ltr'><strong>in</strong></span> <span class='ocrx_word' id='word_1_218' title='bbox 3190 1290 3370 1350; x_wconf 86' lang='lat' dir='ltr'><strong>manu-</strong></span> 
     </span>
    </p>
   </div>
   <div class='ocr_carea' id='block_1_28' title="bbox 1825 1386 3408 1468">
    <p class='ocr_par' dir='ltr' id='par_1_28' title="bbox 1825 1386 3408 1468">
     <span class='ocr_line' id='line_1_28' title="bbox 1825 1386 3408 1468; baseline -0.008 -16"><span class='ocrx_word' id='word_1_219' title='bbox 1825 1399 1979 1458; x_wconf 78' lang='lat' dir='ltr'><strong>factis</strong></span> <span class='ocrx_word' id='word_1_220' title='bbox 2005 1398 2217 1468; x_wconf 83' lang='lat' dir='ltr'><strong>templis</strong></span> <span class='ocrx_word' id='word_1_221' title='bbox 2246 1395 2502 1466; x_wconf 81' lang='lat' dir='ltr'><strong>habitat);</strong></span> <span class='ocrx_word' id='word_1_222' title='bbox 2526 1403 2617 1449; x_wconf 89' lang='lat' dir='ltr'><strong>aut</strong></span> <span class='ocrx_word' id='word_1_223' title='bbox 2639 1400 2784 1449; x_wconf 91' lang='lat' dir='ltr'><strong>certe</strong></span> <span class='ocrx_word' id='word_1_224' title='bbox 2805 1387 3149 1466; x_wconf 79' lang='lat' dir='ltr'><strong>corporaliter</strong></span> <span class='ocrx_word' id='word_1_225' title='bbox 3172 1386 3372 1442; x_wconf 90' lang='lat' dir='ltr'><strong>dictum</strong></span> <span class='ocrx_word' id='word_1_226' title='bbox 3405 1410 3408 1414; x_wconf 87' lang='lat'><strong>-</strong></span> 
     </span>
    </p>
   </div>
   <div class='ocr_carea' id='block_1_29' title="bbox 1819 1476 3464 1564">
    <p class='ocr_par' dir='ltr' id='par_1_29' title="bbox 1819 1476 3464 1564">
     <span class='ocr_line' id='line_1_29' title="bbox 1819 1476 3464 1564; baseline -0.012 -17"><span class='ocrx_word' id='word_1_227' title='bbox 1819 1500 1932 1556; x_wconf 86' lang='lat' dir='ltr'><strong>est,</strong></span> <span class='ocrx_word' id='word_1_228' title='bbox 1963 1490 2086 1561; x_wconf 92' lang='lat' dir='ltr'><strong>quia</strong></span> <span class='ocrx_word' id='word_1_229' title='bbox 2125 1498 2181 1545; x_wconf 89' lang='lat' dir='ltr'><strong>et</strong></span> <span class='ocrx_word' id='word_1_230' title='bbox 2223 1489 2275 1564; x_wconf 82' lang='lat' dir='ltr'><strong>in</strong></span> <span class='ocrx_word' id='word_1_231' title='bbox 2322 1485 2519 1542; x_wconf 90' lang='lat' dir='ltr'><strong>Christi</strong></span> <span class='ocrx_word' id='word_1_232' title='bbox 2556 1498 2780 1556; x_wconf 87' lang='lat' dir='ltr'><strong>corpore</strong></span> <span class='ocrx_word' id='word_1_233' title='bbox 2814 1482 2954 1553; x_wconf 90' lang='lat' dir='ltr'><strong>quod</strong></span> <span class='ocrx_word' id='word_1_234' title='bbox 2993 1476 3276 1548; x_wconf 82' lang='lat' dir='ltr'><strong>assumpsit</strong></span> <span class='ocrx_word' id='word_1_235' title='bbox 3310 1489 3372 1530; x_wconf 82' lang='lat' dir='ltr'><strong>ex</strong></span> <span class='ocrx_word' id='word_1_236' title='bbox 3458 1494 3464 1501; x_wconf 65' lang='grc' dir='ltr'><strong>ι</strong></span> 
     </span>
    </p>
   </div>
   <div class='ocr_carea' id='block_1_30' title="bbox 1824 1566 3376 1651">
    <p class='ocr_par' dir='ltr' id='par_1_30' title="bbox 1824 1566 3376 1651">
     <span class='ocr_line' id='line_1_30' title="bbox 1824 1566 3376 1651; baseline -0.01 -17"><span class='ocrx_word' id='word_1_237' title='bbox 1824 1579 2035 1651; x_wconf 75' lang='lat' dir='ltr'><strong>Virgine</strong></span> <span class='ocrx_word' id='word_1_238' title='bbox 2055 1620 2072 1646; x_wconf 87' lang='lat'><strong>,</strong></span> <span class='ocrx_word' id='word_1_239' title='bbox 2104 1576 2351 1648; x_wconf 85' lang='lat' dir='ltr'><strong>tanquam</strong></span> <span class='ocrx_word' id='word_1_240' title='bbox 2380 1576 2435 1631; x_wconf 90' lang='lat' dir='ltr'><strong>in</strong></span> <span class='ocrx_word' id='word_1_241' title='bbox 2465 1576 2664 1645; x_wconf 91' lang='lat' dir='ltr'><strong>templo</strong></span> <span class='ocrx_word' id='word_1_242' title='bbox 2691 1573 2892 1638; x_wconf 81' lang='lat' dir='ltr'><strong>habitat</strong></span> <span class='ocrx_word' id='word_1_243' title='bbox 2933 1573 3094 1628; x_wconf 78' lang='lat' dir='ltr'><strong>Deus.</strong></span> <span class='ocrx_word' id='word_1_244' title='bbox 3137 1566 3272 1622; x_wconf 80' lang='lat' dir='ltr'><strong>Hinc</strong></span> <span class='ocrx_word' id='word_1_245' title='bbox 3292 1573 3376 1622; x_wconf 90' lang='lat' dir='ltr'><strong>est</strong></span> 
     </span>
    </p>
   </div>
   <div class='ocr_carea' id='block_1_31' title="bbox 1821 1658 3472 1740">
    <p class='ocr_par' dir='ltr' id='par_1_31' title="bbox 1821 1658 3472 1740">
     <span class='ocr_line' id='line_1_31' title="bbox 1821 1658 3472 1740; baseline -0.004 -15"><span class='ocrx_word' id='word_1_246' title='bbox 1821 1669 1961 1726; x_wconf 88' lang='lat' dir='ltr'><strong>enim</strong></span> <span class='ocrx_word' id='word_1_247' title='bbox 1990 1668 2131 1740; x_wconf 90' lang='lat' dir='ltr'><strong>quod</strong></span> <span class='ocrx_word' id='word_1_248' title='bbox 2160 1659 2358 1730; x_wconf 68' lang='lat' dir='ltr'><strong>Judais</strong></span> <span class='ocrx_word' id='word_1_249' title='bbox 2385 1665 2594 1738; x_wconf 88' lang='lat' dir='ltr'><strong>signum</strong></span> <span class='ocrx_word' id='word_1_250' title='bbox 2623 1664 2922 1735; x_wconf 85' lang='lat' dir='ltr'><strong>petentibus</strong></span> <span class='ocrx_word' id='word_1_251' title='bbox 2947 1675 3066 1719; x_wconf 87' lang='lat' dir='ltr'><strong>cum</strong></span> <span class='ocrx_word' id='word_1_252' title='bbox 3107 1658 3331 1733; x_wconf 68' lang='lat' dir='ltr'><strong>dixisse!</strong></span> <span class='ocrx_word' id='word_1_253' title='bbox 3359 1699 3374 1722; x_wconf 83' lang='lat'><strong>,</strong></span> <span class='ocrx_word' id='word_1_254' title='bbox 3464 1719 3472 1732; x_wconf 76' lang='lat'><em>_</em></span> 
     </span>
    </p>
   </div>
   <div class='ocr_carea' id='block_1_32' title="bbox 164 1745 3379 1848">
    <p class='ocr_par' dir='ltr' id='par_1_32' title="bbox 164 1745 3379 1848">
     <span class='ocr_line' id='line_1_32' title="bbox 164 1745 3379 1848; baseline -0.009 -20"><span class='ocrx_word' id='word_1_255' title='bbox 164 1778 261 1848; x_wconf 79' lang='lat' dir='ltr'><strong>qui</strong></span> <span class='ocrx_word' id='word_1_256' title='bbox 283 1745 398 1832; x_wconf 52' lang='lat' dir='ltr'><strong>sin-e</strong></span> <span class='ocrx_word' id='word_1_257' title='bbox 424 1745 544 1846; x_wconf 84' lang='lat' dir='ltr'><strong>lege</strong></span> <span class='ocrx_word' id='word_1_258' title='bbox 567 1745 710 1840; x_wconf 72' lang='lat' dir='ltr'><strong>sunt,</strong></span> <span class='ocrx_word' id='word_1_259' title='bbox 733 1775 885 1844; x_wconf 90' lang='lat' dir='ltr'><strong>quasi</strong></span> <span class='ocrx_word' id='word_1_260' title='bbox 933 1745 1050 1830; x_wconf 62' lang='lat' dir='ltr'><strong>sine</strong></span> <span class='ocrx_word' id='word_1_261' title='bbox 1095 1773 1234 1845; x_wconf 87' lang='lat' dir='ltr'><strong>lege,</strong></span> <span class='ocrx_word' id='word_1_262' title='bbox 1279 1787 1402 1841; x_wconf 81' lang='lat' dir='ltr'><strong>cum</strong></span> <span class='ocrx_word' id='word_1_263' title='bbox 1446 1771 1562 1824; x_wconf 87' lang='lat' dir='ltr'><strong>sine</strong></span> <span class='ocrx_word' id='word_1_264' title='bbox 1607 1768 1723 1836; x_wconf 86' lang='lat' dir='ltr'><strong>lege</strong></span> <span class='ocrx_word' id='word_1_265' title='bbox 1752 1755 1797 1816; x_wconf 84' lang='grc' dir='ltr'><strong>Β</strong></span> <span class='ocrx_word' id='word_1_266' title='bbox 1823 1759 2025 1848; x_wconf 83' lang='lat' dir='ltr'><strong>Solvite</strong></span> <span class='ocrx_word' id='word_1_267' title='bbox 2053 1753 2467 1848; x_wconf 55' lang='lat' dir='ltr'><strong>templumhoe&#39;,</strong></span> <span class='ocrx_word' id='word_1_268' title='bbox 2499 1764 2554 1810; x_wconf 93' lang='lat' dir='ltr'><strong>et</strong></span> <span class='ocrx_word' id='word_1_269' title='bbox 2579 1754 2633 1808; x_wconf 91' lang='lat' dir='ltr'><strong>in</strong></span> <span class='ocrx_word' id='word_1_270' title='bbox 2664 1752 2837 1809; x_wconf 90' lang='lat' dir='ltr'><strong>triduo</strong></span> <span class='ocrx_word' id='word_1_271' title='bbox 2864 1750 3193 1807; x_wconf 86' lang='lat' dir='ltr'><strong>resuscitabo</strong></span> <span class='ocrx_word' id='word_1_272' title='bbox 3221 1745 3379 1812; x_wconf 85' lang='lat' dir='ltr'><strong>illud,</strong></span> 
     </span>
    </p>
   </div>
   <div class='ocr_carea' id='block_1_33' title="bbox 169 1858 1724 1938">
    <p class='ocr_par' dir='ltr' id='par_1_33' title="bbox 169 1858 1724 1938">
     <span class='ocr_line' id='line_1_33' title="bbox 169 1858 1724 1938; baseline -0.003 -19"><span class='ocrx_word' id='word_1_273' title='bbox 169 1867 266 1921; x_wconf 88' lang='lat' dir='ltr'><strong>Dei</strong></span> <span class='ocrx_word' id='word_1_274' title='bbox 291 1880 396 1923; x_wconf 89' lang='lat' dir='ltr'><strong>non</strong></span> <span class='ocrx_word' id='word_1_275' title='bbox 421 1866 517 1922; x_wconf 90' lang='lat' dir='ltr'><strong>sim</strong></span> <span class='ocrx_word' id='word_1_276' title='bbox 547 1862 791 1938; x_wconf 81' lang='lat' dir='ltr'><strong>[essem],</strong></span> <span class='ocrx_word' id='word_1_277' title='bbox 819 1864 913 1920; x_wconf 90' lang='lat' dir='ltr'><strong>sed</strong></span> <span class='ocrx_word' id='word_1_278' title='bbox 956 1863 1057 1919; x_wconf 88' lang='lat' dir='ltr'><strong>sim</strong></span> <span class='ocrx_word' id='word_1_279' title='bbox 1083 1863 1137 1918; x_wconf 90' lang='lat' dir='ltr'><strong>in</strong></span> <span class='ocrx_word' id='word_1_280' title='bbox 1165 1863 1281 1934; x_wconf 86' lang='lat' dir='ltr'><strong>lege</strong></span> <span class='ocrx_word' id='word_1_281' title='bbox 1308 1861 1524 1927; x_wconf 87' lang='lat' dir='ltr'><strong>Christi,</strong></span> <span class='ocrx_word' id='word_1_282' title='bbox 1557 1868 1615 1914; x_wconf 92' lang='lat' dir='ltr'><strong>ut</strong></span> <span class='ocrx_word' id='word_1_283' title='bbox 1641 1858 1724 1938; x_wconf 52' lang='lat' dir='ltr'><strong>ius</strong></span> 
     </span>
    </p>
   </div>
   <div class='ocr_carea' id='block_1_34' title="bbox 167 1935 1729 2026">
    <p class='ocr_par' dir='ltr' id='par_1_34' title="bbox 167 1935 1729 2026">
     <span class='ocr_line' id='line_1_34' title="bbox 167 1935 1729 2026; baseline -0.006 -16"><span class='ocrx_word' id='word_1_284' title='bbox 167 1956 488 2011; x_wconf 79' lang='lat' dir='ltr'><strong>erifacerem</strong></span> <span class='ocrx_word' id='word_1_285' title='bbox 509 1935 602 2011; x_wconf 79' lang='lat' dir='ltr'><strong>eos</strong></span> <span class='ocrx_word' id='word_1_286' title='bbox 628 1955 716 2026; x_wconf 83' lang='lat' dir='ltr'><strong>qui</strong></span> <span class='ocrx_word' id='word_1_287' title='bbox 738 1956 854 2010; x_wconf 84' lang='lat' dir='ltr'><strong>sine</strong></span> <span class='ocrx_word' id='word_1_288' title='bbox 874 1956 987 2024; x_wconf 85' lang='lat' dir='ltr'><strong>lege</strong></span> <span class='ocrx_word' id='word_1_289' title='bbox 1006 1960 1148 2020; x_wconf 85' lang='lat' dir='ltr'><strong>sunt;</strong></span> <span class='ocrx_word' id='word_1_290' title='bbox 1169 1953 1336 2009; x_wconf 84' lang='lat' dir='ltr'><strong>factus</strong></span> <span class='ocrx_word' id='word_1_291' title='bbox 1357 1965 1474 2006; x_wconf 90' lang='lat' dir='ltr'><strong>sum</strong></span> <span class='ocrx_word' id='word_1_292' title='bbox 1502 1935 1729 2006; x_wconf 83' lang='lat' dir='ltr'><strong>inﬁrmis</strong></span> 
     </span>
    </p>
   </div>
   <div class='ocr_carea' id='block_1_35' title="bbox 173 2043 1732 2116">
    <p class='ocr_par' dir='ltr' id='par_1_35' title="bbox 173 2043 1732 2116">
     <span class='ocr_line' id='line_1_35' title="bbox 173 2043 1732 2116; baseline -0.004 -14"><span class='ocrx_word' id='word_1_293' title='bbox 173 2046 463 2113; x_wconf 80' lang='lat' dir='ltr'><strong>inﬁrmus,</strong></span> <span class='ocrx_word' id='word_1_294' title='bbox 484 2055 542 2102; x_wconf 90' lang='lat' dir='ltr'><strong>ut</strong></span> <span class='ocrx_word' id='word_1_295' title='bbox 573 2047 806 2101; x_wconf 83' lang='lat' dir='ltr'><strong>inﬁrmos</strong></span> <span class='ocrx_word' id='word_1_296' title='bbox 830 2046 1191 2102; x_wconf 86' lang='lat' dir='ltr'><strong>lucrifacerem</strong></span> <span class='ocrx_word' id='word_1_297' title='bbox 1217 2063 1231 2112; x_wconf 91' lang='lat'><strong>;</strong></span> <span class='ocrx_word' id='word_1_298' title='bbox 1262 2044 1509 2100; x_wconf 87' lang='lat' dir='ltr'><strong>omnibus</strong></span> <span class='ocrx_word' id='word_1_299' title='bbox 1549 2043 1732 2116; x_wconf 83' lang='lat' dir='ltr'><strong>omnia</strong></span> 
     </span>
    </p>
   </div>
   <div class='ocr_carea' id='block_1_36' title="bbox 171 2131 1727 2204">
    <p class='ocr_par' dir='ltr' id='par_1_36' title="bbox 171 2131 1727 2204">
     <span class='ocr_line' id='line_1_36' title="bbox 171 2131 1727 2204; baseline -0.006 -11"><span class='ocrx_word' id='word_1_300' title='bbox 171 2137 348 2193; x_wconf 75' lang='lat' dir='ltr'><strong>factus</strong></span> <span class='ocrx_word' id='word_1_301' title='bbox 376 2153 492 2193; x_wconf 85' lang='lat' dir='ltr'><strong>sum</strong></span> <span class='ocrx_word' id='word_1_302' title='bbox 515 2178 532 2204; x_wconf 92' lang='lat'><strong>,</strong></span> <span class='ocrx_word' id='word_1_303' title='bbox 565 2146 621 2191; x_wconf 91' lang='lat' dir='ltr'><strong>ut</strong></span> <span class='ocrx_word' id='word_1_304' title='bbox 643 2151 828 2192; x_wconf 92' lang='lat' dir='ltr'><strong>omnes</strong></span> <span class='ocrx_word' id='word_1_305' title='bbox 864 2136 1226 2191; x_wconf 79' lang='lat' dir='ltr'><strong>lucrifacerem</strong></span> <span class='ocrx_word' id='word_1_306' title='bbox 1253 2152 1266 2189; x_wconf 89' lang='lat'><strong>:</strong></span> <span class='ocrx_word' id='word_1_307' title='bbox 1300 2149 1406 2189; x_wconf 90' lang='lat' dir='ltr'><strong>non</strong></span> <span class='ocrx_word' id='word_1_308' title='bbox 1433 2133 1616 2202; x_wconf 88' lang='lat' dir='ltr'><strong>utique</strong></span> <span class='ocrx_word' id='word_1_309' title='bbox 1651 2131 1727 2185; x_wconf 86' lang='lat' dir='ltr'><strong>si-</strong></span> 
     </span>
    </p>
   </div>
   <div class='ocr_carea' id='block_1_37' title="bbox 176 2221 1732 2295">
    <p class='ocr_par' dir='ltr' id='par_1_37' title="bbox 176 2221 1732 2295">
     <span class='ocr_line' id='line_1_37' title="bbox 176 2221 1732 2295; baseline -0.003 -13"><span class='ocrx_word' id='word_1_310' title='bbox 176 2227 475 2286; x_wconf 86' lang='lat' dir='ltr'><strong>mulatione</strong></span> <span class='ocrx_word' id='word_1_311' title='bbox 495 2226 764 2288; x_wconf 72' lang='lat' dir='ltr'><strong>‘i&#39;aciebat,</strong></span> <span class='ocrx_word' id='word_1_312' title='bbox 786 2225 1228 2295; x_wconf 86' lang='lat' dir='ltr'><strong>quemadmodum</strong></span> <span class='ocrx_word' id='word_1_313' title='bbox 1266 2223 1480 2295; x_wconf 89' lang='lat' dir='ltr'><strong>quidam</strong></span> <span class='ocrx_word' id='word_1_314' title='bbox 1535 2221 1732 2277; x_wconf 89' lang='lat' dir='ltr'><strong>intelli-</strong></span> 
     </span>
    </p>
   </div>
   <div class='ocr_carea' id='block_1_38' title="bbox 171 2315 1729 2396">
    <p class='ocr_par' dir='ltr' id='par_1_38' title="bbox 171 2315 1729 2396">
     <span class='ocr_line' id='line_1_38' title="bbox 171 2315 1729 2396; baseline -0.004 -22"><span class='ocrx_word' id='word_1_315' title='bbox 171 2333 306 2396; x_wconf 80' lang='lat' dir='ltr'><strong>gere</strong></span> <span class='ocrx_word' id='word_1_316' title='bbox 352 2319 534 2372; x_wconf 90' lang='lat' dir='ltr'><strong>volunt</strong></span> <span class='ocrx_word' id='word_1_317' title='bbox 567 2327 664 2372; x_wconf 89' lang='lat' dir='ltr'><strong>:ut</strong></span> <span class='ocrx_word' id='word_1_318' title='bbox 699 2332 882 2372; x_wconf 90' lang='lat' dir='ltr'><strong>eorum</strong></span> <span class='ocrx_word' id='word_1_319' title='bbox 929 2316 1237 2371; x_wconf 86' lang='lat' dir='ltr'><strong>detestanda</strong></span> <span class='ocrx_word' id='word_1_320' title='bbox 1281 2315 1551 2370; x_wconf 88' lang='lat' dir='ltr'><strong>simulatio</strong></span> <span class='ocrx_word' id='word_1_321' title='bbox 1601 2315 1729 2368; x_wconf 83' lang='lat' dir='ltr'><strong>tanti</strong></span> 
     </span>
    </p>
   </div>
   <div class='ocr_carea' id='block_1_39' title="bbox 177 2399 1736 2478">
    <p class='ocr_par' dir='ltr' id='par_1_39' title="bbox 177 2399 1736 2478">
     <span class='ocr_line' id='line_1_39' title="bbox 177 2399 1736 2478; baseline -0.006 -12"><span class='ocrx_word' id='word_1_322' title='bbox 177 2399 417 2478; x_wconf 74' lang='lat' dir='ltr'><strong>exempli</strong></span> <span class='ocrx_word' id='word_1_323' title='bbox 438 2408 756 2463; x_wconf 82' lang='lat' dir='ltr'><strong>auctoritate</strong></span> <span class='ocrx_word' id='word_1_324' title='bbox 781 2406 1084 2473; x_wconf 86' lang='lat' dir='ltr'><strong>muniatur;</strong></span> <span class='ocrx_word' id='word_1_325' title='bbox 1113 2406 1207 2461; x_wconf 91' lang='lat' dir='ltr'><strong>sed</strong></span> <span class='ocrx_word' id='word_1_326' title='bbox 1238 2405 1338 2460; x_wconf 90' lang='lat' dir='ltr'><strong>ltoc</strong></span> <span class='ocrx_word' id='word_1_327' title='bbox 1365 2404 1736 2459; x_wconf 81' lang='lat' dir='ltr'><strong>faciebatcha-</strong></span> 
     </span>
    </p>
   </div>
   <div class='ocr_carea' id='block_1_40' title="bbox 181 2491 1736 2570">
    <p class='ocr_par' dir='ltr' id='par_1_40' title="bbox 181 2491 1736 2570">
     <span class='ocr_line' id='line_1_40' title="bbox 181 2491 1736 2570; baseline -0.004 -15"><span class='ocrx_word' id='word_1_328' title='bbox 181 2504 362 2565; x_wconf 77' lang='lat' dir='ltr'><strong>ritate,</strong></span> <span class='ocrx_word' id='word_1_329' title='bbox 383 2514 485 2570; x_wconf 88' lang='lat' dir='ltr'><strong>qua</strong></span> <span class='ocrx_word' id='word_1_330' title='bbox 509 2495 625 2568; x_wconf 87' lang='lat' dir='ltr'><strong>ejus</strong></span> <span class='ocrx_word' id='word_1_331' title='bbox 654 2499 1042 2564; x_wconf 90' lang='lat' dir='ltr'><strong>inﬁrmitatem,</strong></span> <span class='ocrx_word' id='word_1_332' title='bbox 1074 2498 1158 2553; x_wconf 86' lang='lat' dir='ltr'><strong>cui</strong></span> <span class='ocrx_word' id='word_1_333' title='bbox 1187 2496 1395 2552; x_wconf 90' lang='lat' dir='ltr'><strong>volebat</strong></span> <span class='ocrx_word' id='word_1_334' title='bbox 1423 2491 1736 2562; x_wconf 88' lang='lat' dir='ltr'><strong>subvenire,</strong></span> 
     </span>
    </p>
   </div>
   <div class='ocr_carea' id='block_1_41' title="bbox 180 2585 1742 2659">
    <p class='ocr_par' dir='ltr' id='par_1_41' title="bbox 180 2585 1742 2659">
     <span class='ocr_line' id='line_1_41' title="bbox 180 2585 1742 2659; baseline -0.004 -15"><span class='ocrx_word' id='word_1_335' title='bbox 180 2602 435 2659; x_wconf 87' lang='lat' dir='ltr'><strong>tanquam</strong></span> <span class='ocrx_word' id='word_1_336' title='bbox 465 2604 615 2644; x_wconf 89' lang='lat' dir='ltr'><strong>suam</strong></span> <span class='ocrx_word' id='word_1_337' title='bbox 641 2588 943 2658; x_wconf 86' lang='lat' dir='ltr'><strong>cogitabat;</strong></span> <span class='ocrx_word' id='word_1_338' title='bbox 989 2588 1090 2642; x_wconf 88' lang='lat' dir='ltr'><strong>hoc</strong></span> <span class='ocrx_word' id='word_1_339' title='bbox 1117 2587 1258 2641; x_wconf 89' lang='lat' dir='ltr'><strong>enim</strong></span> <span class='ocrx_word' id='word_1_340' title='bbox 1287 2593 1342 2640; x_wconf 88' lang='lat' dir='ltr'><strong>et</strong></span> <span class='ocrx_word' id='word_1_341' title='bbox 1367 2585 1634 2655; x_wconf 64' lang='lat' dir='ltr'><strong>praestruit</strong></span> <span class='ocrx_word' id='word_1_342' title='bbox 1659 2585 1742 2644; x_wconf 44' lang='lat' dir='ltr'><strong>di.-</strong></span> 
     </span>
    </p>
   </div>
   <div class='ocr_carea' id='block_1_42' title="bbox 178 2661 1740 2747">
    <p class='ocr_par' dir='ltr' id='par_1_42' title="bbox 178 2661 1740 2747">
     <span class='ocr_line' id='line_1_42' title="bbox 178 2661 1740 2747; baseline -0.003 -10"><span class='ocrx_word' id='word_1_343' title='bbox 178 2682 395 2738; x_wconf 87' lang='lat' dir='ltr'><strong>cendo:</strong></span> <span class='ocrx_word' id='word_1_344' title='bbox 424 2679 556 2736; x_wconf 89' lang='lat' dir='ltr'><strong>Cum</strong></span> <span class='ocrx_word' id='word_1_345' title='bbox 591 2683 731 2736; x_wconf 90' lang='lat' dir='ltr'><strong>enim</strong></span> <span class='ocrx_word' id='word_1_346' title='bbox 778 2681 912 2736; x_wconf 90' lang='lat' dir='ltr'><strong>iiber</strong></span> <span class='ocrx_word' id='word_1_347' title='bbox 959 2681 1082 2747; x_wconf 86' lang='lat' dir='ltr'><strong>sim,</strong></span> <span class='ocrx_word' id='word_1_348' title='bbox 1135 2693 1198 2734; x_wconf 78' lang='lat' dir='ltr'><strong>ex</strong></span> <span class='ocrx_word' id='word_1_349' title='bbox 1229 2661 1475 2734; x_wconf 87' lang='lat' dir='ltr'><strong>omnibus</strong></span> <span class='ocrx_word' id='word_1_350' title='bbox 1504 2677 1740 2733; x_wconf 87' lang='lat' dir='ltr'><strong>omnium</strong></span> 
     </span>
    </p>
   </div>
   <div class='ocr_carea' id='block_1_43' title="bbox 180 2767 1744 2840">
    <p class='ocr_par' dir='ltr' id='par_1_43' title="bbox 180 2767 1744 2840">
     <span class='ocr_line' id='line_1_43' title="bbox 180 2767 1744 2840; baseline -0.005 -11"><span class='ocrx_word' id='word_1_351' title='bbox 180 2787 269 2829; x_wconf 83' lang='lat' dir='ltr'><strong>tlte</strong></span> <span class='ocrx_word' id='word_1_352' title='bbox 323 2786 536 2828; x_wconf 84' lang='lat' dir='ltr'><strong>servum</strong></span> <span class='ocrx_word' id='word_1_353' title='bbox 569 2771 706 2836; x_wconf 78' lang='lat' dir='ltr'><strong>ieci,</strong></span> <span class='ocrx_word' id='word_1_354' title='bbox 750 2780 810 2825; x_wconf 91' lang='lat' dir='ltr'><strong>ut</strong></span> <span class='ocrx_word' id='word_1_355' title='bbox 853 2770 1032 2840; x_wconf 90' lang='lat' dir='ltr'><strong>plures</strong></span> <span class='ocrx_word' id='word_1_356' title='bbox 1080 2768 1448 2824; x_wconf 79' lang='lat' dir='ltr'><strong>lucrifacerem</strong></span> <span class='ocrx_word' id='word_1_357' title='bbox 1481 2767 1662 2839; x_wconf 81' lang='lat' dir='ltr'><strong>:quod</strong></span> <span class='ocrx_word' id='word_1_358' title='bbox 1688 2774 1744 2821; x_wconf 90' lang='lat' dir='ltr'><strong>ut</strong></span> 
     </span>
    </p>
   </div>
   <div class='ocr_carea' id='block_1_44' title="bbox 182 2847 1745 2934">
    <p class='ocr_par' dir='ltr' id='par_1_44' title="bbox 182 2847 1745 2934">
     <span class='ocr_line' id='line_1_44' title="bbox 182 2847 1745 2934; baseline -0.003 -15"><span class='ocrx_word' id='word_1_359' title='bbox 182 2864 455 2934; x_wconf 88' lang='lat' dir='ltr'><strong>intelligas</strong></span> <span class='ocrx_word' id='word_1_360' title='bbox 476 2904 494 2929; x_wconf 97' lang='lat'><strong>,</strong></span> <span class='ocrx_word' id='word_1_361' title='bbox 525 2878 629 2918; x_wconf 85' lang='lat' dir='ltr'><strong>non</strong></span> <span class='ocrx_word' id='word_1_362' title='bbox 657 2862 996 2921; x_wconf 82' lang='lat' dir='ltr'><strong>simulatione</strong></span> <span class='ocrx_word' id='word_1_363' title='bbox 1021 2907 1035 2930; x_wconf 93' lang='lat'><strong>,</strong></span> <span class='ocrx_word' id='word_1_364' title='bbox 1066 2847 1452 2918; x_wconf 89' lang='lat' dir='ltr'><strong>sedcharitate</strong></span> <span class='ocrx_word' id='word_1_365' title='bbox 1476 2859 1610 2927; x_wconf 89' lang='lat' dir='ltr'><strong>ﬁeri,</strong></span> <span class='ocrx_word' id='word_1_366' title='bbox 1641 2875 1745 2929; x_wconf 91' lang='lat' dir='ltr'><strong>qua</strong></span> 
     </span>
    </p>
   </div>
   <div class='ocr_carea' id='block_1_45' title="bbox 183 2949 1746 3020">
    <p class='ocr_par' dir='ltr' id='par_1_45' title="bbox 183 2949 1746 3020">
     <span class='ocr_line' id='line_1_45' title="bbox 183 2949 1746 3020; baseline -0.004 -13"><span class='ocrx_word' id='word_1_367' title='bbox 183 2953 415 3007; x_wconf 86' lang='lat' dir='ltr'><strong>inﬁrmis</strong></span> <span class='ocrx_word' id='word_1_368' title='bbox 456 2951 759 3007; x_wconf 83' lang='lat' dir='ltr'><strong>hominibus</strong></span> <span class='ocrx_word' id='word_1_369' title='bbox 784 2991 800 3016; x_wconf 92' lang='lat'><strong>,</strong></span> <span class='ocrx_word' id='word_1_370' title='bbox 847 2959 1096 3020; x_wconf 87' lang='lat' dir='ltr'><strong>tanquam</strong></span> <span class='ocrx_word' id='word_1_371' title='bbox 1129 2965 1228 3008; x_wconf 88' lang='lat' dir='ltr'><strong>nos</strong></span> <span class='ocrx_word' id='word_1_372' title='bbox 1261 2965 1466 3015; x_wconf 79' lang='lat' dir='ltr'><strong>sumus,</strong></span> <span class='ocrx_word' id='word_1_373' title='bbox 1496 2949 1746 3018; x_wconf 50' lang='lat' dir='ltr'><strong>compatis</strong></span> 
     </span>
    </p>
   </div>
   <div class='ocr_carea' id='block_1_46' title="bbox 188 3039 1742 3107">
    <p class='ocr_par' dir='ltr' id='par_1_46' title="bbox 188 3039 1742 3107">
     <span class='ocr_line' id='line_1_46' title="bbox 188 3039 1742 3107; baseline -0.005 -9"><span class='ocrx_word' id='word_1_374' title='bbox 188 3059 342 3107; x_wconf 89' lang='lat' dir='ltr'><strong>mor;</strong></span> <span class='ocrx_word' id='word_1_375' title='bbox 371 3043 443 3097; x_wconf 86' lang='lat' dir='ltr'><strong>ita</strong></span> <span class='ocrx_word' id='word_1_376' title='bbox 470 3042 610 3097; x_wconf 90' lang='lat' dir='ltr'><strong>enim</strong></span> <span class='ocrx_word' id='word_1_377' title='bbox 643 3049 820 3098; x_wconf 88' lang='lat' dir='ltr'><strong>monet</strong></span> <span class='ocrx_word' id='word_1_378' title='bbox 849 3041 953 3095; x_wconf 90' lang='lat' dir='ltr'><strong>alio</strong></span> <span class='ocrx_word' id='word_1_379' title='bbox 973 3041 1092 3096; x_wconf 89' lang='lat' dir='ltr'><strong>loco</strong></span> <span class='ocrx_word' id='word_1_380' title='bbox 1121 3040 1304 3097; x_wconf 85' lang='lat' dir='ltr'><strong>dicens</strong></span> <span class='ocrx_word' id='word_1_381' title='bbox 1331 3058 1343 3093; x_wconf 90' lang='lat'>:</span> <span class='ocrx_word' id='word_1_382' title='bbox 1373 3041 1480 3094; x_wconf 79' lang='lat' dir='ltr'><strong>Vos</strong></span> <span class='ocrx_word' id='word_1_383' title='bbox 1508 3040 1560 3094; x_wconf 90' lang='lat' dir='ltr'><strong>in</strong></span> <span class='ocrx_word' id='word_1_384' title='bbox 1588 3039 1742 3097; x_wconf 84' lang='lat' dir='ltr'><strong>liber-</strong></span> 
     </span>
    </p>
   </div>
   <div class='ocr_carea' id='block_1_47' title="bbox 1822 1845 3380 1918">
    <p class='ocr_par' dir='ltr' id='par_1_47' title="bbox 1822 1845 3380 1918">
     <span class='ocr_line' id='line_1_47' title="bbox 1822 1845 3380 1918; baseline -0.006 -15"><span class='ocrx_word' id='word_1_385' title='bbox 1822 1846 2156 1918; x_wconf 83' lang='lat' dir='ltr'><strong>Evangelista</strong></span> <span class='ocrx_word' id='word_1_386' title='bbox 2202 1846 2328 1916; x_wconf 88' lang='lat' dir='ltr'><strong>quid</strong></span> <span class='ocrx_word' id='word_1_387' title='bbox 2376 1845 2478 1905; x_wconf 88' lang='lat' dir='ltr'><strong>hoc</strong></span> <span class='ocrx_word' id='word_1_388' title='bbox 2519 1854 2662 1899; x_wconf 85' lang='lat' dir='ltr'><strong>esset</strong></span> <span class='ocrx_word' id='word_1_389' title='bbox 2699 1849 3084 1912; x_wconf 86' lang='lat' dir='ltr'><strong>consequenter</strong></span> <span class='ocrx_word' id='word_1_390' title='bbox 3112 1852 3380 1916; x_wconf 76' lang='lat' dir='ltr'><strong>exponens</strong></span> 
     </span>
    </p>
   </div>
   <div class='ocr_carea' id='block_1_48' title="bbox 1823 1927 3384 2008">
    <p class='ocr_par' dir='ltr' id='par_1_48' title="bbox 1823 1927 3384 2008">
     <span class='ocr_line' id='line_1_48' title="bbox 1823 1927 3384 2008; baseline -0.004 -14"><span class='ocrx_word' id='word_1_391' title='bbox 1823 1939 1935 2007; x_wconf 82' lang='lat' dir='ltr'><strong>ait:</strong></span> <span class='ocrx_word' id='word_1_392' title='bbox 1968 1938 2080 2006; x_wconf 82' lang='lat' dir='ltr'><strong>Hoc</strong></span> <span class='ocrx_word' id='word_1_393' title='bbox 2104 1945 2282 2008; x_wconf 84' lang='lat' dir='ltr'><strong>autem</strong></span> <span class='ocrx_word' id='word_1_394' title='bbox 2311 1936 2521 1993; x_wconf 83' lang='lat' dir='ltr'><strong>dicebat</strong></span> <span class='ocrx_word' id='word_1_395' title='bbox 2543 1934 2610 1990; x_wconf 92' lang='lat' dir='ltr'><strong>de</strong></span> <span class='ocrx_word' id='word_1_396' title='bbox 2637 1932 2834 2003; x_wconf 87' lang='lat' dir='ltr'><strong>templo</strong></span> <span class='ocrx_word' id='word_1_397' title='bbox 2852 1931 3090 2000; x_wconf 71' lang='lat' dir='ltr'><strong>corporis</strong></span> <span class='ocrx_word' id='word_1_398' title='bbox 3115 1929 3219 1989; x_wconf 82' lang='lat' dir='ltr'><strong>sui.</strong></span> <span class='ocrx_word' id='word_1_399' title='bbox 3245 1927 3384 1998; x_wconf 78' lang='lat' dir='ltr'><strong>Quid</strong></span> 
     </span>
    </p>
   </div>
   <div class='ocr_carea' id='block_1_49' title="bbox 1840 2022 3386 2103">
    <p class='ocr_par' dir='ltr' id='par_1_49' title="bbox 1840 2022 3386 2103">
     <span class='ocr_line' id='line_1_49' title="bbox 1840 2022 3386 2103; baseline -0.011 -18"><span class='ocrx_word' id='word_1_400' title='bbox 1840 2043 1968 2096; x_wconf 76' lang='lat' dir='ltr'><strong>ergo</strong></span> <span class='ocrx_word' id='word_1_401' title='bbox 1997 2027 2118 2084; x_wconf 71' lang='lat' dir='ltr'><strong>est?</strong></span> <span class='ocrx_word' id='word_1_402' title='bbox 2147 2025 2378 2103; x_wconf 81' lang='lat' dir='ltr'><strong>iloccine</strong></span> <span class='ocrx_word' id='word_1_403' title='bbox 2407 2027 2669 2083; x_wconf 86' lang='lat' dir='ltr'><strong>interesse</strong></span> <span class='ocrx_word' id='word_1_404' title='bbox 2691 2022 3012 2092; x_wconf 77' lang='lat' dir='ltr'><strong>arbitramur</strong></span> <span class='ocrx_word' id='word_1_405' title='bbox 3049 2023 3188 2095; x_wconf 84' lang='lat' dir='ltr'><strong>inter</strong></span> <span class='ocrx_word' id='word_1_406' title='bbox 3229 2026 3386 2096; x_wconf 78' lang='lat' dir='ltr'><strong>caput</strong></span> 
     </span>
    </p>
   </div>
   <div class='ocr_carea' id='block_1_50' title="bbox 1827 2108 3384 2189">
    <p class='ocr_par' dir='ltr' id='par_1_50' title="bbox 1827 2108 3384 2189">
     <span class='ocr_line' id='line_1_50' title="bbox 1827 2108 3384 2189; baseline -0.008 -12"><span class='ocrx_word' id='word_1_407' title='bbox 1827 2131 1880 2188; x_wconf 90' lang='lat' dir='ltr'><strong>et</strong></span> <span class='ocrx_word' id='word_1_408' title='bbox 1904 2122 2139 2185; x_wconf 84' lang='lat' dir='ltr'><strong>membra</strong></span> <span class='ocrx_word' id='word_1_409' title='bbox 2167 2127 2359 2174; x_wconf 58' lang='lat' dir='ltr'><strong>cetera</strong></span> <span class='ocrx_word' id='word_1_410' title='bbox 2379 2158 2396 2184; x_wconf 90' lang='lat'><strong>,</strong></span> <span class='ocrx_word' id='word_1_411' title='bbox 2424 2116 2563 2189; x_wconf 90' lang='lat' dir='ltr'><strong>quod</strong></span> <span class='ocrx_word' id='word_1_412' title='bbox 2589 2117 2642 2171; x_wconf 91' lang='lat' dir='ltr'><strong>in</strong></span> <span class='ocrx_word' id='word_1_413' title='bbox 2668 2113 2906 2186; x_wconf 86' lang='lat' dir='ltr'><strong>quolibet</strong></span> <span class='ocrx_word' id='word_1_414' title='bbox 2931 2112 3172 2186; x_wconf 80' lang='lat' dir='ltr'><strong>quamvis</strong></span> <span class='ocrx_word' id='word_1_415' title='bbox 3199 2108 3384 2183; x_wconf 58' lang='lat' dir='ltr'><strong>praci-</strong></span> 
     </span>
    </p>
   </div>
   <div class='ocr_carea' id='block_1_51' title="bbox 1831 2205 3386 2287">
    <p class='ocr_par' dir='ltr' id='par_1_51' title="bbox 1831 2205 3386 2287">
     <span class='ocr_line' id='line_1_51' title="bbox 1831 2205 3386 2287; baseline -0.01 -14"><span class='ocrx_word' id='word_1_416' title='bbox 1831 2231 1934 2287; x_wconf 88' lang='lat' dir='ltr'><strong>puo</strong></span> <span class='ocrx_word' id='word_1_417' title='bbox 1962 2216 2232 2280; x_wconf 86' lang='lat' dir='ltr'><strong>membro,</strong></span> <span class='ocrx_word' id='word_1_418' title='bbox 2277 2214 2424 2275; x_wconf 83' lang='lat' dir='ltr'><strong>velut</strong></span> <span class='ocrx_word' id='word_1_419' title='bbox 2466 2213 2532 2272; x_wconf 84' lang='lat' dir='ltr'><strong>in</strong></span> <span class='ocrx_word' id='word_1_420' title='bbox 2557 2211 2736 2280; x_wconf 84' lang='lat' dir='ltr'><strong>aliquo</strong></span> <span class='ocrx_word' id='word_1_421' title='bbox 2779 2223 2974 2279; x_wconf 84' lang='lat' dir='ltr'><strong>magno</strong></span> <span class='ocrx_word' id='word_1_422' title='bbox 3011 2205 3386 2278; x_wconf 51' lang='lat' dir='ltr'><strong>prophetaaut</strong></span> 
     </span>
    </p>
   </div>
   <div class='ocr_carea' id='block_1_52' title="bbox 1829 2294 3383 2378">
    <p class='ocr_par' dir='ltr' id='par_1_52' title="bbox 1829 2294 3383 2378">
     <span class='ocr_line' id='line_1_52' title="bbox 1829 2294 3383 2378; baseline -0.009 -16"><span class='ocrx_word' id='word_1_423' title='bbox 1829 2307 2106 2378; x_wconf 86' lang='lat' dir='ltr'><strong>apostolo,</strong></span> <span class='ocrx_word' id='word_1_424' title='bbox 2134 2302 2376 2375; x_wconf 81' lang='lat' dir='ltr'><strong>quamvis</strong></span> <span class='ocrx_word' id='word_1_425' title='bbox 2403 2301 2658 2375; x_wconf 70' lang='lat' dir='ltr'><strong>Divinitas</strong></span> <span class='ocrx_word' id='word_1_426' title='bbox 2689 2301 2918 2368; x_wconf 59' lang='lat' dir='ltr'><strong>habitet,</strong></span> <span class='ocrx_word' id='word_1_427' title='bbox 2949 2312 3070 2361; x_wconf 83' lang='lat' dir='ltr'><strong>non</strong></span> <span class='ocrx_word' id='word_1_428' title='bbox 3093 2307 3286 2361; x_wconf 27' lang='lat' dir='ltr'><strong>tamen,</strong></span> <span class='ocrx_word' id='word_1_429' title='bbox 3304 2294 3383 2350; x_wconf 82' lang='lat' dir='ltr'><strong>si-</strong></span> 
     </span>
    </p>
   </div>
   <div class='ocr_carea' id='block_1_53' title="bbox 1833 2379 3388 2467">
    <p class='ocr_par' dir='ltr' id='par_1_53' title="bbox 1833 2379 3388 2467">
     <span class='ocr_line' id='line_1_53' title="bbox 1833 2379 3388 2467; baseline -0.009 -13"><span class='ocrx_word' id='word_1_430' title='bbox 1833 2408 1923 2454; x_wconf 90' lang='lat' dir='ltr'><strong>cut</strong></span> <span class='ocrx_word' id='word_1_431' title='bbox 1952 2401 2004 2453; x_wconf 89' lang='lat' dir='ltr'><strong>in</strong></span> <span class='ocrx_word' id='word_1_432' title='bbox 2032 2398 2204 2467; x_wconf 88' lang='lat' dir='ltr'><strong>capite</strong></span> <span class='ocrx_word' id='word_1_433' title='bbox 2227 2394 2369 2466; x_wconf 90' lang='lat' dir='ltr'><strong>quod</strong></span> <span class='ocrx_word' id='word_1_434' title='bbox 2398 2404 2482 2450; x_wconf 89' lang='lat' dir='ltr'><strong>est</strong></span> <span class='ocrx_word' id='word_1_435' title='bbox 2507 2379 2772 2457; x_wconf 82' lang='lat' dir='ltr'><strong>Christus,</strong></span> <span class='ocrx_word' id='word_1_436' title='bbox 2803 2389 2977 2455; x_wconf 84' lang='lat' dir='ltr'><strong>omnis</strong></span> <span class='ocrx_word' id='word_1_437' title='bbox 3005 2387 3279 2459; x_wconf 83' lang='lat' dir='ltr'><strong>plenitudo</strong></span> <span class='ocrx_word' id='word_1_438' title='bbox 3306 2386 3388 2446; x_wconf 87' lang='lat' dir='ltr'><strong>Di-</strong></span> 
     </span>
    </p>
   </div>
   <div class='ocr_carea' id='block_1_54' title="bbox 1835 2478 3394 2552">
    <p class='ocr_par' dir='ltr' id='par_1_54' title="bbox 1835 2478 3394 2552">
     <span class='ocr_line' id='line_1_54' title="bbox 1835 2478 3394 2552; baseline -0.008 -8"><span class='ocrx_word' id='word_1_439' title='bbox 1835 2490 2113 2545; x_wconf 83' lang='lat' dir='ltr'><strong>vinitatis‘l</strong></span> <span class='ocrx_word' id='word_1_440' title='bbox 2151 2487 2281 2542; x_wconf 78' lang='lat' dir='ltr'><strong>Nam</strong></span> <span class='ocrx_word' id='word_1_441' title='bbox 2317 2487 2460 2546; x_wconf 65' lang='lat' dir='ltr'><strong>etin</strong></span> <span class='ocrx_word' id='word_1_442' title='bbox 2501 2492 2684 2539; x_wconf 90' lang='lat' dir='ltr'><strong>nostro</strong></span> <span class='ocrx_word' id='word_1_443' title='bbox 2720 2497 2956 2552; x_wconf 81' lang='lat' dir='ltr'><strong>corpore.</strong></span> <span class='ocrx_word' id='word_1_444' title='bbox 2991 2481 3128 2536; x_wconf 87' lang='lat' dir='ltr'><strong>inest</strong></span> <span class='ocrx_word' id='word_1_445' title='bbox 3169 2478 3394 2547; x_wconf 79' lang='lat' dir='ltr'><strong>singulis</strong></span> 
     </span>
    </p>
   </div>
   <div class='ocr_carea' id='block_1_55' title="bbox 1839 2566 3394 2643">
    <p class='ocr_par' dir='ltr' id='par_1_55' title="bbox 1839 2566 3394 2643">
     <span class='ocr_line' id='line_1_55' title="bbox 1839 2566 3394 2643; baseline -0.01 -9"><span class='ocrx_word' id='word_1_446' title='bbox 1839 2578 2132 2643; x_wconf 76' lang='lat' dir='ltr'><strong>membris;</strong></span> <span class='ocrx_word' id='word_1_447' title='bbox 2178 2575 2272 2632; x_wconf 86' lang='lat' dir='ltr'><strong>sed</strong></span> <span class='ocrx_word' id='word_1_448' title='bbox 2319 2589 2428 2636; x_wconf 77' lang='lat' dir='ltr'><strong>nan</strong></span> <span class='ocrx_word' id='word_1_449' title='bbox 2468 2581 2662 2630; x_wconf 73' lang='lat' dir='ltr'><strong>tantus</strong></span> <span class='ocrx_word' id='word_1_450' title='bbox 2691 2580 2915 2641; x_wconf 87' lang='lat' dir='ltr'><strong>quantus</strong></span> <span class='ocrx_word' id='word_1_451' title='bbox 2954 2570 3006 2631; x_wconf 86' lang='lat' dir='ltr'><strong>in</strong></span> <span class='ocrx_word' id='word_1_452' title='bbox 3046 2568 3258 2638; x_wconf 87' lang='lat' dir='ltr'><strong>capite,</strong></span> <span class='ocrx_word' id='word_1_453' title='bbox 3306 2566 3394 2622; x_wconf 91' lang='lat' dir='ltr'><strong>ubi</strong></span> 
     </span>
    </p>
   </div>
   <div class='ocr_carea' id='block_1_56' title="bbox 1840 2653 3396 2740">
    <p class='ocr_par' dir='ltr' id='par_1_56' title="bbox 1840 2653 3396 2740">
     <span class='ocr_line' id='line_1_56' title="bbox 1840 2653 3396 2740; baseline -0.01 -16"><span class='ocrx_word' id='word_1_454' title='bbox 1840 2653 2056 2740; x_wconf 80' lang='lat' dir='ltr'><strong>prorsus</strong></span> <span class='ocrx_word' id='word_1_455' title='bbox 2084 2666 2258 2722; x_wconf 89' lang='lat' dir='ltr'><strong>omnis</strong></span> <span class='ocrx_word' id='word_1_456' title='bbox 2287 2672 2370 2723; x_wconf 86' lang='lat' dir='ltr'><strong>est</strong></span> <span class='ocrx_word' id='word_1_457' title='bbox 2391 2661 2880 2734; x_wconf 80' lang='lat' dir='ltr'><strong>quinquepartitus;</strong></span> <span class='ocrx_word' id='word_1_458' title='bbox 2912 2659 2982 2717; x_wconf 88' lang='lat' dir='ltr'><strong>ibi</strong></span> <span class='ocrx_word' id='word_1_459' title='bbox 3008 2659 3150 2718; x_wconf 84' lang='lat' dir='ltr'><strong>enim</strong></span> <span class='ocrx_word' id='word_1_460' title='bbox 3174 2665 3230 2716; x_wconf 77' lang='lat' dir='ltr'><strong>et</strong></span> <span class='ocrx_word' id='word_1_461' title='bbox 3251 2656 3396 2730; x_wconf 80' lang='lat' dir='ltr'><strong>visus</strong></span> 
     </span>
    </p>
   </div>
   <div class='ocr_carea' id='block_1_57' title="bbox 1842 2744 3398 2827">
    <p class='ocr_par' dir='ltr' id='par_1_57' title="bbox 1842 2744 3398 2827">
     <span class='ocr_line' id='line_1_57' title="bbox 1842 2744 3398 2827; baseline -0.012 -10"><span class='ocrx_word' id='word_1_462' title='bbox 1842 2766 1956 2827; x_wconf 86' lang='lat' dir='ltr'><strong>est,</strong></span> <span class='ocrx_word' id='word_1_463' title='bbox 1983 2765 2036 2812; x_wconf 89' lang='lat' dir='ltr'><strong>et</strong></span> <span class='ocrx_word' id='word_1_464' title='bbox 2063 2755 2274 2813; x_wconf 85' lang='lat' dir='ltr'><strong>auditus</strong></span> <span class='ocrx_word' id='word_1_465' title='bbox 2293 2796 2309 2821; x_wconf 93' lang='lat'><strong>,</strong></span> <span class='ocrx_word' id='word_1_466' title='bbox 2335 2761 2391 2810; x_wconf 94' lang='lat' dir='ltr'><strong>et</strong></span> <span class='ocrx_word' id='word_1_467' title='bbox 2419 2751 2687 2817; x_wconf 70' lang='lat' dir='ltr'><strong>oil‘actus,</strong></span> <span class='ocrx_word' id='word_1_468' title='bbox 2707 2759 2761 2806; x_wconf 90' lang='lat' dir='ltr'><strong>et</strong></span> <span class='ocrx_word' id='word_1_469' title='bbox 2787 2758 3002 2820; x_wconf 82' lang='lat' dir='ltr'><strong>gustus,</strong></span> <span class='ocrx_word' id='word_1_470' title='bbox 3034 2756 3088 2802; x_wconf 92' lang='lat' dir='ltr'><strong>et</strong></span> <span class='ocrx_word' id='word_1_471' title='bbox 3113 2753 3280 2806; x_wconf 78' lang='lat' dir='ltr'><strong>tactus</strong></span> <span class='ocrx_word' id='word_1_472' title='bbox 3305 2761 3320 2810; x_wconf 89' lang='lat'><strong>;</strong></span> <span class='ocrx_word' id='word_1_473' title='bbox 3345 2744 3398 2800; x_wconf 83' lang='lat' dir='ltr'><strong>in</strong></span> 
     </span>
    </p>
   </div>
   <div class='ocr_carea' id='block_1_58' title="bbox 1843 2836 3401 2914">
    <p class='ocr_par' dir='ltr' id='par_1_58' title="bbox 1843 2836 3401 2914">
     <span class='ocr_line' id='line_1_58' title="bbox 1843 2836 3401 2914; baseline -0.011 -8"><span class='ocrx_word' id='word_1_474' title='bbox 1843 2849 2052 2906; x_wconf 69' lang='lat' dir='ltr'><strong>ceteris</strong></span> <span class='ocrx_word' id='word_1_475' title='bbox 2078 2855 2257 2903; x_wconf 86' lang='lat' dir='ltr'><strong>autem</strong></span> <span class='ocrx_word' id='word_1_476' title='bbox 2280 2846 2525 2902; x_wconf 83' lang='lat' dir='ltr'><strong>solusest</strong></span> <span class='ocrx_word' id='word_1_477' title='bbox 2552 2853 2745 2902; x_wconf 80' lang='lat' dir='ltr'><strong>tactus.</strong></span> <span class='ocrx_word' id='word_1_478' title='bbox 2771 2841 2852 2896; x_wconf 83' lang='lat' dir='ltr'><strong>An</strong></span> <span class='ocrx_word' id='word_1_479' title='bbox 2877 2839 3034 2903; x_wconf 85' lang='lat' dir='ltr'><strong>etiam</strong></span> <span class='ocrx_word' id='word_1_480' title='bbox 3062 2844 3253 2908; x_wconf 67' lang='lat' dir='ltr'><strong>praeter</strong></span> <span class='ocrx_word' id='word_1_481' title='bbox 3279 2836 3401 2914; x_wconf 75' lang='lat' dir='ltr'><strong>hoc,</strong></span> 
     </span>
    </p>
   </div>
   <div class='ocr_carea' id='block_1_59' title="bbox 1847 2923 3400 3008">
    <p class='ocr_par' dir='ltr' id='par_1_59' title="bbox 1847 2923 3400 3008">
     <span class='ocr_line' id='line_1_59' title="bbox 1847 2923 3400 3008; baseline -0.01 -16"><span class='ocrx_word' id='word_1_482' title='bbox 1847 2928 1991 3008; x_wconf 74' lang='lat' dir='ltr'><strong>quod</strong></span> <span class='ocrx_word' id='word_1_483' title='bbox 2020 2945 2268 3007; x_wconf 82' lang='lat' dir='ltr'><strong>tanquam</strong></span> <span class='ocrx_word' id='word_1_484' title='bbox 2300 2934 2353 2987; x_wconf 93' lang='lat' dir='ltr'><strong>in</strong></span> <span class='ocrx_word' id='word_1_485' title='bbox 2384 2934 2581 3001; x_wconf 84' lang='lat' dir='ltr'><strong>templo</strong></span> <span class='ocrx_word' id='word_1_486' title='bbox 2605 2931 2641 2996; x_wconf 88' lang='lat'><strong>,&#39;</strong></span> <span class='ocrx_word' id='word_1_487' title='bbox 2663 2931 2716 2986; x_wconf 90' lang='lat' dir='ltr'><strong>in</strong></span> <span class='ocrx_word' id='word_1_488' title='bbox 2763 2930 2855 2985; x_wconf 91' lang='lat' dir='ltr'><strong>illo</strong></span> <span class='ocrx_word' id='word_1_489' title='bbox 2893 2941 3116 2997; x_wconf 84' lang='lat' dir='ltr'><strong>corpore</strong></span> <span class='ocrx_word' id='word_1_490' title='bbox 3159 2923 3362 2981; x_wconf 79' lang='lat' dir='ltr'><strong>habitat</strong></span> <span class='ocrx_word' id='word_1_491' title='bbox 3383 2961 3400 2986; x_wconf 88' lang='lat'><strong><em>.</em></strong></span> 
     </span>
    </p>
   </div>
   <div class='ocr_carea' id='block_1_60' title="bbox 1850 3013 3402 3096">
    <p class='ocr_par' dir='ltr' id='par_1_60' title="bbox 1850 3013 3402 3096">
     <span class='ocr_line' id='line_1_60' title="bbox 1850 3013 3402 3096; baseline -0.012 -10"><span class='ocrx_word' id='word_1_492' title='bbox 1850 3029 2029 3089; x_wconf 88' lang='lat' dir='ltr'><strong>omnis</strong></span> <span class='ocrx_word' id='word_1_493' title='bbox 2059 3023 2331 3096; x_wconf 90' lang='lat' dir='ltr'><strong>plenitudo</strong></span> <span class='ocrx_word' id='word_1_494' title='bbox 2363 3021 2693 3089; x_wconf 78' lang='lat' dir='ltr'><strong>Divinitatis,</strong></span> <span class='ocrx_word' id='word_1_495' title='bbox 2721 3028 2804 3076; x_wconf 87' lang='lat' dir='ltr'><strong>est</strong></span> <span class='ocrx_word' id='word_1_496' title='bbox 2831 3017 2990 3083; x_wconf 85' lang='lat' dir='ltr'><strong>aliud.</strong></span> <span class='ocrx_word' id='word_1_497' title='bbox 3016 3015 3153 3087; x_wconf 85' lang='lat' dir='ltr'><strong>quod</strong></span> <span class='ocrx_word' id='word_1_498' title='bbox 3192 3013 3402 3072; x_wconf 85' lang='lat' dir='ltr'><strong>intersit</strong></span> 
     </span>
    </p>
   </div>
   <div class='ocr_carea' id='block_1_61' title="bbox 189 3106 3404 3198">
    <p class='ocr_par' dir='ltr' id='par_1_61' title="bbox 189 3106 3404 3198">
     <span class='ocr_line' id='line_1_61' title="bbox 189 3106 3404 3198; baseline -0.009 -11"><span class='ocrx_word' id='word_1_499' title='bbox 189 3106 356 3187; x_wconf 85' lang='lat' dir='ltr'><strong>tatem</strong></span> <span class='ocrx_word' id='word_1_500' title='bbox 383 3132 554 3186; x_wconf 90' lang='lat' dir='ltr'><strong>vocati</strong></span> <span class='ocrx_word' id='word_1_501' title='bbox 579 3133 709 3186; x_wconf 86' lang='lat' dir='ltr'><strong>estis</strong></span> <span class='ocrx_word' id='word_1_502' title='bbox 730 3173 747 3198; x_wconf 96' lang='lat'><strong>,</strong></span> <span class='ocrx_word' id='word_1_503' title='bbox 779 3130 1004 3194; x_wconf 83' lang='lat' dir='ltr'><strong>fratres;</strong></span> <span class='ocrx_word' id='word_1_504' title='bbox 1037 3137 1237 3187; x_wconf 89' lang='lat' dir='ltr'><strong>tantum</strong></span> <span class='ocrx_word' id='word_1_505' title='bbox 1270 3144 1334 3183; x_wconf 91' lang='lat' dir='ltr'><strong>ne</strong></span> <span class='ocrx_word' id='word_1_506' title='bbox 1359 3129 1658 3184; x_wconf 88' lang='lat' dir='ltr'><strong>libertatem</strong></span> <span class='ocrx_word' id='word_1_507' title='bbox 1689 3127 1742 3181; x_wconf 90' lang='lat' dir='ltr'><strong>in</strong></span> <span class='ocrx_word' id='word_1_508' title='bbox 1767 3113 1816 3179; x_wconf 76' lang='grc' dir='ltr'>Ο</span> <span class='ocrx_word' id='word_1_509' title='bbox 1855 3123 1995 3186; x_wconf 88' lang='lat' dir='ltr'><strong>inter</strong></span> <span class='ocrx_word' id='word_1_510' title='bbox 2023 3119 2147 3173; x_wconf 89' lang='lat' dir='ltr'><strong>illud</strong></span> <span class='ocrx_word' id='word_1_511' title='bbox 2172 3123 2330 3189; x_wconf 90' lang='lat' dir='ltr'><strong>caput</strong></span> <span class='ocrx_word' id='word_1_512' title='bbox 2356 3124 2412 3171; x_wconf 94' lang='lat' dir='ltr'><strong>et</strong></span> <span class='ocrx_word' id='word_1_513' title='bbox 2441 3113 2720 3184; x_wconf 80' lang='lat' dir='ltr'><strong>cujuslibet</strong></span> <span class='ocrx_word' id='word_1_514' title='bbox 2744 3111 2967 3166; x_wconf 85' lang='lat' dir='ltr'><strong>membri</strong></span> <span class='ocrx_word' id='word_1_515' title='bbox 2993 3106 3404 3198; x_wconf 74' lang='lat' dir='ltr'><strong>excellentiam?</strong></span> 
     </span>
    </p>
   </div>
   <div class='ocr_carea' id='block_1_62' title="bbox 185 3210 1747 3292">
    <p class='ocr_par' dir='ltr' id='par_1_62' title="bbox 185 3210 1747 3292">
     <span class='ocr_line' id='line_1_62' title="bbox 185 3210 1747 3292; baseline -0.004 -16"><span class='ocrx_word' id='word_1_516' title='bbox 185 3219 527 3279; x_wconf 87' lang='lat' dir='ltr'><strong>occasionem</strong></span> <span class='ocrx_word' id='word_1_517' title='bbox 551 3220 732 3280; x_wconf 86' lang='lat' dir='ltr'><strong>carnis</strong></span> <span class='ocrx_word' id='word_1_518' title='bbox 759 3218 1044 3289; x_wconf 72' lang='lat' dir='ltr'><strong>detis,sed</strong></span> <span class='ocrx_word' id='word_1_519' title='bbox 1073 3234 1165 3287; x_wconf 91' lang='lat' dir='ltr'><strong>per</strong></span> <span class='ocrx_word' id='word_1_520' title='bbox 1201 3218 1511 3292; x_wconf 70' lang='lat' dir='ltr'><strong>citaritatem</strong></span> <span class='ocrx_word' id='word_1_521' title='bbox 1551 3210 1747 3271; x_wconf 86' lang='lat' dir='ltr'><strong>servite</strong></span> 
     </span>
    </p>
   </div>
   <div class='ocr_carea' id='block_1_63' title="bbox 189 3305 1745 3378">
    <p class='ocr_par' dir='ltr' id='par_1_63' title="bbox 189 3305 1745 3378">
     <span class='ocr_line' id='line_1_63' title="bbox 189 3305 1745 3378; baseline -0.003 -14"><span class='ocrx_word' id='word_1_522' title='bbox 189 3309 458 3376; x_wconf 83' lang='lat' dir='ltr'><strong>invicem;</strong></span> <span class='ocrx_word' id='word_1_523' title='bbox 491 3308 633 3378; x_wconf 92' lang='lat' dir='ltr'><strong>quod</strong></span> <span class='ocrx_word' id='word_1_524' title='bbox 664 3308 776 3365; x_wconf 82' lang='lat' dir='ltr'><strong>ﬁeri</strong></span> <span class='ocrx_word' id='word_1_525' title='bbox 807 3323 911 3362; x_wconf 90' lang='lat' dir='ltr'><strong>non</strong></span> <span class='ocrx_word' id='word_1_526' title='bbox 938 3316 1108 3376; x_wconf 89' lang='lat' dir='ltr'><strong>potest</strong></span> <span class='ocrx_word' id='word_1_527' title='bbox 1135 3349 1150 3373; x_wconf 95' lang='lat'><strong>,</strong></span> <span class='ocrx_word' id='word_1_528' title='bbox 1206 3307 1306 3361; x_wconf 85' lang='lat' dir='ltr'><strong>nisi</strong></span> <span class='ocrx_word' id='word_1_529' title='bbox 1347 3307 1565 3361; x_wconf 87' lang='lat' dir='ltr'><strong>alterius</strong></span> <span class='ocrx_word' id='word_1_530' title='bbox 1595 3305 1745 3359; x_wconf 89' lang='lat' dir='ltr'><strong>inﬁr-</strong></span> 
     </span>
    </p>
   </div>
   <div class='ocr_carea' id='block_1_64' title="bbox 189 3398 1750 3469">
    <p class='ocr_par' dir='ltr' id='par_1_64' title="bbox 189 3398 1750 3469">
     <span class='ocr_line' id='line_1_64' title="bbox 189 3398 1750 3469; baseline -0.003 -15"><span class='ocrx_word' id='word_1_531' title='bbox 189 3401 432 3454; x_wconf 81' lang='lat' dir='ltr'><strong>mitatem</strong></span> <span class='ocrx_word' id='word_1_532' title='bbox 473 3399 697 3469; x_wconf 89' lang='lat' dir='ltr'><strong>quisque</strong></span> <span class='ocrx_word' id='word_1_533' title='bbox 731 3398 920 3453; x_wconf 87' lang='lat' dir='ltr'><strong>habeat</strong></span> <span class='ocrx_word' id='word_1_534' title='bbox 940 3398 1088 3466; x_wconf 88' lang='lat' dir='ltr'><strong>quasi</strong></span> <span class='ocrx_word' id='word_1_535' title='bbox 1117 3399 1290 3463; x_wconf 85' lang='lat' dir='ltr'><strong>suam,</strong></span> <span class='ocrx_word' id='word_1_536' title='bbox 1319 3406 1377 3451; x_wconf 93' lang='lat' dir='ltr'><strong>ut</strong></span> <span class='ocrx_word' id='word_1_537' title='bbox 1418 3412 1534 3452; x_wconf 90' lang='lat' dir='ltr'><strong>eam</strong></span> <span class='ocrx_word' id='word_1_538' title='bbox 1571 3412 1750 3467; x_wconf 68' lang='lat' dir='ltr'><strong>aequa-</strong></span> 
     </span>
    </p>
   </div>
   <div class='ocr_carea' id='block_1_65' title="bbox 191 3487 1752 3555">
    <p class='ocr_par' dir='ltr' id='par_1_65' title="bbox 191 3487 1752 3555">
     <span class='ocr_line' id='line_1_65' title="bbox 191 3487 1752 3555; baseline -0.001 -12"><span class='ocrx_word' id='word_1_539' title='bbox 191 3490 412 3544; x_wconf 87' lang='lat' dir='ltr'><strong>nimiter</strong></span> <span class='ocrx_word' id='word_1_540' title='bbox 439 3489 594 3552; x_wconf 79' lang='lat' dir='ltr'><strong>ferat,</strong></span> <span class='ocrx_word' id='word_1_541' title='bbox 625 3489 798 3543; x_wconf 88' lang='lat' dir='ltr'><strong>donec</strong></span> <span class='ocrx_word' id='word_1_542' title='bbox 825 3489 892 3543; x_wconf 91' lang='lat' dir='ltr'><strong>ab</strong></span> <span class='ocrx_word' id='word_1_543' title='bbox 915 3504 975 3543; x_wconf 91' lang='lat' dir='ltr'><strong>ea</strong></span> <span class='ocrx_word' id='word_1_544' title='bbox 1002 3488 1258 3543; x_wconf 86' lang='lat' dir='ltr'><strong>liberetur</strong></span> <span class='ocrx_word' id='word_1_545' title='bbox 1277 3487 1395 3552; x_wconf 91' lang='lat' dir='ltr'><strong>ille,</strong></span> <span class='ocrx_word' id='word_1_546' title='bbox 1422 3488 1572 3555; x_wconf 89' lang='lat' dir='ltr'><strong>cujus</strong></span> <span class='ocrx_word' id='word_1_547' title='bbox 1600 3495 1752 3542; x_wconf 86' lang='lat' dir='ltr'><strong>curat</strong></span> 
     </span>
    </p>
   </div>
   <div class='ocr_carea' id='block_1_66' title="bbox 189 3575 1750 3646">
    <p class='ocr_par' dir='ltr' id='par_1_66' title="bbox 189 3575 1750 3646">
     <span class='ocr_line' id='line_1_66' title="bbox 189 3575 1750 3646; baseline -0.003 -14"><span class='ocrx_word' id='word_1_548' title='bbox 189 3579 440 3632; x_wconf 86' lang='lat' dir='ltr'><strong>salutem.</strong></span> <span class='ocrx_word' id='word_1_549' title='bbox 476 3577 613 3630; x_wconf 76' lang='lat' dir='ltr'><strong>llaro</strong></span> <span class='ocrx_word' id='word_1_550' title='bbox 635 3590 763 3646; x_wconf 89' lang='lat' dir='ltr'><strong>ergo</strong></span> <span class='ocrx_word' id='word_1_551' title='bbox 784 3584 839 3630; x_wconf 91' lang='lat' dir='ltr'><strong>et</strong></span> <span class='ocrx_word' id='word_1_552' title='bbox 881 3576 982 3645; x_wconf 85' lang='lat' dir='ltr'><strong>[in]</strong></span> <span class='ocrx_word' id='word_1_553' title='bbox 1009 3591 1197 3644; x_wconf 88' lang='lat' dir='ltr'><strong>magna</strong></span> <span class='ocrx_word' id='word_1_554' title='bbox 1227 3577 1545 3631; x_wconf 87' lang='lat' dir='ltr'><strong>necessitate</strong></span> <span class='ocrx_word' id='word_1_555' title='bbox 1571 3575 1750 3644; x_wconf 86' lang='lat' dir='ltr'><strong>objur-</strong></span> 
     </span>
    </p>
   </div>
   <div class='ocr_carea' id='block_1_67' title="bbox 191 3666 1754 3737">
    <p class='ocr_par' dir='ltr' id='par_1_67' title="bbox 191 3666 1754 3737">
     <span class='ocr_line' id='line_1_67' title="bbox 191 3666 1754 3737; baseline 0.003 -18"><span class='ocrx_word' id='word_1_556' title='bbox 191 3667 438 3737; x_wconf 84' lang='lat' dir='ltr'><strong>gationes</strong></span> <span class='ocrx_word' id='word_1_557' title='bbox 464 3666 779 3722; x_wconf 75' lang='lat' dir='ltr'><strong>adhibenda:</strong></span> <span class='ocrx_word' id='word_1_558' title='bbox 808 3677 930 3726; x_wconf 87' lang='lat' dir='ltr'><strong>sunt</strong></span> <span class='ocrx_word' id='word_1_559' title='bbox 960 3685 972 3718; x_wconf 88' lang='lat'>:</span> <span class='ocrx_word' id='word_1_560' title='bbox 999 3667 1071 3720; x_wconf 75' lang='lat' dir='ltr'><strong>ita</strong></span> <span class='ocrx_word' id='word_1_561' title='bbox 1100 3675 1275 3722; x_wconf 89' lang='lat' dir='ltr'><strong>tamen</strong></span> <span class='ocrx_word' id='word_1_562' title='bbox 1301 3676 1358 3722; x_wconf 88' lang='lat' dir='ltr'><strong>ut</strong></span> <span class='ocrx_word' id='word_1_563' title='bbox 1396 3669 1556 3723; x_wconf 91' lang='lat' dir='ltr'><strong>etiam</strong></span> <span class='ocrx_word' id='word_1_564' title='bbox 1585 3668 1637 3721; x_wconf 91' lang='lat' dir='ltr'><strong>in</strong></span> <span class='ocrx_word' id='word_1_565' title='bbox 1669 3668 1754 3723; x_wconf 88' lang='lat' dir='ltr'><strong>his</strong></span> 
     </span>
    </p>
   </div>
   <div class='ocr_carea' id='block_1_68' title="bbox 194 3758 1754 3838">
    <p class='ocr_par' dir='ltr' id='par_1_68' title="bbox 194 3758 1754 3838">
     <span class='ocr_line' id='line_1_68' title="bbox 194 3758 1754 3838; baseline 0.001 -26"><span class='ocrx_word' id='word_1_566' title='bbox 194 3758 365 3826; x_wconf 82' lang='lat' dir='ltr'><strong>ipsis,</strong></span> <span class='ocrx_word' id='word_1_567' title='bbox 418 3772 522 3812; x_wconf 92' lang='lat' dir='ltr'><strong>non</strong></span> <span class='ocrx_word' id='word_1_568' title='bbox 562 3759 713 3812; x_wconf 88' lang='lat' dir='ltr'><strong>nobis</strong></span> <span class='ocrx_word' id='word_1_569' title='bbox 744 3799 765 3825; x_wconf 58' lang='grc' dir='ltr'><strong>ι</strong></span> <span class='ocrx_word' id='word_1_570' title='bbox 792 3759 884 3812; x_wconf 91' lang='lat' dir='ltr'><strong>sed</strong></span> <span class='ocrx_word' id='word_1_571' title='bbox 935 3759 1041 3812; x_wconf 91' lang='lat' dir='ltr'><strong>Deo</strong></span> <span class='ocrx_word' id='word_1_572' title='bbox 1084 3758 1352 3838; x_wconf 83' lang='lat' dir='ltr'><strong>[Domino]</strong></span> <span class='ocrx_word' id='word_1_573' title='bbox 1393 3767 1449 3816; x_wconf 90' lang='lat' dir='ltr'><strong>ut</strong></span> <span class='ocrx_word' id='word_1_574' title='bbox 1495 3762 1754 3816; x_wconf 87' lang='lat' dir='ltr'><strong>serviatur</strong></span> 
     </span>
    </p>
   </div>
   <div class='ocr_carea' id='block_1_69' title="bbox 194 3849 1753 3923">
    <p class='ocr_par' dir='ltr' id='par_1_69' title="bbox 194 3849 1753 3923">
     <span class='ocr_line' id='line_1_69' title="bbox 194 3849 1753 3923; baseline 0.001 -20"><span class='ocrx_word' id='word_1_575' title='bbox 194 3849 476 3905; x_wconf 89' lang='lat' dir='ltr'><strong>instemus.</strong></span> <span class='ocrx_word' id='word_1_576' title='bbox 509 3850 624 3918; x_wconf 91' lang='lat' dir='ltr'><strong>Ipse</strong></span> <span class='ocrx_word' id='word_1_577' title='bbox 645 3859 729 3908; x_wconf 75' lang='lat' dir='ltr'><strong>est,</strong></span> <span class='ocrx_word' id='word_1_578' title='bbox 751 3850 890 3910; x_wconf 89' lang='lat' dir='ltr'><strong>enim</strong></span> <span class='ocrx_word' id='word_1_579' title='bbox 926 3849 1066 3917; x_wconf 84' lang='lat' dir='ltr'><strong>ﬁnis,</strong></span> <span class='ocrx_word' id='word_1_580' title='bbox 1099 3858 1156 3904; x_wconf 93' lang='lat' dir='ltr'><strong>ut</strong></span> <span class='ocrx_word' id='word_1_581' title='bbox 1201 3849 1327 3904; x_wconf 92' lang='lat' dir='ltr'><strong>nihil</strong></span> <span class='ocrx_word' id='word_1_582' title='bbox 1355 3849 1549 3923; x_wconf 87' lang='lat' dir='ltr'><strong>duplici</strong></span> <span class='ocrx_word' id='word_1_583' title='bbox 1576 3851 1753 3907; x_wconf 67' lang='lat' dir='ltr'><strong>cordi:</strong></span> 
     </span>
    </p>
   </div>
   <div class='ocr_carea' id='block_1_70' title="bbox 193 3940 1747 4007">
    <p class='ocr_par' dir='ltr' id='par_1_70' title="bbox 193 3940 1747 4007">
     <span class='ocr_line' id='line_1_70' title="bbox 193 3940 1747 4007; baseline 0 -12"><span class='ocrx_word' id='word_1_584' title='bbox 193 3940 479 4007; x_wconf 61' lang='lat' dir='ltr'><strong>faciamus,</strong></span> <span class='ocrx_word' id='word_1_585' title='bbox 501 3941 796 3998; x_wconf 75' lang='lat' dir='ltr'><strong>auferentes</strong></span> <span class='ocrx_word' id='word_1_586' title='bbox 829 3942 1029 3995; x_wconf 81' lang='lat' dir='ltr'><strong>trabem</strong></span> <span class='ocrx_word' id='word_1_587' title='bbox 1073 3941 1140 3995; x_wconf 82' lang='lat' dir='ltr'><strong>de</strong></span> <span class='ocrx_word' id='word_1_588' title='bbox 1180 3941 1335 4000; x_wconf 87' lang='lat' dir='ltr'><strong>oculo</strong></span> <span class='ocrx_word' id='word_1_589' title='bbox 1377 3950 1560 3995; x_wconf 92' lang='lat' dir='ltr'><strong>nostro</strong></span> <span class='ocrx_word' id='word_1_590' title='bbox 1613 3941 1747 3995; x_wconf 88' lang='lat' dir='ltr'><strong>invi-</strong></span> 
     </span>
    </p>
   </div>
   <div class='ocr_carea' id='block_1_71' title="bbox 193 4029 1752 4098">
    <p class='ocr_par' dir='ltr' id='par_1_71' title="bbox 193 4029 1752 4098">
     <span class='ocr_line' id='line_1_71' title="bbox 193 4029 1752 4098; baseline -0.001 -8"><span class='ocrx_word' id='word_1_591' title='bbox 193 4033 392 4090; x_wconf 60' lang='lat' dir='ltr'><strong>dentia?</strong></span> <span class='ocrx_word' id='word_1_592' title='bbox 417 4071 432 4095; x_wconf 87' lang='lat'><strong>,</strong></span> <span class='ocrx_word' id='word_1_593' title='bbox 469 4032 551 4085; x_wconf 91' lang='lat' dir='ltr'><strong>vel</strong></span> <span class='ocrx_word' id='word_1_594' title='bbox 583 4031 828 4095; x_wconf 70' lang='lat' dir='ltr'><strong>malitiae,</strong></span> <span class='ocrx_word' id='word_1_595' title='bbox 853 4031 934 4084; x_wconf 92' lang='lat' dir='ltr'><strong>vel</strong></span> <span class='ocrx_word' id='word_1_596' title='bbox 965 4029 1321 4089; x_wconf 82' lang='lat' dir='ltr'><strong>simulationis</strong></span> <span class='ocrx_word' id='word_1_597' title='bbox 1344 4071 1360 4098; x_wconf 88' lang='lat'><strong>,</strong></span> <span class='ocrx_word' id='word_1_598' title='bbox 1395 4042 1452 4088; x_wconf 90' lang='lat' dir='ltr'><strong>ut</strong></span> <span class='ocrx_word' id='word_1_599' title='bbox 1483 4032 1752 4091; x_wconf 84' lang='lat' dir='ltr'><strong>videamus</strong></span> 
     </span>
    </p>
   </div>
   <div class='ocr_carea' id='block_1_72' title="bbox 190 4110 1215 4193">
    <p class='ocr_par' dir='ltr' id='par_1_72' title="bbox 190 4110 1215 4193">
     <span class='ocr_line' id='line_1_72' title="bbox 190 4110 1215 4193; baseline 0 -17"><span class='ocrx_word' id='word_1_600' title='bbox 190 4110 390 4193; x_wconf 61' lang='lat' dir='ltr'><strong>ejicere</strong></span> <span class='ocrx_word' id='word_1_601' title='bbox 417 4122 668 4177; x_wconf 76' lang='lat' dir='ltr'><strong>festucam</strong></span> <span class='ocrx_word' id='word_1_602' title='bbox 699 4121 764 4177; x_wconf 83' lang='lat' dir='ltr'><strong>(le</strong></span> <span class='ocrx_word' id='word_1_603' title='bbox 792 4116 1174 4177; x_wconf 49' lang='lat' dir='ltr'><strong>oculo&#39;lratri&#39;s.</strong></span> <span class='ocrx_word' id='word_1_604' title='bbox 1211 4123 1215 4127; x_wconf 82' lang='grc'><em>’</em></span> 
     </span>
    </p>
   </div>
   <div class='ocr_carea' id='block_1_73' title="bbox 720 4247 1224 4310">
    <p class='ocr_par' dir='ltr' id='par_1_73' title="bbox 720 4247 1224 4310">
     <span class='ocr_line' id='line_1_73' title="bbox 720 4247 1224 4310; baseline 0 -7"><span class='ocrx_word' id='word_1_605' title='bbox 720 4248 945 4310; x_wconf 81' lang='lat' dir='ltr'><strong>CAPUT</strong></span> <span class='ocrx_word' id='word_1_606' title='bbox 980 4247 1224 4307; x_wconf 76' lang='lat' dir='ltr'><strong>CCCXX.</strong></span> 
     </span>
    </p>
   </div>
   <div class='ocr_carea' id='block_1_74' title="bbox 197 4361 1753 4432">
    <p class='ocr_par' dir='ltr' id='par_1_74' title="bbox 197 4361 1753 4432">
     <span class='ocr_line' id='line_1_74' title="bbox 197 4361 1753 4432; baseline 0.001 -15"><span class='ocrx_word' id='word_1_607' title='bbox 197 4364 429 4429; x_wconf 74' lang='lat' dir='ltr'><strong>Qualiter</strong></span> <span class='ocrx_word' id='word_1_608' title='bbox 473 4362 854 4430; x_wconf 65' lang='lat' dir='ltr'><strong>intelligendum</strong></span> <span class='ocrx_word' id='word_1_609' title='bbox 892 4361 944 4413; x_wconf 80' lang='lat' dir='ltr'><strong>in</strong></span> <span class='ocrx_word' id='word_1_610' title='bbox 976 4362 1089 4428; x_wconf 73' lang='lat' dir='ltr'><strong>ipso</strong></span> <span class='ocrx_word' id='word_1_611' title='bbox 1129 4361 1450 4432; x_wconf 69' lang='lat' dir='ltr'><strong>habitationis</strong></span> <span class='ocrx_word' id='word_1_612' title='bbox 1487 4364 1753 4432; x_wconf 66' lang='lat' dir='ltr'><strong>plenitudo</strong></span> 
     </span>
    </p>
   </div>
   <div class='ocr_carea' id='block_1_75' title="bbox 269 4430 1750 4502">
    <p class='ocr_par' dir='ltr' id='par_1_75' title="bbox 269 4430 1750 4502">
     <span class='ocr_line' id='line_1_75' title="bbox 269 4430 1750 4502; baseline 0.002 -16"><span class='ocrx_word' id='word_1_613' title='bbox 269 4433 565 4487; x_wconf 82' lang='lat' dir='ltr'><strong>Diuimtatis</strong></span> <span class='ocrx_word' id='word_1_614' title='bbox 590 4431 952 4502; x_wconf 68' lang='lat' dir='ltr'><strong>corporaliter;</strong></span> <span class='ocrx_word' id='word_1_615' title='bbox 984 4446 1046 4486; x_wconf 77' lang='lat' dir='ltr'><strong>ea:</strong></span> <span class='ocrx_word' id='word_1_616' title='bbox 1071 4432 1200 4486; x_wconf 66' lang='lat' dir='ltr'><strong>libro</strong></span> <span class='ocrx_word' id='word_1_617' title='bbox 1227 4432 1290 4484; x_wconf 80' lang='lat' dir='ltr'><strong>de</strong></span> <span class='ocrx_word' id='word_1_618' title='bbox 1323 4430 1603 4491; x_wconf 64' lang='lat' dir='ltr'><strong>Praesentia</strong></span> <span class='ocrx_word' id='word_1_619' title='bbox 1633 4432 1750 4490; x_wconf 78' lang='lat' dir='ltr'><strong>Dei.</strong></span> 
     </span>
    </p>
   </div>
   <div class='ocr_carea' id='block_1_76' title="bbox 273 4552 1752 4632">
    <p class='ocr_par' dir='ltr' id='par_1_76' title="bbox 273 4552 1752 4632">
     <span class='ocr_line' id='line_1_76' title="bbox 273 4552 1752 4632; baseline 0.002 -17"><span class='ocrx_word' id='word_1_620' title='bbox 273 4560 488 4618; x_wconf 80' lang='lat' dir='ltr'><strong>Habitat</strong></span> <span class='ocrx_word' id='word_1_621' title='bbox 526 4559 701 4629; x_wconf 84' lang='lat' dir='ltr'><strong>itaque</strong></span> <span class='ocrx_word' id='word_1_622' title='bbox 738 4552 913 4615; x_wconf 83' lang='lat' dir='ltr'><strong>omnis</strong></span> <span class='ocrx_word' id='word_1_623' title='bbox 945 4557 999 4612; x_wconf 87' lang='lat' dir='ltr'><strong>in</strong></span> <span class='ocrx_word' id='word_1_624' title='bbox 1036 4558 1257 4629; x_wconf 78' lang='lat' dir='ltr'><strong>singulis</strong></span> <span class='ocrx_word' id='word_1_625' title='bbox 1294 4561 1464 4626; x_wconf 85' lang='lat' dir='ltr'><strong>Deus,</strong></span> <span class='ocrx_word' id='word_1_626' title='bbox 1504 4570 1752 4632; x_wconf 84' lang='lat' dir='ltr'><strong>tanquam</strong></span> 
     </span>
    </p>
   </div>
   <div class='ocr_carea' id='block_1_77' title="bbox 205 4647 1754 4717">
    <p class='ocr_par' dir='ltr' id='par_1_77' title="bbox 205 4647 1754 4717">
     <span class='ocr_line' id='line_1_77' title="bbox 205 4647 1754 4717; baseline 0.003 -14"><span class='ocrx_word' id='word_1_627' title='bbox 205 4650 259 4703; x_wconf 83' lang='lat' dir='ltr'><strong>in</strong></span> <span class='ocrx_word' id='word_1_628' title='bbox 295 4647 505 4717; x_wconf 88' lang='lat' dir='ltr'><strong>templis</strong></span> <span class='ocrx_word' id='word_1_629' title='bbox 535 4651 678 4715; x_wconf 82' lang='lat' dir='ltr'><strong>suis,</strong></span> <span class='ocrx_word' id='word_1_630' title='bbox 712 4657 764 4702; x_wconf 85' lang='lat' dir='ltr'><strong>et</strong></span> <span class='ocrx_word' id='word_1_631' title='bbox 792 4648 853 4703; x_wconf 68' lang='lat' dir='ltr'><strong>in</strong></span> <span class='ocrx_word' id='word_1_632' title='bbox 874 4648 1119 4703; x_wconf 77' lang='lat' dir='ltr'><strong>Omnibus</strong></span> <span class='ocrx_word' id='word_1_633' title='bbox 1146 4649 1304 4704; x_wconf 90' lang='lat' dir='ltr'><strong>simul</strong></span> <span class='ocrx_word' id='word_1_634' title='bbox 1335 4651 1386 4704; x_wconf 92' lang='lat' dir='ltr'><strong>in</strong></span> <span class='ocrx_word' id='word_1_635' title='bbox 1425 4661 1586 4706; x_wconf 90' lang='lat' dir='ltr'><strong>unum</strong></span> <span class='ocrx_word' id='word_1_636' title='bbox 1625 4668 1754 4707; x_wconf 90' lang='lat' dir='ltr'><strong>con-</strong></span> 
     </span>
    </p>
   </div>
   <div class='ocr_carea' id='block_1_78' title="bbox 196 4737 1755 4812">
    <p class='ocr_par' dir='ltr' id='par_1_78' title="bbox 196 4737 1755 4812">
     <span class='ocr_line' id='line_1_78' title="bbox 196 4737 1755 4812; baseline 0.003 -21"><span class='ocrx_word' id='word_1_637' title='bbox 196 4737 463 4806; x_wconf 83' lang='lat' dir='ltr'><strong>gregatis,</strong></span> <span class='ocrx_word' id='word_1_638' title='bbox 508 4746 755 4806; x_wconf 84' lang='lat' dir='ltr'><strong>tanquam</strong></span> <span class='ocrx_word' id='word_1_639' title='bbox 806 4738 858 4792; x_wconf 90' lang='lat' dir='ltr'><strong>in</strong></span> <span class='ocrx_word' id='word_1_640' title='bbox 907 4739 1102 4807; x_wconf 87' lang='lat' dir='ltr'><strong>templo</strong></span> <span class='ocrx_word' id='word_1_641' title='bbox 1144 4753 1280 4803; x_wconf 88' lang='lat' dir='ltr'><strong>suo;</strong></span> <span class='ocrx_word' id='word_1_642' title='bbox 1325 4740 1465 4807; x_wconf 90' lang='lat' dir='ltr'><strong>quod</strong></span> <span class='ocrx_word' id='word_1_643' title='bbox 1503 4743 1755 4812; x_wconf 88' lang='lat' dir='ltr'><strong>templunt</strong></span> 
     </span>
    </p>
   </div>
   <div class='ocr_carea' id='block_1_79' title="bbox 197 4824 1758 4897">
    <p class='ocr_par' dir='ltr' id='par_1_79' title="bbox 197 4824 1758 4897">
     <span class='ocr_line' id='line_1_79' title="bbox 197 4824 1758 4897; baseline 0.004 -19"><span class='ocrx_word' id='word_1_644' title='bbox 197 4824 454 4894; x_wconf 83' lang='lat' dir='ltr'><strong>quaudiu,</strong></span> <span class='ocrx_word' id='word_1_645' title='bbox 494 4826 788 4880; x_wconf 75' lang='lat' dir='ltr'><strong>sicutarca</strong></span> <span class='ocrx_word' id='word_1_646' title='bbox 823 4825 954 4891; x_wconf 84' lang='lat' dir='ltr'><strong>Noe,</strong></span> <span class='ocrx_word' id='word_1_647' title='bbox 983 4827 1036 4880; x_wconf 90' lang='lat' dir='ltr'><strong>itt</strong></span> <span class='ocrx_word' id='word_1_648' title='bbox 1068 4826 1169 4880; x_wconf 80' lang='lat' dir='ltr'><strong>hoc</strong></span> <span class='ocrx_word' id='word_1_649' title='bbox 1198 4829 1393 4882; x_wconf 70' lang='lat' dir='ltr'><strong>saeculo</strong></span> <span class='ocrx_word' id='word_1_650' title='bbox 1424 4828 1664 4897; x_wconf 80' lang='lat' dir='ltr'><strong>ﬂuctuat,</strong></span> <span class='ocrx_word' id='word_1_651' title='bbox 1700 4831 1758 4884; x_wconf 87' lang='lat' dir='ltr'><strong>ﬁt</strong></span> 
     </span>
    </p>
   </div>
   <div class='ocr_carea' id='block_1_80' title="bbox 197 4916 1777 4986">
    <p class='ocr_par' dir='ltr' id='par_1_80' title="bbox 197 4916 1777 4986">
     <span class='ocr_line' id='line_1_80' title="bbox 197 4916 1777 4986; baseline 0.006 -19"><span class='ocrx_word' id='word_1_652' title='bbox 197 4917 340 4985; x_wconf 82' lang='lat' dir='ltr'><strong>quod</strong></span> <span class='ocrx_word' id='word_1_653' title='bbox 373 4917 426 4970; x_wconf 92' lang='lat' dir='ltr'><strong>in</strong></span> <span class='ocrx_word' id='word_1_654' title='bbox 451 4916 655 4986; x_wconf 86' lang='lat' dir='ltr'><strong>psalmo</strong></span> <span class='ocrx_word' id='word_1_655' title='bbox 676 4918 928 4985; x_wconf 84' lang='lat' dir='ltr'><strong>scriptum</strong></span> <span class='ocrx_word' id='word_1_656' title='bbox 958 4925 1040 4971; x_wconf 88' lang='lat' dir='ltr'><strong>est</strong></span> <span class='ocrx_word' id='word_1_657' title='bbox 1065 4935 1076 4969; x_wconf 91' lang='lat'>:</span> <span class='ocrx_word' id='word_1_658' title='bbox 1110 4918 1366 4974; x_wconf 83' lang='lat' dir='ltr'><strong>Dominus</strong></span> <span class='ocrx_word' id='word_1_659' title='bbox 1392 4920 1649 4977; x_wconf 82' lang='lat' dir='ltr'><strong>dthtvium</strong></span> <span class='ocrx_word' id='word_1_660' title='bbox 1675 4917 1777 4976; x_wconf 50' lang='lat' dir='ltr'><strong>in?</strong></span> 
     </span>
    </p>
   </div>
   <div class='ocr_carea' id='block_1_81' title="bbox 201 5005 1758 5084">
    <p class='ocr_par' dir='ltr' id='par_1_81' title="bbox 201 5005 1758 5084">
     <span class='ocr_line' id='line_1_81' title="bbox 201 5005 1758 5084; baseline 0.006 -24"><span class='ocrx_word' id='word_1_661' title='bbox 201 5007 433 5072; x_wconf 86' lang='lat' dir='ltr'><strong>habitat;</strong></span> <span class='ocrx_word' id='word_1_662' title='bbox 457 5007 704 5076; x_wconf 85' lang='lat' dir='ltr'><strong>quamvis</strong></span> <span class='ocrx_word' id='word_1_663' title='bbox 724 5005 775 5060; x_wconf 86' lang='lat' dir='ltr'><strong>et</strong></span> <span class='ocrx_word' id='word_1_664' title='bbox 807 5016 1022 5078; x_wconf 85' lang='lat' dir='ltr'><strong>propter</strong></span> <span class='ocrx_word' id='word_1_665' title='bbox 1050 5009 1242 5065; x_wconf 84' lang='lat' dir='ltr'><strong>multos</strong></span> <span class='ocrx_word' id='word_1_666' title='bbox 1270 5011 1322 5071; x_wconf 91' lang='lat' dir='ltr'><strong>in</strong></span> <span class='ocrx_word' id='word_1_667' title='bbox 1351 5015 1598 5076; x_wconf 89' lang='lat' dir='ltr'><strong>omnibus</strong></span> <span class='ocrx_word' id='word_1_668' title='bbox 1626 5029 1758 5084; x_wconf 86' lang='lat' dir='ltr'><strong>gen-</strong></span> 
     </span>
    </p>
   </div>
   <div class='ocr_carea' id='block_1_82' title="bbox 201 5091 1754 5172">
    <p class='ocr_par' dir='ltr' id='par_1_82' title="bbox 201 5091 1754 5172">
     <span class='ocr_line' id='line_1_82' title="bbox 201 5091 1754 5172; baseline 0.006 -22"><span class='ocrx_word' id='word_1_669' title='bbox 201 5097 345 5150; x_wconf 88' lang='lat' dir='ltr'><strong>tibus</strong></span> <span class='ocrx_word' id='word_1_670' title='bbox 389 5097 610 5164; x_wconf 89' lang='lat' dir='ltr'><strong>populos</strong></span> <span class='ocrx_word' id='word_1_671' title='bbox 658 5093 936 5160; x_wconf 84' lang='lat' dir='ltr'><strong>ﬁdelium,</strong></span> <span class='ocrx_word' id='word_1_672' title='bbox 983 5091 1410 5172; x_wconf 65' lang='lat' dir='ltr'><strong>quos-aquarum</strong></span> <span class='ocrx_word' id='word_1_673' title='bbox 1452 5104 1665 5162; x_wconf 90' lang='lat' dir='ltr'><strong>nomine</strong></span> <span class='ocrx_word' id='word_1_674' title='bbox 1704 5105 1754 5159; x_wconf 93' lang='lat' dir='ltr'><strong>in</strong></span> 
     </span>
    </p>
   </div>
   <div class='ocr_carea' id='block_1_83' title="bbox 203 5188 1753 5270">
    <p class='ocr_par' dir='ltr' id='par_1_83' title="bbox 203 5188 1753 5270">
     <span class='ocr_line' id='line_1_83' title="bbox 203 5188 1753 5270; baseline 0.009 -28"><span class='ocrx_word' id='word_1_675' title='bbox 203 5189 522 5260; x_wconf 78' lang='lat' dir='ltr'><strong>Apocalypsi</strong></span> <span class='ocrx_word' id='word_1_676' title='bbox 561 5188 850 5256; x_wconf 87' lang='lat' dir='ltr'><strong>signiﬁcat,</strong></span> <span class='ocrx_word' id='word_1_677' title='bbox 895 5192 1066 5258; x_wconf 86' lang='lat' dir='ltr'><strong>possit</strong></span> <span class='ocrx_word' id='word_1_678' title='bbox 1099 5204 1456 5264; x_wconf 89' lang='lat' dir='ltr'><strong>congruenter</strong></span> <span class='ocrx_word' id='word_1_679' title='bbox 1499 5200 1753 5270; x_wconf 82' lang='lat' dir='ltr'><strong>intelligi:</strong></span> 
     </span>
    </p>
   </div>
   <div class='ocr_carea' id='block_1_84' title="bbox 203 5279 1759 5355">
    <p class='ocr_par' dir='ltr' id='par_1_84' title="bbox 203 5279 1759 5355">
     <span class='ocr_line' id='line_1_84' title="bbox 203 5279 1759 5355; baseline 0.009 -22"><span class='ocrx_word' id='word_1_680' title='bbox 203 5280 455 5334; x_wconf 86' lang='lat' dir='ltr'><strong>Dominus</strong></span> <span class='ocrx_word' id='word_1_681' title='bbox 482 5279 744 5336; x_wconf 88' lang='lat' dir='ltr'><strong>diluvium</strong></span> <span class='ocrx_word' id='word_1_682' title='bbox 767 5280 1042 5337; x_wconf 89' lang='lat' dir='ltr'><strong>inhabitat.</strong></span> <span class='ocrx_word' id='word_1_683' title='bbox 1065 5283 1315 5355; x_wconf 89' lang='lat' dir='ltr'><strong>Sequitur</strong></span> <span class='ocrx_word' id='word_1_684' title='bbox 1342 5295 1516 5343; x_wconf 90' lang='lat' dir='ltr'><strong>autem</strong></span> <span class='ocrx_word' id='word_1_685' title='bbox 1541 5307 1556 5346; x_wconf 88' lang='lat'><strong>:</strong></span> <span class='ocrx_word' id='word_1_686' title='bbox 1583 5290 1650 5345; x_wconf 85' lang='lat' dir='ltr'><strong>Et</strong></span> <span class='ocrx_word' id='word_1_687' title='bbox 1674 5307 1759 5346; x_wconf 82' lang='lat' dir='ltr'><strong>se-</strong></span> 
     </span>
    </p>
   </div>
   <div class='ocr_carea' id='block_1_85' title="bbox 199 5370 1760 5451">
    <p class='ocr_par' dir='ltr' id='par_1_85' title="bbox 199 5370 1760 5451">
     <span class='ocr_line' id='line_1_85' title="bbox 199 5370 1760 5451; baseline 0.009 -26"><span class='ocrx_word' id='word_1_688' title='bbox 199 5371 348 5426; x_wconf 83' lang='lat' dir='ltr'><strong>debit</strong></span> <span class='ocrx_word' id='word_1_689' title='bbox 371 5370 628 5426; x_wconf 90' lang='lat' dir='ltr'><strong>Dominus</strong></span> <span class='ocrx_word' id='word_1_690' title='bbox 657 5371 776 5426; x_wconf 78' lang='lat' dir='ltr'><strong>ilex-</strong></span> <span class='ocrx_word' id='word_1_691' title='bbox 800 5372 1135 5430; x_wconf 68' lang='lat' dir='ltr'><strong>in&#39;azternum</strong></span> <span class='ocrx_word' id='word_1_692' title='bbox 1163 5393 1177 5442; x_wconf 93' lang='lat'><strong>;</strong></span> <span class='ocrx_word' id='word_1_693' title='bbox 1200 5379 1385 5448; x_wconf 88' lang='lat' dir='ltr'><strong>utique</strong></span> <span class='ocrx_word' id='word_1_694' title='bbox 1411 5381 1462 5434; x_wconf 91' lang='lat' dir='ltr'><strong>in</strong></span> <span class='ocrx_word' id='word_1_695' title='bbox 1485 5380 1600 5451; x_wconf 88' lang='lat' dir='ltr'><strong>ipso</strong></span> <span class='ocrx_word' id='word_1_696' title='bbox 1631 5392 1760 5438; x_wconf 83' lang='lat' dir='ltr'><strong>tem-</strong></span> 
     </span>
    </p>
   </div>
   <div class='ocr_carea' id='block_1_86' title="bbox 199 5461 1759 5542">
    <p class='ocr_par' dir='ltr' id='par_1_86' title="bbox 199 5461 1759 5542">
     <span class='ocr_line' id='line_1_86' title="bbox 199 5461 1759 5542; baseline 0.01 -30"><span class='ocrx_word' id='word_1_697' title='bbox 199 5465 294 5529; x_wconf 73' lang='lat' dir='ltr'><strong>pio</strong></span> <span class='ocrx_word' id='word_1_698' title='bbox 316 5462 438 5526; x_wconf 61' lang='lat' dir='ltr'><strong>suo,&quot;</strong></span> <span class='ocrx_word' id='word_1_699' title='bbox 453 5461 562 5530; x_wconf 90' lang='lat' dir='ltr'><strong>jam</strong></span> <span class='ocrx_word' id='word_1_700' title='bbox 587 5461 639 5517; x_wconf 77' lang='lat' dir='ltr'><strong>in</strong></span> <span class='ocrx_word' id='word_1_701' title='bbox 666 5463 772 5517; x_wconf 88' lang='lat' dir='ltr'><strong>vita</strong></span> <span class='ocrx_word' id='word_1_702' title='bbox 799 5471 1018 5530; x_wconf 70' lang='lat' dir='ltr'><strong>asterna,</strong></span> <span class='ocrx_word' id='word_1_703' title='bbox 1043 5477 1159 5534; x_wconf 90' lang='lat' dir='ltr'><strong>post</strong></span> <span class='ocrx_word' id='word_1_704' title='bbox 1184 5467 1577 5526; x_wconf 86' lang='lat' dir='ltr'><strong>ﬂuctuationem</strong></span> <span class='ocrx_word' id='word_1_705' title='bbox 1603 5472 1759 5542; x_wconf 85' lang='lat' dir='ltr'><strong>hujus</strong></span> 
     </span>
    </p>
   </div>
   <div class='ocr_carea' id='block_1_87' title="bbox 197 5553 1759 5634">
    <p class='ocr_par' dir='ltr' id='par_1_87' title="bbox 197 5553 1759 5634">
     <span class='ocr_line' id='line_1_87' title="bbox 197 5553 1759 5634; baseline 0.011 -29"><span class='ocrx_word' id='word_1_706' title='bbox 197 5553 384 5606; x_wconf 59' lang='lat' dir='ltr'><strong>saeculi</strong></span> <span class='ocrx_word' id='word_1_707' title='bbox 409 5592 425 5617; x_wconf 90' lang='lat'><strong>,</strong></span> <span class='ocrx_word' id='word_1_708' title='bbox 457 5555 766 5609; x_wconf 82' lang='lat' dir='ltr'><strong>constituto.</strong></span> <span class='ocrx_word' id='word_1_709' title='bbox 797 5555 939 5611; x_wconf 88' lang='lat' dir='ltr'><strong>Deus</strong></span> <span class='ocrx_word' id='word_1_710' title='bbox 974 5554 1133 5627; x_wconf 87' lang='lat' dir='ltr'><strong>igitur</strong></span> <span class='ocrx_word' id='word_1_711' title='bbox 1165 5561 1254 5629; x_wconf 91' lang='lat' dir='ltr'><strong>qui</strong></span> <span class='ocrx_word' id='word_1_712' title='bbox 1293 5561 1485 5633; x_wconf 88' lang='lat' dir='ltr'><strong>ubique</strong></span> <span class='ocrx_word' id='word_1_713' title='bbox 1524 5580 1759 5634; x_wconf 65' lang='lat' dir='ltr'><strong>praesens</strong></span> 
     </span>
    </p>
   </div>
   <div class='ocr_carea' id='block_1_88' title="bbox 168 5641 1753 5725">
    <p class='ocr_par' dir='ltr' id='par_1_88' title="bbox 168 5641 1753 5725">
     <span class='ocr_line' id='line_1_88' title="bbox 168 5641 1753 5725; baseline 0.008 -25"><span class='ocrx_word' id='word_1_714' title='bbox 168 5650 316 5711; x_wconf 80' lang='lat' dir='ltr'><strong>test.</strong></span> <span class='ocrx_word' id='word_1_715' title='bbox 343 5649 400 5699; x_wconf 91' lang='lat' dir='ltr'><strong>et</strong></span> <span class='ocrx_word' id='word_1_716' title='bbox 424 5641 617 5714; x_wconf 86' lang='lat' dir='ltr'><strong>ubique</strong></span> <span class='ocrx_word' id='word_1_717' title='bbox 653 5651 791 5702; x_wconf 77' lang='lat' dir='ltr'><strong>tutus</strong></span> <span class='ocrx_word' id='word_1_718' title='bbox 821 5661 1078 5719; x_wconf 61' lang='lat' dir='ltr'><strong>prwscs,</strong></span> <span class='ocrx_word' id='word_1_719' title='bbox 1107 5664 1207 5707; x_wconf 88' lang='lat' dir='ltr'><strong>nec</strong></span> <span class='ocrx_word' id='word_1_720' title='bbox 1245 5651 1439 5725; x_wconf 82' lang='lat' dir='ltr'><strong>ubique</strong></span> <span class='ocrx_word' id='word_1_721' title='bbox 1475 5645 1753 5723; x_wconf 76' lang='lat' dir='ltr'><strong>habitans,</strong></span> 
     </span>
    </p>
   </div>
   <div class='ocr_carea' id='block_1_89' title="bbox 1850 3196 3406 3282">
    <p class='ocr_par' dir='ltr' id='par_1_89' title="bbox 1850 3196 3406 3282">
     <span class='ocr_line' id='line_1_89' title="bbox 1850 3196 3406 3282; baseline -0.01 -13"><span class='ocrx_word' id='word_1_722' title='bbox 1850 3214 1942 3269; x_wconf 85' lang='lat' dir='ltr'><strong>Est</strong></span> <span class='ocrx_word' id='word_1_723' title='bbox 1973 3207 2333 3282; x_wconf 86' lang='lat' dir='ltr'><strong>plane,.quod</strong></span> <span class='ocrx_word' id='word_1_724' title='bbox 2373 3205 2631 3276; x_wconf 87' lang='lat' dir='ltr'><strong>singulari</strong></span> <span class='ocrx_word' id='word_1_725' title='bbox 2667 3202 2892 3274; x_wconf 84' lang='lat' dir='ltr'><strong>quadam</strong></span> <span class='ocrx_word' id='word_1_726' title='bbox 2931 3199 3282 3268; x_wconf 26' lang='lat' dir='ltr'><strong>susceptione.</strong></span> <span class='ocrx_word' id='word_1_727' title='bbox 3305 3196 3406 3254; x_wconf 74' lang='lat' dir='ltr'><strong>be.-</strong></span> 
     </span>
    </p>
   </div>
   <div class='ocr_carea' id='block_1_90' title="bbox 1847 3281 3446 3364">
    <p class='ocr_par' dir='ltr' id='par_1_90' title="bbox 1847 3281 3446 3364">
     <span class='ocr_line' id='line_1_90' title="bbox 1847 3281 3446 3364; baseline -0.008 -6"><span class='ocrx_word' id='word_1_728' title='bbox 1847 3304 2007 3358; x_wconf 88' lang='lat' dir='ltr'><strong>minis</strong></span> <span class='ocrx_word' id='word_1_729' title='bbox 2047 3301 2190 3356; x_wconf 88' lang='lat' dir='ltr'><strong>illius</strong></span> <span class='ocrx_word' id='word_1_730' title='bbox 2233 3314 2337 3353; x_wconf 90' lang='lat' dir='ltr'><strong>una</strong></span> <span class='ocrx_word' id='word_1_731' title='bbox 2377 3297 2513 3352; x_wconf 73' lang='lat' dir='ltr'><strong>facta</strong></span> <span class='ocrx_word' id='word_1_732' title='bbox 2555 3304 2641 3351; x_wconf 89' lang='lat' dir='ltr'><strong>est</strong></span> <span class='ocrx_word' id='word_1_733' title='bbox 2683 3309 2908 3364; x_wconf 88' lang='lat' dir='ltr'><strong>persona</strong></span> <span class='ocrx_word' id='word_1_734' title='bbox 2942 3281 3078 3348; x_wconf 66' lang='lat' dir='ltr'><strong>cum?</strong></span> <span class='ocrx_word' id='word_1_735' title='bbox 3093 3290 3271 3347; x_wconf 76' lang='lat' dir='ltr'><strong>Verbo</strong></span> <span class='ocrx_word' id='word_1_736' title='bbox 3295 3287 3446 3364; x_wconf 34' lang='lat' dir='ltr'><strong>ads.</strong></span> 
     </span>
    </p>
   </div>
   <div class='ocr_carea' id='block_1_91' title="bbox 1848 3385 3408 3456">
    <p class='ocr_par' dir='ltr' id='par_1_91' title="bbox 1848 3385 3408 3456">
     <span class='ocr_line' id='line_1_91' title="bbox 1848 3385 3408 3456; baseline -0.011 -5"><span class='ocrx_word' id='word_1_737' title='bbox 1848 3392 1994 3451; x_wconf 84' lang='lat' dir='ltr'><strong>nullo</strong></span> <span class='ocrx_word' id='word_1_738' title='bbox 2032 3390 2175 3446; x_wconf 90' lang='lat' dir='ltr'><strong>enim</strong></span> <span class='ocrx_word' id='word_1_739' title='bbox 2215 3397 2518 3453; x_wconf 88' lang='lat' dir='ltr'><strong>sanctorum</strong></span> <span class='ocrx_word' id='word_1_740' title='bbox 2563 3385 2669 3441; x_wconf 88' lang='lat' dir='ltr'><strong>dici</strong></span> <span class='ocrx_word' id='word_1_741' title='bbox 2708 3386 2913 3456; x_wconf 75' lang='lat' dir='ltr'><strong>potuit,</strong></span> <span class='ocrx_word' id='word_1_742' title='bbox 2954 3391 3054 3437; x_wconf 36' lang='lat' dir='ltr'><strong>aut.</strong></span> <span class='ocrx_word' id='word_1_743' title='bbox 3087 3387 3408 3452; x_wconf 68' lang='lat' dir='ltr'><strong>competent</strong></span> 
     </span>
    </p>
   </div>
   <div class='ocr_carea' id='block_1_92' title="bbox 1850 3473 3409 3554">
    <p class='ocr_par' dir='ltr' id='par_1_92' title="bbox 1850 3473 3409 3554">
     <span class='ocr_line' id='line_1_92' title="bbox 1850 3473 3409 3554; baseline -0.009 -14"><span class='ocrx_word' id='word_1_744' title='bbox 1850 3493 1938 3540; x_wconf 86' lang='lat' dir='ltr'><strong>aut</strong></span> <span class='ocrx_word' id='word_1_745' title='bbox 1967 3483 2199 3554; x_wconf 90' lang='lat' dir='ltr'><strong>poterit:</strong></span> <span class='ocrx_word' id='word_1_746' title='bbox 2232 3481 2459 3536; x_wconf 81' lang='lat' dir='ltr'><strong>Verbum</strong></span> <span class='ocrx_word' id='word_1_747' title='bbox 2488 3493 2612 3534; x_wconf 88' lang='lat' dir='ltr'><strong>caro</strong></span> <span class='ocrx_word' id='word_1_748' title='bbox 2649 3477 2843 3536; x_wconf 78' lang='lat' dir='ltr'><strong>factum</strong></span> <span class='ocrx_word' id='word_1_749' title='bbox 2883 3486 2966 3532; x_wconf 87' lang='lat' dir='ltr'><strong>est</strong></span> <span class='ocrx_word' id='word_1_750' title='bbox 2993 3473 3215 3530; x_wconf 86' lang='lat' dir='ltr'><strong>:nnilus</strong></span> <span class='ocrx_word' id='word_1_751' title='bbox 3245 3484 3409 3528; x_wconf 72' lang='lat' dir='ltr'><strong>sanc-</strong></span> 
     </span>
    </p>
   </div>
   <div class='ocr_carea' id='block_1_93' title="bbox 1853 3564 3415 3644">
    <p class='ocr_par' dir='ltr' id='par_1_93' title="bbox 1853 3564 3415 3644">
     <span class='ocr_line' id='line_1_93' title="bbox 1853 3564 3415 3644; baseline -0.009 -15"><span class='ocrx_word' id='word_1_752' title='bbox 1853 3583 2026 3629; x_wconf 90' lang='lat' dir='ltr'><strong>torum</strong></span> <span class='ocrx_word' id='word_1_753' title='bbox 2045 3616 2062 3642; x_wconf 89' lang='lat'><strong>,</strong></span> <span class='ocrx_word' id='word_1_754' title='bbox 2084 3573 2320 3644; x_wconf 88' lang='lat' dir='ltr'><strong>qualibet</strong></span> <span class='ocrx_word' id='word_1_755' title='bbox 2352 3570 2656 3640; x_wconf 62' lang='lat' dir='ltr'><strong>praestantia</strong></span> <span class='ocrx_word' id='word_1_756' title='bbox 2684 3569 2866 3640; x_wconf 79' lang='lat' dir='ltr'><strong>gratia:</strong></span> <span class='ocrx_word' id='word_1_757' title='bbox 2888 3610 2903 3634; x_wconf 98' lang='lat'><strong>,</strong></span> <span class='ocrx_word' id='word_1_758' title='bbox 2935 3564 3191 3634; x_wconf 76' lang='lat' dir='ltr'><strong>tinigeniti</strong></span> <span class='ocrx_word' id='word_1_759' title='bbox 3219 3569 3415 3618; x_wconf 81' lang='lat' dir='ltr'><strong>nomen</strong></span> 
     </span>
    </p>
   </div>
   <div class='ocr_carea' id='block_1_94' title="bbox 1852 3653 3410 3734">
    <p class='ocr_par' dir='ltr' id='par_1_94' title="bbox 1852 3653 3410 3734">
     <span class='ocr_line' id='line_1_94' title="bbox 1852 3653 3410 3734; baseline -0.008 -13"><span class='ocrx_word' id='word_1_760' title='bbox 1852 3664 2082 3734; x_wconf 87' lang='lat' dir='ltr'><strong>accepit,</strong></span> <span class='ocrx_word' id='word_1_761' title='bbox 2111 3676 2170 3718; x_wconf 92' lang='lat' dir='ltr'><strong>ut</strong></span> <span class='ocrx_word' id='word_1_762' title='bbox 2195 3661 2334 3732; x_wconf 87' lang='lat' dir='ltr'><strong>quod</strong></span> <span class='ocrx_word' id='word_1_763' title='bbox 2363 3670 2447 3718; x_wconf 84' lang='lat' dir='ltr'><strong>est</strong></span> <span class='ocrx_word' id='word_1_764' title='bbox 2475 3661 2646 3729; x_wconf 89' lang='lat' dir='ltr'><strong>ipsum</strong></span> <span class='ocrx_word' id='word_1_765' title='bbox 2676 3658 2775 3714; x_wconf 77' lang='lat' dir='ltr'><strong>Dei</strong></span> <span class='ocrx_word' id='word_1_766' title='bbox 2795 3653 3176 3715; x_wconf 70' lang='lat' dir='ltr'><strong>Verbumat&#39;tte</strong></span> <span class='ocrx_word' id='word_1_767' title='bbox 3193 3653 3410 3719; x_wconf 67' lang='lat' dir='ltr'><strong>saecula,</strong></span> 
     </span>
    </p>
   </div>
   <div class='ocr_carea' id='block_1_95' title="bbox 1854 3743 3411 3820">
    <p class='ocr_par' dir='ltr' id='par_1_95' title="bbox 1854 3743 3411 3820">
     <span class='ocr_line' id='line_1_95' title="bbox 1854 3743 3411 3820; baseline -0.01 -6"><span class='ocrx_word' id='word_1_768' title='bbox 1854 3757 1955 3815; x_wconf 86' lang='lat' dir='ltr'><strong>itoe</strong></span> <span class='ocrx_word' id='word_1_769' title='bbox 1979 3755 2141 3810; x_wconf 87' lang='lat' dir='ltr'><strong>simul</strong></span> <span class='ocrx_word' id='word_1_770' title='bbox 2155 3769 2276 3809; x_wconf 91' lang='lat' dir='ltr'><strong>cum</strong></span> <span class='ocrx_word' id='word_1_771' title='bbox 2296 3760 2569 3820; x_wconf 88' lang='lat' dir='ltr'><strong>assumpto</strong></span> <span class='ocrx_word' id='word_1_772' title='bbox 2585 3751 2798 3806; x_wconf 86' lang='lat' dir='ltr'><strong>homine</strong></span> <span class='ocrx_word' id='word_1_773' title='bbox 2811 3749 3094 3804; x_wconf 68' lang='lat' dir='ltr'><strong>diceretur;</strong></span> <span class='ocrx_word' id='word_1_774' title='bbox 3114 3743 3411 3812; x_wconf 72' lang='lat' dir='ltr'><strong>Singularis</strong></span> 
     </span>
    </p>
   </div>
   <div class='ocr_carea' id='block_1_96' title="bbox 1855 3833 3414 3915">
    <p class='ocr_par' dir='ltr' id='par_1_96' title="bbox 1855 3833 3414 3915">
     <span class='ocr_line' id='line_1_96' title="bbox 1855 3833 3414 3915; baseline -0.006 -15"><span class='ocrx_word' id='word_1_775' title='bbox 1855 3855 1936 3901; x_wconf 86' lang='lat' dir='ltr'><strong>est</strong></span> <span class='ocrx_word' id='word_1_776' title='bbox 1961 3860 2088 3915; x_wconf 89' lang='lat' dir='ltr'><strong>ergo</strong></span> <span class='ocrx_word' id='word_1_777' title='bbox 2116 3844 2202 3898; x_wconf 90' lang='lat' dir='ltr'><strong>illa</strong></span> <span class='ocrx_word' id='word_1_778' title='bbox 2232 3842 2524 3910; x_wconf 84' lang='lat' dir='ltr'><strong>susceptio,</strong></span> <span class='ocrx_word' id='word_1_779' title='bbox 2551 3854 2649 3895; x_wconf 92' lang='lat' dir='ltr'><strong>nec</strong></span> <span class='ocrx_word' id='word_1_780' title='bbox 2672 3854 2792 3895; x_wconf 91' lang='lat' dir='ltr'><strong>cum</strong></span> <span class='ocrx_word' id='word_1_781' title='bbox 2823 3836 3129 3893; x_wconf 83' lang='lat' dir='ltr'><strong>hominibus</strong></span> <span class='ocrx_word' id='word_1_782' title='bbox 3155 3833 3414 3903; x_wconf 79' lang='lat' dir='ltr'><strong>aliquibus</strong></span> 
     </span>
    </p>
   </div>
   <div class='ocr_carea' id='block_1_97' title="bbox 1853 3928 3410 4005">
    <p class='ocr_par' dir='ltr' id='par_1_97' title="bbox 1853 3928 3410 4005">
     <span class='ocr_line' id='line_1_97' title="bbox 1853 3928 3410 4005; baseline -0.007 -14"><span class='ocrx_word' id='word_1_783' title='bbox 1853 3937 2079 4001; x_wconf 88' lang='lat' dir='ltr'><strong>sanctis,</strong></span> <span class='ocrx_word' id='word_1_784' title='bbox 2109 3933 2441 4005; x_wconf 88' lang='lat' dir='ltr'><strong>quantalibet</strong></span> <span class='ocrx_word' id='word_1_785' title='bbox 2470 3932 2727 4003; x_wconf 88' lang='lat' dir='ltr'><strong>sapientia</strong></span> <span class='ocrx_word' id='word_1_786' title='bbox 2756 3939 2813 3987; x_wconf 81' lang='lat' dir='ltr'><strong>et</strong></span> <span class='ocrx_word' id='word_1_787' title='bbox 2841 3928 3121 3988; x_wconf 83' lang='lat' dir='ltr'><strong>sanctitate</strong></span> <span class='ocrx_word' id='word_1_788' title='bbox 3154 3934 3410 3993; x_wconf 53' lang='lat' dir='ltr'><strong>praestat»</strong></span> 
     </span>
    </p>
   </div>
   <div class='ocr_carea' id='block_1_98' title="bbox 1857 4015 3412 4094">
    <p class='ocr_par' dir='ltr' id='par_1_98' title="bbox 1857 4015 3412 4094">
     <span class='ocr_line' id='line_1_98' title="bbox 1857 4015 3412 4094; baseline -0.009 -10"><span class='ocrx_word' id='word_1_789' title='bbox 1857 4028 2028 4094; x_wconf 87' lang='lat' dir='ltr'><strong>tibus,</strong></span> <span class='ocrx_word' id='word_1_790' title='bbox 2059 4027 2165 4079; x_wconf 89' lang='lat' dir='ltr'><strong>ullo</strong></span> <span class='ocrx_word' id='word_1_791' title='bbox 2195 4024 2356 4080; x_wconf 90' lang='lat' dir='ltr'><strong>modo</strong></span> <span class='ocrx_word' id='word_1_792' title='bbox 2382 4030 2565 4092; x_wconf 88' lang='lat' dir='ltr'><strong>potest</strong></span> <span class='ocrx_word' id='word_1_793' title='bbox 2590 4035 2710 4078; x_wconf 86' lang='lat' dir='ltr'><strong>esse</strong></span> <span class='ocrx_word' id='word_1_794' title='bbox 2736 4019 3055 4075; x_wconf 85' lang='lat' dir='ltr'><strong>communis.</strong></span> <span class='ocrx_word' id='word_1_795' title='bbox 3085 4016 3186 4073; x_wconf 89' lang='lat' dir='ltr'><strong>Ubi</strong></span> <span class='ocrx_word' id='word_1_796' title='bbox 3219 4015 3412 4074; x_wconf 71' lang='lat' dir='ltr'><strong>divinas</strong></span> 
     </span>
    </p>
   </div>
   <div class='ocr_carea' id='block_1_99' title="bbox 1853 4110 3409 4188">
    <p class='ocr_par' dir='ltr' id='par_1_99' title="bbox 1853 4110 3409 4188">
     <span class='ocr_line' id='line_1_99' title="bbox 1853 4110 3409 4188; baseline -0.008 -16"><span class='ocrx_word' id='word_1_797' title='bbox 1853 4119 2037 4188; x_wconf 74' lang='lat' dir='ltr'><strong>gratia:</strong></span> <span class='ocrx_word' id='word_1_798' title='bbox 2060 4119 2188 4171; x_wconf 83' lang='lat' dir='ltr'><strong>satis</strong></span> <span class='ocrx_word' id='word_1_799' title='bbox 2215 4115 2545 4185; x_wconf 77' lang='lat' dir='ltr'><strong>perspicuum</strong></span> <span class='ocrx_word' id='word_1_800' title='bbox 2568 4115 2878 4181; x_wconf 83' lang='lat' dir='ltr'><strong>clarumque</strong></span> <span class='ocrx_word' id='word_1_801' title='bbox 2900 4110 3280 4168; x_wconf 79' lang='lat' dir='ltr'><strong>documentum</strong></span> <span class='ocrx_word' id='word_1_802' title='bbox 3292 4113 3409 4162; x_wconf 88' lang='lat' dir='ltr'><strong>est:</strong></span> 
     </span>
    </p>
   </div>
   <div class='ocr_carea' id='block_1_100' title="bbox 1854 4197 3414 4280">
    <p class='ocr_par' dir='ltr' id='par_1_100' title="bbox 1854 4197 3414 4280">
     <span class='ocr_line' id='line_1_100' title="bbox 1854 4197 3414 4280; baseline -0.008 -17"><span class='ocrx_word' id='word_1_803' title='bbox 1854 4210 1972 4280; x_wconf 82' lang='lat' dir='ltr'><strong>quis</strong></span> <span class='ocrx_word' id='word_1_804' title='bbox 1998 4207 2136 4264; x_wconf 86' lang='lat' dir='ltr'><strong>enim</strong></span> <span class='ocrx_word' id='word_1_805' title='bbox 2167 4216 2272 4263; x_wconf 89' lang='lat' dir='ltr'><strong>tam</strong></span> <span class='ocrx_word' id='word_1_806' title='bbox 2303 4206 2592 4274; x_wconf 83' lang='lat' dir='ltr'><strong>sacrilegus</strong></span> <span class='ocrx_word' id='word_1_807' title='bbox 2617 4245 2635 4269; x_wconf 85' lang='lat'><strong>,</strong></span> <span class='ocrx_word' id='word_1_808' title='bbox 2675 4212 2736 4258; x_wconf 90' lang='lat' dir='ltr'><strong>ut</strong></span> <span class='ocrx_word' id='word_1_809' title='bbox 2773 4201 2967 4258; x_wconf 85' lang='lat' dir='ltr'><strong>audeat</strong></span> <span class='ocrx_word' id='word_1_810' title='bbox 3005 4201 3275 4256; x_wconf 73' lang='lat' dir='ltr'><strong>afﬁrmare</strong></span> <span class='ocrx_word' id='word_1_811' title='bbox 3313 4197 3414 4256; x_wconf 81' lang='lat' dir='ltr'><strong>ali-</strong></span> 
     </span>
    </p>
   </div>
   <div class='ocr_carea' id='block_1_101' title="bbox 1856 4289 3416 4372">
    <p class='ocr_par' dir='ltr' id='par_1_101' title="bbox 1856 4289 3416 4372">
     <span class='ocr_line' id='line_1_101' title="bbox 1856 4289 3416 4372; baseline -0.006 -17"><span class='ocrx_word' id='word_1_812' title='bbox 1856 4316 2016 4372; x_wconf 83' lang='lat' dir='ltr'><strong>quam</strong></span> <span class='ocrx_word' id='word_1_813' title='bbox 2043 4314 2196 4370; x_wconf 84' lang='lat' dir='ltr'><strong>posse</strong></span> <span class='ocrx_word' id='word_1_814' title='bbox 2223 4298 2486 4364; x_wconf 87' lang='lat' dir='ltr'><strong>animam,</strong></span> <span class='ocrx_word' id='word_1_815' title='bbox 2522 4312 2615 4365; x_wconf 92' lang='lat' dir='ltr'><strong>per</strong></span> <span class='ocrx_word' id='word_1_816' title='bbox 2642 4292 3066 4352; x_wconf 85' lang='lat' dir='ltr'><strong>meritumliberi</strong></span> <span class='ocrx_word' id='word_1_817' title='bbox 3094 4289 3416 4372; x_wconf 47' lang='lat' dir='ltr'><strong>arbitriifut</strong></span> 
     </span>
    </p>
   </div>
   <div class='ocr_carea' id='block_1_102' title="bbox 1858 4371 3417 4453">
    <p class='ocr_par' dir='ltr' id='par_1_102' title="bbox 1858 4371 3417 4453">
     <span class='ocr_line' id='line_1_102' title="bbox 1858 4371 3417 4453; baseline -0.004 -10"><span class='ocrx_word' id='word_1_818' title='bbox 1858 4371 1993 4444; x_wconf 84' lang='lat' dir='ltr'><strong>alter</strong></span> <span class='ocrx_word' id='word_1_819' title='bbox 2040 4389 2110 4444; x_wconf 90' lang='lat' dir='ltr'><strong>sit</strong></span> <span class='ocrx_word' id='word_1_820' title='bbox 2155 4389 2398 4442; x_wconf 86' lang='lat' dir='ltr'><strong>Christus</strong></span> <span class='ocrx_word' id='word_1_821' title='bbox 2447 4387 2705 4443; x_wconf 76' lang='lat' dir='ltr'><strong>efﬁcere?</strong></span> <span class='ocrx_word' id='word_1_822' title='bbox 2747 4386 2815 4442; x_wconf 85' lang='lat' dir='ltr'><strong>lit</strong></span> <span class='ocrx_word' id='word_1_823' title='bbox 2857 4384 3089 4453; x_wconf 75' lang='lat' dir='ltr'><strong>ergo.ad</strong></span> <span class='ocrx_word' id='word_1_824' title='bbox 3135 4371 3417 4452; x_wconf 57' lang='lat' dir='ltr'><strong>personam</strong></span> 
     </span>
    </p>
   </div>
   <div class='ocr_carea' id='block_1_103' title="bbox 1785 4473 3419 4549">
    <p class='ocr_par' dir='ltr' id='par_1_103' title="bbox 1785 4473 3419 4549">
     <span class='ocr_line' id='line_1_103' title="bbox 1785 4473 3419 4549; baseline -0.004 -15"><span class='ocrx_word' id='word_1_825' title='bbox 1785 4473 1838 4534; x_wconf 89' lang='lat' dir='ltr'><strong>D</strong></span> <span class='ocrx_word' id='word_1_826' title='bbox 1867 4481 2021 4537; x_wconf 81' lang='lat' dir='ltr'><strong>Verbi</strong></span> <span class='ocrx_word' id='word_1_827' title='bbox 2055 4479 2312 4549; x_wconf 86' lang='lat' dir='ltr'><strong>unigeniti</strong></span> <span class='ocrx_word' id='word_1_828' title='bbox 2344 4480 2666 4548; x_wconf 80' lang='lat' dir='ltr'><strong>pertineret,</strong></span> <span class='ocrx_word' id='word_1_829' title='bbox 2711 4487 2763 4531; x_wconf 86' lang='lat' dir='ltr'><strong>et</strong></span> <span class='ocrx_word' id='word_1_830' title='bbox 2802 4491 2910 4545; x_wconf 85' lang='lat' dir='ltr'><strong>quo</strong></span> <span class='ocrx_word' id='word_1_831' title='bbox 2949 4483 3100 4544; x_wconf 84' lang='lat' dir='ltr'><strong>pacto</strong></span> <span class='ocrx_word' id='word_1_832' title='bbox 3149 4489 3242 4542; x_wconf 86' lang='lat' dir='ltr'><strong>per</strong></span> <span class='ocrx_word' id='word_1_833' title='bbox 3285 4473 3419 4528; x_wconf 60' lang='lat' dir='ltr'><strong>libcc</strong></span> 
     </span>
    </p>
   </div>
   <div class='ocr_carea' id='block_1_104' title="bbox 1859 4563 3418 4632">
    <p class='ocr_par' dir='ltr' id='par_1_104' title="bbox 1859 4563 3418 4632">
     <span class='ocr_line' id='line_1_104' title="bbox 1859 4563 3418 4632; baseline -0.005 -6"><span class='ocrx_word' id='word_1_834' title='bbox 1859 4587 1974 4626; x_wconf 87' lang='lat' dir='ltr'><strong>rum</strong></span> <span class='ocrx_word' id='word_1_835' title='bbox 2000 4571 2279 4632; x_wconf 87' lang='lat' dir='ltr'><strong>arbitrium</strong></span> <span class='ocrx_word' id='word_1_836' title='bbox 2326 4569 2680 4623; x_wconf 88' lang='lat' dir='ltr'><strong>communiter</strong></span> <span class='ocrx_word' id='word_1_837' title='bbox 2719 4564 2976 4620; x_wconf 84' lang='lat' dir='ltr'><strong>omnibus.</strong></span> <span class='ocrx_word' id='word_1_838' title='bbox 3007 4573 3066 4620; x_wconf 86' lang='lat' dir='ltr'><strong>et</strong></span> <span class='ocrx_word' id='word_1_839' title='bbox 3104 4563 3418 4618; x_wconf 81' lang='lat' dir='ltr'><strong>nawtaliter</strong></span> 
     </span>
    </p>
   </div>
   <div class='ocr_carea' id='block_1_105' title="bbox 1859 4655 3417 4729">
    <p class='ocr_par' dir='ltr' id='par_1_105' title="bbox 1859 4655 3417 4729">
     <span class='ocr_line' id='line_1_105' title="bbox 1859 4655 3417 4729; baseline -0.004 -11"><span class='ocrx_word' id='word_1_840' title='bbox 1859 4662 2038 4718; x_wconf 86' lang='lat' dir='ltr'><strong>datum</strong></span> <span class='ocrx_word' id='word_1_841' title='bbox 2061 4703 2076 4729; x_wconf 91' lang='lat'><strong>,</strong></span> <span class='ocrx_word' id='word_1_842' title='bbox 2109 4669 2169 4716; x_wconf 92' lang='lat' dir='ltr'><strong>ut</strong></span> <span class='ocrx_word' id='word_1_843' title='bbox 2192 4675 2296 4716; x_wconf 88' lang='lat' dir='ltr'><strong>una</strong></span> <span class='ocrx_word' id='word_1_844' title='bbox 2323 4659 2438 4714; x_wconf 88' lang='lat' dir='ltr'><strong>sola</strong></span> <span class='ocrx_word' id='word_1_845' title='bbox 2466 4658 2642 4712; x_wconf 87' lang='lat' dir='ltr'><strong>anima</strong></span> <span class='ocrx_word' id='word_1_846' title='bbox 2673 4658 2988 4721; x_wconf 88' lang='lat' dir='ltr'><strong>meruisset,</strong></span> <span class='ocrx_word' id='word_1_847' title='bbox 3029 4656 3131 4710; x_wconf 85' lang='lat' dir='ltr'><strong>nisi</strong></span> <span class='ocrx_word' id='word_1_848' title='bbox 3172 4655 3284 4710; x_wconf 80' lang='lat' dir='ltr'><strong>hoc.</strong></span> <span class='ocrx_word' id='word_1_849' title='bbox 3309 4655 3417 4711; x_wconf 60' lang='lat' dir='ltr'><strong>sine</strong></span> 
     </span>
    </p>
   </div>
   <div class='ocr_carea' id='block_1_106' title="bbox 1859 4748 3412 4823">
    <p class='ocr_par' dir='ltr' id='par_1_106' title="bbox 1859 4748 3412 4823">
     <span class='ocr_line' id='line_1_106' title="bbox 1859 4748 3412 4823; baseline -0.004 -14"><span class='ocrx_word' id='word_1_850' title='bbox 1859 4754 2056 4823; x_wconf 85' lang='lat' dir='ltr'><strong>gularis</strong></span> <span class='ocrx_word' id='word_1_851' title='bbox 2084 4753 2250 4823; x_wconf 85' lang='lat' dir='ltr'><strong>gratia</strong></span> <span class='ocrx_word' id='word_1_852' title='bbox 2279 4750 2608 4820; x_wconf 64' lang='lat' dir='ltr'><strong>praestitisset</strong></span> <span class='ocrx_word' id='word_1_853' title='bbox 2634 4790 2646 4812; x_wconf 90' lang='lat'><strong>,</strong></span> <span class='ocrx_word' id='word_1_854' title='bbox 2678 4764 2836 4818; x_wconf 85' lang='lat' dir='ltr'><strong>quam</strong></span> <span class='ocrx_word' id='word_1_855' title='bbox 2867 4749 2944 4803; x_wconf 81' lang='lat' dir='ltr'><strong>las</strong></span> <span class='ocrx_word' id='word_1_856' title='bbox 2971 4757 3054 4804; x_wconf 89' lang='lat' dir='ltr'><strong>est</strong></span> <span class='ocrx_word' id='word_1_857' title='bbox 3085 4748 3370 4816; x_wconf 68' lang='lat' dir='ltr'><strong>praedicere</strong></span> <span class='ocrx_word' id='word_1_858' title='bbox 3396 4755 3412 4813; x_wconf 79' lang='lat'><strong>,‘</strong></span> 
     </span>
    </p>
   </div>
   <div class='ocr_carea' id='block_1_107' title="bbox 1861 4833 3416 4914">
    <p class='ocr_par' dir='ltr' id='par_1_107' title="bbox 1861 4833 3416 4914">
     <span class='ocr_line' id='line_1_107' title="bbox 1861 4833 3416 4914; baseline -0.005 -12"><span class='ocrx_word' id='word_1_859' title='bbox 1861 4833 1928 4902; x_wconf 83' lang='lat' dir='ltr'><strong>de</strong></span> <span class='ocrx_word' id='word_1_860' title='bbox 1956 4859 2059 4914; x_wconf 88' lang='lat' dir='ltr'><strong>qua</strong></span> <span class='ocrx_word' id='word_1_861' title='bbox 2090 4843 2242 4900; x_wconf 79' lang='lat' dir='ltr'><strong>nefas</strong></span> <span class='ocrx_word' id='word_1_862' title='bbox 2267 4850 2350 4897; x_wconf 90' lang='lat' dir='ltr'><strong>est</strong></span> <span class='ocrx_word' id='word_1_863' title='bbox 2379 4840 2795 4910; x_wconf 88' lang='lat' dir='ltr'><strong>vellejudicare.</strong></span> <span class='ocrx_word' id='word_1_864' title='bbox 2832 4839 2964 4897; x_wconf 67' lang='lat' dir='ltr'><strong>.Hmc</strong></span> <span class='ocrx_word' id='word_1_865' title='bbox 2997 4839 3043 4894; x_wconf 88' lang='lat' dir='ltr'><strong>si</strong></span> <span class='ocrx_word' id='word_1_866' title='bbox 3085 4854 3180 4908; x_wconf 85' lang='lat' dir='ltr'><strong>pro</strong></span> <span class='ocrx_word' id='word_1_867' title='bbox 3209 4838 3416 4894; x_wconf 63' lang='lat' dir='ltr'><strong>viribus</strong></span> 
     </span>
    </p>
   </div>
   <div class='ocr_carea' id='block_1_108' title="bbox 1860 4930 3414 5004">
    <p class='ocr_par' dir='ltr' id='par_1_108' title="bbox 1860 4930 3414 5004">
     <span class='ocr_line' id='line_1_108' title="bbox 1860 4930 3414 5004; baseline -0.006 -11"><span class='ocrx_word' id='word_1_868' title='bbox 1860 4935 2095 5003; x_wconf 86' lang='lat' dir='ltr'><strong>nostris,</strong></span> <span class='ocrx_word' id='word_1_869' title='bbox 2125 4941 2382 5004; x_wconf 86' lang='lat' dir='ltr'><strong>quantum</strong></span> <span class='ocrx_word' id='word_1_870' title='bbox 2423 4931 2682 4986; x_wconf 89' lang='lat' dir='ltr'><strong>Dominus</strong></span> <span class='ocrx_word' id='word_1_871' title='bbox 2723 4931 2973 5002; x_wconf 85' lang='lat' dir='ltr'><strong>adjuvat,</strong></span> <span class='ocrx_word' id='word_1_872' title='bbox 3021 4930 3121 4987; x_wconf 89' lang='lat' dir='ltr'><strong>rite</strong></span> <span class='ocrx_word' id='word_1_873' title='bbox 3160 4932 3414 4984; x_wconf 78' lang='lat' dir='ltr'><strong>tractari-</strong></span> 
     </span>
    </p>
   </div>
   <div class='ocr_carea' id='block_1_109' title="bbox 1861 5022 3414 5098">
    <p class='ocr_par' dir='ltr' id='par_1_109' title="bbox 1861 5022 3414 5098">
     <span class='ocr_line' id='line_1_109' title="bbox 1861 5022 3414 5098; baseline -0.003 -20"><span class='ocrx_word' id='word_1_874' title='bbox 1861 5040 2009 5090; x_wconf 84' lang='lat' dir='ltr'><strong>ntus,</strong></span> <span class='ocrx_word' id='word_1_875' title='bbox 2037 5023 2251 5094; x_wconf 90' lang='lat' dir='ltr'><strong>quando</strong></span> <span class='ocrx_word' id='word_1_876' title='bbox 2278 5022 2448 5078; x_wconf 91' lang='lat' dir='ltr'><strong>Deum</strong></span> <span class='ocrx_word' id='word_1_877' title='bbox 2478 5022 2672 5091; x_wconf 87' lang='lat' dir='ltr'><strong>ubique</strong></span> <span class='ocrx_word' id='word_1_878' title='bbox 2701 5031 3012 5098; x_wconf 73' lang='lat' dir='ltr'><strong>praesentem</strong></span> <span class='ocrx_word' id='word_1_879' title='bbox 3032 5060 3050 5085; x_wconf 91' lang='lat'><strong>,</strong></span> <span class='ocrx_word' id='word_1_880' title='bbox 3079 5028 3135 5075; x_wconf 87' lang='lat' dir='ltr'><strong>et</strong></span> <span class='ocrx_word' id='word_1_881' title='bbox 3160 5033 3264 5074; x_wconf 80' lang='lat' dir='ltr'><strong>non</strong></span> <span class='ocrx_word' id='word_1_882' title='bbox 3293 5036 3414 5090; x_wconf 77' lang='lat' dir='ltr'><strong>spa-</strong></span> 
     </span>
    </p>
   </div>
   <div class='ocr_carea' id='block_1_110' title="bbox 1863 5110 3418 5181">
    <p class='ocr_par' dir='ltr' id='par_1_110' title="bbox 1863 5110 3418 5181">
     <span class='ocr_line' id='line_1_110' title="bbox 1863 5110 3418 5181; baseline -0.001 -11"><span class='ocrx_word' id='word_1_883' title='bbox 1863 5115 1947 5170; x_wconf 89' lang='lat' dir='ltr'><strong>tiis</strong></span> <span class='ocrx_word' id='word_1_884' title='bbox 1993 5113 2312 5169; x_wconf 84' lang='lat' dir='ltr'><strong>distantibus</strong></span> <span class='ocrx_word' id='word_1_885' title='bbox 2359 5111 2507 5180; x_wconf 91' lang='lat' dir='ltr'><strong>quasi</strong></span> <span class='ocrx_word' id='word_1_886' title='bbox 2557 5111 2730 5181; x_wconf 86' lang='lat' dir='ltr'><strong>aliqua</strong></span> <span class='ocrx_word' id='word_1_887' title='bbox 2781 5112 2919 5166; x_wconf 89' lang='lat' dir='ltr'><strong>mole</strong></span> <span class='ocrx_word' id='word_1_888' title='bbox 2967 5111 3054 5167; x_wconf 91' lang='lat' dir='ltr'><strong>vel</strong></span> <span class='ocrx_word' id='word_1_889' title='bbox 3094 5110 3418 5168; x_wconf 77' lang='lat' dir='ltr'><strong>distentione</strong></span> 
     </span>
    </p>
   </div>
   <div class='ocr_carea' id='block_1_111' title="bbox 1861 5201 3411 5272">
    <p class='ocr_par' dir='ltr' id='par_1_111' title="bbox 1861 5201 3411 5272">
     <span class='ocr_line' id='line_1_111' title="bbox 1861 5201 3411 5272; baseline 0.001 -15"><span class='ocrx_word' id='word_1_890' title='bbox 1861 5203 2142 5267; x_wconf 84' lang='lat' dir='ltr'><strong>diﬁ‘usum,</strong></span> <span class='ocrx_word' id='word_1_891' title='bbox 2187 5202 2282 5259; x_wconf 88' lang='lat' dir='ltr'><strong>sed</strong></span> <span class='ocrx_word' id='word_1_892' title='bbox 2328 5201 2523 5272; x_wconf 79' lang='lat' dir='ltr'><strong>ubique</strong></span> <span class='ocrx_word' id='word_1_893' title='bbox 2565 5212 2728 5256; x_wconf 87' lang='lat' dir='ltr'><strong>tomm</strong></span> <span class='ocrx_word' id='word_1_894' title='bbox 2770 5201 3003 5270; x_wconf 87' lang='lat' dir='ltr'><strong>cogitare</strong></span> <span class='ocrx_word' id='word_1_895' title='bbox 3045 5209 3097 5256; x_wconf 89' lang='lat' dir='ltr'><strong>te</strong></span> <span class='ocrx_word' id='word_1_896' title='bbox 3129 5203 3411 5269; x_wconf 68' lang='lat' dir='ltr'><strong>emendis,</strong></span> 
     </span>
    </p>
   </div>
   <div class='ocr_carea' id='block_1_112' title="bbox 1861 5272 3452 5362">
    <p class='ocr_par' dir='ltr' id='par_1_112' title="bbox 1861 5272 3452 5362">
     <span class='ocr_line' id='line_1_112' title="bbox 1861 5272 3452 5362; baseline 0.001 -14"><span class='ocrx_word' id='word_1_897' title='bbox 1861 5303 2041 5349; x_wconf 79' lang='lat' dir='ltr'><strong>averte</strong></span> <span class='ocrx_word' id='word_1_898' title='bbox 2084 5303 2317 5348; x_wconf 91' lang='lat' dir='ltr'><strong>mentem</strong></span> <span class='ocrx_word' id='word_1_899' title='bbox 2358 5291 2427 5346; x_wconf 93' lang='lat' dir='ltr'><strong>ab</strong></span> <span class='ocrx_word' id='word_1_900' title='bbox 2474 5292 2721 5345; x_wconf 73' lang='lat' dir='ltr'><strong>omnibus</strong></span> <span class='ocrx_word' id='word_1_901' title='bbox 2757 5291 3068 5360; x_wconf 87' lang='lat' dir='ltr'><strong>imaginibus</strong></span> <span class='ocrx_word' id='word_1_902' title='bbox 3106 5272 3452 5362; x_wconf 16' lang='lat' dir='ltr'><strong>corporum,-</strong></span> 
     </span>
    </p>
   </div>
   <div class='ocr_carea' id='block_1_113' title="bbox 1859 5382 3412 5454">
    <p class='ocr_par' dir='ltr' id='par_1_113' title="bbox 1859 5382 3412 5454">
     <span class='ocr_line' id='line_1_113' title="bbox 1859 5382 3412 5454; baseline 0.003 -17"><span class='ocrx_word' id='word_1_903' title='bbox 1859 5398 1989 5454; x_wconf 89' lang='lat' dir='ltr'><strong>quas</strong></span> <span class='ocrx_word' id='word_1_904' title='bbox 2020 5385 2248 5439; x_wconf 86' lang='lat' dir='ltr'><strong>humana</strong></span> <span class='ocrx_word' id='word_1_905' title='bbox 2279 5382 2532 5452; x_wconf 88' lang='lat' dir='ltr'><strong>cogitatio</strong></span> <span class='ocrx_word' id='word_1_906' title='bbox 2562 5382 2778 5436; x_wconf 89' lang='lat' dir='ltr'><strong>volvere</strong></span> <span class='ocrx_word' id='word_1_907' title='bbox 2806 5384 3098 5438; x_wconf 79' lang='lat' dir='ltr'><strong>consuevit.</strong></span> <span class='ocrx_word' id='word_1_908' title='bbox 3130 5383 3242 5439; x_wconf 78' lang='lat' dir='ltr'><strong>Non</strong></span> <span class='ocrx_word' id='word_1_909' title='bbox 3271 5388 3412 5442; x_wconf 89' lang='lat' dir='ltr'><strong>enim</strong></span> 
     </span>
    </p>
   </div>
   <div class='ocr_carea' id='block_1_114' title="bbox 1859 5473 3414 5546">
    <p class='ocr_par' dir='ltr' id='par_1_114' title="bbox 1859 5473 3414 5546">
     <span class='ocr_line' id='line_1_114' title="bbox 1859 5473 3414 5546; baseline 0.001 -17"><span class='ocrx_word' id='word_1_910' title='bbox 1859 5477 1938 5530; x_wconf 90' lang='lat' dir='ltr'><strong>sic</strong></span> <span class='ocrx_word' id='word_1_911' title='bbox 1965 5475 2224 5546; x_wconf 88' lang='lat' dir='ltr'><strong>sapientia</strong></span> <span class='ocrx_word' id='word_1_912' title='bbox 2245 5515 2262 5542; x_wconf 92' lang='lat'><strong>,</strong></span> <span class='ocrx_word' id='word_1_913' title='bbox 2294 5489 2399 5529; x_wconf 93' lang='lat' dir='ltr'><strong>non</strong></span> <span class='ocrx_word' id='word_1_914' title='bbox 2423 5473 2660 5542; x_wconf 88' lang='lat' dir='ltr'><strong>justitia,</strong></span> <span class='ocrx_word' id='word_1_915' title='bbox 2690 5487 2795 5527; x_wconf 93' lang='lat' dir='ltr'><strong>non</strong></span> <span class='ocrx_word' id='word_1_916' title='bbox 2824 5473 2901 5528; x_wconf 90' lang='lat' dir='ltr'><strong>sic</strong></span> <span class='ocrx_word' id='word_1_917' title='bbox 2926 5473 3154 5544; x_wconf 87' lang='lat' dir='ltr'><strong>denique</strong></span> <span class='ocrx_word' id='word_1_918' title='bbox 3182 5475 3414 5533; x_wconf 82' lang='lat' dir='ltr'><strong>charitas</strong></span> 
     </span>
    </p>
   </div>
   <div class='ocr_carea' id='block_1_115' title="bbox 1860 5557 3410 5635">
    <p class='ocr_par' dir='ltr' id='par_1_115' title="bbox 1860 5557 3410 5635">
     <span class='ocr_line' id='line_1_115' title="bbox 1860 5557 3410 5635; baseline 0 -16"><span class='ocrx_word' id='word_1_919' title='bbox 1860 5567 2151 5635; x_wconf 84' lang='lat' dir='ltr'><strong>cogitatur,</strong></span> <span class='ocrx_word' id='word_1_920' title='bbox 2182 5566 2249 5620; x_wconf 84' lang='lat' dir='ltr'><strong>de</strong></span> <span class='ocrx_word' id='word_1_921' title='bbox 2274 5579 2375 5635; x_wconf 81' lang='lat' dir='ltr'><strong>qua</strong></span> <span class='ocrx_word' id='word_1_922' title='bbox 2401 5563 2653 5630; x_wconf 82' lang='lat' dir='ltr'><strong>scriptum</strong></span> <span class='ocrx_word' id='word_1_923' title='bbox 2695 5557 2812 5618; x_wconf 86' lang='lat' dir='ltr'><strong>est:</strong></span> <span class='ocrx_word' id='word_1_924' title='bbox 2859 5562 2997 5619; x_wconf 89' lang='lat' dir='ltr'><strong>Deus</strong></span> <span class='ocrx_word' id='word_1_925' title='bbox 3041 5565 3272 5620; x_wconf 84' lang='lat' dir='ltr'><strong>citaritas</strong></span> <span class='ocrx_word' id='word_1_926' title='bbox 3306 5577 3410 5625; x_wconf 83' lang='lat' dir='ltr'><strong>est.</strong></span> 
     </span>
    </p>
   </div>
   <div class='ocr_carea' id='block_1_116' title="bbox 1859 5646 3413 5730">
    <p class='ocr_par' dir='ltr' id='par_1_116' title="bbox 1859 5646 3413 5730">
     <span class='ocr_line' id='line_1_116' title="bbox 1859 5646 3413 5730; baseline -0.003 -15"><span class='ocrx_word' id='word_1_927' title='bbox 1859 5656 1993 5715; x_wconf 88' lang='lat' dir='ltr'><strong>Cum</strong></span> <span class='ocrx_word' id='word_1_928' title='bbox 2020 5674 2149 5717; x_wconf 88' lang='lat' dir='ltr'><strong>vero</strong></span> <span class='ocrx_word' id='word_1_929' title='bbox 2178 5658 2295 5730; x_wconf 81' lang='lat' dir='ltr'><strong>ejus</strong></span> <span class='ocrx_word' id='word_1_930' title='bbox 2339 5653 2712 5713; x_wconf 80' lang='lat' dir='ltr'><strong>habitationem</strong></span> <span class='ocrx_word' id='word_1_931' title='bbox 2757 5657 2955 5720; x_wconf 77' lang='lat' dir='ltr'><strong>ecgitas</strong></span> <span class='ocrx_word' id='word_1_932' title='bbox 2973 5696 2987 5723; x_wconf 91' lang='lat'><strong>,</strong></span> <span class='ocrx_word' id='word_1_933' title='bbox 3016 5653 3289 5714; x_wconf 59' lang='lat' dir='ltr'><strong>&quot;unitatem</strong></span> <span class='ocrx_word' id='word_1_934' title='bbox 3311 5646 3413 5714; x_wconf 62' lang='grc' dir='ltr'><strong>ὀυρ</strong></span> 
     </span>
    </p>
   </div>
  </div>
