1900 3118
244 131 310 158 10ίῖ

768 129 798 158 ι).
818 128 971 157 ΕυϐἷΡΡΙΙ
989 126 1131 155 ADBATIS
1149 126 1305 156 AFRICANI

1775 129 1837 156 ιιιιι

242 187 294 221 gita
307 207 315 219 ,
344 187 626 221 eong:egationcmquc
646 188 799 213 sanctorum
812 205 821 218 .
848 185 963 212 maxime
985 184 1011 211 in
1026 183 1051 213 Α
1064 190 1134 210 rum.
1154 183 1279 217 Quaedam
1293 189 1358 217 ergo
1372 182 1398 209 in
1410 181 1512 210 s'emine
1526 182 1671 210 materialis
1684 182 1783 219 [quasi]
1796 184 1830 219 i_n-

243 231 334 264 cmtis,
349 231 391 258 ubi
406 235 544 266 propterea
557 229 688 265 pracipue
698 230 794 257 dicitur
806 229 939 262 habitareI
953 229 1013 263 quia

244 276 280 304 ibi
295 277 324 304 lit
337 276 457 307 voluntas
470 276 529 310 ejus
543 275 657 308 perfecta
672 282 762 302 eorum
780 275 806 301 in
824 274 919 309 quibus
937 273 1014 304 babi-

244 326 281 348 tat
294 329 302 354 ;
316 320 410 348 deinde
424 320 450 346 in
466 311 551 356 terra,
572 319 615 348 ubi
635 320 768 349 a‘diﬁcans
788 319 887 346 habitat
906 319 1014 350 domum

246 372 337 396 suam,
352 364 378 391 in
394 366 446 390 line
461 364 550 391 saeculi
563 363 735 391 dedicandam
748 372 756 396 ;
778 364 910 391 Christum
925 367 1017 395 autem.

245 409 383 436 Dominum
404 415 537 440 nostrum,
559 408 720 443 unigenitum
743 409 789 436 Dei
803 408 912 441 Filium,
927 415 1015 443 requa-

246 453 297 480 lem
311 452 382 480 Patri
394 473 403 486 ,
417 453 592 488 eumdcmque
606 454 720 483 hominis
735 454 829 481 Filium
840 473 848 486 ,
864 461 916 488 quo
929 454 1014 488 major

243 501 283 524 est
296 496 382 531 Pater,
397 502 427 524 ut
441 498 537 531 ubique
550 502 634 529 totum
654 503 810 536 prrsentem
824 506 883 528 esse
898 506 950 526 non
965 498 1013 526 du-

243 542 326 574 bites,
343 547 465 577 tanquam
481 544 563 571 Deum
576 545 642 572 etin
656 545 750 572 eodem
766 544 863 580 templo
877 545 922 572 Dei
937 552 1012 578 esse,

243 591 367 621 tanquam.
380 586 570 615 inhabitantem
582 588 664 616 Deum
673 609 680 621 ,
694 595 720 616 et
733 589 759 616 in
770 590 828 620 loco
841 589 929 624 aliquo
941 589 1016 623 curii,

244 635 351 666 propter
364 632 418 659 vcri
435 633 559 666 corporis
568 634 685 660 modum.

496 678 606 706 CAPUT
618 678 752 707 CCCXXI.

241 721 280 748 Ds
296 722 369 749 unius
390 723 478 749 uxoria
495 723 547 763 uiro
567 724 683 763 episcopo
705 724 867 763 ordinando;
879 733 912 752 es
925 725 969 752 lib.
982 725 1013 752 de

511 756 581 784 Bono
595 766 641 784 con
639 756 735 794 jugali.

276 799 349 833 Quod
361 804 402 827 est
415 800 489 828 cibus
501 801 533 828 ad
548 802 659 828 salutem
673 802 807 837 corporis,
829 803 879 831 hoc
892 808 933 831 est
945 811 1010 831 con-

1066 227 1205 261 furmitas,
1217 235 1276 261 qua
1287 227 1398 254 formata
1410 234 1505 261 corpus
1516 226 1630 254 hominis
1643 227 1777 255 redditura
1789 235 1835 262 est,

1066 271 1092 298 in
1106 271 1299 305 signiﬁcatione
1315 271 1401 305 posita
1416 276 1458 299 est
1483 272 1544 299 vita
1568 272 1689 299 informis
1705 277 1731 299 et
1751 273 1835 300 ineru-

1067 314 1129 342 ditae
1142 322 1149 347 ;
1165 322 1180 342 ι
1196 323 1246 348 qua
1259 314 1437 347 infurtnitate‘,
1451 315 1574 349 quoniam
1590 320 1694 351 oportet
1707 317 1836 345 hominem

1069 360 1196 386 doctrina:
1211 358 1296 386 l'orma
1311 363 1338 386 et
1351 360 1499 387 eruditione
1515 361 1650 394 mundari,
1666 370 1692 389 tu
1711 363 1789 397 hujus
1802 364 1834 390 rei

1063 404 1167 438 riguum
1191 404 1234 431 illa
1259 403 1406 437 puriﬁcatio
1430 410 1561 439 praecepta
1587 411 1630 433 est
1653 412 1712 440 post
1729 408 1835 435 seminis

1063 449 1243 476 emissionem.
1265 449 1357 484 Neque
1376 450 1446 477 enim
1468 450 1494 477 in
1515 452 1617 478 somnis
1633 457 1738 486 peccato
1754 453 1800 483 ﬁt,
1812 457 1835 479 et

1064 498 1152 520 tamen
1166 493 1244 521 etiam
1261 493 1297 520 ibi
1314 497 1445 527 precepts
1459 498 1500 521 est
1515 495 1676 528 puriﬁcatio.
1691 496 1741 522 Aut
1754 496 1777 522 si
1791 497 1836 522 hoc

1063 543 1200 573 peccatum
1223 538 1361 573 quisquam
1384 543 1476 573 putat,
1498 547 1550 566 non
1569 539 1702 567 arbitrans
1715 540 1833 568 accidere

1063 585 1112 612 nisi
1127 592 1159 612 ex
1173 585 1261 619 aliquo
1275 584 1424 619 huiusmodi
1439 585 1583 619 desiderio,
1598 586 1669 620 quod
1683 587 1771 621 procul
1786 587 1830 614 du-

1063 629 1106 656 bio
1128 630 1220 657 falsum
1235 633 1293 662 est,
1317 629 1444 664 numquid
1459 634 1487 657 et
1502 629 1582 657 solita
1602 637 1736 657 mensuum
1754 631 1835 666 [meo-

1062 673 1175 709 struum]
1190 678 1295 708 peccata
1315 678 1377 700 sunt
1400 673 1580 701 feminarum?
1600 681 1614 701 a
1638 675 1730 708 quibus
1752 680 1835 702 tamen

1063 718 1154 745 eadem
1179 717 1245 752 legis
1269 721 1387 744 vetustas
1411 718 1538 752 praecepit
1564 718 1688 753 expiari,
1712 726 1762 745 non
1789 718 1835 745 nisi

1064 766 1172 796 propter
1187 761 1270 796 ipsam
1285 761 1449 789 materialem
1463 761 1652 789 informitatem
1662 782 1671 794 ,
1690 770 1747 797 qua:
1771 762 1835 789 facto

1063 810 1203 839 conceptu,
1213 809 1336 839 tanquam
1345 805 1546 833 atdiﬁcationem
1555 807 1676 841 corporis
1685 807 1800 840 additur;
1807 815 1836 834 ac

240 846 343 874 cubitus
356 845 388 873 ad
399 846 510 873 salutem
524 846 640 881 generis,
654 851 681 874 et
691 852 829 882 utrumque
836 855 889 876 non
903 853 943 875 est
952 848 1010 876 sine
1026 848 1049 878 B
1062 858 1109 885 per
1123 852 1173 878 hoc
1185 858 1244 878 cum
1256 851 1403 879 infurmiter
1415 851 1483 883 ﬂuit,
1497 852 1638 886 signiﬁcari
1652 860 1696 887 per
1706 853 1777 880 illam
1791 853 1829 880 lex

241 891 416 919 dt-lectatione
434 892 534 919 carnali
549 891 673 920 :diversa
687 900 767 927 opera
783 897 885 927 patrum
909 901 960 920 non
972 892 1013 920 t‘a-

242 936 330 964 ciebat
341 936 391 964 nisi
408 936 546 964 diversitas
561 941 707 971 temporum
717 956 725 964 .
740 937 784 965 Sic
797 942 884 965 autem
902 945 1013 966 necesse

246 985 342 1008 eratut
356 981 497 1009 carnaliter
509 982 628 1014 coirent,
644 982 723 1009 etiam
746 989 798 1009 non
821 983 940 1010 carnales
954 991 1014 1018 pro-

244 1024 340 1058 pheta,
354 1024 423 1052 sicut
436 1032 545 1053 necesse
564 1031 620 1053 erat
635 1031 662 1053 ut
676 1027 817 1054 carnaliter
832 1033 1012 1060 vescerentur,

241 1068 319 1095 etiam
331 1077 382 1096 non
397 1070 515 1098 carnales
527 1071 648 1105 apostoli.
664 1069 789 1099 Ecclesia:
802 1072 1011 1106 dispensatorem

242 1119 294 1139 non
307 1112 387 1140 licere
401 1114 537 1146 ordinari,
551 1114 602 1141 nisi
626 1115 702 1142 unius
717 1116 808 1142 uxoris
827 1116 912 1143 virum
922 1137 931 1150 ,
950 1124 1013 1144 acu-

240 1155 293 1183 tius
315 1156 511 1191 intellexerunt,
535 1158 579 1194 qui
602 1166 650 1186 nec
667 1167 728 1187 eum
749 1160 794 1195 qui
808 1162 1011 1189 catechumenos

240 1201 281 1228 vel
292 1209 408 1236 paganus
420 1202 540 1231 habuerit
560 1204 680 1237 alteram,
694 1205 865 1233 ordinandum
878 1214 936 1234 esse
950 1215 1012 1235 cen-

239 1250 358 1273 suerunt.
372 1246 410 1274 De
424 1253 591 1276 sacramento
603 1249 673 1276 enim
683 1250 787 1284 agitur,
803 1258 855 1278 non
870 1251 903 1279 de
918 1260 1011 1286 pecea-

240 1297 276 1318 to.
288 1290 354 1318 Nam
368 1291 393 1318 in
407 1292 536 1327 baptismo
548 1299 653 1328 peccata
665 1296 752 1323 omnia
763 1296 931 1325 dimittuntur
943 1306 950 1331 ;
964 1298 1010 1326 sed

239 1335 283 1369 qui
296 1335 383 1363 dixit:
398 1336 426 1364 Si
439 1338 573 1372 acceperis
592 1347 698 1367 uxorem
711 1362 718 1374 ,
735 1348 787 1368 non
803 1343 934 1377 peccasti,‘
951 1344 1011 1371 etsi

219 1400 222 1403 .
238 1379 358 1413 nupserit
369 1381 450 1414 virgo,
462 1389 516 1409 non
525 1386 633 1415 peccat;
648 1388 683 1416 et,
699 1384 772 1418 Quod
787 1385 840 1412 vult
855 1385 947 1419 faciat;
959 1380 1011 1414 non

238 1428 347 1458 peccat,
363 1423 406 1460 [si]
427 1426 603 1454 nubatzsatis
619 1427 764 1456 declaravit
788 1430 891 1464 nuptias
911 1432 1009 1459 nullum

238 1475 297 1496 esse
318 1475 463 1503 peccatum.
489 1471 598 1505 Propter
611 1474 770 1502 sacramenti
784 1479 871 1503 autem
883 1477 1009 1504 sanctita-

238 1518 308 1546 tem,
321 1514 387 1542 sicut
400 1515 495 1543 femina
516 1517 613 1550 etiam,
636 1518 658 1545 si
672 1519 861 1548 eatechumena
882 1522 959 1549 fuerit
972 1523 1010 1550 vi-

237 1559 311 1593 tiata,
333 1567 386 1587 non
401 1566 487 1594 potest
503 1565 562 1596 post
582 1562 740 1596 baptismum
755 1564 823 1592 inter
835 1564 882 1593 Dei
895 1567 1011 1601 virgines

236 1605 401 1638 consecrari;
419 1606 455 1632 ita
474 1614 526 1633 non
545 1607 658 1635 absurde
673 1609 756 1635 visum
778 1614 819 1638 est
832 1618 892 1638 eum
906 1612 949 1647 qui
965 1619 1011 1640 ex-

237 1649 317 1676 cessit
330 1657 440 1677 uxorum
457 1658 595 1679 numerum
608 1652 784 1688 singularem,
805 1663 857 1682 non
873 1661 1009 1691 peccatum

237 1693 342 1728 aliquod
365 1696 546 1729 commisisse,
569 1698 614 1725 sed
630 1706 748 1726 normam
769 1702 908 1735 quamdam
922 1709 1010 1730 sacra-

237 1738 318 1766 menti
329 1739 448 1767 amisisse
461 1760 468 1773 ,
481 1748 532 1768 non
546 1741 579 1768 ad
591 1742 650 1770 vita:
665 1743 740 1771 home
753 1745 874 1772 meritum
886 1765 894 1779 ,
912 1747 958 1773 sed
976 1747 1009 1775 ad

237 1782 407 1821 ordinationis
430 1785 616 1814 ecclesiastica
636 1787 797 1822 signaculum
818 1791 1009 1818 necessarium.

239 1829 277 1856 Ac
290 1836 337 1862 per
351 1829 400 1856 hoc
414 1829 482 1856 sicut
503 1830 592 1864 plures
607 1832 771 1866 antiquorum
791 1838 895 1867 patrum
914 1843 1010 1864 uxores

237 1873 453 1907 signiﬁcaverunt
464 1873 565 1902 futuras
577 1880 682 1903 nostras
696 1884 728 1904 ex
750 1879 874 1907 omnibus
887 1880 1009 1914 gentibus

238 1917 369 1945 Ecclesias
379 1918 424 1945 ιιιιί
436 1918 494 1947 viro
503 1920 744 1954 subditasChristo,
752 1922 787 1949 ita
799 1928 890 1952 noster
896 1925 1009 1953 antistes

236 1964 313 1991 unius
327 1963 418 1991 uxoris
430 1965 469 1992 vir
482 1965 611 2000 signiﬁcat
626 1974 660 1994 ex
673 1968 796 1996 omnibus
810 1970 932 2004 gentibus
948 1971 1007 1998 uni-

236 2013 325 2041 tatem,
336 2009 381 2036 uni
393 2010 450 2037 viro
460 2011 592 2038 subditam
607 2011 721 2046 Christo,
735 2021 794 2048 quae
810 2018 872 2042 tunc
886 2015 1008 2049 perlicie-

236 2059 277 2081 tur
288 2062 347 2082 cum
370 2056 526 2084 revelaverit
542 2058 644 2085 occulta
666 2059 831 2087 tenebrarum
845 2080 853 2093 ,
866 2066 919 2088 etc.
934 2061 1008 2089 Nunc

235 2104 322 2127 autem
344 2106 405 2128 sunt
426 2101 573 2129 manifesta.-
595 2103 706 2131 latentes
721 2104 911 2139 dissensiones,
928 2107 1006 2134 etiam

235 2145 305 2172 salva
320 2145 458 2178 charitate,
475 2147 544 2174 inter
558 2155 604 2175 eos
617 2149 661 2182 qui
677 2156 757 2176 unum
772 2155 798 2176 et
813 2150 838 2176 in
857 2158 910 2178 uno
928 2151 1008 2179 futuri

235 2195 295 2217 sunt
306 2199 313 2218 :
325 2199 384 2224 qua:
399 2196 461 2218 tunc
476 2192 563 2226 utique
577 2193 654 2219 nullae
663 2199 749 2220 erunt.
763 2194 852 2229 Itaque
863 2195 928 2223 sicut
941 2196 1006 2223 duo.
1021 2196 1044 2226 D

236 2234 284 2262 bus
297 2235 410 2263 dominis
422 2237 571 2271 pluribusve
582 2237 694 2270 servire,
705 2238 744 2266 sic
758 2246 774 2265 a
786 2241 846 2266 vivo
860 2241 917 2269 viro
927 2242 953 2269 in
964 2243 1005 2269 al-

236 2280 316 2307 terius
328 2281 439 2308 transire
452 2282 622 2315 connubium,
639 2290 686 2310 nec
695 2287 757 2311 tunc
770 2283 846 2312 licuit
856 2305 863 2315 .
878 2293 926 2314 nec
937 2295 1008 2315 nunc

236 2325 307 2358 licet,
323 2333 370 2352 nec
380 2334 493 2359 unquam
515 2327 612 2354 licebit.
627 2328 783 2362 Apostatare
796 2330 893 2365 quippe
906 2332 940 2359 ab
949 2337 1008 2360 'uno

236 2369 301 2402 Deo,
315 2374 342 2397 et
356 2369 394 2409 ire
409 2371 435 2397 in
454 2371 561 2398 alterius
579 2372 753 2400 adulterinam
773 2375 986 2407 superstitionem
998 2398 1006 2412 ,

234 2425 339 2452 semper
360 2423 401 2446 est
424 2419 531 2446 malum.
552 2419 606 2447 Nec
627 2427 706 2449 causa
730 2429 793 2456 ergo
817 2425 1007 2453 numerosioris

235 2463 316 2497 prolis
331 2461 451 2490 iecerunt
464 2463 546 2491 sancti
561 2465 664 2497 nostri,
679 2466 749 2499 quod
763 2466 829 2494 Gate
847 2467 942 2495 dicitur
963 2468 1004 2496 fe-

234 2509 300 2537 cisse
312 2509 456 2541 liomanus,
476 2514 505 2536 ut
517 2509 631 2540 traderet
652 2511 728 2538 vivus
742 2519 850 2539 uxorem
870 2514 949 2541 etiam
971 2516 1008 2542 al-

234 2555 316 2581 terius
325 2554 432 2581 domutn
445 2555 506 2582 ﬁliis
518 2555 695 2589 impleturum.
705 2556 734 2583 [ιι
748 2561 900 2585 nostrarum
911 2559 1008 2593 quippe

234 2598 350 2632 nuptiis,
376 2599 433 2633 plus
455 2600 526 2628 valet
545 2601 671 2628 sanctitas
689 2602 847 2630 sacramenti
867 2611 945 2638 quam
966 2605 1006 2632 l‘e-

234 2645 354 2674 cunditas
369 2646 447 2673 uteri.

484 2681 596 2709 CAPUT
615 2681 761 2709 CCLXXII.

344 2741 380 2768 De
394 2745 517 2767 nocturna
532 2740 669 2772 illusiouc;
683 2748 715 2767 es
727 2739 814 2766 eodem
828 2739 902 2768 libro.

270 2799 347 2826 .\lult.i
369 2798 409 2825 lex
432 2798 505 2833 ponit
525 2800 551 2825 in
566 2797 739 2825 sacramentis
752 2801 778 2825 et
793 2797 894 2825 unthris
909 2796 1010 2826 futuro-

1063 897 1160 929 voluit,
1173 897 1290 923 animum
1300 897 1357 924 sine
1370 896 1517 931 disciplinae
1531 897 1614 924 lorma
1629 897 1782 925 indecenter
1791 898 1835 924 συ.

1063 941 1150 968 vidum
1166 940 1298 976 [ﬂuidum]
1308 948 1339 968 ac
1353 941 1525 976 dissolutum,
1540 949 1618 977 quem
1634 942 1740 969 formari
1754 950 1830 976 opor-

1063 992 1119 1015 tere
1128 988 1267 1023 signiﬁeat,
1277 995 1337 1015 cum
1348 988 1428 1014 talem
1438 988 1537 1014 ﬂuxum
1548 989 1667 1022 corporis
1679 988 1753 1022 jubet
1766 988 1832 1020 puri-

1063 1032 1147 1058 ﬁcari.
1163 1031 1301 1059 Postremo
1314 1031 1431 1067 nunquid
1445 1036 1471 1058 et
1486 1032 1553 1058 mori
1569 1038 1702 1065 peceatum
1718 1036 1758 1059 est
1769 1052 1776 1063 ,
1792 1037 1833 1058 aut

1063 1081 1195 1103 mortuum
1211 1076 1326 1110 sepelire
1337 1083 1388 1103 non
1403 1076 1483 1103 etiam
1497 1076 1595 1103 bonum
1610 1083 1676 1110 opus
1690 1076 1833 1102 humanita-

1063 1120 1096 1147 tis
1108 1120 1166 1148 est.’
1179 1125 1205 1147 et
1217 1125 1305 1147 tamen
1318 1120 1465 1154 puriﬁcatio
1475 1125 1500 1147 et
1510 1120 1573 1147 inde
1583 1120 1704 1147 mandata
1714 1125 1767 1152 est,
1778 1121 1833 1152 quia

1061 1169 1089 1193 et
1104 1169 1235 1192 mortuum
1248 1172 1345 1199 corpus
1355 1165 1408 1192 vita
1418 1164 1559 1192 deserente
1571 1172 1622 1191 non
1638 1171 1772 1199 peccatum
1783 1168 1831 1195 at,

1060 1210 1108 1237 sed
1125 1215 1261 1244 peccatum
1276 1209 1408 1244 signiﬁcat
1422 1209 1517 1236 anitum
1530 1209 1643 1237 deserta:
1657 1217 1671 1236 a
1683 1208 1802 1243 justitia.

1305 1265 1393 1293 CAPU
1402 1266 1417 1292 Γ
1434 1264 1595 1293 CCCXXIII.

1060 1311 1115 1346 88
1123 1310 1160 1337 De
1172 1311 1260 1337 virtute
1269 1310 1348 1337 animi
1356 1310 1394 1337 vel
1400 1310 1493 1371 (ﬂente
1503 1311 1538 1337 uel
1546 1310 1696 1345 manifesta;
1707 1318 1740 1337 α
1750 1310 1832 1336 eodem

1287 1354 1291 1357 ·
1420 1359 1424 1370 ι
1444 1353 1482 1372 ro.
1510 1358 1514 1362 -

1094 1400 1260 1431 Continenti:
1273 1408 1326 1430 non
1337 1401 1519 1435 corporis,sed
1531 1401 1611 1429 animi
1622 1401 1704 1429 vi-tus
1716 1406 1769 1428 est.
1779 1400 1835 1427 Vir-

1061 1449 1103 1472 tus
1116 1444 1254 1480 [Virtutes]
1266 1449 1353 1472 autem
1366 1445 1447 1472 animi
1461 1445 1603 1479 aliquando
1616 1446 1641 1472 in
1657 1453 1738 1480 opere
1752 1445 1834 1472 mani-

1062 1489 1170 1517 festatur
1183 1490 1417 1526 [ntanil'estantur],
1430 1490 1569 1525 aliquando
1581 1491 1607 1517 in
1618 1491 1706 1517 habitu
1721 1491 1746 1517 la
1760 1499 1783 1517 cf
1796 1490 1836 1526 [la-

1024 1523 1047 1556 c
1062 1533 1127 1570 tem]
1139 1543 1146 1561 :
1155 1523 1222 1561 sicut
1232 1534 1350 1570 martyrii
1359 1523 1441 1562 virtus
1450 1523 1559 1562 eminuit
1567 1534 1694 1571 [emicuit]
1703 1523 1835 1569 apparuit-

1061 1586 1112 1614 que
1136 1579 1273 1607 tolerando
1288 1580 1424 1614 passiones
1438 1588 1444 1606 :
1460 1579 1507 1608 sed
1529 1587 1607 1615 quam
1631 1580 1706 1607 multi
1727 1585 1791 1606 sunt
1812 1580 1836 1605 in

1060 1622 1152 1651 eadem
1167 1624 1263 1651 virtute
1277 1624 1369 1655 animi,
1383 1624 1479 1658 quibus
1504 1624 1614 1652 tentatio
1635 1625 1727 1657 deest,
1742 1632 1794 1658 qua
1811 1623 1834 1650 id

1059 1668 1129 1702 quod
1144 1668 1215 1695 intus
1228 1673 1280 1701 est,
1295 1668 1322 1695 in
1335 1673 1477 1702 conspectu
1490 1669 1548 1701 Dei,
1561 1669 1641 1696 etiam
1657 1670 1686 1696 in
1701 1669 1833 1696 hominum

1061 1713 1207 1748 procedat?
1219 1713 1251 1740 Et
1263 1713 1402 1740 Timotheo
1415 1713 1450 1740 ita
1465 1713 1581 1741 relaxata
1593 1719 1633 1741 est
1648 1714 1753 1748 corpori
1770 1713 1835 1739 utili-

1061 1765 1099 1787 tas
1112 1759 1201 1788 vinum
1213 1759 1330 1792 bibendi,
1342 1764 1370 1786 ut
1385 1765 1505 1787 maneret
1516 1761 1540 1786 in
1553 1760 1641 1786 animo
1655 1759 1765 1787 habitus
1777 1767 1835 1786 eoo-

1058 1805 1170 1832 tiuendi.
1185 1804 1243 1838 Ipse
1255 1809 1297 1831 est
1308 1804 1378 1831 enim
1393 1804 1498 1831 habitus
1510 1811 1562 1838 quo
1572 1804 1670 1838 aliquid
1681 1805 1769 1838 agitur
1780 1811 1836 1830 eum

1061 1858 1126 1883 opus
1140 1854 1193 1881 est;
1211 1857 1269 1875 curn
1285 1854 1371 1875 autem
1386 1857 1438 1875 non
1455 1849 1550 1883 agitur,
1565 1854 1652 1882 potest
1667 1849 1777 1883 agi,sed
1789 1855 1835 1874 non

1060 1901 1124 1927 Opus
1138 1899 1188 1920 est.
1204 1893 1268 1920 Num
1286 1895 1364 1928 igitur
1378 1900 1428 1920 non
1443 1898 1499 1920 erat
1509 1894 1535 1920 in
1550 1894 1658 1920 Christo
1670 1893 1835 1920 continenti:

1060 1940 1142 1966 virtus
1157 1947 1170 1965 a
1185 1940 1243 1966 cibo
1258 1943 1284 1966 et
1301 1943 1372 1973 potu,
1386 1944 1481 1972 quanta
1496 1943 1553 1966 erat
1566 1939 1592 1965 in
1606 1938 1708 1965 Joanne
1724 1938 1835 1973 Baptista

1061 1989 1089 2011 ut
1102 1985 1250 2011 diceretur:
1264 1984 1331 2011 Ecce
1345 1985 1425 2010 homo
1438 1991 1519 2010 verax
1531 1988 1558 2010 et
1569 1989 1674 2017 potator
1688 1983 1764 2009 vini?
1775 1990 1836 2008 nun-

1058 2031 1120 2064 quid
1135 2037 1185 2056 non
1196 2030 1257 2056 talia
1272 2029 1396 2056 dicuntur
1408 2028 1433 2055 in
1447 2028 1609 2056 domesticos
1621 2028 1678 2063 ejus
1692 2033 1782 2061 patres
1794 2033 1836 2054 no-

1059 2082 1144 2106 stros,
1166 2083 1198 2102 ex
1222 2075 1272 2101 alio
1292 2082 1389 2109 genere
1411 2075 1500 2101 utendi
1521 2075 1644 2106 terrenis.
1664 2080 1793 2107 quantum
1806 2074 1835 2100 ad

1059 2122 1224 2148 concubitum
1240 2121 1352 2155 pertinet
1366 2129 1372 2145 :
1387 2120 1453 2147 Ecce
1463 2120 1584 2147 homines
1598 2119 1736 2146 libidinosi
1750 2124 1777 2147 et
1790 2119 1834 2146 iu-

1061 2167 1159 2198 mundi,
1173 2171 1303 2192 amatores
1316 2165 1470 2193 feminarum
1483 2169 1508 2192 ει
1520 2165 1708 2192 lasciviarum?
1722 2165 1755 2192 ει
1766 2164 1835 2199 justi-

1061 2212 1135 2238 ftcata
1150 2216 1189 2237 est
1201 2211 1328 2243 sapientia
1339 2218 1352 2236 a
1363 2210 1423 2237 ﬁliis
1433 2211 1499 2242 suis,
1510 2210 1553 2244 qui
1568 2210 1658 2237 vident
1667 2211 1835 2237 contineor:

1060 2259 1180 2284 virtutem
1194 2257 1219 2282 in
1232 2256 1319 2282 habitu
1331 2256 1411 2282 animi
1423 2262 1526 2288 semper
1537 2262 1596 2282 esse
1605 2254 1752 2286 dehrre.in
1762 2261 1835 2286 opere

1060 2306 1145 2328 autem
1152 2308 1198 2334 pro
1205 2307 1291 2327 rerum
1299 2307 1328 2325 ac
1338 2305 1387 2325 tem
1393 2307 1484 2331 porum
1491 2299 1686 2333 opportunitate
1694 2298 1835 2325 manifest}

1060 2348 1091 2375 ri.
1107 2347 1170 2373 Cum
1179 2353 1240 2379 ergo
1252 2345 1387 2378 colloquiis
1401 2344 1476 2370 malis
1483 2344 1579 2370 dicitur
1586 2345 1734 2371 continenti
1743 2351 1835 2377 etne}-

1061 2393 1110 2419 tins
1118 2402 1122 2416 l
1130 2392 1258 2419 erusauti:
1268 2390 1308 2416 Tu
1315 2398 1376 2424 ergo
1383 2390 1508 2417 meliores
1514 2397 1591 2424 quam
1598 2390 1835 2417 Abraham!de

1062 2438 1117 2471 Ego
1132 2436 1236 2469 quidem
1254 2443 1305 2462 non
1320 2442 1378 2461 sum
1392 2435 1495 2468 melior,
1509 2435 1555 2462 sed
1570 2440 1611 2462 est
1625 2435 1724 2462 melior
1739 2435 1835 2461 uetitas

1061 2482 1182 2508 caelibum
1194 2489 1270 2514 quum
1281 2480 1389 2507 castitas
1405 2480 1551 2513 nuptiarum
1565 2486 1694 2514 :quarutn
1710 2480 1833 2507 Ahala.

1062 2533 1139 2551 unam
1156 2523 1267 2550 habebat
1281 2523 1307 2549 in
1318 2531 1376 2555 usu,
1387 2522 1478 2549 ambas
1493 2523 1517 2549 in
1533 2522 1634 2550 habitu.
1649 2522 1734 2550 οδω
1746 2523 1834 2557 Illinc

1062 2569 1232 2602 conjugalitsr
1244 2568 1324 2599 vixit;
1335 2575 1393 2595 esse
1402 2572 1490 2594 autem
1501 2573 1573 2594 caste
1585 2567 1643 2594 sine
1654 2567 1765 2602 coniugi
1774 2577 1781 2591 I
1793 2574 1834 2600 pn-

1063 2615 1121 2645 tuit,
1132 2614 1177 2640 δρα
1191 2617 1252 2640 tunc
1263 2621 1314 2640 non
1327 2614 1451 2647 oportuit.
1465 2614 1519 2648 Ego
1529 2621 1592 2640 tero
1602 2613 1710 2640 facilius
1721 2622 1772 2640 non
1781 2619 1834 2640 utar

1063 2660 1169 2694 nuptis,
1186 2659 1280 2693 quibus
1304 2667 1366 2685 usus
1391 2663 1431 2685 est
1454 2658 1694 2691 Abt';tltam,quam
1722 2659 1762 2685 sic
1782 2662 1829 2684 ιι-

1064 2706 1159 2738 nuptiis
1171 2704 1391 2738 quemadmodum
1401 2708 1440 2731 est
1451 2712 1513 2730 usus
1522 2703 1667 2730 Abraham.
1680 2702 1759 2736 Quod
1771 2702 1832 2730 ei-

1044 2741 1046 2744 ’
1063 2759 1111 2784 ego
1127 2758 1195 2777 nuttc
1217 2757 1277 2785 ago,
1293 2749 1386 2777 melius
1410 2749 1453 2776 ille
1466 2749 1572 2783 egisset,
1589 2755 1613 2776 st
1628 2751 1695 2776 tunc
1714 2747 1832 2784 agnd-

1063 2801 1141 2824 CSSL‘L
