3874 6226
135 282 284 338 teis
364 349 375 358 _

649 386 871 444 CAPUT
907 379 1221 450 CCCXXIV'.

134 504 321 560 Nemo
353 504 580 558 ascemlit
619 501 669 552 in
699 497 900 557 cutim",
931 503 1026 546 etc.
1055 489 1141 552 Et,
1174 484 1549 560 Sicntﬂoy‘ses
1574 482 1716 535 exal-

207 554 652 641 tabit—serpentem
673 571 723 620 in
745 554 956 638 deserto.
986 561 1062 615 Ea:
1088 561 1214 612 libro
1240 558 1301 610 de
1328 554 1587 624 Baptismo
1608 569 1719 623 par-

203 649 460 697 vulorum
483 643 664 710 primo.

210 755 421 818 Nemo,
452 751 642 822 inquit,
666 747 903 804 ascendit
931 747 981 800 in
1009 745 1221 807 emlum,
1251 739 1351 794 nisi
1380 737 1467 805 qui
1496 735 1563 789 de
1583 733 1721 787 cosio

135 844 464 910 descendit,
491 844 654 897 Filius
675 839 923 901 hominis,
942 839 1128 907 quiest
1153 834 1205 887 in
1226 831 1380 886 coalo.
1406 828 1512 890 Sic,
1531 825 1719 892 inquit,

136 939 234 989 tiet
262 933 546 1002 generatio
566 919 874 1001 spiritualis,
908 940 962 982 ut
993 927 1100 980 sint
1125 925 1367 978 caelestes
1395 916 1635 971 homines
1656 927 1720 966 ex

136 1001 414 1086 terrenis.
445 1022 587 1092 quod
634 1020 858 1090 adipisci
901 1028 1003 1071 non
1045 1020 1312 1084 poterunt,
1347 1007 1445 1062 nisi
1486 1001 1720 1059 membra

137 1127 269 1166 mea
300 1090 638 1176 efficiantur;
668 1117 725 1162 ut
751 1109 864 1176 ipse
892 1102 1140 1159 ascendat
1164 1100 1254 1169 qui
1279 1093 1573 1158 descendit,
1603 1090 1723 1158 quia

138 1221 318 1262 nemo
345 1203 603 1268 ascendit,
631 1203 733 1256 nisi
772 1200 862 1270 qui
886 1194 1173 1252 descendit.
1197 1190 1308 1246 Nisi
1330 1201 1456 1256 ergo
1478 1188 1528 1238 in
1551 1182 1720 1237 unita-

138 1305 257 1351 tem
309 1294 515 1350 Christi
556 1309 743 1348 omnes
773 1287 1009 1345 mutandi
1042 1280 1354 1349 levandique
1382 1281 1722 1336 concurrant,

141 1389 201 1441 ut
233 1388 495 1443 Christus
518 1429 531 1452 ,
563 1385 652 1455 qui
681 1380 978 1441 discendit,
1008 1377 1120 1444 ipse
1149 1369 1419 1435 ascendat,
1448 1380 1551 1420 non
1581 1361 1724 1417 aliud

138 1480 425 1547 deputans
448 1489 638 1545 corpus
663 1487 839 1535 suum,
863 1469 915 1524 id
939 1475 1021 1521 est
1045 1462 1336 1518 Ecclesiam
1365 1472 1538 1522 suam,
1564 1469 1723 1522 quam

138 1542 396 1638 sei‘psum
425 1542 642 1635 quia'de
669 1562 883 1617 Christo
909 1565 962 1612 et
993 1552 1229 1610 Ecclesia
1257 1550 1431 1605 verius
1476 1542 1724 1613 iutelligi~

140 1634 286 1712 turi:
330 1634 498 1711 Erunt
532 1654 640 1709 duo
664 1653 714 1707 in
742 1662 903 1705 carne
929 1661 1068 1709 una;
1099 1643 1165 1698 de
1191 1655 1292 1710 qua
1323 1654 1383 1693 re
1412 1638 1525 1704 ipse
1551 1634 1681 1689 dixit
1705 1649 1720 1686 :

1169 260 1593 322 TllESAUllUS.
1635 257 1786 313 CAP.
1826 255 2114 313 CCCXXV.

1742 371 1795 430 Δ
1820 374 1966 428 tinuo
1990 374 2331 428 sanabantur.
2362 369 2502 437 Quid
2539 368 2799 424 exaltatns
2828 375 3069 432 serpens,
3094 357 3191 413 nisi
3233 370 3377 410 mors

3249 244 3381 302 1οίιί

1816 464 2041 528 Christi,
2068 480 2134 519 eo
2158 462 2485 532 significandi
2513 460 2689 524 modo,
2712 472 2820 527 quo
2848 470 2946 526 per
2967 450 3290 506 efficientem
3325 445 3376 497 id

1817 557 1955 624 quod
1985 555 2214 607 efficitur
2257 551 2621 630 sigpificatnr?
2650 551 2690 602 Α
2721 554 2970 614 serpente
2995 542 3191 612 quippe
3237 550 3381 589 mors

1819 646 1984 707 venit,
2007 645 2093 712 qui
2119 627 2389 711 peccatum
2413 654 2516 708 quo
2539 647 2834 705 moreretur
2858 632 3058 688 homini
3082 627 3379 700 persuasit:

1823 738 2076 790 Dominus
2099 745 2274 788 autem
2298 733 2348 787 in
2370 746 2583 786 carnem
2609 745 2757 783 suam
2781 742 2887 781 non
2911 734 3182 794 peccatum
3207 731 3380 774 trans-

1822 828 1939 880 tulit
1970 835 2212 892 tanquam
2244 837 2502 880 venentnu
2534 819 2815 888 serpentis,
2845 816 2941 872 sed
2986 825 3160 868 tamen
3209 822 3381 865 trans~
3430 811 3440 822 ‘

1822 918 1937 973 tulit
1967 925 2188 970 mortem
2231 923 2288 968 ut
2309 920 2452 967 esset
2481 913 2533 965 in
2557 908 2955 965 similitudinem
2977 905 3151 960 carnis
3175 896 3380 972 peccati

1823 1023 1976 1076 paena
1997 1007 2112 1060 sine
2132 1006 2285 1074 culpa
2310 1021 2324 1058 :
2350 1003 2490 1058 unde
2518 1002 2569 1055 in
2592 1015 2754 1054 carne
2782 997 3002 1067 peccati,
3019 1005 3075 1050 et
3095 993 3247 1060 culpa
3269 990 3379 1044 sol-

1824 1107 2036 1152 veretur
2080 1107 2133 1150 et
2182 1110 2354 1164 poena.
2386 1094 2535 1150 Sicut
2578 1105 2707 1160 ergo
2737 1099 2859 1144 tunc
2904 1087 2994 1157 qui
3024 1081 3382 1153 conspiciebat

1823 1188 2107 1244 exaltatum
2154 1196 2477 1256 serpentem,
2508 1193 2561 1240 et
2605 1199 2634 1237 a
2682 1195 2889 1236 veneno
2918 1178 3222 1239 sanabatur,
3251 1182 3306 1228 et
3350 1187 3381 1227 a

1825 1289 1994 1334 morte
2027 1278 2367 1344 hberabatur,
2398 1278 2474 1330 sic
2513 1289 2651 1330 nunc
2682 1272 2770 1342 qui
2801 1270 3160 1326 conformatur
3189 1264 3379 1319 simili-

1827 1370 1995 1426 tudini
2025 1369 2208 1423 tnortis
2232 1367 2451 1429 ChriSIi,
2483 1379 2578 1434 per
2608 1362 2763 1416 fidem
2792 1359 3217 1429 baptismumque
3243 1353 3381 1422 ejus,

1824 1473 1879 1517 et
1905 1477 1933 1514 a
1966 1467 2182 1529 peccato
2210 1472 2305 1526 per
2323 1453 2776 1524 justifieationem,
2800 1459 2852 1504 et
2893 1462 2923 1502 a
2963 1455 3134 1501 morte
3163 1457 3260 1513 per
3299 1456 3383 1494 re-

1827 1528 2212 1605 surrectionem
2242 1545 2530 1606 liberatur;
2562 1541 2662 1594 hoc
2694 1547 2777 1593 est
2825 1537 2966 1591 enim
3004 1533 3143 1602 quod
3171 1531 3245 1583 ait
3273 1547 3288 1584 :
3317 1528 3386 1584 Ut

1825 1641 2000 1696 omnis
2021 1639 2106 1707 qui
2131 1636 2298 1694 credit
2326 1636 2382 1691 in
2401 1648 2522 1690 cum
2547 1647 2651 1687 non
2676 1638 2878 1700 pereat,
2899 1625 2995 1682 sed
3017 1626 3206 1679 habeat
3226 1621 3385 1675 vitam

140 1748 324 1816 Igitur
349 1747 461 1815 jam
491 1758 595 1798 non
625 1743 750 1807 duo,
774 1739 869 1793 sed
897 1750 999 1790 una
1023 1748 1168 1799 caro,
1194 1728 1482 1784 ascendere
1508 1723 1723 1780 omnino
1758 1718 1803 1777 Β
1829 1744 2101 1787 maniam,

137 1815 254 1894 non
282 1845 538 1908 poterunt
559 1835 716 1905 :.quia
745 1844 901 1886 nemo
925 1825 1161 1882 ascendit
1189 1824 1242 1877 in
1265 1820 1482 1885 caelum,
1507 1817 1608 1871 nisi
1629 1815 1718 1885 qui

137 1931 212 1984 de
247 1906 397 1984 coelo
441 1925 734 1990 descendit,
767 1921 930 1976 Filius
958 1915 1207 1979 hominis,
1234 1911 1326 1981 qui
1367 1917 1450 1965 est
1480 1909 1533 1962 in
1558 1906 1715 1962 coelo.

139 2020 414 2088 Quamvis
439 2020 580 2074 enim
611 2008 663 2072 in
695 2025 838 2070 terra
867 2012 1039 2066 factus
1067 2007 1136 2062 sit
1165 2004 1326 2059 Filius
1357 2000 1604 2064 hominis,
1636 1997 1720 2052 di-

141 2087 435 2168 vinitatem
467 2124 638 2174 suam,
668 2123 770 2177 qua
815 2105 871 2159 in
916 2101 1054 2157 caelo
1083 2110 1302 2152 manens
1330 2087 1723 2171 descenditnad

143 2215 355 2258 terram
385 2219 491 2258 non
518 2202 782 2270 indignam
815 2193 1018 2250 censuit
1061 2189 1274 2244 nomine
1305 2184 1423 2240 Filii
1470 2180 1722 2244 hominis,

144 2296 296 2346 sicut
323 2306 539 2346 carnem
566 2304 714 2344 suam
744 2286 987 2353 dignatus
1010 2289 1092 2336 est
1123 2277 1337 2332 nomine
1361 2274 1476 2329 Filii
1512 2272 1634 2336 Dei;
1660 2287 1727 2325 ne

150 2561 426 2630 principio
444 2568 560 2615 erat
589 2556 840 2622 Verbum,
861 2561 915 2608 et
945 2552 1082 2607 Deus
1102 2555 1218 2603 erat
1251 2543 1479 2599 Verbum
1503 2557 1518 2606 ;
1547 2541 1728 2605 homo,

151 2653 309 2720 quia,
341 2650 576 2706 Verbum
608 2662 735 2702 caro
768 2646 960 2700 factum
989 2653 1088 2706 est,
1119 2649 1173 2694 et
1200 2634 1450 2692 habitavit
1480 2635 1530 2687 in
1556 2630 1726 2686 nobis.

158 2746 236 2797 Ac
268 2757 370 2812 per
398 2741 500 2795 hoc
528 2752 622 2810 per
647 2735 958 2791 distantiam
998 2728 1290 2785 divinitatis
1332 2735 1385 2780 et
1411 2721 1731 2778 infirmitatis

156 2811 329 2889 riuus
354 2832 447 2886 Dei
471 2828 716 2884 manebat
739 2828 792 2879 in
813 2827 968 2887 ρωιο,
995 2822 1157 2876 Filius
1181 2817 1408 2873 hominis
1431 2811 1732 2868 ambulabat

158 2939 211 2976 tn
245 2931 429 2985 terra;
463 2934 554 2988 per
600 2918 858 2972 unitatem
901 2927 1027 2970 vero
1079 2924 1338 2978 persorm,
1377 2920 1478 2975 qua
1512 2913 1731 2971 utraque

156 3009 461 3065 substantia
492 3022 624 3062 unus
659 3005 922 3067 Christus,
950 3009 1003 3056 et
1032 2999 1192 3053 Filius
1219 2996 1320 3053 Dei
1344 2993 1644 3048 ambulabat
1675 2991 1725 3044 in

2334 1839 2554 1897 CAPUT
2583 1833 2880 1893 CCCXXV.

1827 1983 2202 2042 Resurrectioni
2239 1981 2424 2050 futura:
2451 1984 2621 2050 utrum
2651 1973 2835 2050 [φατε
2878 1978 2965 2050 αξη
2998 1964 3191 2050 Christi
3214 1978 3384 2016 resur-

1896 2055 2048 2110 rectio
2092 2039 2372 2120 congruat;
2403 2064 2465 2101 ex
2504 2047 2632 2098 libro
2675 2039 3035 2112 liesponsionis
3078 2045 3251 2089 contra
3296 2045 3386 2085 sca:

1894 2124 2195 2194 qurestiones
2221 2133 2552 2191 paganorum.

1898 2253 2020 2309 Ideo
2040 2266 2143 2306 non
2163 2247 2343 2303 Lazsiri
2371 2242 2711 2306 resurrectio,
2731 2239 2824 2295 sed
2846 2237 3020 2306 potius
3038 2230 3237 2288 Christi
3253 2243 3381 2284 con-

1827 2345 1970 2418 gruit
1997 2342 2269 2413 promissae
2291 2333 2689 2395 resurrectioni,
2711 2331 2833 2401 quia
2860 2328 3089 2383 Lazarus
3111 2324 3183 2376 ita
3208 2336 3389 2375 resur-

1829 2412 1968 2493 rexit
1995 2412 2051 2489 ut
2079 2435 2268 2488 iterum
2300 2437 2617 2490 moreretur,
2642 2422 2886 2478 Christus
2925 2426 3124 2481 autem,
3157 2415 3293 2468 sicut
3319 2412 3388 2464 de

1831 2529 1923 2584 illo
1943 2527 2194 2592 scriptum
2217 2529 2317 2587 est,
2341 2531 2565 2588 surgens
2582 2530 2611 2568 a
2627 2512 2868 2575 mortuis,
2888 2510 2995 2579 jam
3020 2521 3124 2561 non
3146 2503 3390 2561 moritur,

1829 2631 1882 2674 et
1912 2633 2060 2675 mors
2085 2617 2133 2670 ei
2163 2617 2294 2669 ultra
2341 2626 2446 2666 non
2475 2605 2868 2669 dominabitur;
2896 2602 3034 2670 quod
3070 2600 3230 2654 etiam
3267 2609 3391 2665 pro-

1831 2715 2048 2768 missum
2060 2717 2142 2764 est
2161 2701 2561 2761 resurrectionis
2577 2690 2998 2772 [resurrecturisl
3014 2693 3064 2745 in
3079 2691 3181 2744 fine
3196 2684 3392 2748 sa‘culi,

1831 2813 1886 2858 et
1913 2816 2031 2856 cum
2075 2799 2167 2852 illo
2202 2792 2495 2864 regnaturis
2535 2789 2588 2843 in
2635 2795 2914 2840 aeternum.
2942 2783 3030 2836 Sic
3059 2787 3235 2832 autem
3285 2791 3389 2828 non

1833 2888 2137 2962 pertinetad
2163 2882 2607 2941 resurrectionem
2629 2874 2925 2931 differentia
2941 2868 3227 2926 nativitatis
3249 2865 3394 2920 Chri-

1833 2982 1902 3036 sti
1931 2990 1982 3036 et
2025 2987 2241 3042 nostrae,
2270 2974 2410 3045 quod
2437 2973 2525 3027 ille
2553 2970 2669 3024 sine
2711 2966 2810 3021 viri
2838 2965 3063 3025 semine,
3092 2974 3191 3014 nos
3217 2967 3392 3012 autem

160 3047 461 3065 ...υσηυηυ
494 3047 624 3062 νη...
663 3047 922 3067 .,.........-,
952 3047 1003 3056 --
1033 3047 1050 3053 -
1219 3047 1251 3051 _
1271 3047 1320 3053 ,η

160 3111 330 3164 terra,
360 3106 416 3151 et
444 3097 585 3151 idem
613 3098 725 3163 ipse
756 3093 919 3148 Filius
946 3089 1174 3144 hominis
1205 3088 1448 3141 manebat
1478 3085 1527 3138 in
1570 3082 1722 3137 caelo.
1759 3062 1804 3120 (ἶ
1835 3090 1898 3128 ex
1927 3073 2041 3126 viro
2064 3080 2118 3125 et
2142 3069 2333 3122 femina
2360 3062 2522 3120 creati
2545 3073 2726 3114 sumus
2752 3075 2765 3111 :
2789 3057 2926 3112 sicut
2950 3067 3055 3105 non
3079 3047 3306 3119 pertinet
3329 3047 3395 3099 ad

163 3188 249 3242 Fit
271 3202 404 3256 ergo
431 3185 828 3241 credibiliorum
852 3182 986 3237 fides
1012 3197 1079 3234 ex
1111 3173 1594 3233 incredibilioribus
1618 3187 1731 3226 cre-

165 3278 293 3333 ditis
326 3297 338 3330 :
369 3277 414 3333 si
443 3277 586 3330 enim
614 3275 791 3328 divina
823 3270 1116 3326 substantia
1143 3268 1298 3335 longe
1325 3264 1609 3318 dist-antior
1657 3271 1736 3314 at-

165 3385 270 3439 que
292 3367 694 3437 incomparabili
711 3365 1017 3419 diversitate
1033 3361 1325 3424 sublimior,
1339 3357 1506 3426 potuit
1523 3364 1738 3423 propter

168 3475 272 3516 nos
304 3460 374 3511 ita
403 3459 674 3525 suscipere
705 3455 987 3509 humanam
1015 3448 1382 3511 substantiam,
1412 3455 1469 3498 ut
1495 3459 1593 3496 una
1621 3457 1739 3511 pcr-

166 3565 300 3605 sona
327 3551 499 3614 fieret,
523 3563 586 3602 ac
610 3547 686 3601 sic
710 3545 874 3601 Filius
897 3542 1145 3607 hominis,
1172 3539 1260 3609 qui
1284 3545 1399 3592 erat
1417 3537 1470 3590 in
1493 3544 1632 3599 terra
1648 3548 1740 3602 per

165 3642 351 3696 carnis
376 3638 761 3701 infimitatem,
778 3635 919 3689 idem
945 3634 1058 3701 ipse
1085 3627 1304 3685 essetin
1334 3625 1470 3681 coelo
1496 3638 1591 3693 per
1619 3637 1740 3691 par-

171 3734 446 3804 tieipalam
485 3733 662 3786 carnis
687 3727 1043 3788 divinitatem,
1084 3729 1278 3790 quanto
1307 3717 1612 3774 credibilius
1651 3713 1740 3767 alii

174 3803 429 3878 homines
447 3822 613 3876 sancti
635 3830 688 3875 et
711 3819 894 3874 fideles
912 3816 1030 3884 ejus
1051 3814 1180 3866 fiunt
1203 3825 1320 3864 cum
1349 3805 1562 3860 homine
1581 3803 1740 3857 Chri-

171 3924 256 3970 sto
285 3930 424 3970 unus
451 3913 715 3976 Christus,
741 3919 797 3963 ut
819 3906 1064 3961 omnibus
1095 3917 1188 3972 per
1214 3900 1328 3969 ejus
1354 3898 1492 3952 hanc
1517 3894 1739 3965 gratiam

171 4006 594 4071 societatemque
621 3997 1052 4061 ascendentibus,
1081 3995 1192 4061 ipse
1221 4005 1357 4044 unus
1388 3985 1630 4044 Christus
1659 3998 1745 4039 as-

175 4094 370 4151 condat
381 4095 436 4148 in
449 4092 662 4153 coelum.
677 4092 762 4160 qui
781 4090 847 4145 de
869 4088 1005 4143 cmlo
1021 4081 1312 4140 descendit.
1345 4080 1431 4134 Sic
1453 4077 1742 4146 etAposto-

176 4187 256 4240 Ius
273 4184 348 4240 ait
373 4202 385 4237 :
409 4183 558 4240 Sicut
577 4182 629 4235 iu
653 4196 758 4236 uno
783 4191 1007 4247 corpore
1032 4175 1190 4228 multa
1216 4171 1449 4225 membra
1471 4167 1744 4228 habemus.

174 4274 358 4331 omnia
394 4284 569 4329 autem
599 4270 832 4326 membra
855 4265 1094 4336 corporis
1128 4269 1251 4318 sunt
1272 4261 1454 4324 multa,
1479 4273 1640 4312 unum
1666 4265 1748 4311 est

176 4379 394 4434 corpus,
421 4364 489 4418 ita
511 4361 608 4434 [et]
627 4361 890 4416 Christus.
943 4357 1055 4411 Non
1083 4354 1240 4418 dixit,
1260 4353 1331 4407 ita
1369 4361 1420 4406 et
1448 4349 1664 4410 Christi,
1697 4347 1747 4400 id

1837 3163 1999 3233 ipsius
2028 3159 2264 3214 mortalis
2286 3148 2515 3228 [mortis]
2539 3146 2889 3204 differentiam
2915 3160 2929 3197 :
2953 3154 3056 3195 non
3076 3139 3216 3194 enim
3239 3149 3398 3205 prop-

1837 3265 1979 3310 terea
2006 3252 2147 3305 illius
2171 3264 2274 3302 non
2291 3226 2424 3301 vera
2452 3253 2598 3296 mors
2618 3238 2736 3302 fuit,
2761 3233 2881 3303 quia
2908 3232 3022 3287 sine
3039 3228 3179 3283 virili
3199 3226 3400 3280 semine

1840 3354 1993 3397 natus
2014 3351 2116 3407 est,
2133 3340 2268 3393 sicut
2295 3350 2394 3391 nec
2413 3332 2578 3403 ipsius
2607 3327 2764 3399 primi
2785 3324 3017 3380 hominis
3037 3320 3192 3375 aliter
3219 3323 3398 3372 exorta

1838 3440 1963 3491 caro
1993 3446 2149 3502 quam
2181 3438 2365 3482 nostra
2396 3443 2410 3479 :
2438 3418 2864 3492 quandoquidem
2895 3416 2984 3469 ille
3021 3412 3137 3466 sine
3166 3408 3399 3478 parenti-

1840 3527 1938 3581 bus
1959 3523 2025 3577 de
2050 3535 2187 3576 terra
2217 3526 2428 3574 creatus
2455 3523 2554 3578 est,
2583 3525 2681 3566 nos
2707 3522 2832 3562 vero
2852 3520 2916 3560 ex
2946 3499 3276 3573 parentibus,
3305 3496 3401 3549 ali-

1839 3615 1964 3684 quid
1987 3612 2159 3667 attulit
2179 3612 2243 3664 ad
2267 3604 2618 3661 differentiam
2640 3597 2844 3660 mortis,
2870 3607 2924 3649 ut
2946 3594 3100 3648 aliter
3116 3590 3206 3644 ille
3228 3601 3403 3641 more-

1841 3715 2007 3770 retur,
2032 3704 2185 3758 aliter
2206 3716 2320 3755 nns.
2346 3693 2491 3753 Sicut
2512 3701 2685 3747 autem
2707 3689 2772 3743 ad
2791 3686 2994 3751 mortis,
3014 3682 3093 3737 sic
3116 3694 3214 3734 nec
3234 3677 3298 3730 ad
3325 3689 3406 3729 Ic-

1842 3792 2183 3852 surreetionis
2208 3788 2556 3844 differentiam
2591 3782 2732 3836 valet
2758 3780 2966 3833 diversa
2993 3772 3240 3828 nativitas
3265 3785 3278 3833 ;
3312 3767 3404 3820 sed

1843 3904 1941 3943 nec
1973 3887 2074 3938 hoc
2103 3885 2300 3950 ipsum,
2329 3877 2468 3948 quod
2492 3874 2746 3942 scriptum
2777 3877 2860 3924 est
2879 3867 2946 3920 de
2974 3864 3144 3933 primo
3172 3859 3406 3922 homine,

1843 3975 2083 4034 similiter
2113 3948 2350 4026 infideles
2382 3959 2666 4038 [homines]
2694 3958 2858 4011 nolint
2885 3948 3118 4028 [volunt]
3144 3948 3362 4003 credere
3392 3962 3406 3996 :
3438 4018 3443 4022 ν

1847 4077 2084 4140 quaerant
2110 4065 2195 4119 vel
2225 4059 2647 4116 animadvertant
2673 4051 2715 4106 si
2738 4049 2821 4104 vel
2850 4047 2951 4101 hoc
2981 4049 3224 4114 possunt,
3252 4052 3411 4107 quam

1848 4161 2135 4216 multorum
2158 4150 2464 4208 animalium
2483 4157 2686 4216 genera
2705 4140 2824 4194 sine
2851 4133 3160 4206 parentibus
3183 4145 3246 4184 ex
3272 4137 3413 4181 terra

1852 4258 2219 4323 procreantur,
2249 4257 2366 4312 quas
2396 4250 2572 4294 tamen
2603 4229 2846 4290 coeundo
2873 4228 2984 4298 89
3014 4223 3224 4294 pariuqt
3252 4219 3414 4273 etiam

1851 4344 1963 4412 ipsa
2014 4337 2096 4393 sui
2147 4334 2374 4389 similem
2407 4326 2631 4398 prolem,
2665 4338 2763 4377 nec
2805 4329 3022 4388 propter
3051 4312 3416 4368 diversitatem

177 4469 259 4515 est
281 4470 476 4526 corpus
492 4413 688 4510 Christi
716 4453 800 4506 vel
825 4449 1061 4505 membra
1084 4441 1518 4509 Cbristi,sed,lta
1537 4438 1746 4494 etChri-
1778 4417 1829 4476 ί)
1855 4431 2148 4489 nativitatis
2193 4426 2400 4481 intersit
2439 4416 2636 4487 aliquid
2688 4413 2753 4467 ad
2804 4421 3044 4466 naturam
3089 4419 3272 4460 eorum
3305 4416 3420 4468 qua)

2411 4523 2420 4526 -
2530 4525 2533 4526 ,
2610 4515 2652 4526 _.
2693 4517 2869 4526 ___.....
2905 4515 3019 4526 ...η-ι
3050 4497 3153 4526 ςιιιρ
3183 4490 3420 4526 ηηηηηιί-

178 4559 316 4613 stus,
343 4563 504 4602 unum
522 4544 790 4600 Christum
813 4539 1085 4610 appellans
1102 4542 1260 4604 caput
1278 4542 1553 4602 etcorpus.
1571 4531 1752 4599 Magna

180 4641 300 4696 haec
325 4637 422 4711 [et]
448 4637 579 4691 mira
607 4635 867 4705 dignatio,
891 4645 1006 4702 quze
1031 4627 1281 4699 quoniam
1311 4624 1421 4680 fieri
1450 4639 1554 4678 non
1583 4629 1756 4692 potest

181 4730 284 4784 nisi
330 4734 424 4797 per
451 4725 817 4780 remissionem
851 4729 1206 4790 peccatorum,
1236 4713 1476 4783 sequitur
1500 4724 1552 4767 et
1581 4711 1710 4766 dicit
1737 4729 1749 4764 :

184 4821 251 4875 Et
281 4821 422 4873 sicut
452 4816 660 4885 Hoyses
695 4810 948 4867 exaltavit
992 4815 1296 4874 serpentem
1334 4804 1386 4859 in
1417 4803 1649 4883 deserto,
1681 4801 1751 4854 ita

182 4907 413 4963 exaltari
445 4911 653 4974 oportet
687 4900 873 4954 Filium
905 4895 1154 4957 hominis,
1179 4904 1233 4946 ut
1263 4893 1438 4946 omnis
1467 4890 1559 4960 qui
1582 4877 1754 4945 credi-

182 5003 325 5057 derit
351 5000 404 5053 in
430 5013 573 5063 eum,
603 5009 708 5048 non
732 4999 932 5062 pereat,
951 4988 1045 5043 sed
1069 4987 1261 5041 habeat
1288 4984 1449 5038 vitam
1472 4996 1749 5036 aeternam.

183 5093 322 5161 Quid
355 5099 479 5144 tunc
507 5086 560 5141 in
582 5085 797 5140 deserto
827 5081 1019 5135 factum
1048 5077 1118 5132 sit
1143 5077 1383 5130 novimus
1410 5091 1424 5128 ε
1447 5081 1751 5142 serpentum

185 5181 459 5239 morsibus
509 5175 654 5231 multi
687 5170 1046 5228 moriebantur
1077 5187 1090 5221 :
1118 5176 1240 5222 tunc
1284 5165 1507 5236 populus
1538 5174 1754 5234 peccata

185 5291 282 5332 sua
309 5273 589 5339 confitens,
623 5288 713 5342 per
743 5270 958 5340 Moysen
994 5265 1308 5333 deprecatus
1353 5270 1436 5316 est
1471 5260 1749 5314 Dominum

188 5379 245 5422 ut
275 5367 377 5420 hoc
405 5364 474 5418 ab
512 5363 593 5419 eis
617 5363 765 5417 virus
790 5359 1052 5420 auferret;
1084 5369 1144 5408 ac
1167 5354 1244 5408 sic
1271 5351 1476 5423 Moyses
1517 5365 1580 5404 ex
1613 5363 1752 5418 pra:-

187 5467 345 5527 cepto
368 5455 578 5511 Domini
607 5452 859 5508 exaltavit
881 5453 932 5503 in
957 5447 1170 5501 deserto
1191 5458 1394 5498 aeneum
1423 5449 1752 5510 serpentem,

190 5549 572 5617 admonuitque
603 5545 851 5616 populum
883 5551 940 5594 ut
970 5540 1114 5593 illum
1142 5535 1428 5606 exaltatum
1458 5531 1695 5601 quisquis
1723 5543 1753 5582 a

190 5649 436 5712 serpente
479 5636 808 5691 morderetur
854 5630 1152 5688 atteudcret
1176 5645 1188 5681 :
1215 5625 1315 5681 hoc
1337 5624 1596 5681 facientes
1625 5636 1753 5677 con-

1858 4531 2131 4595 procreata
2163 4526 2285 4573 sunt
2312 4531 2378 4569 ex
2408 4523 2570 4574 terra,
2603 4515 2658 4562 et
2686 4517 2870 4559 eorum
2904 4515 3019 4570 qua:
3050 4497 3156 4551 illis
3183 4490 3421 4549 coeunti-

1857 4618 1956 4671 bus
1977 4621 2092 4667 orta
2118 4618 2261 4666 sunt.
2285 4602 2540 4660 Similiter
2561 4596 2702 4652 enim
2719 4594 2922 4655 vivunt,
2939 4589 3288 4652 similiterque
3311 4596 3422 4634 mou

1858 4706 2088 4768 riuntur,
2115 4695 2356 4768 quamvis
2389 4688 2717 4745 dissimiliter
2758 4684 2865 4737 nati
2897 4686 3024 4735 sint.
3071 4677 3146 4731 ita
3190 4689 3294 4728 non
3339 4679 3422 4724 cst

1858 4793 2145 4850 absurdum
2187 4795 2240 4840 ut
2269 4781 2517 4838 similiter
2548 4784 2827 4845 resurgant
2855 4783 3078 4838 corpora
3121 4778 3238 4834 qua:
3265 4758 3422 4813 dissi-

1859 4885 2054 4941 militer
2083 4867 2200 4934 orta
2222 4883 2364 4931 sunt;
2389 4867 2706 4940 Huiusmodi
2738 4875 2913 4920 autem
2940 4860 3179 4916 homines
3202 4867 3308 4908 non
3330 4866 3423 4905 va-

1857 4978 2026 5032 lentes
2050 4966 2243 5025 inlucri
2271 4965 2336 5019 ad
2360 4977 2514 5032 quam
2540 4975 2650 5014 rem
2681 4955 2890 5012 intersit
2911 4947 3104 5018 aliquid
3129 4945 3422 5004 diversum,

1857 5077 1912 5124 et
1939 5064 2004 5119 ad
2033 5074 2187 5130 quam
2215 5073 2320 5111 non
2348 5051 2578 5112 intersit.
2605 5049 2694 5103 ubi
2725 5060 2828 5100 non
2850 5038 3172 5096 adverterint
3192 5032 3422 5101 aliquam

1858 5152 2164 5214 distantiam
2196 5143 2628 5218 primordiorum,
2653 5138 2810 5192 etiam
2839 5130 3016 5188 omnia
3046 5123 3427 5193 consequentia

1858 5248 2057 5305 distare
2100 5248 2350 5310 Oportere
2396 5231 2742 5290 contendunt.
2789 5226 3020 5280 Possunt
3066 5219 3199 5272 tales
3240 5223 3426 5284 putare

1860 5339 2035 5393 oleum
2065 5349 2129 5388 ex
2169 5328 2413 5399 adipibus
2443 5340 2546 5378 non
2590 5321 2784 5376 debere
2815 5326 2996 5368 natare
3024 5325 3184 5379 super
3212 5321 3424 5376 aquam,

1861 5428 2000 5482 sicut
2029 5396 2309 5486 illudquod
2340 5433 2402 5473 ex
2423 5415 2557 5469 oliva
2571 5419 2672 5475 est,
2695 5405 2941 5475 quoniam
2967 5404 3119 5469 longe
3136 5407 3215 5450 est
3234 5396 3428 5448 utrius-
3456 5436 3460 5440 .

1862 5533 1965 5586 que
1994 5515 2142 5580 origo
2188 5508 2485 5571 diSsimili:,
2515 5501 2726 5574 quando
2771 5499 2898 5552 illud
2931 5512 2992 5550 ex
3041 5495 3204 5561 ligno,
3236 5487 3334 5540 hoc
3363 5500 3424 5536 ex

1863 5625 2021 5666 Carne
2068 5601 2399 5675 profluxerit.
2431 5599 2694 5665 Quartum
2743 5596 2917 5645 autem
2965 5585 3154 5640 attinet
3184 5579 3248 5634 ad
3280 5579 3425 5633 illam
