3874 6226
510 270 638 327 ῘΟΠ
1568 268 1629 323 D.
1668 263 1982 324 ευαγρριι
2019 263 2060 322 Α

2169 261 2302 321 ιτιε
2338 263 2652 323 AFRICANI
3609 261 3738 320 Iw

505 385 858 444 differentiam
878 385 1018 456 quod
1043 383 1240 439 Christi
1265 395 1457 452 corpus
1480 396 1587 437 non
1607 382 1921 438 dissolutum
1943 381 2064 438 tshs
2095 381 2140 441 Δ
2657 377 2880 437 CAPUT
2918 379 3231 438 CCCXXV“.

505 484 665 546 atque
702 471 1000 547 putredine,
1047 474 1135 529 die
1173 472 1333 530 tertio
1377 472 1691 536 resurrexit,
1720 482 1898 528 nostra
1933 488 2065 528 vero
2167 464 2293 520 Cum
2331 468 3142 547 spiritus‘immt‘tndlseziers'tgb
3169 472 3399 547 hostias,
3427 479 3527 523 etc.
3559 467 3650 524 £3
3677 475 3732 524 li-

505 537 622 630 post
649 537 858 637 longum
893 537 1118 635 tempus,
1148 581 1212 620 ex
1238 565 1464 635 quadam
1493 578 1594 635 qua
1622 563 1708 636 [es
1739 565 1868 635 quo]
1893 565 2066 620 soluta
2239 625 2275 637 __
2375 537 2651 637 ‘Wf'imf
2683 540 3339 637 Owufonuuﬁ‘vuagvlii.

508 657 846 713 discesserint
894 656 1225 721 confusione,
1259 656 1666 727 reparabuntur,
1701 656 1947 712 humana:
1989 656 2065 712 fa-

505 747 683 800 «nltati
714 753 996 816 utrumque
1041 747 1368 814 impossibile
1395 756 1497 812 est,
1529 746 1720 802 divinat
1761 756 1940 802 autem
1969 763 2065 819 po-

509 836 682 890 testati
721 845 1005 905 utrumque
1051 836 1374 893 facillimum.
1408 837 1481 894 Ut
1528 838 1671 893 enim
1705 837 1884 892 radius
1922 838 2064 892 oeuli

507 924 672 978 nostri
717 940 820 979 non
848 927 1004 982 cilius
1047 928 1287 995 pervenit
1332 927 1396 982 ad
1426 928 1827 999 propinquiora,
1859 928 2066 984 tardius

502 1013 567 1068 ad
610 1013 978 1085 longinquiora
1010 1017 1097 1089 [ad
1146 1017 1520 1086 propinquiora
1550 1034 1709 1088 quam
1761 1020 1826 1073 ad
1856 1021 2065 1089 long'n-

500 1103 731 1176 tutiora],
756 1106 849 1161 sed
879 1115 1102 1178 utraque
1130 1109 1409 1163 intervalla
1439 1109 1591 1178 parili
1617 1109 1892 1165 celeritate
1929 1125 2060 1164 con-

502 1195 734 1265 tingunt;
765 1196 854 1258 ita,
870 1210 988 1251 cum
1011 1199 1062 1251 in
1085 1198 1190 1253 ictu
1211 1198 1372 1260 oculi.
1386 1199 1524 1253 sicut
1543 1201 1820 1269 Apostolus
1842 1200 1990 1266 dicit,
2010 1201 2065 1255 fit

503 1281 818 1336 resurrectio
847 1291 1177 1337 mortuorum
1212 1283 1592 1351 omnipotentis
1617 1284 1706 1340 Dei
1734 1293 1786 1339 et
1811 1284 2062 1340 ineﬂabili

502 1378 656 1432 nutu.
687 1372 755 1425 ita
797 1380 902 1427 tam
936 1372 1086 1428 facile
1114 1381 1194 1429 est
1222 1379 1445 1442 qucque
1478 1375 1732 1435 recentia,
1765 1389 1922 1445 quam
1948 1376 2064 1430 diua

505 1473 658 1518 tnrno
669 1471 909 1533 tempore
930 1462 1131 1533 dilapsa
1144 1464 1405 1520 cadavera
1429 1466 1707 1521 suscitare.
1733 1465 2060 1522 incredibilia

501 1563 626 1610 sunt
665 1553 778 1610 base
821 1553 1160 1623 quibusdam,
1209 1555 1330 1624 quia
1376 1554 1677 1624 inexperta,
1717 1569 1841 1611 cum
1884 1555 2061 1613 omnis

503 1652 688 1698 natura
713 1649 916 1710 rerum,
947 1652 1054 1699 tam
1079 1642 1165 1699 sit-
1191 1642 1344 1714 plena
1376 1643 1664 1710 miraculis,
1695 1652 1753 1699 ut
1779 1658 1887 1699 non
1911 1644 2061 1712 quasi

2235 625 2366 681 Cum
2394 628 2608 696 spiritus
2637 629 2941 686 immundus
2971 631 3162 687 exierit
3188 631 3258 688 ab
3286 629 3522 693 homine,
3552 638 3611 681 et
3630 643 3730 681 ει·

2167 717 2577 787 tera,signilieat
2591 718 2846 789 quosdam
2875 719 2946 773 ita
2971 722 3291 788 credituros,
3310 728 3368 775 ut
3391 733 3498 774 non
3527 718 3730 787 possint

2166 805 2302 862 ferre
2324 807 2532 862 labores
2547 808 2909 873 continentia,
2923 819 2977 864 et
2991 810 3058 885 ad
3074 811 3326 864 saeclum
3352 807 3575 865 redituri
3604 807 3725 861 sint.

2165 898 2314 965 Quod
2334 898 2530 954 dictum
2556 908 2638 954 est
2665 916 2682 956 :
2708 899 2942 954 Assumit
2961 914 3138 971 secum
3160 903 3293 957 alios
3307 911 3535 971 septem,
3566 898 3726 955 intel-

2164 986 2346 1058 ligitur
2373 988 2498 1056 quia
2525 1002 2644 1043 cum
2676 988 2794 1056 quis
2821 988 3074 1044 ceciderit
3116 989 3184 1044 de
3224 990 3447 1059 iustitia,
3470 991 3634 1044 etiam
3662 988 3727 1043 sl-

2165 1077 2505 1133 mulaliouem
2536 1077 2772 1132 habebit.
2804 1071 3076 1147 Cupiditas
3103 1078 3246 1133 enim
3289 1080 3468 1134 carnis
3507 1077 3725 1146 expulsa

2167 1181 2260 1236 per
2289 1167 2649 1236 ptenitentiam
2677 1182 2706 1221 a
2735 1168 3003 1222 consuetis
3033 1165 3309 1236 operibus,
3340 1181 3461 1221 eum
3504 1181 3614 1220 non
3650 1169 3724 1220 ia-

2164 1256 2370 1315 venerit
2397 1256 2453 1334 iu
2479 1257 2669 1326 quibus
2713 1256 3150 1311 delectationibus
3178 1257 3496 1326 requiescat,
3521 1255 3726 1311 avidius

2163 1345 2337 1402 reddit
2358 1344 2558 1417 [redit],
2589 1354 2643 1402 et
2672 1360 2860 1401 rursus
2887 1347 3114 1401 hominis
3144 1355 3375 1402 mentem
3405 1356 3651 1416 occupat.
3683 1349 3721 1401 si

2163 1435 2434 1503 compulsa
2475 1445 2640 1503 esset,
2682 1437 2998 1509 negligentia
3041 1436 3106 1510 [si
3150 1452 3270 1492 cum
3300 1437 3520 1506 expulsa
3563 1448 3722 1496 esset.

2164 1525 2374 1594 iustitiae
2399 1526 2748 1602 negligential
2767 1527 3052 1599 subsecuta
3079 1535 3180 1595 est,
3205 1534 3264 1581 ut
3288 1540 3394 1580 nou
3427 1520 3722 1581 iutroduca

2162 1625 2309 1672 retur
2337 1624 2582 1690 tauquam
2612 1615 2876 1672 habitator
2901 1616 3166 1690 mundata:
3193 1615 3376 1673 domui
3411 1629 3594 1672 sermo
3637 1615 3719 1670 Dei

505 1725 642 1789 facili
669 1704 1112 1806 pervestigatione
1139 1704 1383 1798 rationis,
1413 1733 1508 1790 sed
1535 1704 1749 1795 videndi
1776 1704 2060 1793 consuetu-

2169 1713 2258 1774 per
2282 1717 2465 1761 sanam
2507 1707 2821 1766 doctrinam.
2847 1706 2912 1762 Et
2937 1707 3184 1779 quoniam
3232 1723 3338 1760 non
3365 1706 3537 1762 solum
3563 1704 3718 1806 hab:-

502 1825 629 1878 dine
655 1823 784 1878 mira
812 1837 918 1878 non
958 1823 1088 1888 sint,
1117 1821 1327 1895 qua-ob
1356 1821 1457 1879 hoc
1485 1836 1584 1881 nec
1612 1824 2058 1892 consideratione,

480 1927 601 1978 ,oec
630 1911 971 1981 inquisitione
997 1911 1149 1981 digna
1181 1911 1441 1966 videntur.
1465 1908 1596 1968 Nam
1623 1926 1740 1982 ego,
1771 1920 1827 1968 et
1853 1927 2061 1969 mecum

501 2001 798 2071 quicunque
835 1997 1117 2056 invisibilia
1149 2001 1263 2062 Dei.
1296 2015 1391 2071 per
1416 2015 1479 2057 ea
1508 2016 1624 2071 qute
1653 2001 1788 2057 facta
1816 2012 1940 2057 sunt
1970 2003 2064 2058 in-

504 2088 732 2154 tellecta,
756 2087 1087 2156 conspiciunt
1130 2088 1452 2161 [intelligere
1480 2088 1805 2160 moliuntur],
1835 2098 1925 2144 aut
1952 2106 2060 2147 non

502 2179 672 2233 minus
714 2188 806 2234 aut
852 2179 1085 2248 amplius
1123 2179 1469 2247 admiramur,
1498 2179 1549 2232 in
1580 2194 1685 2234 uno
1705 2179 1927 2236 seminis
1948 2188 2058 2236 tam

499 2266 719 2332 parvulo
744 2279 932 2336 grano,
956 2267 1136 2321 omnia
1164 2281 1283 2337 qua
1299 2265 1585 2321 laudamus
1612 2267 1663 2322 in
1711 2268 1924 2334 arbore,
1942 2278 2063 2325 tan-

499 2366 655 2424 quam
672 2353 848 2409 llciata
863 2355 1099 2422 latuisse,
1114 2369 1273 2426 quam
1289 2354 1472 2410 mundi
1495 2355 1650 2425 huius
1669 2365 1773 2410 tam
1793 2357 2058 2426 ingentem

498 2445 692 2511 sinum,
716 2459 838 2514 qua
866 2444 935 2500 de
963 2445 1281 2516 corporibus
1307 2444 1552 2501 humanis
1598 2447 1724 2502 dum
1753 2446 2062 2504 dilabuntur

501 2536 754 2598 absumit.
780 2533 1156 2593 resnrréctionl
1180 2538 1372 2594 futura:
1390 2546 1496 2593 tota
1518 2549 1571 2595 et
1599 2541 1802 2610 integra
1823 2540 2062 2596 redditu-

508 2641 642 2682 rnm.
691 2627 970 2695 Quomodo
1011 2637 1188 2686 autem
1224 2631 1543 2686 contrarium
1573 2640 1656 2687 est
1697 2639 1752 2687 et
1793 2631 2060 2689 Christum

500 2725 619 2785 post
640 2720 1081 2774 resurrectionem
1103 2721 1356 2786 cibatum,
1374 2731 1427 2777 et
1454 2723 1507 2776 in
1535 2725 1924 2780 resurrectione
1941 2741 2062 2799 qua

502 2807 827 2875 promittitur
852 2807 1092 2862 ciborum
1127 2809 1470 2882 indigentiam
1500 2828 1606 2867 non
1649 2813 1898 2881 futuram,
1938 2831 2058 2872 cum

497 2905 550 2949 et
578 2895 798 2966 angelos
843 2896 1077 2967 legamus
1107 2899 1370 2967 ejusmodi
1399 2914 1550 2956 escas
1579 2903 1873 2972 eodemque
1901 2906 2061 2962 modo

497 2987 810 3054 sumpsisse,
834 3003 938 3042 non
969 2989 1095 3044 fleto
1115 2991 1503 3060 phantasmate,
1517 2994 1611 3049 sed
1631 2996 2059 3055 manifestissima

2160 1791 2238 1850 bit
2261 1793 2349 1849 illa
2372 1803 2576 1864 septem
2599 1796 2726 1852 vitia
2749 1810 2870 1867 qua:
2898 1805 3100 1864 septem
3129 1796 3413 1851 virtutibus
3437 1794 3718 1864 spirituali-

2158 1883 2258 1939 bus
2285 1893 2409 1940 sunt
2427 1876 2715 1955 contraria,
2737 1886 2830 1942 sed
2853 1888 3012 1942 etiam
3037 1902 3130 1956 per
3157 1885 3480 1958 hypocrisim
3505 1899 3563 1940 se
3584 1884 3716 1954 ipsas

2159 1971 2380 2029 virtutes
2402 1973 2596 2030 habere
2615 1977 2902 2043 simulabit,
2928 1983 3209 2047 propterea
3233 1977 3519 2046 assumptis
3539 1989 3713 2030 sec

2159 2063 2277 2118 aliis
2313 2073 2517 2135 septem
2549 2067 2909 2138 nequioribus,
2937 2067 3038 2123 hoc
3069 2077 3154 2124 est
3183 2069 3297 2139 ipsa
3327 2060 3715 2136 septenarla'si-

2159 2151 2468 2222 mulatione,
2487 2155 2624 2210 redit
2646 2157 2733 2211 illa
2753 2157 3201 2227 concupiscentia,
3225 2166 3282 2212 ut
3305 2156 3415 2211 sint
3434 2154 3709 2212 novissima

2160 2241 2389 2301 hominis
2415 2246 2557 2302 illius
2586 2246 2766 2318 pejora
2789 2263 2944 2319 quam
2973 2255 3122 2304 erant
3151 2249 3344 2318 prima.

2644 2376 2868 2434 CAPUT
2893 2377 3231 2434 CCCXXV".
3325 2405 3330 2410 -

2079 2510 2094 2524 .
2160 2469 2237 2525 De
2259 2473 2538 2544 sumptibus
2559 2472 2626 2544 ad
2646 2483 2835 2544 tumul
2847 2472 3244 2544 adiﬁcestdnm;
3275 2488 3336 2526 ea:
3357 2473 3484 2527 libro
3505 2486 3538 2526 tt
3567 2472 3709 2539 Ωιι-

2543 2543 2762 2596 stt'onttnt
2791 2541 3076 2613 Evangelii,
3106 2543 3186 2597 tit.
3208 2541 3312 2599 21.

2229 2651 2479 2722 Sumptus
2501 2653 2565 2708 ad
2597 2663 2795 2709 turrem
2818 2654 3206 2721 aedificandam,
3231 2655 3374 2708 vires
3394 2653 3459 2709 ad
3481 2652 3705 2722 discipr

2161 2742 2320 2799 latum
2341 2742 2536 2799 Christi
2561 2745 2902 2801 obtinendum
2924 2762 2939 2799 :
2968 2754 3024 2801 et
3042 2745 3227 2801 decem
3249 2745 3418 2799 millia
3440 2743 3709 2814 praliattli

2160 2846 2278 2886 cum
2301 2848 2424 2902 rege
2450 2834 2536 2902 qui
2559 2833 2717 2890 habet
2743 2834 2926 2904 viginti
2949 2835 3137 2898 millia,
3161 2834 3550 2904 simplicitatem
3569 2833 3710 2888 Chri-

2161 2921 2230 2976 sti
2272 2922 2571 3000 dimicaturi
2596 2938 2716 2980 cum
2744 2924 3056 2994 duplicitate
3083 2925 3303 2989 diaboli,
3334 2925 3439 2980 hoc
3464 2935 3566 2990 est,
3596 2939 3709 2980 eun

2162 3012 2302 3067 dolis
2323 3022 2377 3068 et
2398 3013 2614 3070 fallaciis
2639 3015 2752 3085 ejus
2779 3016 2834 3071 in
2863 3016 3053 3072 ad‘ectu
3076 3017 3350 3072 constituit
3370 3016 3709 3072 renuntiantis

499 3078 753 3174 *ετίιθιρς
781 3095 879 3174 ιιςο
901 3091 1076 3136 iam"!
1106 3088 1442 3150 ηϐεθεειιθιθ,
1464 3086 1558 3142 Sed
1583 3097 1862 3152 βοίθδιεῐεο
1892 3092 2060 3148 Aliter
2082 3105 2130 3170 ο
2160 3103 2410 3157 omnibus
2443 3118 2560 3173 quas
2599 3078 2720 3159 sunt
2748 3105 2886 3174 ejus.
2932 3105 3009 3159 Its
3035 3107 3175 3162 enim
3206 3114 3330 3162 tunc
3356 3106 3550 3160 claudit
3576 3103 3711 3174 [con-

497 3169 640 3224 enim
661 3171 910 3228 absorbet
938 3187 1127 3243 nquam
1159 3185 1294 3231 terra
1322 3176 1701 3243 sitiens,aliter
1728 3182 1860 3236 solis
1881 3183 2059 3239 radius

497 3259 731 3316 candens
762 3279 775 3316 :
805 3261 889 3316 illa
927 3263 1236 3336 indigentis,
1277 3265 1380 3322 iste
1407 3270 1658 3336 potentia.
1695 3271 1906 3327 Futurae
1929 3288 2060 3346 ergo

502 3350 907 3406 resurrectionis
934 3367 1126 3423 corpus
1178 3356 1500 3426 imperfecta
1549 3360 1815 3418 felicitatis
1848 3351 1969 3432 erit,
2014 3365 2058 3420 si

496 3437 646 3492 cibos
673 3455 884 3497 sumere
917 3458 1020 3498 non
1049 3447 1306 3513 potuerit;
1345 3447 1670 3517 imperfecta
1697 3451 1984 3517 felicitatis.
2014 3456 2058 3509 si

500 3529 637 3583 cibis
664 3533 904 3600 eguerit‘l
934 3534 1080 3590 Sciat
1107 3551 1237 3592 sane
1264 3539 1352 3608 qui
1385 3538 1480 3593 hes
1511 3544 1788 3610 proposuit
1810 3546 2061 3612 quaestio-

499 3633 616 3686 nrs,
644 3620 914 3679 Christum
963 3635 1082 3691 post
1127 3631 1573 3684 resurrectionem
1620 3632 1915 3701 cicatrices,
1954 3647 2058 3688 non

497 3713 718 3772 vulnera
771 3712 1170 3772 demonstrasse
1222 3716 1628 3785 dubitantibus;
1674 3730 1890 3788 propter
1929 3736 2064 3791 quos

497 3802 660 3856 etiam
689 3802 864 3858 cibum
889 3820 952 3860 ac
981 3816 1161 3880 potum
1189 3823 1399 3863 sumere
1425 3811 1614 3872 voluit,
1638 3825 1740 3866 non
1763 3813 1948 3878 semel,
1967 3815 2062 3868 sed

495 3894 692 3961 steriles
725 3912 739 3948 :
769 3909 838 3949 ne
869 3895 999 3951 illud
1030 3912 1132 3952 non
1163 3911 1378 3966 corpus,
1411 3901 1502 3954 sed
1533 3901 1777 3970 spiritum
1811 3917 1930 3958 esse
1975 3918 2062 3958 ar-

497 3984 841 4054 hltrarentur,
866 3995 921 4041 et
934 3986 1041 4042 sibi
1070 4003 1174 4043 non
1203 3989 1395 4055 solide,
1416 3991 1509 4046 sed
1535 3991 1943 4060 lmaginabiliter
1969 4008 2064 4063 ap-

498 4083 731 4142 pareret.
763 4076 911 4132 Tune
936 4086 1114 4132 autem
1144 4079 1247 4134 illae
1278 4079 1422 4134 falsas
1450 4080 1726 4136 cicatrices
1753 4081 1994 4150 fuissent,
2014 4087 2060 4140 si

495 4166 637 4219 nulla
653 4165 868 4222 vulnera
887 4173 1312 4238 praeesslssent;
1336 4179 1389 4226 et
1411 4181 1585 4226 tamen
1599 4186 1696 4228 nec
1715 4173 1843 4242 ipsa:
1859 4183 2056 4241 essent,

500 4257 544 4310 si
569 4270 662 4312 eas
689 4272 809 4315 esse
832 4259 1108 4316 noluisset.
1136 4261 1312 4318 Voluit
1335 4273 1511 4317 autem
1535 4273 1692 4319 certae
1709 4265 2061 4335 dispensatio-

495 4347 577 4401 uis
605 4351 770 4416 gratia
799 4358 858 4404 ut
881 4351 980 4416 eis,
1011 4367 1145 4421 quos
1187 4352 1486 4409 aedificabat
1531 4353 1582 4408 in
1633 4355 1736 4409 fide
1778 4371 1881 4410 non
1914 4356 2054 4425 (leta,

2163 3189 2350 3264 cludit]
2377 3207 2390 3244 :
2419 3193 2506 3247 Sic
2534 3207 2659 3260 ergo
2680 3194 2867 3248 omnis
2881 3207 2948 3249 ex
2984 3195 3136 3248 vobis
3169 3195 3260 3264 qui
3309 3208 3418 3248 non
3460 3208 3621 3248 renus
3646 3193 3712 3247 ist

2168 3283 2427 3338 omnibus
2451 3298 2567 3352 quae
2598 3293 2723 3338 sunt
2748 3284 2886 3354 ejus,
2917 3300 3021 3340 non
3047 3294 3220 3355 potest
3251 3300 3403 3340 meus
3425 3300 3542 3340 esse
3565 3284 3712 3339 disci-

2163 3373 2339 3442 pulus.
2372 3373 2511 3428 Inter
2536 3389 2653 3443 quae
2688 3375 2890 3442 omnia,
2919 3377 3079 3430 etiam
3123 3376 3237 3447 ipsa
3282 3375 3586 3446 temporalis
3612 3375 3710 3429 vita

2164 3463 2485 3533 intelligatur
2507 3479 2725 3520 necesse
2763 3477 2865 3530 est,
2897 3481 3054 3535 quam
3083 3474 3295 3536 oportet
3333 3466 3412 3521 sic
3449 3465 3710 3536 possich

2164 3554 2230 3608 ad
2262 3564 2486 3624 tempus,
2517 3565 2576 3610 ut
2596 3573 2699 3611 non
2748 3567 2798 3612 te
2831 3558 3082 3625 impediat
3124 3559 3191 3613 ab
3216 3568 3441 3623 aeterna,
3477 3559 3563 3628 qui
3600 3573 3708 3612 eam

2167 3645 2323 3700 fuerit
2348 3645 2574 3701 minatus
2592 3647 2822 3701 auferre.
2845 3649 2991 3703 Sicut
3016 3659 3192 3705 autem
3221 3650 3289 3706 de
3317 3660 3462 3707 turre
3483 3666 3581 3705 nou
3610 3666 3710 3719 pcr-

2169 3732 2301 3788 feeta
2330 3749 2425 3803 per
2453 3736 2793 3804 opprobrium
2825 3736 3085 3793 deterruit
3120 3738 3444 3804 dicentium,
3475 3741 3601 3806 Quia
3632 3740 3709 3793 hic

2167 3822 2324 3878 homo
2348 3826 2508 3893 caapit
2550 3826 2831 3890 iudicare,
2862 3837 2917 3882 et
2971 3843 3075 3884 non
3107 3830 3278 3898 potuit
3311 3844 3707 3893 consumere;

2148 3914 2242 3969 sic
2285 3915 2339 3968 in
2384 3929 2508 3984 rege
2543 3931 2662 3970 cum
2701 3930 2806 3986 quo
2831 3916 3188 3973 dimicandum
3216 3930 3323 3984 est,
3351 3919 3515 3987 ipsam
3541 3932 3706 3987 pacem

2164 4004 2432 4060 accusavit
2455 4021 2575 4061 cum
2604 4007 2678 4060 ait
2708 4025 2721 4060 :
2753 4007 2938 4062 Adhuc
2967 4008 3058 4064 illo
3085 4009 3243 4079 longe
3269 4018 3480 4079 agente,
3504 4006 3705 4078 legatio-

2163 4109 2285 4149 nem
2328 4095 2542 4150 mittens
2572 4105 2720 4165 rogat
2755 4112 2817 4152 ea
2861 4113 2981 4168 qua:
3028 4099 3173 4167 pacis
3218 4108 3380 4164 sunt;
3423 4098 3703 4169 signiﬁcans

2163 4184 2322 4238 etiam
2348 4185 2520 4240 minas
2544 4187 2932 4243 imminentium
2953 4203 2982 4241 a
3000 4188 3212 4245 diabolo
3229 4190 3597 4253 tentatiouum,
3609 4203 3703 4242 nos

2162 4274 2428 4331 sustinere
2477 4274 2755 4342 homines,
2809 4279 2898 4345 qui
2951 4294 3056 4333 non
3105 4281 3416 4334 renuntiant
3477 4279 3703 4334 omnibus

2164 4377 2280 4432 qum
2299 4363 2595 4432 possident;
2625 4375 2676 4420 et
2700 4381 2880 4436 pacem
2905 4381 3025 4422 cum
3047 4382 3113 4422 eo
3131 4368 3327 4432 facere,
3346 4369 3702 4423 consentientis

495 4449 600 4488 non
631 4434 770 4490 aliud
795 4453 888 4504 pro
913 4439 1039 4505 alii,
1063 4441 1156 4495 sed
1189 4440 1291 4496 hoc
1316 4443 1454 4507 (ιιιοά
1476 4444 1789 4499 cruciﬁxum
1816 4444 2058 4500 viderant
2091 4453 2320 4520 D-illiad
2341 4434 2713 4510 committenda
2734 4465 2969 4526 peccata.
2985 4455 3209 4510 Turrem
3225 4458 3419 4526 quippe
3438 4457 3700 4519 adiﬁcare.

473 4528 852 4583 resurrexisse
880 4530 1288 4586 demonstraret.
1317 4533 1452 4600 Quid
1483 4545 1564 4589 est
1599 4550 1726 4605 ergo
1751 4537 1890 4605 quod
1924 4537 2057 4592 dici-

451 4628 453 4631 '
497 4629 600 4681 tur,
629 4618 684 4674 Si
718 4630 932 4689 propter
976 4623 1302 4678 incredulum
1342 4625 1485 4691 fecit,
1514 4626 1710 4680 finxit?
1739 4628 1901 4694 Quasi
1932 4644 2058 4683 vero

495 4712 719 4780 quisque
743 4711 810 4784 [si
831 4713 950 4781 quis
972 4712 1068 4784 vir]
1092 4715 1262 4781 fortis,
1283 4731 1377 4784 pro
1399 4719 1566 4786 patria
1586 4718 1866 4786 dimicans,
1892 4720 2056 4775 multa

493 4799 714 4855 adversa
746 4801 960 4858 vulnera
989 4803 1273 4874 exciperet,
1295 4816 1347 4861 et
1375 4809 1696 4876 peritissimo
1717 4810 1940 4875 medico,
1967 4811 2057 4880 qui

494 4903 606 4958 lucc
626 4919 812 4959 curare
840 4905 912 4959 ita
927 4905 1148 4972 valeret,
1166 4918 1220 4961 ut
1244 4907 1517 4964 cicatrices
1540 4909 1698 4964 nullm
1718 4922 2054 4982 apparerent,

492 5003 605 5072 ipse
624 5005 798 5073 potius
819 5004 1045 5070 diceret,
1063 5005 1141 5060 sic
1163 5020 1220 5061 sc
1235 5006 1370 5062 velle
1391 5009 1589 5072 sanari,
1616 5017 1673 5062 ut
1694 5010 1859 5080 magis
1879 5021 2060 5065 essent

492 5096 541 5149 in
574 5111 798 5165 corpore
819 5111 916 5151 suo
943 5097 1161 5166 vestigia
1191 5097 1489 5163 vulnerum,
1509 5111 1756 5169 tanquam
1787 5102 1922 5156 tituli
1947 5104 2060 5171 glo-

491 5190 710 5251 riarum,
734 5186 853 5240 ideo
878 5186 964 5242 llle
986 5187 1222 5242 medicus
1240 5188 1517 5244 cicatrices
1532 5189 1749 5245 tinxisse
1769 5190 2055 5259 diceretur,

489 5281 575 5345 qui
593 5293 708 5330 cum
726 5293 822 5348 per
842 5289 1010 5333 artem
1026 5278 1242 5334 eliiccre
1265 5279 1490 5347 potuerit
1509 5288 1563 5334 ut
1579 5295 1680 5334 non
1695 5289 1894 5348 essent,
1913 5291 2057 5337 certa

492 5370 752 5424 existente
779 5384 939 5425 causa
957 5384 1053 5440 per
1075 5383 1244 5426 artem
1267 5370 1431 5426 efficit
1449 5372 1622 5440 potius
1643 5382 1697 5426 ut
1725 5384 2057 5442 essent,qna3

492 5478 594 5515 uno
623 5463 736 5517 solo
768 5463 944 5531 modo,
977 5463 1114 5519 sicut
1145 5464 1390 5535 superius
1422 5464 1551 5532 dixi,
1584 5466 1726 5522 falsa
1765 5468 2052 5523 convince-

493 5564 694 5620 rentur,
719 5554 762 5613 si
791 5553 932 5609 nulla
960 5555 1176 5612 vulnera
1204 5566 1538 5624 sanarentur.

2161 4555 2342 4600 contra
2371 4561 2546 4616 regem
2569 4547 2720 4602 illum
2746 4548 3018 4611 dimicare,
3041 4561 3160 4602 esse
3182 4546 3499 4615 discipulum
3521 4546 3700 4602 Christi

2160 4646 2269 4703 est;
2303 4637 2503 4692 habere
2525 4648 2701 4692 autem
2730 4649 2972 4706 sumptus
2999 4638 3071 4693 ad
3090 4640 3465 4708 perficiendam
3493 4649 3696 4704 turrem,

2160 4735 2216 4781 et
2244 4725 2439 4782 habere
2473 4725 2626 4782 fortia
2672 4727 2856 4782 decem
2895 4727 3054 4781 millia
3085 4737 3273 4783 contra
3320 4730 3500 4799 viginti
3544 4723 3692 4782 millia

2163 4817 2320 4886 regis,
2352 4817 2649 4872 renuntiare
2672 4826 2754 4872 est
2784 4815 3028 4872 omnibus
3052 4831 3169 4886 qua:
3195 4828 3322 4872 sunt
3351 4819 3480 4888 ejus.

2635 4951 2860 5008 CAPUT
2885 4948 3246 5007 CCCXXVIII.

2167 5064 2278 5129 Qua
2299 5065 3070 5138 d:st_tositianddispeusalionel
3083 5067 3412 5138 prouidentiae
3435 5068 3516 5122 Dei
3530 5066 3686 5138 Scrip-

2232 5145 2360 5188 tum:
2389 5135 2578 5189 Veteris
2606 5135 2906 5190 TEstatnenti
2931 5154 2994 5190 ex
3027 5135 3239 5190 Heb‘rwo
3273 5140 3323 5190 in
3352 5137 3568 5190 (ἐνέπω
3595 5135 3690 5186 ειη.

2230 5205 2400 5273 quium
2423 5205 2680 5260 translata
2699 5208 2818 5264 sint.
2843 5219 2895 5260 ut
2918 5208 3158 5277 uniuersis
3184 5209 3410 5277 gentibus
3435 5210 3688 5260 innotesce-

2152 5306 2155 5310 -
2233 5287 2373 5340 rent;
2403 5291 2466 5329 ex
2485 5277 2612 5330 libro
2631 5292 2758 5331 xvttt
2790 5279 2853 5331 de
2878 5278 3088 5332 Civitets
3125 5276 3245 5332 Dei.

2208 5407 2422 5464 .Saeras
2472 5409 2674 5464 litleras
2703 5409 2861 5464 etiam
2913 5403 3050 5464 unus
3099 5408 3494 5464 Ptolommornm
3523 5415 3686 5473 regem

2162 5497 2375 5567 Ξκιριὶ
2402 5511 2560 5551 nosse
2589 5499 2788 5552 studuit
2814 5510 2865 5553 et
2893 5499 3112 5565 habere;
3143 5513 3264 5554 nam
3295 5509 3409 5568 post
3429 5497 3686 5552 Alexandri

2162 5585 2481 5650 Macedonis,
2513 5587 2789 5664 quietiam
2816 5587 3032 5659 Magnus
3063 5589 3454 5658 cognominatus
3482 5594 3573 5646 est,
3597 5582 3686 5640 ini-

2162 5669 2599 5738 tificetitissittiam
2623 5678 2944 5750 minimeque
2963 5677 3267 5734 diuturnam
3290 5676 3578 5747 potentiam,
3592 5685 3684 5739 qus
