3874 6226
224 297 363 354 ωιθ
448 356 450 358 ,

1361 306 1787 365 τηεθλυιιυε.
1825 306 1977 362 CAP.
2015 305 2331 364 CCCXXIX.

3294 311 3428 372 Im

147 455 152 460 .
222 415 524 474 universam
547 415 747 484 Asiam,
768 417 876 472 imo
891 431 1025 487 pene
1042 427 1207 474 totum
1224 421 1427 488 orbem,
1453 422 1560 492 9o
1581 423 1770 490 partim
1800 425 1844 481 Α
1874 423 1997 490 quia
2032 424 2129 478 etsi
2160 439 2262 478 non
2304 425 2355 477 in
2396 422 2474 478 eis
2514 437 2650 478 unus
2688 422 3018 494 apparuisset
3043 422 3287 492 Sp‘ritns.
3315 428 3428 483 sine

223 507 277 561 vi
325 515 379 561 et
413 507 593 570 armis,
626 508 814 574 partim
843 516 1046 563 terrore
1075 509 1372 580 subegerat,
1403 511 1613 580 quando
1641 511 1782 566 inter

227 604 418 651 caetera
438 596 667 650 Orientis
692 596 848 651 etiam
877 596 1112 653 Judmam
1139 600 1409 671 ingressus
1435 601 1688 664 obtinuit;
1717 615 1783 655 eo

111 747 116 750 ,
227 698 439 742 mortuo
461 689 682 743 comites
703 687 839 755 ejus,
857 704 976 745 cum
1005 705 1223 761 regnum
1252 691 1377 747 illud
1400 693 1783 761 amplissimum

227 793 337 830 non
359 776 572 844 pacifice
595 777 728 832 inter
750 792 808 834 se
831 781 1120 848 possessnri
1143 779 1472 848 divisissent,
1496 782 1588 834 sed
1613 781 1788 849 potius

228 863 601 932 dissipassent,
626 864 777 919 bellis
797 869 972 921 omnia
1001 868 1274 932 vastaturi,
1297 869 1611 923 Ptolomaeos
1634 883 1789 939 reges

231 955 394 1023 erepit
425 955 619 1012 habere
653 956 935 1030 rEgyptus;
966 976 1188 1028 quorum
1221 962 1438 1029 primus,
1471 961 1596 1031 Lagi
1628 963 1786 1028 filius,

233 1047 428 1101 multos
457 1063 521 1105 ex
562 1050 742 1105 Judzra
785 1054 1020 1122 captivos
1066 1054 1117 1108 in
1169 1054 1453 1125 Egyptum
1505 1056 1789 1110 transtulit.

232 1134 370 1191 Huic
396 1149 571 1194 autem
602 1142 890 1198 succedens
919 1144 1053 1200 alios
1085 1147 1424 1211 Ptolomaaus,
1456 1130 1546 1216 qui
1572 1155 1654 1200 est
1701 1161 1792 1215 ap-

235 1226 460 1295 pellatus
511 1229 903 1299 Philadelphus,
949 1250 1134 1290 omnes
1179 1251 1315 1304 quos
1366 1235 1456 1290 ille
1499 1235 1796 1290 adduxerat.

235 1316 506 1386 subigatos
536 1317 902 1394 [subjugatos],
936 1324 1128 1380 liberos
1156 1325 1329 1380 redire
1356 1325 1618 1393 permisit;
1650 1326 1794 1380 insu-

236 1421 334 1473 per
352 1414 409 1484 et
427 1406 559 1462 dona
590 1411 728 1479 regia
754 1411 806 1466 in
831 1415 1084 1482 templum
1112 1415 1204 1470 Dei
1230 1417 1391 1484 misit,
1417 1417 1708 1486 petivitque
1728 1418 1795 1473 ab

239 1501 489 1556 Eleazaro
530 1513 652 1558 tunc
695 1508 942 1574 pontifice
985 1509 1096 1563 dari
1142 1510 1246 1564 sibi
1288 1510 1618 1579 Scripturas,
1663 1525 1794 1580 quas

238 1591 478 1658 profecto
509 1595 765 1660 audierat,
801 1598 935 1652 fama
967 1599 1307 1667 praedicante,
1339 1600 1562 1665 divinas,
1589 1611 1642 1655 et
1672 1600 1794 1656 ideo

235 1682 612 1748 concupiverat
639 1684 832 1740 habere
869 1687 922 1740 in
973 1688 1289 1744 bibliotheca
1320 1705 1477 1758 quam
1523 1690 1794 1744 nobilissi-

1883 513 2207 571 dubitatioue
2257 515 2484 582 divinus,
2535 516 2627 571 sed
2673 517 2814 572 inter
2855 531 2915 572 se
2937 517 3095 574 verba
3123 517 3431 586 interpreta-

1887 605 2044 658 tionis
2064 620 2175 659 sute
2198 605 2539 675 Septuaginta
2560 607 2697 661 docti
2721 623 2866 663 more
2894 606 3166 662 hominum
3183 608 3434 664 contulis-

1885 703 2023 759 sent,
2047 694 2264 763 utquod
2287 695 2560 762 placuisset
2580 697 2846 763 omnibus,
2863 699 3231 763 ltocro‘aneret,
3261 699 3434 754 nullus

1887 781 1964 834 eis
2013 797 2143 836 unus
2192 783 2451 852 interpres
2501 784 2682 839 debuit
2709 788 2951 854 anteponi
2968 804 2987 852 -;
3018 802 3136 842 cum
3170 802 3295 843 vero
3318 800 3436 843 tan-

1892 883 1998 925 tum
2022 874 2071 926 in
2098 873 2176 927 eis
2202 876 2409 943 signum
2431 875 2719 930 divinitatis
2747 879 3011 946 apparuit,
3034 879 3270 947 profecto
3291 880 3436 948 quis~

1891 962 2005 1029 quis
2033 963 2165 1017 alius
2191 964 2395 1018 illarum
2426 964 2819 1033 Scripturarum
2845 981 2911 1032 ex
2939 965 3233 1024 Hebraea'in
3253 985 3438 1037 quam-

1897 1049 2022 1105 libet
2048 1052 2202 1106 aliam
2230 1053 2458 1124 linguam
2483 1055 2747 1122 interpres
2777 1066 2860 1110 est
2888 1071 3068 1119 verax,
3089 1067 3178 1111 aut
3203 1060 3441 1128 congruit

1897 1141 2001 1196 illis
2047 1145 2374 1215 septuaginta
2413 1136 2810 1215 interpretibus.
2833 1156 2919 1217 aut
2958 1149 3002 1200 si
3033 1163 3137 1201 non
3156 1162 3444 1218 congruere

1895 1233 2124 1301 videtur,
2172 1234 2395 1289 altitudo
2442 1235 2511 1290 ibi
2548 1236 2854 1304 prOphetica
2893 1251 3012 1291 esse
3055 1238 3315 1292 credenda
3343 1249 3443 1292 est.

1894 1323 2121 1392 Spiritus
2141 1328 2281 1379 enim
2307 1326 2394 1394 qui
2420 1326 2470 1380 in
2496 1327 2769 1395 prOphetis
2794 1335 2928 1393 erat,
2959 1329 3167 1395 quando
3196 1328 3283 1389 illa,
3302 1329 3447 1382 dixe-

1893 1423 2036 1481 runt,
2081 1414 2218 1469 idem
2268 1415 2380 1482 ipse
2423 1424 2537 1471 erat
2590 1415 2790 1488 [etiam]
2819 1418 2870 1471 in
2921 1417 3249 1486 septuaginta
3300 1417 3444 1479 viris,

1893 1505 2106 1573 quando
2129 1506 2213 1559 illa
2242 1507 2568 1573 interpretati
2590 1516 2712 1561 sunt
2735 1525 2748 1559 :
2771 1507 2860 1577 qui
2884 1505 3120 1576 profecto
3141 1507 3452 1562 auctoritate

1894 1595 2068 1649 divina
2094 1605 2146 1651 et
2173 1595 2314 1650 aliud
2368 1596 2545 1651 dicere
2592 1596 2778 1663 potuit,
2813 1608 3057 1664 tanquam
3081 1597 3335 1666 propheta
3364 1597 3450 1668 ille

1897 1694 2176 1754 utrumque
2239 1686 2481 1750 dixisset,
2534 1686 2652 1755 quia
2704 1695 2987 1755 utrumque
3037 1686 3177 1740 idem
3225 1687 3454 1755 Spiritus

237 1786 377 1824 mam
409 1771 624 1828 fecerat.
654 1775 762 1830 llas
784 1777 830 1829 ei
855 1790 973 1829 cum
1002 1777 1140 1831 idem
1167 1778 1399 1847 pontifex
1428 1778 1658 1833 misisset
1688 1779 1791 1834 He-
1824 1771 1870 1830 Β
1899 1775 2124 1839 diceret;
2174 1784 2230 1829 et
2261 1775 2362 1830 hoc
2409 1776 2578 1843 ipsum
2623 1775 2797 1839 aliter,
2827 1783 2884 1828 ut
2919 1791 3024 1829 non
3052 1777 3236 1831 eadem
3268 1776 3450 1839 verba.

237 1858 433 1923 brteas,
463 1871 582 1930 post
619 1865 776 1918 etiam
811 1864 899 1920 ille
929 1868 1247 1936 interpretes
1277 1868 1580 1938 postulavit,
1611 1879 1664 1924 et
1690 1869 1797 1925 dati

237 1959 362 2004 sunt
382 1951 430 2005 ei
453 1955 783 2024 septuaginta
807 1956 912 2012 duo
933 1958 999 2012 de
1018 1959 1238 2029 singulis
1258 1962 1537 2017 duodecim
1559 1963 1800 2020 tribubus

239 2045 355 2096 seni
387 2042 646 2111 homines,
683 2047 870 2117 linguai
900 2051 1174 2119 utriusque
1212 2051 1528 2119 doctissimi,
1563 2053 1801 2110 Hebrum

240 2134 443 2189 scilicet
465 2145 622 2206 atque
649 2138 848 2195 Grmcte
875 2157 889 2195 :
918 2157 1139 2210 quorum
1167 2142 1552 2214 interpretatio,
1580 2155 1636 2200 ut
1663 2147 1800 2213 Sep-

242 2227 475 2295 tu-tginta
507 2239 741 2295 vocetur,
783 2233 888 2299 jam
921 2234 1150 2289 obtinuit
1178 2237 1524 2293 consuetudo.
1555 2237 1802 2297 Traditur

241 2328 391 2381 sane,
422 2326 525 2370 tam
571 2318 863 2374 mirabilem
909 2336 971 2377 ac
1009 2325 1348 2394 stupendum,
1382 2325 1639 2394 planeque
1667 2325 1801 2380 divi-

244 2419 366 2457 num
413 2405 466 2458 in
507 2419 690 2461 eorum
723 2411 902 2465 verbis
944 2411 1106 2466 fuisse
1135 2423 1478 2477 consensum,
1507 2422 1563 2468 ut
1589 2429 1709 2469 cum
1738 2416 1803 2470 ad

245 2490 346 2546 hoc
391 2507 525 2562 opus
575 2499 858 2565 separatim
902 2501 1095 2568 singuli
1127 2502 1381 2557 sederent
1408 2501 1684 2574 [sederint]
1714 2505 1805 2574 (ita

244 2585 387 2640 enim
429 2599 616 2640 eorum
663 2587 817 2644 fidem
852 2591 1139 2648 Ptolomaeo
1180 2595 1377 2664 placuit
1402 2595 1727 2664 explorare),
1754 2594 1804 2668 ip

246 2675 395 2729 nullo
417 2676 576 2731 verbo
596 2680 734 2747 quod
764 2679 903 2736 idem
920 2683 1247 2759 significaret
1271 2693 1325 2740 et
1363 2686 1692 2741 tantumdem
1712 2702 1806 2741 va-

247 2764 398 2838 leret.
424 2769 508 2822 νει
535 2770 585 2824 in
613 2773 891 2825 verborum
915 2773 1128 2838 ordine,
1156 2775 1294 2828 alter
1319 2775 1387 2829 ab
1415 2776 1580 2830 altero
1609 2776 1810 2831 discre-

247 2864 428 2924 paret;
457 2858 549 2913 sed
594 2869 841 2929 tanquam
887 2873 1026 2915 unus
1057 2871 1199 2916 esset
1245 2855 1526 2930 interpres,
1554 2863 1626 2917 ita
1667 2865 1805 2932 quod

247 2960 435 3004 omnes
461 2949 789 3020 interpretati
818 2960 963 3016 sunt,
986 2966 1148 3005 unum
1177 2959 1312 3016 erat,
1338 2952 1589 3021 quoniam
1623 2967 1808 3007 revera

248 3035 475 3102 Spiritus
503 3046 618 3092 erat
649 3053 786 3093 unus
810 3038 863 3092 in
891 3037 1158 3093 omnibus.
1193 3037 1258 3093 Et
1286 3038 1405 3093 ideo
1437 3049 1540 3094 tam
1571 3039 1808 3094 mirabile

1900 1863 2038 1917 idem
2069 1874 2243 1918 tamen
2268 1879 2454 1918 sensus
2485 1865 2619 1917 bene
2643 1864 3049 1932 intelligentibus
3075 1864 3445 1922 dilucesceret.
3492 1896 3496 1901 -

1899 1965 1953 2010 et
1995 1953 2135 2008 aliud
2184 1953 2612 2024 praetermitteret
2641 1950 3117 2022 [pratermittere].
3163 1963 3217 2007 et
3257 1953 3452 2022 aliquid

1901 2045 2117 2101 adderet
2141 2041 2411 2117 [addere],
2458 2055 2514 2100 ut
2565 2047 2722 2098 etiam
2773 2044 2897 2099 hinc
2944 2044 3311 2099 ostenderetur
3347 2059 3454 2100 non

1903 2135 2187 2192 humanam
2211 2136 2377 2191 fuisse
2404 2137 2454 2190 in
2487 2135 2578 2190 illo
2602 2149 2760 2204 opere
2782 2136 3121 2202 servitutem,
3152 2151 3310 2205 quam
3341 2151 3460 2193 ver-

1902 2224 1982 2279 bis
2007 2225 2234 2281 debebat
2254 2225 2534 2294 interpres,
2553 2228 2646 2281 sed
2669 2225 2899 2280 divinam
2923 2226 3095 2294 potius
3123 2234 3459 2295 potestatem,

1903 2331 2021 2385 quae
2047 2327 2273 2370 mentem
2298 2315 2536 2384 replebat
2553 2323 2605 2369 et
2625 2315 2841 2384 regebat
2859 2313 3458 2383 interpretis.-Nonnulli

1904 2412 2080 2461 autem
2127 2408 2338 2461 codices
2387 2405 3100 2481 Grmcosiinterpretationia
3119 2405 3461 2475 Septuaginta

1896 2484 1970 2553 ex
2030 2498 2267 2553 Hebraeis
2312 2498 2582 2553 codicibus
2633 2497 2989 2553 emendandos
3019 2499 3292 2567 putarunt
3319 2514 3333 2550 :
3361 2511 3463 2552 nec

1907 2595 2085 2642 tamen
2124 2585 2240 2640 ausi
2265 2598 2387 2641 sunt
2408 2586 2714 2652 detrahere,
2744 2585 2884 2653 quod
2908 2584 3118 2639 Hebraei
3138 2599 3243 2639 non
3274 2583 3467 2640 habent

1908 2663 2324 2746 [babebant],et
2361 2675 2701 2743 Septuaginta
2748 2682 3072 2741 posuerunt;
3123 2675 3217 2729 sed
3239 2683 3468 2728 tantum-

1909 2764 2067 2820 modo
2094 2764 2410 2820 addiderunt
2430 2779 2548 2833 quae
2572 2765 2625 2819 in
2652 2764 2888 2820 Hebraeis
2909 2765 3145 2830 inventa,
3172 2762 3311 2834 apud
3334 2764 3467 2834 Sep.

1913 2856 2142 2924 tuaginta
2167 2869 2269 2910 non
2292 2863 2466 2920 erant,
2492 2868 2686 2923 easque
2707 2847 2874 2922 signis
2901 2853 3239 2922 quibusdam;
3271 2853 3330 2908 in
3343 2853 3470 2907 stel-

1912 2947 2081 3001 larum
2113 2945 2327 3001 modum
2376 2945 2550 3009 factis,
2580 2945 2646 2998 ad
2685 2945 2857 3014 capita
2890 2943 3471 3000 eorumdem'versuom

1911 3045 2273 3092 notaverunt:
2301 3051 2418 3105 quae
2453 3037 2600 3105 signa
2631 3036 2960 3107 ἀστερία-κως·
2985 3043 3191 3090 vocant.
3221 3034 3472 3090 illavero

199 3174 201 3176 .
250 3121 346 3177 Dei
371 3139 559 3180 munus
580 3135 913 3194 acceperant,
935 3139 990 3181 ut
1021 3127 1233 3181 illarum
1264 3125 1678 3195 Scripturarum,
1705 3143 1809 3182 non
1840 3121 1887 3185 C
1915 3143 2034 3197 qum
2080 3142 2184 3182 non
2214 3125 2407 3180 habent
2429 3124 2660 3188 Hebraei,
2689 3124 2887 3178 habent
2911 3131 3085 3178 autem
3107 3123 3472 3192 Septuaginta,

249 3221 499 3281 tanqt-am
523 3213 897 3281 humanarum,
925 3215 1041 3283 sed,
1076 3216 1211 3270 sicut
1239 3225 1384 3270 erant
1417 3214 1706 3287 [tanquam]
1734 3216 1812 3271 di-

251 3305 512 3368 vinarum,
537 3305 694 3359 etiam
718 3303 821 3363 isto
842 3304 998 3360 modo
1019 3305 1484 3360 commendaretur
1504 3306 1810 3368 auctoritas,

249 3391 529 3470 creditoris
570 3394 884 3463 quandoque
909 3394 1156 3464 gentibus
1203 3394 1501 3463 profutura,
1533 3393 1671 3464 quod
1699 3393 1808 3464 jam

251 3481 494 3538 videmus
519 3483 784 3541 effectum.

745 3597 968 3654 CAPUT
1007 3597 1326 3654 CCCXXIX.

234 3707 345 3789 'De_
386 3709 683 3789 auctoritate
737 3707 1111 3789 Septuaginta”
1125 3710 1477 3789 interpretum,
1486 3779 1497 3789 ι
1514 3721 1665 3789 qum,
1682 3707 1819 3760 salva

324 3779 515 3831 honore
549 3773 748 3832 Hebraei
775 3773 917 3848 siyb',
935 3773 1186 3832 'omm‘bus
1215 3773 1572 3846 interpretibus
1601 3777 1666 3828 sit
1692 3792 1822 3839 pra-

325 3849 568 3916 ferenda;
593 3863 655 3901 ea:
675 3851 850 3902 eodem
871 3848 1021 3904 libro.

327 3956 458 4012 Nam
476 3972 594 4012 cum
618 3956 812 4012 fuerint
839 3966 892 4013 et
906 3958 993 4012 alii
1027 3957 1363 4028 interpretes,
1391 3961 1488 4030 qul~
1508 3977 1573 4017 ex
1603 3962 1822 4020 Hebraea

256 4049 431 4119 lingua
473 4049 526 4104 in
572 4049 810 4106 Graecam
857 4064 1012 4104 sacra
1051 4050 1138 4105 illa
1185 4049 1399 4121 eloquia
1422 4055 1819 4123 transtulerunt,

255 4141 394 4195 sicut
411 4139 616 4209 Aquila,
633 4141 1004 4211 Symmachus,
1027 4141 1390 4207 Theodotion;
1414 4142 1549 4197 sicut
1563 4145 1722 4199 etiam
1737 4148 1824 4200 illa

258 4231 384 4303 [est]
420 4231 808 4299 interpretatio,
864 4229 1020 4300 cujus
1072 4241 1258 4285 auctor
1287 4246 1391 4285 non
1422 4242 1659 4302 apparet,
1684 4245 1737 4290 et
1759 4237 1827 4292 ob

259 4323 362 4375 hoc
412 4321 527 4376 sine
578 4322 793 4377 nomine
837 4321 1162 4390 interpretis,
1203 4322 1394 4388 Quinta
1437 4324 1603 4379 editio
1626 4341 1829 4381 nuncu-

260 4419 452 4481 patur;
509 4410 648 4466 hanc
697 4421 873 4467 tamen
925 4427 1043 4482 quae
1072 4413 1409 4482 Septuaginta
1440 4422 1540 4482 est,
1574 4427 1823 4484 tanquam

259 4503 372 4556 sola
392 4511 553 4568 esset,
579 4503 656 4557 sic
678 4504 876 4573 recepit
903 4504 1160 4569 Ecclesia,
1201 4507 1374 4574 eaque
1404 4515 1623 4560 utuntur
1649 4507 1818 4563 Graeci

1909 3219 2156 3275 similiter
2184 3217 2252 3273 ad
2274 3218 2445 3286 capita
2476 3230 2727 3271 versuum
2752 3214 3047 3282 jacentlbus
3077 3213 3314 3282 virgulis,
3337 3215 3474 3268 sicut

1908 3311 2211 3366 scribuntur
2258 3309 2445 3374 uncire,
2478 3310 2848 3378 signaverunt;
2883 3314 2936 3360 et
2961 3305 3111 3359 multi
3134 3304 3346 3360 codices
3375 3304 3479 3358 has

1886 3410 2068 3463 notas
2108 3398 2364 3454 habentes
2408 3411 2782 3468 usquequaque
2826 3394 3002 3450 diffusi
3053 3403 3174 3448 sunt
3201 3404 3264 3449 et'
3283 3392 3476 3450 Latini.

1883 3488 2040 3555 :Qnae
2084 3497 2261 3542 autem
2315 3501 2418 3540 non
2466 3486 2824 3552 praetermissa
2863 3483 2946 3538 vel
2972 3482 3173 3549 addita,
3202 3484 3296 3537 sed
3324 3481 3476 3535 aliter

1916 3578 2059 3631 dicta
2113 3585 2257 3641 sunt,
2307 3577 2418 3629 sive
2444 3575 2604 3628 alium
2635 3588 2848 3628 sensum
2882 3572 3097 3636 faciant,
3120 3571 3279 3625 etiam
3310 3572 3479 3639 ipsum

1920 3683 2024 3722 non
2068 3667 2460 3730 abhorrentem,
2509 3663 2622 3719 sive
2667 3665 2774 3716 alio
2803 3661 3234 3716 modo‘eumdem
3263 3674 3478 3722 sensum

1921 3762 2187 3829 explicare
2235 3766 2615 3821 monstrentur,
2670 3753 2769 3809 nisi
2826 3753 3066 3821 utrisque
3107 3751 3482 3806 codicibuain-

1923 3849 2117 3917 spectis
2163 3855 2432 3916 nequeunt
2483 3845 2722 3913 reperiri.
2756 3843 2812 3900 Si
2848 3857 2994 3910 ergo,
3019 3851 3073 3896 ut
3100 3840 3481 3910 oportet,'tsihil

1923 3933 2067 3992 aliud
2115 3937 2416 3990 intueamur
2465 3935 2515 3988 in
2563 3933 2848 4001 Scripturis
2890 3932 3015 3996 illis,
3062 3931 3162 3985 nisi
3204 3930 3344 3996 quod
3389 3945 3479 3998 pet

1927 4025 2166 4080 homines
2194 4024 2388 4078 dixerit
2426 4023 2521 4076 Dei
2572 4022 2825 4090 Spiritus,
2877 4017 3130 4088 quidquid
3172 4019 3336 4074 estin
3382 4018 3478 4074 Ha-

1929 4118 2082 4172 bl'tBiS
2103 4116 2394 4179 codicibus,
2423 4125 2476 4170 et
2503 4129 2605 4167 non
2634 4121 2720 4167 est
2742 4110 2880 4180 apud
2910 4112 3228 4178 interpretes
3255 4109 3482 4177 Septua-

1927 4209 2093 4276 ginta,
2119 4207 2292 4274 noluit
2324 4220 2386 4259 ea
2416 4201 2562 4277 {hoc}
2588 4217 2682 4271 per
2703 4203 2854 4268 istos,
2879 4199 2971 4255 sed
3004 4215 3096 4269 per
3116 4200 3236 4254 illos
3261 4199 3482 4268 prophe-

1932 4312 2012 4356 tas
2030 4279 2125 4357 Dei
2151 4300 2378 4368 Spiritus
2400 4297 2611 4360 dicere;
2641 4293 2892 4364 quidquid
2915 4306 3040 4345 vero
3067 4300 3155 4375 est
3182 4289 3324 4360 apud.
3352 4290 3486 4358 Sep-

1935 4391 2290 4460 tuaginta,‘in
2330 4387 2571 4442 Hebraeis
2613 4394 2792 4439 autem
2838 4381 3111 4436 codicibus
3135 4395 3240 4434 non
3261 4388 3488 4447 esu-per

1855 4483 1901 4542 D
1928 4484 2061 4538 istos
2101 4497 2164 4537 ea
2190 4478 2394 4538 maluit.
2435 4491 2591 4547 quam
2615 4490 2708 4543 per
2733 4474 2850 4528 illos
2875 4472 3012 4525 idem
3036 4470 3265 4538 Spiritus
3288 4470 3486 4533 dicere,

263 4594 440 4662 pepuli
483 4594 781 4660 christiani,
831 4596 1054 4664 quorum
1111 4595 1345 4662 plerique
1393 4605 1567 4649 utrum
1607 4597 1707 4650 alia
1760 4599 1804 4652 si

1930 4579 2008 4631 sic
2057 4581 2343 4631 ostendens
2381 4583 2634 4638 utrosque
2689 4566 2849 4620 fuisse
2877 4564 3181 4629 prophetas.
3212 4561 3321 4614 Lsto
3347 4561 3487 4614 enim

262 4686 436 4752 aliqua
475 4683 743 4750 ignorant.
777 4684 853 4738 Ex
879 4685 976 4740 hac
1004 4684 1344 4754 Septuaginta
1375 4686 1825 4754 interpretatione.
1868 4734 1883 4752 ,

261 4778 422 4830 etiam
451 4775 502 4827 in
544 4774 780 4828 Latinam
829 4771 1058 4846 linguam
1091 4775 1488 4846 interpretatum
1523 4777 1645 4849 [est]
1686 4781 1825 4848 quod

243 4864 513 4920 Ecclesia
564 4865 764 4919 Latinae
794 4873 992 4920 tenent.
1025 4865 1274 4933 Quamvis
1299 4882 1400 4920 non
1427 4866 1657 4922 defuerit
1687 4879 1823 4923 tem-

262 4956 482 5025 poribus
521 4955 715 5008 nostris
740 4965 922 5010 noster
950 4957 1246 5025 presbyter»
1270 4955 1640 5027 Hieronymus,
1673 4960 1830 5014 homo

262 5046 623 5109 doctissimus,
680 5056 732 5101 et
771 5045 1006 5100 omnium
1057 5049 1214 5101 trium
1269 5048 1562 5117 linguarum
1609 5049 1829 5118 peritus,

264 5139 352 5204 qui
401 5150 506 5191 non
551 5151 616 5190 ex
649 5136 855 5202 Graeco,
906 5136 999 5190 sed
1022 5150 1085 5190 ex
1111 5134 1337 5191 iiebrtco
1363 5137 1412 5190 in
1446 5137 1686 5191 Latinum
1715 5139 1829 5192 elo-

264 5225 446 5295 quium
487 5225 697 5279 easdem
728 5224 1028 5293 Seripturas
1071 5225 1412 5279 converterit.
1445 5224 1560 5307 Sed,
1581 5224 1696 5292 ejus
1724 5234 1827 5279 tam

268 5319 552 5372 litteratum
584 5319 815 5376 laborem
843 5320 1079 5387 quamvis
1104 5318 1270 5373 Judmi
1299 5318 1562 5373 fateantur
1591 5335 1710 5374 esse
1738 5335 1826 5374 ve-

267 5424 463 5471 racem,
490 5409 830 5478 Septuaginta
848 5424 977 5464 vero
997 5407 1312 5478 interpretes
1344 5411 1396 5464 in
1420 5411 1597 5464 multis
1621 5427 1827 5468 errasse

268 5499 612 5567 contendant,
673 5510 846 5554 tamen
899 5499 1131 5554 Ecclesia
1182 5501 1374 5553 Christi
1429 5493 1518 5556 tot.
1556 5501 1825 5556 hoininum

270 5589 596 5652 auctoritati,
618 5589 686 5643 ab
717 5590 970 5645 Eleazaro
1000 5601 1122 5645 tunc
1146 5591 1391 5658 pontifice
1417 5589 1599 5644 adhoc
1622 5601 1826 5645 tantum

270 5694 405 5753 opus
474 5679 786 5747 electorum,
847 5681 1109 5738 neminem
1165 5680 1362 5750 judicat
1421 5680 1823 5751 praferettdum,

1932 4668 2088 4722 modo
2140 4665 2241 4718 alia
2273 4679 2366 4732 per
2415 4660 2644 4722 Esaiam,
2676 4657 2776 4709 alia
2809 4669 2902 4723 per
2928 4650 3368 4716 Jeretniatn,'alia
3392 4664 3489 4716 per

1927 4761 2090 4813 alium
2138 4756 2402 4823 aliumque
2450 4751 2785 4822 prophetam,
2839 4747 2924 4800 vel
2967 4745 3121 4798 aliter
3159 4742 3489 4810 eademper

1930 4848 2065 4901 hunc
2110 4860 2174 4900 ac
2217 4857 2312 4913 per
2356 4841 2506 4894 illum
2540 4838 2574 4891 d
2599 4837 2695 4901 xit,
2729 4843 2788 4889 ut
2824 4833 3008 4888 voluit.
3034 4829 3305 4899 Quidquid
3323 4836 3484 4898 porro

1933 4939 2068 5008 apud
2091 4946 2346 5001 utrosque
2374 4931 2658 4993 invenitur,
2700 4943 2792 4997 per
2840 4935 3093 4992 utrosque
3119 4920 3490 4975 dicere-voluit

1933 5047 2067 5086 unus
2102 5040 2258 5098 atque
2286 5026 2424 5081 idem
2443 5024 2703 5093 Spiritus;
2736 5019 2828 5100 sed
2859 5008 2926 5073 ita
2956 5023 3014 5070 ut‘
3038 5012 3489 5081 illi'pratcederent

1932 5120 2316 5196 prophetando,
2368 5118 2455 5173 isti
2500 5122 2848 5185 sequerentur
2893 5106 3197 5179 praphetice
3225 5104 3488 5196 inti-rpre—

1933 5195 2092 5272 tando
2116 5236 2129 5269 ;
2155 5214 2275 5282 quia
2305 5212 2440 5266 sicut
2466 5210 2521 5265 in
2560 5208 2666 5263 illis
2711 5211 2833 5260 vera
2861 5213 2913 5258 et
2935 5198 3209 5254 concerdia
3240 5195 3485 5267 [concor-

1929 5302 2131 5374 dantia]
2161 5301 2455 5358 dicentibus
2487 5301 2623 5353 unus
2669 5294 2811 5364 pacis
2848 5291 3074 5361 Spiritus
3103 5287 3218 5352 fuit,
3243 5287 3320 5340 sic
3348 5289 3404 5339 et
3432 5283 3485 5337 in

1932 5398 2045 5452 istis
2091 5409 2196 5449 non
2241 5407 2422 5447 secum
2473 5384 2881 5453 conferentibus,
2923 5389 2976 5436 et
3017 5389 3193 5434 tamen
3240 5386 3486 5443 tanquam

1934 5500 2024 5539 ore
2052 5498 2157 5537 uno
2181 5488 2372 5537 cuncta
2400 5474 2883 5549 interpretantibus,
2917 5470 3055 5528 idem
3095 5466 3322 5539 Spiritus
3351 5477 3488 5518 unus

1932 5573 2189 5643 apparuit.
