3874 6226
503 307 626 364 1051

990 415 1209 473 CAPUT
1241 411 1538 468 CCCXXX.

502 529 643 596 Quid
696 529 1072 594 intelligendum
1121 529 1188 580 sit
1227 526 1296 579 de
1345 525 1685 596 Ninivitarum
1725 524 1945 596 excidio,
2001 524 2063 574 de

566 601 713 662 cuius
752 593 1117 651 denuntiationi
1158 596 1328 667 [cujus
1368 595 1679 667 denuntiatio
1721 593 1805 667 in]
1848 593 2064 667 fleb_a'o

574 669 903 736 quadraginta
948 663 1351 736 dierum'sp'atio
1374 665 1615 727 tenditur,
1646 666 1697 716 in
1729 663 1975 736 Scotuaoi
2012 670 2064 712 ta

567 733 729 789 autem
768 733 938 788 tridui
985 733 1224 789 brevitate
1245 736 1586 798 concluditur,
1627 750 1692 787 ea:
1712 734 1885 786 eodem
1912 733 2060 785 libro.

567 867 669 922 Sed
723 867 794 922 ait
820 867 1014 936 aliquis
1046 885 1060 920 :
1088 867 1370 935 Quomodo
1408 868 1573 921 sciam
1601 865 1725 934 quid
1757 865 1920 920 Jonas
1947 877 2064 931 pro-

499 956 655 1022 pheta
695 955 893 1010 dixerit
925 956 1187 1022 Ninivitis,
1233 965 1429 1021 utrum,
1469 956 1742 1020 Triduum,
1789 964 1837 1008 et
1882 952 2064 1006 Niuiue

497 1053 760 1108 evertetur,
792 1061 880 1110 an,
908 1045 1260 1116 Quadraginta
1281 1045 1425 1098 dies?
1445 1045 1575 1110 Quis
1594 1045 1735 1097 enim
1761 1058 1863 1094 non
1891 1041 2065 1094 videat

500 1151 603 1192 no
627 1137 864 1206 potuisse
893 1150 1174 1207 utrumque
1201 1146 1322 1191 tunc
1345 1137 1447 1190 dici
1473 1151 1502 1188 a
1528 1134 1802 1202 propheta,
1823 1133 1909 1200 qui
1932 1132 2061 1185 mis-

499 1242 591 1281 sus
633 1227 822 1292 fuerat,
853 1237 1009 1281 terra:
1033 1228 1501 1281 corntninutionem
1533 1223 1754 1295 [terrere
1775 1222 2065 1276 commina-

502 1316 664 1386 tione]
721 1319 1042 1373 imminentis
1066 1317 1215 1372 exitii
1265 1316 1570 1370 civitatem?
1598 1315 1693 1367 Cui
1719 1316 1762 1368 si
1798 1314 1951 1367 tertio
1977 1312 2064 1366 die

502 1407 672 1459 fuerat
724 1406 927 1460 futurus
970 1405 1234 1470 interitus,
1269 1420 1372 1457 non
1423 1403 1602 1472 utique
1657 1402 2062 1471 quadragesimo

503 1494 618 1561 die;
671 1495 715 1549 si
761 1504 936 1549 autem
983 1494 1406 1563 quadragesimo,
1455 1507 1557 1546 non
1605 1488 2060 1561 utiquetertio.Si

504 1599 679 1653 trgoa
711 1599 795 1637 me
836 1585 1088 1653 qumritur
1127 1583 1250 1651 quid
1308 1582 1493 1635 horum
1522 1581 1681 1634 Jonas
1715 1580 1928 1645 dixerit,
1960 1578 2060 1632 hoc

505 1681 630 1740 puto
684 1672 856 1739 potius
909 1671 1048 1740 quod
1089 1673 1278 1741 legitur
1320 1671 1373 1725 in
1419 1671 1677 1724 Hebraeo:
1705 1669 2059 1736 Quadraginta

1559 302 1620 356 D.
1663 297 1980 356 EUGYI’Pll
2019 296 2306 352 ABDATIS
2346 293 2661 350 AFRICANI

2090 415 2138 468 Α
2238 423 2334 473 qtte
2359 409 2532 473 fecerit
2561 408 2727 468 honto,
2758 413 2898 458 eJtra
2927 419 3108 474 corpus
3164 413 3268 466 est;
3295 411 3570 474 qut_attlcnt
3605 404 3692 466 {or-

3583 287 3696 343 tua:

2236 471 2459 539 nitatur,
2488 477 2542 526 in
2593 489 2775 541 corpus
2829 471 3090 544 proprium
3126 482 3322 542 peccat.
3375 471 3457 524 Ea:
3496 486 3695 523 u‘rmoue

2235 555 2438 614 propter
2466 545 2560 596 hoc
2582 545 2770 612 ipsum.

2233 696 2466 763 Qumstio
2520 696 2587 751 de
2641 695 2875 766 Epistola
2921 696 3322 750 Corinthiorum
3378 693 3530 748 beati.
3562 692 3689 747 Pauli

2164 786 2386 853 apostoli
2419 786 2504 840 ubi
2528 784 2694 840 dicit:
2727 785 2895 839 Omne
2928 793 3199 853 peccatum
3223 784 3564 852 quodcunque
3579 781 3687 835 fecr-

2165 873 2234 927 rit
2262 875 2439 938 homo,
2466 882 2611 926 extra
2642 888 2833 942 corpus
2862 883 2974 938 est;
3005 874 3092 940 qui
3125 883 3301 927 autem
3336 872 3686 932 iorn’tcatnr,in

2162 975 2356 1031 corpus
2383 963 2649 1029 preprium
2665 973 2864 1030 peccat,
2898 965 3077 1016 nescio
3103 963 3146 1016 si
3171 964 3340 1032 possit
3369 963 3434 1015 ad
3463 962 3685 1029 liquidum

2163 1051 2402 1116 dissolvi,
2452 1053 2696 1120 quamvis
2737 1051 2924 1118 possit,
2953 1052 3187 1106 donante
3236 1051 3484 1116 Domino,
3513 1051 3682 1115 aliquid

2164 1142 2284 1195 inde
2315 1142 2657 1210 probabiliter
2687 1142 2818 1204 dici;
2849 1143 2918 1195 ita
2956 1143 3096 1195 enim
3154 1141 3414 1209 profunda
3459 1149 3553 1194 est.
3579 1138 3685 1191 Nam

2163 1255 2283 1293 cum
2309 1238 2557 1307 superius
2588 1240 2638 1292 in
2667 1238 2851 1292 eadem
2885 1237 3115 1306 Epistola
3148 1236 3436 1304 Apostolus
3475 1234 3684 1286 diceret:

2162 1327 2332 1380 Nolite
2359 1341 2563 1393 errare,
2596 1342 2765 1394 neque
2819 1327 3184 1388 fornicatores,
3220 1340 3392 1393 neque
3423 1323 3566 1376 idolis
3586 1337 3684 1376 scr-

2161 1418 2383 1480 vientes,
2409 1432 2580 1484 neque
2597 1417 2841 1482 adulteri,
2875 1431 3044 1483 neque
3073 1414 3282 1479 molles,
3319 1429 3486 1482 neque
3510 1426 3685 1464 mascu-

2161 1504 2330 1558 lorum
2358 1507 2749 1572 concubitores,
2772 1521 2942 1573 neqnc
2970 1505 3138 1568 fures,
3165 1519 3338 1572 neque
3359 1503 3517 1566 avari,
3543 1516 3688 1567 neque

2162 1595 2381 1660 ebriosi,
2405 1610 2578 1663 neque
2608 1595 2873 1660 maledici,
2905 1609 3075 1663 neque
3103 1607 3345 1661 rapaces,
3377 1605 3580 1659 regnum
3609 1588 3682 1641 Dei

2164 1687 2542 1754 possidebunt;
2567 1697 2621 1741 et
2679 1687 2838 1755 paulo
2869 1696 3023 1754 post:
3057 1685 3308 1745 Nescitis,
3337 1683 3433 1747 ait,
3472 1681 3684 1750 quoniam

502 1762 629 1826 dies,
662 1771 708 1815 et
753 1762 936 1816 Ninive
969 1771 1216 1816 evertetur
1241 1778 1261 1817 :
1286 1761 1626 1830 Septuaginta
1657 1761 1869 1830 quippe,
1902 1760 2059 1828 longe

2171 1791 2382 1843 corpora
2425 1791 2598 1832 vestra
2641 1778 2877 1833 membra
2925 1786 3048 1830 sunt
3092 1775 3332 1830 Christi?
3368 1773 3550 1827 tollens
3584 1785 3689 1838 ergo

506 1851 769 1921 posterius
785 1852 1130 1920 interpretati,
1153 1851 1294 1905 aliud
1315 1851 1490 1905 dicere
1511 1858 1811 1918 potuerunt,
1831 1847 1968 1918 quod
1989 1858 2065 1902 ta-

512 1961 632 2000 men
663 1946 728 1999 ad
757 1961 866 1999 rem
889 1946 1191 2014 pertineret,
1232 1954 1285 2000 et
1313 1946 1364 1998 in
1388 1960 1545 1999 unum
1573 1945 1921 2013 eumdemque
1945 1960 2066 1998 sen-

513 2052 653 2101 sum,
683 2039 925 2105 quamvis
946 2036 1042 2090 sub
1070 2037 1236 2091 altera
1259 2035 1662 2105 significatione,
1687 2045 2062 2089 concurreret:

507 2128 611 2197 91
672 2127 1082 2195 admoneretque
1135 2128 1425 2188 lectorem,
1485 2138 1706 2194 utraque
1757 2126 2065 2179 auctoritate

509 2232 612 2271 non
640 2228 834 2284 spreta,
861 2219 926 2271 ab
950 2218 1163 2272 historia
1191 2233 1309 2273 sese
1327 2217 1570 2272 attollere
1587 2219 1650 2271 ad
1673 2233 1732 2272 ea
1751 2217 2064 2284 requirenda

509 2318 724 2374 propter
749 2322 863 2374 qum
890 2307 1228 2376 significanda
1254 2307 1464 2364 historia
1496 2309 1605 2376 ipsa
1627 2309 1923 2375 conscripta
1962 2317 2062 2360 est.

509 2398 670 2452 Gesta
711 2397 906 2466 quippe
961 2406 1084 2450 sunt
1107 2395 1237 2468 [illa]
1264 2399 1315 2451 in
1371 2398 1556 2452 Ninive
1584 2397 1814 2460 civitate,
1845 2395 1937 2449 sed
1967 2394 2065 2447 ali-

508 2489 631 2556 quid
683 2488 841 2542 etiam
887 2488 1314 2554 significaverunt
1369 2487 1507 2556 quod
1537 2487 1750 2541 modum
1778 2485 1918 2538 illius
1942 2478 2070 2538 civi-

510 2580 631 2631 tatis
671 2576 893 2630 excedat
931 2592 946 2631 :
993 2577 1128 2630 sicut
1154 2586 1356 2646 gestum
1398 2587 1481 2630 est
1504 2578 1641 2645 quod
1670 2574 1784 2644 ipse
1815 2576 2066 2644 propheta

512 2666 563 2718 in
591 2675 774 2718 ventre
801 2666 899 2719 ceti
935 2665 1108 2718 triduo
1138 2665 1254 2731 fuit,
1288 2652 1339 2718 et
1369 2675 1543 2720 tamen
1572 2666 1728 2719 alium
1757 2663 2071 2733 signiﬁcavit

511 2753 563 2807 in
605 2757 864 2824 profundo
892 2756 1083 2810 inferni
1115 2756 1286 2809 triduo
1315 2755 1566 2820 futurum,
1594 2757 1681 2826 qui
1707 2757 1959 2811 Dominus
1988 2767 2070 2811 est

509 2847 746 2899 omnium
793 2845 1186 2914 prephetarum.
1216 2847 1549 2915 Quaprop'er
1577 2851 1620 2902 si
1653 2864 1748 2917 per
1776 2849 1918 2903 illam
1939 2851 2068 2905 civi-

511 2943 670 2989 tatem
723 2944 867 2988 recte
913 2936 1168 3002 accipitur
1216 2936 1448 2991 Ecclesia
1478 2937 1713 3005 gentium
1762 2939 2070 3008 prophetice

511 3025 751 3093 ﬁgurata,
780 3041 962 3081 eversa
1008 3027 1208 3082 scilicet
1251 3043 1345 3096 per
1392 3032 1776 3098 poenitent'am,
1816 3041 1872 3086 ut
1901 3034 2069 3100 qualis

2167 1865 2400 1918 membra
2423 1865 2658 1932 Christi,
2681 1866 2870 1919 faciam
2899 1867 3134 1918 membra
3185 1859 3508 1916 meretricis?
3538 1857 3685 1912 Absit!

2168 1956 2246 2007 An
2270 1954 2484 2008 nescitis
2506 1955 2630 2023 quia
2650 1954 2738 2022 qui
2769 1953 3006 2006 adhaeret
3034 1952 3323 2016 meretrici,
3347 1965 3502 2004 unum
3524 1962 3686 2014 corpus

2166 2045 2278 2098 est?
2307 2045 2475 2096 Erunt
2496 2045 2658 2109 enim,
2691 2045 2880 2112 inquit,
2909 2043 3013 2096 duo
3051 2046 3110 2095 in
3139 2056 3303 2095 carne
3335 2055 3465 2102 una;
3494 2040 3574 2106 qui
3611 2051 3684 2087 au-

2167 2141 2272 2186 tem
2298 2133 2536 2186 adhaeret
2565 2132 2811 2196 Domino,
2843 2146 2976 2184 unus
2999 2130 3215 2198 spiritus
3235 2139 3353 2192 est;
3379 2128 3530 2194 fugite
3549 2125 3683 2178 forni-

2164 2222 2449 2274 cationem.
2507 2224 2680 2290 Atque
2727 2221 2797 2274 ibi
2847 2221 3121 2289 suhjunxit
3171 2235 3185 2272 :
3247 2221 3416 2273 Omne
3455 2225 3687 2286 peccatore

2165 2310 2521 2379 quodcunque
2543 2310 2729 2364 fecerit
2773 2310 2950 2376 homo,
2981 2318 3136 2364 extra
3161 2323 3356 2376 corpus
3383 2318 3488 2363 est:
3512 2305 3587 2374 qui
3612 2319 3684 2354 au-

2170 2407 2271 2451 tem
2304 2398 2616 2461 fornicatur,
2649 2397 2701 2451 in
2733 2413 2927 2466 corpus
2957 2397 3235 2465 proprium
3269 2403 3480 2463 peccat;
3504 2407 3562 2444 ³η
3586 2405 3686 2442 πεδ’

2167 2485 2286 2540 citis
2315 2486 2435 2554 quia
2460 2501 2654 2554 corpus
2678 2497 2937 2549 vestrum,
2965 2487 3214 2551 templum
3247 2484 3299 2535 in
3323 2483 3469 2536 vobis
3493 2479 3686 2548 Spiritus

2168 2577 2337 2631 sancti
2365 2585 2447 2632 est
2467 2621 2482 2646 ,
2514 2591 2670 2646 quem
2696 2576 2949 2632 habetis:
2977 2576 3114 2640 Dea,
3144 2584 3197 2627 et
3226 2590 3328 2626 non
3374 2572 3495 2625 estis
3518 2569 3687 2623 vestri?

2168 2667 2330 2736 empti
2357 2668 2500 2722 enim
2529 2668 2658 2722 estis
2681 2667 2854 2735 pretio
2884 2681 3097 2734 magno.
3126 2663 3430 2717 Ctoriticate
3447 2669 3495 2714 et
3515 2669 3690 2727 portato

2172 2759 2332 2815 Deum
2357 2759 2408 2812 in
2446 2773 2668 2827 corpore
2688 2769 2884 2811 vestro.
2908 2757 3038 2809 Cum
3059 2770 3195 2823 ergo
3211 2755 3372 2807 multa
3393 2765 3443 2806 et
3464 2748 3691 2804 horrenda

2169 2851 2220 2905 in
2252 2851 2351 2904 hoc
2375 2850 2607 2916 capitulo
2636 2852 2780 2916 prius
2793 2855 3158 2902 enumerasset
3186 2845 3455 2896 hominum
3485 2851 3690 2908 peccata.

2168 2940 2359 3008 quibus
2386 2954 2490 2993 non
2516 2937 2729 2992 dabitur
2759 2952 2979 3006 regnum
3015 2936 3130 3000 Dei,
3161 2949 3278 2999 «tuae
3309 2945 3476 2986 tamen
3497 2947 3584 2982 non
3602 2927 3690 2980 nisi

2172 3047 2264 3099 per
2291 3047 2486 3100 corpus
2531 3033 2822 3100 perpetrari
2870 3031 2937 3084 ab
2981 3028 3283 3082 hominibus
3315 3034 3629 3096 possunt;qu
3663 3023 3693 3073 d

511 3119 677 3171 fuerat
717 3117 824 3186 jam
876 3134 978 3172 non
1023 3129 1205 3174 esset:
1233 3120 1332 3175 hoc
1380 3121 1624 3190 quoniam
1679 3139 1770 3191 per
1796 3123 2065 3178 Christum
2094 3108 2138 3168 C
2171 3134 2365 3188 corpus
2390 3121 2568 3188 utique
2590 3120 2695 3188 jam
2723 3121 2978 3181 lidelium,
3013 3119 3267 3183 templuru
3299 3131 3415 3170 esse
3437 3114 3550 3168 dixit
3577 3111 3692 3174 Spi-

510 3206 703 3262 factum
752 3219 834 3263 est
877 3211 928 3263 in
989 3211 1220 3264 Ecclesia
1270 3213 1529 3280 gentium,
1587 3215 1737 3283 cujus
1771 3217 1854 3268 illa
1882 3218 2067 3273 Ninive

509 3296 728 3364 ﬁguram
758 3298 991 3366 gerebat,
1025 3299 1136 3354 sive
1167 3316 1262 3370 per
1291 3303 1634 3372 quadraginta
1663 3305 1794 3368 dies,
1828 3307 1940 3360 sive
1976 3322 2069 3376 per

507 3386 757 3451 triduum,
818 3388 958 3441 idem
1010 3391 1123 3457 ipse
1162 3391 1490 3459 significatus
1537 3405 1611 3446 cst
1663 3394 1901 3450 Christus
1934 3414 1948 3448 :
1977 3412 2069 3465 per

505 3475 846 3544 quadraginta
886 3478 1106 3543 scilicet,
1138 3481 1257 3547 quia
1303 3488 1372 3532 tot
1400 3481 1514 3534 dies
1547 3483 1743 3551 peregit
1773 3496 1890 3536 cum
1912 3484 2071 3538 disci-

508 3566 646 3632 pulis
689 3569 800 3620 suis
833 3578 947 3633 post
995 3570 1436 3623 resurrectionem
1486 3571 1713 3641 [suam],
1745 3585 1797 3626 et
1833 3577 2071 3628 ascendit

509 3655 562 3708 in
593 3655 821 3720 caelum;
849 3671 944 3725 per
983 3655 1215 3711 triduum
1246 3673 1392 3722 vero,
1424 3661 1542 3724 quia
1573 3661 1657 3714 die
1708 3663 1862 3716 tertio
1897 3679 2074 3718 resor-

507 3746 681 3808 rexit;
732 3754 979 3814 tanquam
1021 3748 1444 3827 lectoremnihil
1475 3752 1616 3803 aliud
1657 3768 1810 3821 qttam
1836 3755 2072 3809 historiis

509 3849 685 3888 rerum
719 3845 987 3900 gestarum
1029 3836 1641 3906 inhzeret'ezcupientem,
1670 3843 1737 3896 de
1763 3857 1952 3896 somno
1973 3861 2075 3898 ex-

507 3923 786 3978 citaverint
825 3925 1164 3994 Septuaginta
1207 3928 1545 3996 interpretes,
1578 3929 1824 4000 idemque
1864 3931 2071 4004 [iidem-

504 4013 631 4084 que]
661 4016 953 4083 prophetzc,
994 4016 1059 4070 ad
1103 4020 1532 4083 perscrutandam
1578 4021 1906 4076 altitudinem
1949 4039 2072 4090 pro-

509 4105 723 4171 phetiaa,
744 4115 800 4160 et
822 4106 1208 4172 quodammodo
1230 4109 1492 4163 dixerint:
1521 4109 1574 4164 In
1598 4112 1936 4182 quadraginta
1961 4113 2072 4168 die-

509 4194 604 4246 bus
625 4195 792 4256 ipsum
817 4211 1014 4262 qtttere,
1041 4197 1090 4248 in
1109 4213 1213 4264 qtto
1242 4206 1295 4250 et
1318 4198 1547 4253 triduum
1577 4202 1772 4267 p0teris
1795 4202 2036 4257 invenire
2054 4243 2067 4256 .

507 4285 635 4338 illud
685 4286 734 4338 in
781 4289 1114 4351 ascensione,
1147 4288 1246 4342 hoc
1281 4289 1332 4341 in
1361 4289 1476 4356 ejus
1508 4294 1892 4346 resurrectione
1919 4310 2070 4362 repe-

510 4376 636 4428 ries.
673 4375 892 4442 l'rOpter
929 4377 1066 4446 quod
1110 4389 1333 4444 utroque
1365 4394 1583 4433 numero
1631 4383 1914 4450 signiﬁcari
1944 4401 2070 4439 eon-

511 4465 908 4518 venientissime
939 4467 1124 4533 potuit,
1157 4482 1377 4534 quorum
1407 4483 1565 4522 unum
1598 4485 1689 4537 per
1731 4471 1916 4526 Jonam
1949 4491 2068 4536 pro-
2102 4453 2149 4512 θ

512 4544 745 4619 phetam,
779 4554 936 4605 alium
968 4571 1060 4620 per
1089 4555 1426 4623 Septuaginta
1473 4557 1816 4625 interpretum
1838 4563 2069 4631 prophe-

513 4642 659 4705 tiam,
710 4651 882 4694 tamen
931 4657 1063 4696 unus
1093 4652 1250 4711 atque
1280 4645 1414 4697 idem
1439 4647 1664 4714 Spiritus
1694 4649 1845 4704 dixit.
1882 4652 2070 4722 Longi-

515 4726 747 4782 tudinem
807 4729 968 4798 fugio,
1003 4741 1057 4783 ut
1086 4748 1188 4784 non
1235 4732 1346 4786 hwc
1372 4749 1462 4800 per
1500 4736 1660 4789 multa
1688 4739 2065 4810 demonstrem,

509 4815 563 4869 in
580 4817 773 4885 quibus
793 4820 859 4872 ab
883 4819 1129 4874 hebraica
1151 4836 1226 4876 ve.
1245 4821 1368 4877 itate
1387 4824 1725 4892 Septuaginta
1754 4828 2070 4897 interpretes

510 4902 804 4976 [putantur]
851 4907 1181 4974 discrepare,
1213 4923 1261 4964 et
1295 4912 1430 4966 bene
1463 4912 1715 4969 intellecti
1741 4918 2072 4974 inveniuntur

509 5006 628 5046 esse
670 4995 981 5050 concordes.
1045 4997 1196 5051 Unde
1239 5001 1397 5052 etiam
1446 5016 1543 5068 ego
1574 5017 1667 5069 pro
1704 5020 1823 5058 meo
1865 5009 2078 5064 modulo

508 5081 724 5150 vestigia
748 5099 971 5152 sequens
988 5089 1370 5155 apostolorum,
1396 5091 1516 5158 quia
1542 5101 1595 5144 et
1617 5094 1712 5160 ipsi
1729 5110 1790 5148 ex
1820 5098 2073 5167 utrisque,

512 5172 561 5227 id
593 5181 671 5225 est
693 5182 746 5226 et
769 5189 831 5227 ex
863 5175 1114 5243 llebrmis,
1147 5186 1201 5231 et
1231 5176 1339 5250 [ex]
1371 5180 1732 5250 Septuaginta,
1779 5187 2077 5242 testimonia

511 5264 818 5331 prophetica
861 5278 1170 5334 posuerunt,
1206 5279 1426 5338 utraque
1480 5273 1794 5329 auctoritate
1822 5277 2070 5334 utendum

513 5360 711 5425 putavi,
756 5363 1001 5429 quoniam
1052 5373 1272 5433 utraque
1315 5382 1417 5419 una
1441 5376 1599 5436 atque
1624 5368 1799 5422 divina
1827 5380 1926 5425 cst.

1002 5513 1223 5570 CAPUT
1253 5517 1573 5572 CCCXXXI.

516 5618 592 5673 De
611 5637 665 5672 co
696 5625 829 5688 quod
867 5625 935 5677 ait
962 5626 1227 5696 Apostolus
1259 5645 1276 5683 :
1309 5631 1467 5684 ουρηο
1493 5641 1679 5697 ρει-ται·
1705 5650 1750 5684 nt
1805 5635 2064 5702 quodcun-

2172 3211 2306 3263 ritus
2333 3211 2523 3276 sancti,
2556 3226 2714 3279 quem
2739 3212 2995 3264 habemus
3022 3224 3050 3261 a
3081 3209 3226 3272 Deo;
3257 3209 3466 3274 ipsaque
3489 3203 3695 3257 membra

2169 3296 2410 3366 corporis
2437 3298 2626 3361 nostri,
2669 3286 2907 3352 membra
2938 3311 3056 3351 esse
3094 3303 3370 3349 asseverat
3416 3293 3604 3352 Christi,
3638 3291 3698 3344 de

2172 3387 2364 3454 Quibus
2385 3388 2658 3457 arguendo
2679 3399 2730 3442 et
2756 3386 3149 3456 quodammodo
3189 3383 3567 3452 interrogando,
3592 3381 3691 3432 ait:

2171 3479 2387 3532 Tollcns
2418 3495 2545 3548 ergo
2575 3480 2813 3533 membra
2835 3477 3052 3540 Christi,
3079 3477 3266 3529 iaciam
3299 3478 3522 3530 membra
3548 3486 3693 3525 mere-

2179 3569 2362 3622 tricis?
2393 3569 2842 3636 responderetque
2877 3569 3012 3630 s‘bi,
3048 3566 3233 3620 Absit!
3260 3562 3694 3634 subjttttgatadltuc

2171 3665 2227 3710 et
2255 3659 2396 3710 dicat
2429 3673 2442 3710 :
2480 3658 2710 3712 Nrscitis
2760 3658 3004 3726 quoniam
3036 3656 3127 3723 qui
3179 3655 3413 3709 adhaeret
3441 3651 3695 3712 meretrici,

2174 3761 2334 3800 unum
2364 3761 2557 3814 corpus
2580 3748 2695 3802 est?
2732 3747 2896 3802 Erunt
2916 3749 3093 3811 enim,
3117 3745 3310 3815 inquit,
3353 3746 3454 3798 dtto
3477 3743 3522 3796 in
3561 3754 3694 3794 carne

2177 3849 2308 3900 una;
2339 3835 2427 3903 qui
2449 3846 2624 3888 autem
2656 3835 2892 3890 adhmret
2947 3837 3188 3899 Domino,
3221 3850 3355 3888 unus
3381 3834 3581 3902 spiritus
3599 3840 3694 3888 est:

2177 3939 2229 3985 et
2250 3927 2519 3982 concludit
2545 3945 2555 3980 :
2587 3926 2778 3995 Fugite
2810 3928 3248 3991 fornicationem;
3280 3927 3509 3995 sequitur
3548 3933 3692 3976 tamen

2172 4019 2286 4088 ipsc
2314 4028 2368 4073 et
2394 4017 2528 4071 dixit
2559 4032 2575 4071 :
2621 4019 2788 4071 Omne
2836 4027 3110 4085 peccatum
3151 4018 3503 4086 quodcunque
3541 4011 3691 4067 fecerit

2174 4108 2354 4170 homo,
2387 4115 2538 4161 extra
2584 4119 2776 4172 corpus
2831 4116 2942 4169 est;
2975 4107 3062 4173 qui
3116 4115 3294 4159 autem
3329 4103 3622 4164 fornicatur,
3649 4098 3691 4148 in

2172 4210 2363 4263 corpus
2413 4195 2684 4263 pr0prium
2719 4204 2900 4263 peccat
2933 4212 2944 4248 :
2977 4196 3128 4264 quasi
3153 4210 3280 4250 vero
3327 4193 3412 4246 illa
3443 4208 3548 4259 qua
3565 4189 3687 4241 dinu-

2174 4286 2398 4340 tneravit
2425 4294 2662 4354 peccata,
2695 4285 2916 4339 dicens:
2949 4285 3125 4340 Nolite
3149 4300 3356 4347 errare,
3390 4277 3689 4350 nequeforui-

2172 4385 2401 4438 catores,
2427 4387 2597 4442 neque
2627 4373 2783 4428 idolis
2812 4375 3136 4438 servientes,
3162 4389 3334 4442 neque
3363 4371 3587 4434 adulteri,
3616 4380 3691 4418 ιιεο

2174 4481 2274 4533 que
2304 4467 2512 4531 molles,
2539 4479 2710 4532 neque
2744 4465 3096 4535 masculorum
3138 4465 3527 4525 concubitores,
3555 4469 3692 4523 neque

2176 4554 2341 4619 fures,
2375 4569 2545 4622 neque
2590 4554 2960 4623 avari‘iéneque
3002 4555 3420 4621 ebriosi,neque
3469 4546 3689 4606 maledici.

2175 4662 2344 4715 neque
2367 4660 2603 4716 rapaces,
2640 4661 2857 4713 regnum
2901 4647 2989 4699 Dei
3038 4646 3411 4713 possidebunt;
3437 4645 3527 4696 ista
3549 4636 3687 4693 omni-1

2174 4736 2406 4790 facinora
2437 4745 2486 4789 et
2521 4736 2987 4807 ilugitia,nunqnid
3018 4753 3120 4789 non
3157 4736 3255 4789 nisi
3282 4752 3376 4804 per
3397 4748 3572 4798 corpus
3595 4728 3684 4782 fieri

2176 4837 2263 4880 aut
2290 4827 2530 4880 exerceri
2587 4826 2992 4894 possunt?quis
3048 4825 3148 4879 hoc
3178 4827 3292 4879 sani
3347 4825 3525 4892 capitis
3562 4823 3689 4873 hom

2181 4914 2484 4983 negaverit?
2535 4915 2723 4969 Totum
2773 4915 2967 4984 quippe
3016 4916 3173 4968 istum
3230 4916 3405 4969 locum
3451 4910 3686 4979 Apostqu

2180 5018 2396 5074 Ρτοιιιρι·
2422 5008 2593 5073 ipsum
2623 5021 2839 5073 corpus,
2862 5007 2970 5073 jam
2991 5017 3224 5075 emptum
3255 5022 3444 5075 magno
3465 5005 3626 5073 pretio,
3645 4998 3686 5050 id

2177 5105 2277 5158 cst,
2307 5096 2504 5150 Christi
2533 5098 2792 5166 sanguine
2817 5098 3076 5165 pretioso,
3110 5100 3466 5165 templumque
3494 5094 3682 5160 Spiritus

2177 5186 2344 5240 sancti
2372 5185 2565 5239 factum
2593 5203 2620 5239 a
2655 5187 2782 5252 Deo,
2817 5203 2882 5241 ne
2907 5188 3098 5242 talibus
3147 5188 3357 5256 ﬂagitiis
3387 5188 3682 5254 pollueretur.

2176 5277 2269 5331 sed
2302 5275 2478 5344 potius
2504 5277 2808 5330 inviolatum
2834 5286 3080 5346 tanquam
3108 5279 3198 5331 Dei
3240 5278 3569 5331 habitaculum
3594 5283 3683 5326 set-

2179 5377 2394 5420 varetur
2414 5407 2427 5427 ,
2453 5367 2642 5432 agebat
2672 5377 2726 5422 et
2772 5368 3109 5422 defendebat.
3133 5369 3311 5434 Quare
3338 5383 3462 5436 ergo
3502 5363 3682 5430 subjun-

2177 5471 2300 5524 gcre
2333 5456 2495 5509 voluit
2529 5457 2650 5521 hoc,
2684 5457 2822 5511 unde
2854 5457 3085 5512 dillicilis
3138 5463 3362 5525 quaestio
3405 5463 3679 5509 nasceretur.

2177 5549 2224 5601 id
2249 5555 2349 5609 est,
2385 5555 2438 5598 ut
2468 5545 2668 5600 diceret
2705 5565 2716 5598 :
2756 5549 2924 5602 Omne
2959 5557 3231 5615 peccatum
3279 5547 3599 5616 quodcunque
3619 5538 3677 5589 fe-

2172 5639 2304 5692 cerit
2328 5637 2506 5702 homo,
2536 5645 2684 5692 extra
2715 5653 2907 5710 corpus
2937 5648 3048 5703 cst;
3083 5638 3169 5707 ιιιιί
3200 5647 3372 5693 autem
3415 5635 3672 5690 loruicatuti
