3874 6226
201 260 348 316 ms
1358 262 1782 321 russauaus.
1821 265 1971 322 cae.
2010 268 2323 352 cccxxm.
3289 286 3425 342 loss

190 375 246 432 itt
279 391 506 454 corpus
535 394 692 436 suum
719 386 916 451 peccat,
945 389 1061 431 cum
1087 375 1322 441 siveipsa
1346 375 1641 442 fornicatio,
1668 378 1779 430 s've
1808 380 1856 438 Α
1887 376 2211 434 familiariter
2236 393 2447 433 servum
2491 378 2717 452 [servus]
2764 384 3000 453 corporis
3049 400 3138 441 cor
3195 387 3430 449 hominis

185 467 297 525 alia
326 467 683 539 huiusmodi,
703 482 820 539 quin
844 466 1063 542 nonnisi
1088 479 1179 533 per
1193 479 1384 534 corpus
1411 466 1541 520 llunt
1568 475 1782 533 peccata
1886 466 2215 535 fornicantis,
2242 471 2292 522 itt
2321 478 2559 539 tempore
2611 476 2840 529 maxime
2890 476 3051 544 ipsius
3092 481 3430 550 nequissima:

189 559 550 628 turpitudini
572 569 625 614 et
655 556 989 616 fornicationi
1016 555 1302 620 simillima,
1334 570 1435 609 non
1463 556 1561 609 nisi
1585 570 1675 623 per
1700 555 1782 624 ip-
1883 557 2225 622 operationis.
2255 558 2310 610 ln
2349 567 2548 613 tantum
2579 570 2631 613 ut
2662 563 2772 629 ipse
2800 565 3075 631 Apostolus
3118 562 3431 629 inculcatius

182 662 314 700 sum
339 663 563 718 corpus
585 656 831 717 gerantur
857 657 1016 716 atque.
1035 647 1424 703 exerceantur?
1451 645 1589 713 Quid
1603 646 1781 702 enim?
1884 643 2066 699 volens
2087 646 2465 703 commendare
2491 652 2777 704 cavemlmn
2835 654 3131 711 hominibus
3179 659 3278 716 hoc
3308 677 3419 715 ma-

187 740 490 805 pnteritne
525 753 647 795 esse
673 735 924 804 quispiam
945 779 961 803 ,
992 746 1046 790 ut
1073 745 1264 792 cmtera
1309 742 1598 791 memorata
1623 749 1780 802 supe-
1883 729 2011 797 lmn,
2045 735 2236 790 dixerit
2263 752 2277 786 :
2303 735 2514 791 Tollens
2540 753 2666 808 ergo
2713 742 2944 796 membra
2984 742 3202 813 Christi,
3231 746 3421 816 faciam

183 828 304 898 rius
332 837 594 893 taceam.
633 826 733 890 fur,
771 826 851 882 vel
895 827 1166 889 ebriosus,
1217 827 1296 878 vel
1351 825 1668 889 maledicus,
1695 825 1777 877 vel
1883 827 2112 878 membra
2159 827 2499 880 meretricis?
2527 837 2580 880 et
2611 845 2888 885 exsecraris
2917 848 2978 887 ac
3023 835 3287 892 detestans
3314 856 3426 895 res-

183 931 360 982 rapax
385 955 405 983 ,
438 909 612 973 extra
653 916 1011 982 operationem
1058 918 1295 985 corporis
1328 917 1517 985 huius?
1539 915 1779 984 quamvis
1882 913 2144 978 ponderit,
2173 914 2363 969 Absit!
2397 917 2474 968 An
2531 917 2764 983 nescitis,
2823 920 3006 985 inquit,
3035 911 3120 985 qui

184 1020 292 1062 nec
328 1005 463 1073 ipsa
502 1005 829 1070 idololatria,
863 1021 1027 1075 neque
1057 1008 1166 1077 ipsa
1193 1000 1428 1071 atratitia,
1459 1019 1647 1077 praeter
1666 1022 1780 1061 ser-

185 1095 392 1153 vitium
422 1098 676 1169 corporis
707 1098 899 1165 poterit
945 1098 1009 1151 ad
1062 1113 1212 1154 usum
1241 1098 1573 1167 fructumque
1623 1095 1775 1152 suur'n

185 1187 526 1254 pervenire.
552 1188 686 1255 Quid
714 1195 797 1242 est
817 1204 942 1259 ergo
961 1230 975 1254 ,
1000 1190 1168 1244 Omne
1196 1199 1468 1256 peccatum
1507 1188 1778 1256 quodcun-

179 1292 294 1344 que
327 1277 541 1333 fecerit
571 1281 761 1345 homo,
790 1289 938 1335 extra
973 1294 1167 1347 corpus
1195 1289 1307 1344 est;
1347 1279 1435 1348 qui
1454 1285 1634 1333 autem
1667 1278 1777 1332 for-

182 1366 445 1436 nicatur,
483 1370 538 1422 in
571 1383 761 1439 corpus
803 1370 1072 1439 proprium
1110 1369 1324 1437 peccat?
1375 1368 1629 1436 Primum,
1653 1368 1774 1436 quia

181 1456 240 1511 in
265 1471 526 1526 corpore
555 1458 656 1512 isto
683 1458 836 1512 homo
865 1455 1204 1521 constitutus,
1235 1457 1485 1527 quidquid
1515 1459 1628 1512 solo
1657 1467 1775 1511 tan-

181 1560 306 1604 tum
338 1551 539 1604 animo
585 1551 776 1618 poterit
822 1550 998 1618 inique
1042 1549 1456 1617 concupiscere,
1504 1548 1608 1602 dici
1665 1563 1769 1603 non

181 1648 378 1707 potest
394 1651 556 1696 extra
579 1653 768 1708 Corpus
792 1637 891 1692 hoc
912 1638 1176 1691 hominem
1203 1637 1395 1700 facere,
1418 1651 1536 1690 cum
1562 1646 1770 1690 constat

1882 913 2144 978 ponderit,
2173 914 2363 969 Absit!
2397 917 2474 968 An
2531 917 2764 983 nescitis,
2823 920 3006 989 inquit,
3035 926 3294 1001 quoniam,
3330 929 3419 996 qui

1879 1003 2112 1058 adliceret
2142 1005 2426 1071 meretrici,
2451 1023 2612 1060 unum
2643 1021 2835 1074 corpus
2887 1012 3005 1066 est?
3063 1015 3230 1069 Erunt
3280 1019 3422 1071 enim

1877 1093 1999 1158 duo,
2033 1096 2218 1164 inquit,
2253 1096 2303 1149 in
2334 1110 2494 1152 carne
2534 1113 2657 1151 una.
2688 1099 2927 1168 Nunquid
2983 1101 3081 1157 ltoc
3111 1114 3289 1172 posset
3319 1106 3424 1160 dici

1877 1181 1944 1234 de
1972 1183 2091 1238 aliis
2118 1195 2274 1253 atque
2297 1185 2411 1240 aliis
2437 1186 2732 1255 quibusque
2759 1188 3078 1245 facinoribus
3113 1193 3381 1249 hominum
3402 1197 3427 1249 ἲ

1880 1270 2126 1327 Liberum
2156 1275 2393 1328 estenim
2425 1276 2599 1329 animo
2623 1277 2872 1343 humano,
2901 1279 2953 1331 in
2983 1279 3102 1333 aliis
3131 1282 3423 1353 quibusque

1877 1359 2184 1423 sceleribus,
2225 1374 2276 1421 et
2307 1377 2468 1415 unum
2522 1363 2720 1431 aliquid
2774 1379 2956 1418 eorum
3007 1370 3232 1436 operari,
3265 1379 3318 1424 et
3361 1387 3425 1427 t-o

1878 1451 1991 1519 ipso
2015 1462 2255 1522 tempore
2286 1453 2411 1506 alibi
2436 1455 2752 1521 cogitatione
2781 1456 3027 1523 distendi,
3061 1459 3199 1526 quod
3228 1459 3278 1513 in
3310 1460 3420 1516 for—

1875 1541 2147 1596 nicationis
2178 1543 2293 1608 ipso
2315 1558 2474 1611 opere
2494 1553 2652 1613 atque
2681 1554 2918 1615 tempore
2967 1563 3069 1601 non
3096 1549 3216 1603 licet
3244 1551 3422 1605 animo

1871 1632 1934 1684 ad
1967 1632 2108 1691 aliud
2138 1633 2335 1703 aliquid
2362 1635 2694 1705 cogitandum
2726 1636 2946 1690 liberum
2976 1653 3095 1694 esse
3127 1658 3140 1692 :
3173 1642 3251 1695 sie
3279 1643 3419 1696 enim

180 1743 316 1784 eum
343 1729 564 1783 carnali
588 1743 745 1782 sensu
771 1726 1029 1781 etcarnali
1051 1725 1321 1794 prudentia
1342 1725 1439 1777 hoc
1459 1741 1636 1792 agerc,
1665 1726 1764 1779 isto
1798 1731 1841 1788 Β
1869 1734 2005 1778 totus
2036 1727 2191 1778 homo
2219 1727 2533 1780 abSOrbetur
2561 1729 2627 1780 ab
2655 1727 2770 1796 ipso
2801 1739 2854 1781 et
2903 1732 2953 1783 in
3003 1729 3118 1796 ipso
3170 1745 3416 1801 corpore,

184 1818 380 1873 adhuc
413 1820 830 1884 circumseptum
872 1830 1114 1882 corpore.
1147 1814 1274 1868 Nam
1299 1824 1351 1869 et
1379 1815 1517 1883 quod
1546 1815 1598 1869 in
1631 1814 1770 1893 psal-

183 1926 281 1965 mo
312 1911 590 1979 scriptum
614 1919 737 1969 est:
771 1908 906 1964 Dixit
957 1905 1151 1974 impius
1190 1906 1242 1960 in
1291 1907 1451 1962 corde
1505 1921 1625 1970 suo,
1655 1907 1767 1961 Non

179 2010 271 2056 est
296 2001 484 2069 Dens,
530 2000 668 2055 idem
712 2000 895 2056 beatus
932 1999 1214 2068 Apostolus
1253 2015 1357 2053 non
1388 1998 1561 2068 potuit
1589 1999 1768 2064 utique

182 2105 467 2160 separare
489 2106 517 2144 a
539 2089 795 2158 corporali
826 2103 988 2158 opere
1007 2128 1022 2155 ,
1048 2089 1136 2142 illo
1165 2089 1280 2142 loco
1304 2088 1388 2142 ubi
1414 2086 1487 2141 ait
1518 2105 1530 2141 :
1561 2087 1759 2142 Omnes

182 2181 509 2236 astabimus
530 2189 652 2235 ante
679 2179 1134 2242 tribunalChristi,
1164 2189 1219 2233 ut
1241 2178 1460 2247 recipiat
1483 2180 1765 2248 unusquis-

184 2286 298 2341 que
319 2273 627 2327 secundum
655 2286 716 2326 ea
732 2287 847 2340 qua:
880 2286 971 2338 per
984 2284 1175 2338 corpus
1201 2269 1383 2339 gessit,
1406 2270 1517 2324 sive
1543 2269 1762 2333 bonum,

182 2361 308 2417 sive
343 2363 552 2416 malum
588 2378 600 2414 :
630 2360 750 2431 quia
780 2360 1026 2415 videlicet
1054 2377 1156 2414 non
1182 2361 1276 2415 nisi
1310 2360 1359 2414 in
1388 2375 1610 2429 corpore
1633 2376 1762 2414 con-

183 2454 426 2506 stitutus
451 2453 644 2521 impius
674 2452 838 2519 potuit
866 2451 1044 2504 dicere
1064 2491 1077 2514 ,
1105 2450 1219 2504 Non
1267 2459 1349 2502 est
1395 2450 1568 2504 Deus:
1603 2460 1656 2504 ut
1687 2461 1764 2502 ta-

184 2556 375 2608 ceam,
410 2541 556 2609 quod
611 2540 665 2594 in
712 2541 813 2594 alia
847 2540 1076 2608 Epistola
1123 2540 1233 2608 ipse
1285 2539 1479 2594 Doctor
1526 2539 1760 2608 gentium

128 2700 141 2708 _
185 2631 323 2685 dicit
360 2649 377 2684 :
411 2630 691 2686 Manifesta
730 2639 905 2686 autem
935 2639 1057 2684 sunt
1103 2644 1260 2699 Opera
1290 2629 1496 2696 carnis;
1528 2639 1581 2684 et
1605 2645 1763 2684 exse-

186 2721 382 2791 quitur
411 2737 430 2775 :
460 2736 577 2791 qua:
603 2730 725 2777 sunt
763 2719 1166 2781 fornicationes,
1195 2718 1572 2784 immunditize,
1604 2718 1760 2772 luxu-

187 2810 321 2876 tie,
365 2812 646 2874 veneﬁcia,
691 2809 1014 2874 inimicitiae,
1046 2809 1432 2869 contentiones,
1463 2807 1759 2861 aemulatio-

189 2913 310 2966 nes,
346 2901 722 2954 animositates
746 2939 762 2965 ,
813 2898 1200 2962 dissensiones,
1231 2898 1489 2962 haereses,
1525 2897 1755 2958 invidiae,

188 2988 516 3054 ebrietates,
545 2997 601 3043 et
638 2988 719 3042 his
748 2987 939 3043 similia
965 3007 980 3052 ;
1021 3003 1137 3057 qua:
1167 2986 1395 3055 prazdico
1441 2985 1590 3040 vobis
1621 2987 1759 3039 sicut

1872 1822 1928 1866 ttt
1951 1814 2059 1883 jam
2086 1815 2312 1868 dicinou
2357 1819 2523 1883 possit
2567 1817 2680 1881 ipse
2707 1817 2915 1872 animus
2963 1835 3090 1873 suns
3145 1836 3294 1886 esse,
3325 1824 3419 1878 sed

1869 1903 2024 1956 simul
2054 1905 2370 1960 totushomo
2390 1904 2492 1961 dici
2523 1907 2689 1974 possit
2715 1907 2853 1976 quod
2881 1925 3003 1963 caro
3020 1911 3105 1975 sit,
3132 1920 3185 1965 et
3206 1911 3423 1981 spiritus

1867 1993 2062 2048 vadens
2089 2002 2144 2049 et
2172 2011 2275 2050 non
2302 2007 2593 2051 revertens.
2617 1997 2704 2052 Sic
2729 2011 2856 2067 ergo
2891 2013 3175 2068 possumus
3218 2003 3417 2058 intelli-

1867 2098 1991 2151 gere
2020 2084 2142 2153 quia
2173 2099 2329 2142 omne
2355 2095 2624 2155 peccatum
2653 2088 3005 2157 quodcunque
3029 2090 3210 2143 fecerit
3239 2091 3419 2160 homo,

1866 2186 2013 2229 extra
2066 2190 2256 2244 corpus
2299 2186 2412 2243 est,
2441 2179 2529 2246 qui
2570 2188 2742 2232 autem
2793 2179 3098 2246 fornicatur,
3128 2181 3179 2235 in
3227 2197 3419 2252 corpus

1867 2265 2132 2333 proprium
2160 2276 2377 2333 peccat:
2411 2275 2466 2319 ut
2495 2253 2752 2333 videatur,
2785 2278 2840 2322 ut
2865 2267 2991 2332 dixi,
3026 2271 3335 2338 Apostolus,
3365 2273 3415 2326 in
3482 2272 3492 2290 '

1865 2362 2064 2408 tantum
2108 2370 2425 2425 cxaggerare
2455 2356 2685 2411 voluisse
2714 2356 3080 2412 fornicationis
3109 2359 3326 2426 malum,
3360 2373 3418 2416 ut

1864 2445 1916 2497 in
1964 2448 2361 2512 comparatione
2409 2445 2565 2511 hujus
2611 2445 3213 2514 fornicationis,caetera
3264 2455 3414 2504 extra

1861 2548 2055 2604 corpus
2094 2533 2330 2588 habenda
2369 2549 2489 2589 esse
2534 2535 2744 2589 duxerit
2788 2550 3117 2608 quacunque
3173 2551 3410 2608 peccata,

1861 2629 1976 2682 solo
2004 2628 2102 2680 hoc
2155 2617 2517 2680 tantummodo
2574 2625 2932 2681 fornicationis
2964 2628 3104 2681 malo
3135 2628 3188 2682 in
3219 2645 3417 2699 corpus

1863 2717 2126 2785 proprium
2157 2714 2367 2785 peccari
2398 2715 2609 2776 dixerit,
2643 2717 2762 2784 quia
2814 2717 3018 2784 maiore
3069 2716 3302 2773 libidinis
3330 2733 3417 2774 ar-

1859 2807 2010 2868 dore,
2039 2821 2144 2874 quo
2169 2806 2410 2869 superior
2433 2806 2603 2860 nullus
2627 2814 2729 2871 est,
2761 2807 3003 2876 voluptas
3031 2808 3196 2875 ipsius
3222 2824 3416 2879 corpo-

1859 2901 1930 2953 ris
1953 2906 2314 2954 tenetservum
2338 2898 2601 2965 efficitque
2623 2898 2914 2967 captivum.
2934 2898 3054 2953 llaec
3067 2899 3206 2954 dicta
3219 2900 3326 2954 sint
3339 2900 3407 2955 de

1856 2989 2071 3057 speciali
2095 2986 2440 3042 fornicatione
2470 2987 2623 3057 hujus
2650 2987 2887 3056 corporis
2910 3005 2924 3053 ;
2949 2987 3130 3042 verum
3160 2990 3282 3059 quia
3304 2981 3420 3044 non

193 3079 453 3147 praedixi,
479 3078 601 3149 quia
627 3079 714 3145 qui
747 3077 867 3132 talia
899 3086 1057 3146 agunt
1087 3092 1301 3145 regnum
1334 3075 1423 3129 Dei
1457 3090 1557 3127 non
1589 3076 1755 3142 possi-
1783 3083 1833 3150 ο
1861 3079 2030 3132 solum
2068 3077 2344 3132 foroieatio
2385 3079 2436 3130 in
2480 3077 2644 3131 sacris
2700 3077 2889 3131 litteris
2935 3079 3254 3146 specialiter,
3313 3081 3408 3134 sed

192 3169 430 3224 debuut.
472 3167 717 3236 Nunquid
742 3167 880 3221 enim
911 3181 1016 3220 non
1044 3167 1250 3219 videtur
1282 3165 1433 3218 nobis
1456 3173 1608 3217 extra
1636 3178 1754 3218 cor-

193 3270 294 3324 pus
321 3255 444 3311 fieri
465 3267 652 3310 caetera
677 3255 764 3308 illa
789 3269 904 3322 qua:
931 3255 1002 3308 ibi
1026 3254 1358 3321 interposuit,
1373 3253 1749 3317 aemulationes,

190 3348 570 3402 animositates
592 3387 608 3411 ,
659 3347 1014 3400 dissensiones
1036 3386 1051 3412 ,
1108 3343 1349 3410 invidias,
1405 3344 1674 3398 hzereses?
1701 3351 1754 3396 et

191 3441 377 3490 tamen
410 3436 657 3503 operibus
688 3433 862 3488 carnis
884 3433 980 3486 ista
1011 3433 1189 3488 tribuit
1220 3431 1411 3485 Doctor
1431 3433 1668 3501 gentium
1700 3435 1751 3487 in

194 3525 300 3580 fide
325 3536 384 3580 et
405 3526 647 3580 veritate.
674 3524 808 3589 Quid
835 3532 915 3577 est
943 3537 1087 3592 ergo,
1109 3524 1274 3576 Omne
1296 3532 1567 3591 peccatum
1583 3524 1752 3591 quod-

191 3628 409 3684 cunque
429 3615 617 3669 fecerit
639 3615 818 3679 ltomo,
845 3623 995 3668 extra
1023 3627 1213 3680 corpus
1234 3620 1344 3675 est;
1373 3620 1426 3665 et
1453 3627 1610 3665 unum
1640 3621 1754 3664 tau-

195 3704 478 3759 tummodo
511 3705 878 3759 fornicationis
909 3708 1181 3771 peccatum
1211 3703 1507 3765 nominans,
1531 3701 1625 3766 ait,
1650 3701 1748 3766 Qui

191 3806 369 3850 autem
385 3797 496 3866 92
515 3794 822 3859 fornicatur,
845 3794 897 3846 in
920 3807 1108 3859 corpus
1133 3793 1400 3860 proprium
1423 3793 1635 3860 peccat?
1653 3793 1753 3859 Ap-

193 3896 346 3952 paret
359 3887 522 3956 igitur
534 3885 698 3940 cuivis
715 3883 863 3939 tardo
875 3893 929 3937 et
942 3883 1164 3938 obtunso
1177 3881 1750 3953 [obtuso],quam[qu:e]

189 3975 261 4028 sit
278 3981 382 4030 ista
403 3976 625 4045 quaestio
640 3972 889 4037 difficilis;
911 3988 1067 4042 quam
1083 3972 1334 4025 Dominus
1352 3973 1450 4039 pia:
1472 3972 1746 4025 intentioni

192 4064 491 4134 nostrae,si
521 4065 896 4134 aliquantulum
945 4065 1189 4133 dignatus
1235 4063 1392 4118 fuerit
1439 4065 1748 4118 illncescere

191 4165 350 4223 atque
383 4153 638 4222 revelare,
684 4152 972 4221 poterimus
1019 4151 1214 4219 aliquid
1260 4152 1641 4206 rationabiliter
1664 4152 1742 4205 di-

193 4258 336 4298 cere.
372 4243 591 4298 Videtur
621 4244 757 4297 enim
783 4243 964 4296 beatus
1014 4243 1319 4309 Apostolus,
1353 4245 1403 4296 in
1428 4258 1531 4312 quo
1561 4244 1746 4312 loque-

198 4332 356 4388 batur
385 4333 656 4396 Christus,
688 4343 776 4386 ant
805 4349 1125 4403 exaggerare
1171 4332 1399 4388 voluisse
1446 4334 1746 4389 fornicatio-

1859 3171 2016 3223 etiam
2039 3169 2354 3238 generaliter
2394 3169 2632 3238 arguitur
2680 3177 2733 3222 et
2779 3169 3101 3234 nominatur,
3130 3185 3407 3237 conemur,

1860 3260 1966 3315 Deo
1994 3260 2294 3330 adjuvante,
2328 3268 2383 3314 et
2411 3260 2530 3312 hinc
2569 3259 2771 3329 aliquid
2814 3259 3160 3328 probabiliter
3203 3260 3404 3315 dicere.

1857 3349 2134 3404 Gcneralis
2183 3349 2340 3417 igitur
2392 3348 2669 3402 fornicatio
2723 3358 2902 3418 aperte
2955 3349 3323 3404 manifestatur
3353 3351 3406 3405 in

1855 3440 2078 3506 psalmo,
2113 3437 2196 3492 ubi
2227 3438 2418 3492 dicitur
2449 3454 2460 3490 :
2491 3437 2748 3505 Quoniam
2791 3453 2914 3492 ecce
2941 3438 3028 3507 qui
3066 3439 3219 3508 longe
3239 3454 3297 3492 se
3327 3437 3406 3492 fa-

1853 3531 2042 3581 ciunta
2074 3537 2143 3590 te,
2172 3525 2453 3596 peribunt;
2487 3527 2759 3593 perdidisti
2791 3542 3001 3582 omnem
3057 3529 3145 3596 qui
3177 3527 3407 3582 fornica-

1855 3625 1939 3669 tur
1969 3617 2079 3668 abs.
2111 3624 2183 3669 te.
2220 3615 2316 3668 Ubi
2342 3616 2724 3684 subsequemer
2749 3617 2974 3684 qualiter
3005 3617 3103 3670 ista
3138 3616 3405 3684 generalis

1854 3705 2136 3760 fornicatio
2162 3705 2383 3758 evadiet
2409 3704 2566 3773 effugi
2612 3706 2797 3774 possit,
2839 3706 3084 3774 adjunxit
3108 3705 3292 3777 [cnim]
3316 3707 3396 3762 di-

1852 3812 1977 3850 cens
1993 3814 2007 3849 :
2024 3796 2149 3850 Mihi
2172 3805 2347 3850 autem
2362 3796 2632 3859 adhaerere
2658 3796 2766 3851 Deo
2789 3797 2981 3851 bonum
3000 3806 3082 3852 est
3105 3813 3119 3850 :
3141 3806 3196 3851 ut
3216 3798 3408 3853 exinde

1805 3945 1808 3947 _
1850 3886 2000 3939 facile
2024 3885 2353 3939 advertamus
2385 3885 2524 3938 illam
2570 3900 2686 3939 esse
2731 3887 3027 3954 generalem
3077 3887 3392 3943 fornicatioo

1851 3989 1967 4026 nem
1982 3973 2166 4025 anima:
2185 3977 2445 4035 humanae,
2465 3988 2566 4040 qua
2592 3989 2696 4026 non
2714 3976 2987 4029 adhmrens
3015 3975 3236 4044 quisque
3265 3975 3396 4041 Deo,

1847 4063 2083 4116 adhaeret
2145 4061 2362 4115 mundo;
2415 4062 2561 4116 Unde
2609 4062 2791 4116 beatus
2854 4063 3123 4130 apostolus
3165 4063 3400 4120 Joannes

1847 4153 1972 4206 dicit
2003 4170 2015 4204 :
2052 4152 2106 4207 Si
2134 4151 2250 4220 quis
2282 4150 2527 4205 dilexerit
2557 4151 2830 4214 mundum,
2856 4151 3070 4205 dilectio
3094 4150 3266 4207 Patris
3291 4167 3397 4207 non

1845 4252 1925 4295 est
1955 4241 2007 4293 in
2033 4241 2157 4305 illo;
2185 4239 2520 4307 etapostolus
2545 4240 2772 4293 Iacobus
2800 4239 2924 4292 dicit
2947 4254 2961 4291 :
2989 4240 3248 4304 Adulteri,
3273 4255 3399 4294 nes-

1845 4332 1964 4385 citis
1993 4331 2114 4397 quia
2153 4330 2388 4383 amicitia
2435 4329 2592 4396 hujus
2643 4328 2820 4382 mundi
2861 4327 3066 4382 inimica
3119 4338 3197 4383 est
3248 4328 3399 4384 Deo?

195 4424 275 4478 nis
306 4426 505 4479 malum
532 4439 691 4490 super
719 4431 910 4476 caetera
962 4423 1135 4477 omnia
1190 4433 1424 4492 peccata,
1477 4440 1593 4493 quae
1643 4425 1741 4479 etsi
1772 4422 1821 4481 D
1852 4423 2090 4476 Breviter
2115 4436 2242 4490 ergo
2268 4414 2543 4474 definitum
2567 4429 2648 4473 est
2674 4435 2775 4471 non
2808 4434 2962 4486 posse
2990 4419 3184 4473 habere
3219 4419 3384 4473 dilec-

193 4527 284 4580 pcr
329 4529 528 4580 corpus
565 4513 981 4576 committantur,
1024 4527 1125 4566 non
1155 4523 1326 4566 tamen
1369 4514 1602 4567 animum
1651 4515 1749 4567 hu-

194 4621 407 4661 manum
423 4605 862 4673 concupiscentiae
877 4605 1074 4658 carnali
1097 4605 1165 4658 ita
1187 4605 1739 4659 efliciuntobstrictum

192 4706 244 4750 et
270 4699 583 4760 obnoxium,
608 4695 1050 4764 quemadmodum
1098 4697 1148 4749 in
1183 4696 1296 4748 solo
1327 4710 1489 4762 opere
1517 4696 1745 4749 fornica-

197 4784 354 4839 tionis
384 4783 674 4850 corporalis
730 4784 1062 4837 commiseeri
1119 4783 1242 4837 facit
1289 4783 1520 4835 animum
1553 4783 1632 4836 vis
1659 4783 1741 4835 in-

195 4889 320 4942 gens
347 4874 580 4930 libidinis
607 4888 727 4927 cum
782 4873 894 4941 ipso
923 4888 1161 4937 corpore,
1193 4881 1244 4925 et
1283 4888 1440 4926 unum
1470 4888 1586 4926 cum
1625 4873 1740 4940 ipso

193 4964 582 5032 quodammodo
610 4963 920 5031 agglutinari
949 4973 1002 5017 et
1023 4962 1319 5016 devinctum
1348 4976 1466 5016 esse
1496 4979 1509 5016 :
1543 4964 1594 5016 itt
1628 4971 1739 5015 lan~

198 5063 298 5106 tnm
333 5065 391 5106 ut
423 5053 554 5105 nihil
582 5052 721 5105 aliud
752 5053 864 5119 ipso
886 5059 1153 5105 momento
1180 5058 1233 5104 et
1261 5052 1621 5117 experimento
1642 5051 1740 5103 hu—

195 5141 273 5206 jns
301 5155 408 5197 tant
431 5145 600 5210 magni
628 5143 806 5210 flagitii
839 5143 1068 5211 cogitare
1113 5141 1307 5194 homini
1362 5140 1517 5196 liceat
1544 5149 1631 5194 aut
1660 5140 1740 5193 in-

199 5233 428 5295 tendere,
461 5232 558 5284 nisi
609 5231 747 5298 quod
799 5232 1008 5284 sibimet
1057 5231 1252 5284 addicit
1300 5239 1549 5296 mentem,
1582 5246 1738 5300 quam

194 5322 447 5389 captivam
474 5320 650 5373 subdit
675 5319 784 5389 ipsa
813 5320 1126 5384 submersio,
1156 5330 1207 5374 et
1228 5321 1618 5389 quodammodo
1647 5323 1742 5375 ab-

198 5411 388 5480 sorptio
421 5411 654 5465 libidinis
696 5419 748 5463 et
773 5411 1194 5476 concupiscentia
1240 5412 1488 5477 carnalis,
1531 5420 1588 5466 ut
1637 5414 1738 5467 hoc

195 5517 304 5557 esse
326 5503 589 5564 videatur;
613 5501 749 5568 quod
776 5503 970 5555 dictum
993 5512 1070 5555 est
1090 5520 1100 5552 :
1117 5502 1213 5567 Qui
1233 5509 1406 5555 autem
1429 5502 1735 5568 fornicatur,

197 5593 244 5646 in
269 5609 457 5666 corpus
485 5592 752 5662 proprium
804 5602 1017 5661 peccat,
1049 5594 1165 5662 quia
1210 5601 1333 5648 tunc
1359 5596 1414 5648 ιιι
1446 5596 1655 5665 proprie
1684 5605 1736 5649 et

1849 4515 2042 4568 tionem
2072 4514 2186 4576 Dei,
2220 4511 2305 4579 qui
2331 4510 2571 4564 habuerit
2603 4510 2936 4563 dilectionem
2967 4509 3182 4574 mundi;
3207 4507 3385 4562 etini-

1848 4606 2038 4659 niicum
2070 4618 2189 4657 esse
2220 4603 2334 4662 Dei,
2358 4603 2443 4669 qui
2474 4602 2670 4654 amicus
2685 4615 2801 4654 esse
2831 4600 3051 4654 voluerit
3081 4598 3283 4657 mundi.
3309 4601 3386 4655 Ad

1847 4698 1948 4749 hoc
1968 4697 2124 4749 etiam
2151 4694 2377 4762 pertinet
2404 4691 2540 4760 quod
2565 4691 2818 4743 Dominus
2844 4691 2893 4742 in
2921 4689 3210 4758 Evangelio
3231 4690 3387 4745 dicit:

1842 4784 2008 4839 Nemo
2056 4791 2226 4851 potest
2271 4779 2476 4832 duobus
2517 4778 2744 4831 dominis
2797 4777 3002 4831 servire
3053 4793 3066 4829 :
3107 4786 3195 4831 aut
3244 4778 3385 4831 enim

1845 4891 2003 4929 unum
2030 4873 2150 4927 odio
2190 4871 2420 4936 habebit,
2461 4877 2516 4923 et
2567 4869 2802 4922 alterum"
2849 4869 3056 4938 diliget;
3089 4879 3178 4921 aut
3224 4881 3383 4920 unum

1844 4965 2088 5035 patietur,
2122 4971 2174 5014 et
2204 4961 2426 5014 alterum
2461 4966 2871 5023 contentnet;et
2927 4957 3192 5012 concludit
3220 4973 3232 5006 :
3264 4955 3380 5007 Non

1843 5054 2058 5123 potestis
2089 5053 2194 5105 Deo
2221 5053 2423 5104 servire
2451 5061 2504 5102 et
2531 5065 2864 5103 mammonae.
2893 5050 2991 5102 Ista
3017 5056 3098 5102 est
3141 5060 3265 5112 ergo
3288 5061 3380 5113 gc~

1843 5145 2055 5210 neralis,
2082 5153 2135 5196 ut
2164 5143 2355 5196 dictum
2386 5149 2485 5206 cst,
2518 5141 2791 5194 fornicatio
2816 5141 3022 5200 animae,
3057 5136 3230 5188 omnia
3260 5150 3376 5188 out-

1843 5236 1963 5287 nino
2017 5234 2066 5286 in
2112 5247 2169 5286 se
2219 5231 2530 5295 continens,
2584 5246 2686 5299 qua
2744 5246 2843 5282 non
2892 5229 3184 5280 adlncretur
3235 5224 3370 5289 Deo,

1835 5324 1956 5383 dum
1986 5322 2281 5374 adltmretur
2312 5319 2515 5373 mundo.
2540 5335 2555 5374 :
2585 5329 2642 5371 ιιι
2680 5319 2834 5371 etiam
2865 5317 2940 5368 sic
2967 5311 3254 5378 intelligere
3283 5327 3373 5363 va-

1835 5413 2031 5465 leamus
2051 5452 2064 5476 ,
2089 5409 2376 5463 secundum
2416 5410 2567 5463 istam
2597 5408 2893 5478 generalem
2949 5401 3370 5462 fornicationem,

1833 5502 1970 5572 quod
2025 5501 2098 5554 ait
2148 5500 2475 5568 Apostolus:
2507 5500 2672 5552 Omne
2721 5504 2982 5563 peccatum
3025 5491 3374 5559 quodcunque

1833 5595 1957 5648 fccc.
1975 5592 2012 5646 it
2040 5592 2221 5655 homo,
2251 5598 2404 5646 extta
2427 5604 2615 5658 corpus
2639 5584 2846 5654 cst;qui
2875 5593 3046 5636 autem
3067 5577 3370 5644 fornicatur,
