3874 6226
478 301 615 389 foss

1522 327 1584 382 ι).
1625 320 1944 395 suum“
1981 318 2265 378 seems
2303 317 2622 374 ΑιτιιιθΑΝι

3555 311 3693 371 ἰῶ.

478 459 528 498 tn
566 427 759 512 corpus
789 439 1056 513 proprium
1105 443 1304 507 peccat.
1343 433 1475 501 Quia
1503 435 1548 490 si
1577 448 1682 490 non
1733 433 2021 488 ioruicetur
2047 429 2094 488 Α
2126 427 2322 483 mundo
2341 435 2393 483 et
2416 428 2680 484 alienatur
2723 443 2752 482 a
2781 429 2916 485 Deo:
2943 428 3090 499 quod
3115 434 3220 492 est,
3255 434 3313 481 ut
3333 424 3537 480 dictu-
3566 432 3691 480 est:

482 527 655 586 anima
707 512 956 588 humana,
993 514 1322 602 adhaerenth
1373 520 1508 595 Ded,
1558 530 1662 605 nec}
1709 512 2035 601 adhaerendo

481 621 695 683 mundo,
726 628 1047 687 qumcuttque
1073 609 1481 696 {,pe’ccata,
1524 630 1570 684 λ
1609 608 2031 692 concupiscentia

390 723 397 730 ‘
478 697 674 767 carnali
716 723 928 778 prorsus
956 705 1128 778 aliena
1149 699 1433 777 {potuerit
1473 707 1576 774 pro
1607 703 2036 779 ipsa'fragilitate

459 795 834 866 'stmrtaiitatis,
867 801 948 854 vel
974 799 1304 878 ignorando,
1316 798 1403 870 vel
1419 780 1761 878 pegiigendo,
1787 794 1866 868 vel
1898 790 2036 875 oblif

476 889 745 954 «seems,
779 891 860 947 vel
883 904 990 947 non
1015 873 1366 969 intelligesan
1386 873 2038 968 homofiocurre‘re,ﬁ_itoe_

476 971 704 1058 sit‘qnod
734 983 931 1054 dictum
981 992 1067 1042 εει.
1091 979 1314 1053 ,ριἰιηο
1362 987 1631 1055 peceatum
1679 972 2040 1062 quodcunque

477 1063 663 1132 fuerit
688 1068 851 1145 homo
866 1083 1064 1148 ,‘pxtra
1092 1088 1284 1148 corpus
1296 1067 1376 1126 est
1401 1085 1422 1130 ς
1444 1063 1564 1134 quia
1587 1061 1788 1122 nullum
1804 1065 1894 1124 hic
1915 1061 2036 1121 cer-

482 1159 680 1232 poralis
705 1169 790 1221 vel
836 1163 1143 1232 temporalis
1168 1159 1614 1229 concupiscentia:
1642 1154 2041 1230 “(ifilli-mila:

483 1255 610 1307 terit
637 1253 856 1323 reperiri
889 1270 909 1308 ε.
938 1251 1075 1306 unde
1102 1238 1289 1304 merito
1319 1258 1466 1303 extra
1497 1262 1690 1315 corpus
1715 1260 1852 1301 esse
1871 1243 2040 1316 quod-

485 1342 612 1400 libet
643 1344 745 1398 tale
776 1337 1046 1412 peccatum
1073 1340 1175 1395 dici
1219 1338 1449 1394 videtur.
1481 1339 1630 1405 Quod
1658 1344 1706 1394 si
1757 1337 2040 1399 adita-rens

480 1431 678 1496 mundo
713 1419 1025 1499 mundanus
1078 1429 1284 1498 homo,
1330 1427 1487 1498 longe
1538 1442 1598 1484 se
1645 1425 1770 1483 facit
1815 1442 1846 1481 a
1903 1426 2044 1490 Deo,

479 1509 796 1598 foreieaado
823 1520 892 1580 ab
938 1522 1055 1591 ipso
1094 1522 1226 1588 Deo,
1274 1519 1328 1576 in
1376 1533 1571 1590 corpus
1614 1518 1884 1591 proprium
1915 1530 2041 1586 pec-

480 1622 591 1679 cat,
617 1598 744 1682 quia
781 1611 1045 1682 corporali
1068 1605 1517 1682 concupiscentia,
1566 1610 1620 1666 in
1649 1599 1872 1682 quaeque
1901 1619 2043 1680 tem-

481 1703 684 1783 poralia
708 1710 764 1756 et
791 1702 1042 1783 carnalia,
1088 1702 1284 1781 carnali
1337 1716 1511 1773 sensu
1537 1709 1593 1756 et
1639 1699 1918 1783 prudentia
1940 1691 2041 1759 ltu-

2134 519 2341 574 lnitium
2372 515 2633 590 saperbite
2661 521 2884 576 hominis
2903 516 3207 591 apostatare
3235 536 3264 574 a
3290 519 3398 574 Deo
3422 536 3444 583 ;.
3465 527 3693 588 βωμία

2135 597 2274 678 quod
2305 604 2570 678 generalis
2597 610 2963 665 fornicationis
2991 597 3300 666 cavendum
3334 607 3533 662 malum
3563 606 3695 662 bea-

2138 708 2220 753 tus
2243 699 2478 754 Joannes
2498 701 2746 757 admonet
2763 701 2942 757 dicens
2957 720 2970 756 :
2985 701 3158 757 Nolite
3175 701 3393 770 diligere
3414 699 3699 762 ωιιὰιιι,

2136 803 2309 859 neque
2335 804 2399 846 ea
2416 806 2533 859 quae
2547 799 2670 846 sunt
2693 792 2744 846 in
2768 793 2986 857 mundo,
3011 793 3259 863 quoniam
3284 809 3398 863 qua:
3415 792 3466 846 in
3488 789 3700 846 munde

2136 862 2292 946 sunt,
2322 882 2749 953 concupiscentia
2805 885 2983 939 carius
3025 862 3128 948 est,
3176 892 3230 938 et
3265 882 3702 953 concupiscentia

2137 969 2435 1036 oeulorttm,
2475 983 2528 1026 et
2556 971 2776 1026 ambitio
2805 972 2928 1027 vitae
2971 972 3172 1040 seculi,
3205 987 3322 1039 qua
3356 987 3477 1025 non
3515 979 3613 1026 est
3637 984 3701 1025 ex

2139 1061 2318 1128 Patre,
2351 1062 2444 1117 sed
2469 1079 2534 1117 ex
2563 1063 2790 1128 mundo;
2820 1074 2874 1117 et
2903 1065 3128 1118 mundus
3167 1064 3401 1126 transiet,
3424 1072 3478 1117 et
3494 1077 3702 1118 concu-

2141 1152 2396 1220 piscentia
2425 1152 2558 1222 ejus.
2591 1153 2688 1219 Qui
2738 1162 2918 1208 autem
2967 1153 3168 1210 fecerit
3199 1151 3517 1207 voluntatem
3586 1151 3701 1217 Dei,

2141 1250 2318 1298 manet
2347 1243 2400 1297 in
2425 1253 2686 1299 aeternum
2704 1286 2718 1309 ,
2747 1244 2982 1300 sicutilie
3011 1235 3192 1300 manet
3219 1245 3564 1300 ina-ternum.
3603 1243 3700 1298 Ιςι

2140 1338 2267 1403 ergo
2293 1331 2508 1390 dilectio
2527 1334 2744 1400 mundi,
2775 1350 2894 1405 qua:
2935 1329 3282 1390 universalem
3318 1335 3370 1388 in
3403 1349 3463 1390 se
3490 1347 3698 1390 conca-

2142 1424 2456 1501 piscentiam
2481 1427 2718 1483 continet
2753 1424 2953 1490 mandi,
2987 1423 3358 1501 generalisest
3393 1424 3700 1492 fornicatia,

2141 1529 2244 1588 qua
2277 1523 2525 1585 peccatur
2545 1516 2596 1570 in
2624 1529 2816 1583 corpus
2857 1500 3149 1584 proprium,
3169 1521 3172 1524 '
3193 1510 3424 1582 eosquod
3451 1513 3705 1567 omnibus

2141 1608 2507 1678 corporalibus
2529 1595 2982 1673 etvisibilibu's,et
3003 1595 3379 1677 nhpoiattm
3401 1605 3700 1667 desideriis,

2149 1707 2202 1768 et
2228 1693 2589 1774 voluptatibus
2639 1685 3278 1774 humanis‘indesinenter
3304 1697 3468 1752 servit
3497 1697 3705 1751 animm

484 1772 674 1850 manus
699 1793 902 1860 animus
942 1779 1178 1848 trahitur
1210 1801 1371 1862 atque
1410 1772 1744 1861 distrahitur,
1783 1772 2042 1862 creatura:
2073 1788 2119 1851 Β
2146 1786 2212 1851 ab
2236 1772 2637 1867 ipso-Cratere
2680 1772 3046 1847 universo‘rtiﬁt
3074 1776 3531 1859 desolatnsa’tque
3551 1786 3702 1843 ﬁt

487 1874 728 1949 serviens
777 1885 949 1952 potius
1001 1897 1155 1952 quam
1187 1883 1444 1947 Creatori,
1485 1875 1693 1952 quiest
1735 1880 2046 1942 benedictus

489 1973 545 2028 in
579 1973 793 2030 saecula.
848 1972 937 2030 Sic
981 1989 1128 2045 ergo,
1159 1971 1409 2043 quantum
1448 1973 1575 2027 mihi
1626 1971 1850 2039 videtur,
1898 1973 2045 2028 salva

487 2063 625 2130 fide,
681 2063 898 2133 intelligi
942 2073 1151 2131 potest,
1199 2063 1476 2132 utriusque
1530 2060 1891 2117 fornicationis
1933 2077 2045 2116 mu-

488 2153 617 2221 lutn,
650 2163 752 2208 tam
778 2155 1022 2224 specialis
1045 2170 1200 2224 quam
1231 2154 1563 2219 universalis,
1607 2153 1659 2208 in
1691 2154 1792 2209 hoc
1824 2170 1930 2209 uno
1956 2169 2044 2209 ca-

488 2242 654 2312 pitulo
671 2244 800 2300 tanti
823 2253 876 2298 et
920 2251 1025 2297 tam
1075 2244 1250 2313 magni
1285 2243 1552 2310 Doctoris,
1582 2232 1670 2300 ubi
1722 2243 1796 2299 ait
1830 2261 1842 2298 :
1873 2246 2044 2300 Omne

486 2343 757 2401 peccatum
778 2333 1124 2402 quodcunque
1147 2331 1335 2404 fecerit
1359 2333 1538 2398 homo,
1561 2341 1709 2388 extra
1727 2347 1918 2403 corpus
1929 2343 2042 2402 est;

484 2423 576 2492 qui
603 2434 778 2478 autem
814 2423 1136 2489 fornicatur,
1159 2422 1209 2477 iu
1255 2438 1448 2492 corpus
1482 2426 1759 2492 preprlum-
1812 2434 1995 2493 peccat
2024 2441 2040 2476 :

488 2513 1017 2582 ntautexaggeratio
1054 2511 1190 2573 facta
1219 2513 1288 2568 sit
1314 2512 1382 2567 ab
1429 2512 1686 2584 Apostolo
1736 2512 1894 2582 huius
1922 2528 2046 2584 spe-

488 2601 640 2655 cialis
669 2602 1060 2669 fornicationis,
1085 2619 1185 2673 qua
1213 2605 1264 2658 in
1293 2617 1487 2674 corpus
1517 2604 1785 2674 proprium
1841 2603 2047 2675 peccari

485 2705 632 2750 recte
651 2694 988 2765 intelligitur,
1019 2696 1138 2772 quia
1169 2710 1426 2764 nusquam
1452 2695 1529 2753 sic
1564 2704 1705 2767 totus
1742 2697 1901 2751 homo
1927 2711 2046 2751 cor-

487 2786 631 2852 poris
676 2786 842 2853 ipsius
869 2786 1122 2858 voluptati
1153 2785 1437 2850 addicitur,
1478 2796 1530 2841 et
1564 2784 1919 2849 ineffabiliter,
1947 2777 2045 2842 'vel

488 2875 886 2944 inevitabiliter,
913 2876 1163 2946 anigitur,
1184 2885 1238 2930 ut
1261 2876 1313 2930 in
1335 2892 1471 2943 com]
1493 2876 2045 2945 arationebujustanti

485 2967 611 3022 mali
652 2976 844 3022 cat-tera
883 2978 1093 3036 peccata
1138 2976 1286 3023 extra
1339 2982 1537 3037 corpus
1583 2982 1704 3024 esse
1738 2967 2048 3036 videantur,

486 3058 693 3114 etiamsi
728 3074 820 3128 per
849 3074 1044 3130 corpus
1069 3067 1440 3117 exerceantur.
1472 3061 1929 3128 Quemadmodum
1960 3075 2077 3120 50-.

2147 1883 2330 1947 licitis.
3209 1905 3214 1911 '

2147 1970 2152 1978 '
2620 1951 2841 2011 CAPUT
2876 1950 3223 2008 CCCXXX".

2706 2041 2784 2098 De
2807 2039 3013 2097 scientia
3038 2039 3156 2096 Del.

2214 2154 2391 2209 Omne
2429 2153 2750 2223 praeteritum
2793 2139 3077 2221 jam-non‘
3101 2159 3188 2207 est
3211 2162 3238 2215 ζ
3273 2161 3435 2204 omne
3482 2146 3707 2202 futurum

2147 2245 2378 2298 nondum
2411 2255 2520 2311 est;
2551 2244 2719 2300 omne
2744 2243 2901 2314 igitur
2928 2253 2982 2300 et
3010 2231 3356 2314 paternum,
3379 2239 3440 2293 et
3479 2239 3704 2293 futuru-

2145 2338 2315 2392 deest.
2360 2337 2509 2408 Apud
2554 2337 2717 2393 Deum
2753 2346 2928 2393 autem
2973 2334 3114 2391 nihil"
3142 2333 3348 2391 ἀραιω-
3372 2331 3589 2402 [deest],
3615 2347 3704 2388 nes

2151 2428 2474 2504 praeteritum
2505 2427 2686 2497 igitur,
2730 2440 2828 2484 nec
2873 2425 3136 2491 futurum,
3165 2423 3261 2479 sed
3291 2416 3454 2478 Omne
3481 2436 3707 2491 praem

2144 2505 2233 2574 est
2257 2512 2395 2588 apud
2424 2511 2614 2576 Deum.

2673 2593 2677 2598 ⁷
2699 2605 2775 2662 De
2799 2607 2932 2676 tritta
2961 2606 3159 2662 virtute.
3181 2621 3183 2623 '

2217 2697 2387 2754 Omne
2440 2698 2581 2769 quod
2634 2696 2750 2763 est,
2786 2691 2940 2752 'allud
2989 2701 3070 2750 est
3115 2685 3225 2766 quo
3278 2704 3520 2763 constat;
3568 2695 3704 2750 aliud

2146 2775 2252 2862 quo
2282 2789 2630 2854 discernitur;
2656 2787 2797 2843 aliud
2827 2802 2931 2859 quo
2959 2787 3221 2858 Congruit.
3269 2787 3526 2844 Universa
3555 2788 3707 2858 igitur

2148 2869 2389 2952 creatura
2420 2875 2464 2936 si
2493 2889 2546 2942 et
2574 2891 2656 2937 est
2684 2885 2895 2951 quoque
2925 2881 3084 2936 modo
3107 2881 3166 2936 et"
3186 2882 3348 2936 ιιι-ευ
3378 2881 3519 2948 quod
3541 2879 3702 2934 omnl-

2150 2989 2218 3028 no
2242 2971 2372 3028 nihil
2399 2985 2482 3030 est
2509 2965 2788 3044 plurimum
2818 2964 2999 3042 distat,
3024 2974 3083 3029 et
3102 2973 3213 3028 suis
3239 2972 3476 3042 partibus
3501 2972 3708 3027 sibi-es

2148 3069 2411 3136 congruit.
2436 3065 2665 3120 Causam
2713 3064 3066 3137 Quoque'ejus
3098 3065 3289 3120 trinam
3313 3064 3444 3120 'esse
3483 3073 3706 3133 oportet,

487 3149 592 3204 lius
637 3151 1001 3208 fornicationis
1044 3155 1125 3209 vis
1153 3155 1393 3224 quaedam
1437 3152 1738 3223 imperiosa:
1790 3154 2045 3236 libidinis,
2080 3147 2125 3212 C
2154 3171 2254 3230 qua
2282 3156 2372 3224 sit,
2401 3172 2501 3224 qua
2532 3157 2631 3212 hoc
2659 3154 2744 3222 sit,
2769 3170 2870 3228 qua
2889 3145 2998 3210 sibi
3024 3157 3192 3210 amica
3219 3155 3310 3209 sit.
3333 3152 3603 3210 Greater:
3622 3168 3709 3207 as-

485 3239 773 3309 con‘tlitiont
818 3257 928 3296 sua:
957 3242 1154 3308 subdit,
1189 3244 1565 3314 propriumque
1603 3244 1764 3314 ipsius
1804 3247 2047 3315 corporis

487 3330 810 3400 mancipium
837 3331 1126 3400 pessimum
1153 3332 1299 3401 facit,
1328 3343 1570 3403 tempore
1610 3335 1838 3390 maxime
1882 3335 2047 3404 ipsius

487 3409 921 3476 immundissima:
935 3421 1278 3492 Operationis,
1310 3433 1368 3480 ut
1385 3424 1529 3480 aliud
1550 3425 1675 3497 quid
1699 3427 2047 3494 praeterquod

487 3509 594 3576 agit
620 3508 672 3563 in
695 3508 812 3578 ipso
838 3524 1066 3579 corpore
1107 3528 1212 3567 non
1257 3513 1327 3567 sit
1357 3512 1580 3571 liberum
1610 3515 1854 3569 humana:
1884 3516 2048 3571 menti

487 3599 575 3652 vel
601 3598 834 3667 cogitare
863 3600 945 3654 vel
973 3601 1267 3660 intendere.
1297 3601 1547 3658 Siautem
1569 3595 1725 3659 etiam
1745 3605 2061 3674 generalem

489 3687 790 3754 significare
820 3688 985 3744 voluit
1034 3691 1318 3760 Apostolus
1365 3690 1798 3759 fornicationem,
1835 3707 2051 3764 propter

489 3777 888 3847 quatndixisse
925 3779 1200 3841 videatur:
1241 3782 1410 3836 Omne
1459 3792 1733 3856 peccatum
1777 3783 2051 3851 quodcun-

489 3882 598 3936 que
626 3867 809 3924 fecerit
835 3869 1017 3933 homo,
1041 3880 1188 3926 extra
1216 3887 1411 3941 corpus
1434 3882 1545 3938 est;
1573 3875 1661 3944 qui
1685 3884 1860 3928 autem
1888 3874 2051 3929 forni-

487 3947 662 4026 catur,
691 3959 745 4016 in
775 3971 970 4029 corpus
1000 3963 1267 4032 preprium
1317 3973 1521 4032 peccat,
1551 3965 1630 4020 sic
1680 3966 2047 4035 accipiendum

490 4057 655 4104 estet
696 4048 1128 4122 intelligendum,
1168 4061 1224 4106 ut
1259 4054 1481 4124 quisque
1510 4054 1634 4110 dum
1668 4071 1773 4112 non
1813 4058 2051 4111 adhaeret

495 4138 623 4206 Deo,
652 4139 741 4208 qui
769 4139 996 4194 adhaesit
1046 4142 1262 4212 mundo,
1291 4146 1466 4199 omnia
1491 4155 1682 4224 tamen
1741 4149 2049 4216 temporalia

494 4230 719 4300 diligens
747 4243 800 4287 et
816 4236 1219 4303 concupiscens,
1250 4237 1440 4293 merito
1472 4238 1522 4292 in
1541 4253 1738 4308 corpus
1775 4242 2048 4310 proprium

493 4334 714 4388 peccare
766 4321 994 4389 dicatur,
1049 4327 1099 4381 id
1154 4337 1255 4396 est,
1310 4329 1576 4385 universae
1605 4332 2051 4400 concupiscentiae

491 4414 692 4467 carnali
722 4414 931 4473 deditus
976 4428 1031 4474 et
1084 4420 1326 4475 subditus
1377 4420 1570 4490 factus,
1605 4432 1853 4494 tanquam
1911 4435 2050 4481 torus

2152 3257 2255 3302 tem
2281 3259 2516 3313 causam,
2547 3246 2597 3304 id
2626 3256 2706 3301 est
2735 3255 3002 3301 auctorem
3032 3245 3198 3304 Deum
3227 3246 3470 3300 dicimus.
3498 3243 3709 3312 Oportet

2150 3353 2275 3408 ergo
2310 3352 2443 3393 esse
2491 3334 2946 3407 trinitatem,qna
2990 3335 3116 3391 nihil
3157 3334 3510 3404 praestantius,
3560 3332 3710 3389 intel-

2151 3431 2396 3498 ligentius
2439 3439 2491 3484 et
2536 3430 2743 3483 beatius
2779 3423 3016 3483 invenire
3059 3426 3292 3496 perfecta
3337 3424 3471 3480 ratio
3511 3434 3706 3496 potest;

2149 3520 2376 3591 ideoque
2401 3521 2560 3578 etiam
2604 3534 2722 3577 cum
2763 3519 2959 3574 veritas
3002 3519 3277 3586 qumritur,
3312 3517 3584 3586 plusquam
3615 3514 3707 3571 tria

2148 3627 2344 3682 genera
2369 3614 2717 3680 quaestionum
2742 3626 2859 3666 esse
2883 3626 2988 3665 non
3014 3619 3235 3680 possunt
3261 3628 3274 3662 :
3301 3617 3476 3664 utrum
3502 3606 3710 3663 omn‘mn

2152 3705 2239 3763 sit.
2272 3714 2445 3758 utrum
2479 3705 2581 3758 hoc
2607 3720 2679 3773 an
2704 3703 2847 3758 aliud
2874 3705 2965 3767 sit,
2993 3707 3166 3756 utrum
3196 3700 3589 3772 approbantium
3616 3697 3710 3753 im-

2155 3795 2549 3865 probandumve
2577 3794 2670 3849 sit.

2655 3881 2734 3937 De
2762 3882 2864 3939 Deo
2891 3892 2938 3938 et
2963 3890 3218 3938 acutam.

2222 3975 2372 4043 Quod
2423 3972 2849 4030 incommutabile
2894 3981 2979 4029 est
3023 3981 3285 4028 atteruum
3341 3979 3462 4034 est,
3506 3979 3709 4036 scalper

2152 4067 2294 4121 enim
2321 4064 2558 4133 ejusdem
2583 4049 2720 4126 modi
2741 4072 2854 4128 est;
2875 4062 3015 4133 quod
3041 4072 3214 4118 autem
3243 4057 3612 4115 commutabile
3632 4067 3708 4110 at

2153 4157 2375 4226 tempori
2388 4157 2673 4212 obnoxium
2695 4165 2794 4219 est,
2811 4170 2916 4210 non
2929 4153 3070 4210 enim
3086 4167 3300 4222 semper
3316 4151 3545 4221 ejusdem
3571 4149 3710 4203 modi

2152 4232 2267 4313 est
2314 4259 2370 4324 et
2425 4247 2544 4302 ideo
2590 4256 2843 4301 :eternoiu
2903 4253 3048 4324 recte
3103 4258 3212 4298 non
3268 4243 3467 4301 dicitur
3510 4258 3523 4293 :
3571 4238 3706 4309 quod

2152 4340 2293 4397 enim
2319 4322 2571 4395 mutatur
2601 4353 2705 4412 non
2737 4345 2914 4394 manet
2933 4322 2961 4401 ,’
2981 4334 3124 4406 quod
3151 4350 3257 4388 non
3287 4345 3465 4389 manet
3493 4347 3592 4388 non
3629 4343 3705 4386 est

2152 4442 2445 4495 aeternum;
2478 4430 2634 4500 idque
2677 4425 2942 4502 [ideoque]
2971 4427 3110 4483 inter
3141 4426 3438 4480 immortale
3474 4433 3525 4479 et
3550 4434 3699 4477 ata-

491 4513 744 4558 creaturae
771 4519 954 4561 servus
980 4508 1048 4561 ab
1076 4509 1193 4577 ipso
1216 4510 1470 4565 Grc-aiore
1501 4513 1708 4566 alienus
1727 4553 1742 4578 ,
1774 4529 1868 4583 per
1898 4514 2043 4570 illam
2078 4512 2131 4573 D
2157 4539 2277 4576 num
2297 4523 2537 4585 interest,
2555 4501 2692 4592 quod
2713 4534 2868 4574 omne
2889 4506 3142 4574 aeternum
3164 4501 3465 4571 immortale
3483 4523 3578 4577 est.
3603 4527 3703 4566 non

494 4592 699 4646 initium
733 4596 906 4650 omnis
958 4599 1162 4664 peccati
1217 4601 1557 4668 superbiam;
1587 4602 1740 4672 cuius
1785 4604 2049 4674 superbiae

495 4687 701 4768 initium
730 4699 834 4751 est,
868 4698 921 4743 ut
947 4692 1203 4759 scriptum
1217 4701 1638 4769 est,spostatare
1666 4711 1695 4750 a
1720 4697 1848 4751 Deo.
1880 4701 1921 4768 Δ
1945 4715 2051 4766 quo

494 4778 727 4844 gt-nerali
767 4778 1138 4858 fornicationig
1187 4785 1326 4839 malo
1357 4787 1579 4856 quisque
1631 4789 1856 4853 alienus.
1881 4791 2052 4861 quod-

493 4883 701 4938 cunque
724 4872 864 4925 aliud
895 4885 1165 4940 peccatum
1222 4880 1466 4947 potuerit,
1495 4889 1552 4934 ut
1600 4880 1759 4936 homo
1787 4884 2051 4953 uerrupti-

497 4957 617 5012 bilis
641 4960 814 5016 adhuc
841 4973 895 5018 et
935 4965 1195 5032 mortalis,
1247 4969 1541 5036 incurrere,
1571 4970 1671 5028 hoc
1720 4973 2053 5042 intelligatur

497 5059 645 5101 extra
674 5065 865 5120 corpus
894 5069 1035 5119 esse,
1065 5056 1116 5111 id
1145 5066 1247 5124 est,
1271 5070 1417 5115 extra
1450 5063 1743 5131 corporalis
1768 5071 1825 5118 et
1851 5072 2056 5132 tempo-

502 5139 628 5193 ralis
654 5144 822 5198 omnis
847 5150 1293 5218 concupiscentiae
1313 5153 1533 5219 tualum,
1557 5155 1792 5213 alienum
1814 5173 1934 5213 esse
1957 5174 2054 5214 ex-

504 5240 583 5285 tra
607 5246 821 5302 corpus,
848 5250 905 5294 ut
937 5249 1080 5310 sape
1124 5243 1324 5299 dictum
1371 5255 1622 5305 estesse.
1660 5249 2055 5306 Tantummodo

502 5319 646 5374 etaim
675 5328 899 5382 carnalis
921 5339 975 5384 et
995 5334 1259 5400 generalis
1287 5336 1394 5406 93
1422 5339 1867 5407 concupiscentiae
1888 5341 2051 5404 malo,

505 5426 601 5479 per
628 5415 801 5466 omnia
827 5416 1117 5478 fornicatur
1132 5428 1306 5480 anima
1326 5442 1355 5481 a
1379 5426 1511 5494 Deo,
1536 5436 1780 5498 tanquam
1813 5444 2057 5498 corpora-

506 5503 651 5560 libus
677 5515 733 5560 et
762 5514 1130 5576 temporalibus
1179 5517 1459 5574 desideriis
1483 5527 1557 5574 ὀι
1602 5520 2055 5575 delectationibus

507 5597 700 5664 illigata
723 5608 777 5655 et
797 5600 1058 5672 devincta,
1084 5606 1134 5663 in
1161 5623 1354 5680 corpus
1381 5613 1654 5684 proprium
1679 5623 1884 5681 peccat,
1905 5613 2057 5681 cujus

511 5686 876 5745 universalitcr
927 5699 1364 5769 concupiscentia
1431 5703 1704 5768 serviens,
1751 5703 2056 5759 iucurvatur

2157 4630 2316 4669 omne
2360 4612 2655 4669 immortale
2697 4612 2825 4666 satis
2861 4609 3124 4666 subtiliter
3167 4619 3428 4664 aeternum
3466 4607 3646 4665 dicitur
3687 4621 3702 4656 :

2158 4705 2277 4772 quia
2307 4703 2407 4758 etsi
2434 4718 2644 4772 semper
2671 4699 2865 4770 aliquid
2889 4699 3050 4765 vivat,
3080 4706 3256 4752 tamen
3284 4697 3381 4769 [si]
3405 4693 3705 4752 mutabilita-

2161 4804 2264 4848 tem
2295 4794 2540 4860 patiatur,
2570 4805 2674 4844 non
2723 4789 2932 4866 proprie
2961 4797 3221 4844 sternam
3251 4787 3562 4856 appellatur,
3585 4782 3700 4853 quia

2159 4899 2261 4939 non
2291 4897 2502 4953 semper
2540 4881 2777 4949 ejusdem
2804 4878 2944 4936 modi
2973 4888 3090 4944 est,
3115 4877 3363 4947 quamvis
3393 4875 3700 4936 immortale,

2159 4974 2275 5046 quia
2291 4988 2499 5042 semper
2515 4973 2660 5036 vivit,
2676 4979 2813 5026 recte
2824 4969 2926 5025 dici
2943 4970 3136 5039 possit:
3153 4978 3373 5022 vocatur
3392 4978 3553 5021 latae
3565 4974 3702 5020 ater-

2159 5083 2284 5122 uum
2317 5066 2585 5121 interdum
2617 5062 2779 5119 etiam
2807 5063 2945 5132 quod
2986 5060 3283 5117 immortale
3310 5069 3411 5116 est.
3440 5058 3556 5113 Illud
3585 5070 3702 5112 vers

2157 5159 2300 5228 quod
2347 5164 2402 5212 et
2448 5154 2792 5210 mutationem
2837 5153 3051 5224 patitur,
3083 5160 3140 5208 et
3184 5152 3394 5228 animm
3421 5147 3698 5221 prae-tia.

2157 5227 2279 5304 cum
2309 5247 2486 5299 anima
2514 5258 2615 5299 non
2644 5242 2742 5309 sit,
2771 5242 2947 5299 vivere
2977 5240 3197 5306 dicitur,
3223 5227 3396 5318 neque
3421 5236 3700 5293 immortale

2160 5338 2267 5393 ullo
2290 5336 2470 5402 modo,
2498 5345 2553 5390 et
2578 5334 2740 5393 multo
2770 5333 2942 5389 minus
2971 5341 3229 5386 eternum
3256 5329 3469 5400 intelligi
3493 5333 3656 5397 potest
3681 5341 3694 5378 :

2158 5427 2210 5482 in
2240 5437 2442 5494 aeterna
2468 5423 2770 5498 (aeternum,
2794 5423 2902 5476 sine
2927 5418 3002 5491 in]
3031 5421 3174 5478 enim
3199 5434 3320 5474 cum
3353 5419 3551 5489 proprie
3572 5413 3695 5470 dicio

2161 5527 2264 5585 tur,
2285 5531 2454 5584 neque
2475 5514 2759 5587 quidquam
2788 5513 3110 5583 put-teritum
3136 5511 3286 5582 quasi
3317 5508 3588 5571 transierit,
3612 5519 3694 5564 Ic-

2159 5625 2264 5680 que
2292 5609 2576 5678 quidquam
2605 5605 2859 5669 futurum,
2886 5604 3038 5672 quasi
3067 5601 3298 5662 nondum
3323 5602 3412 5667 Sil.
3436 5596 3526 5658 sed
3549 5589 3694 5668 quid-

2160 5700 2284 5770 quid
2310 5706 2414 5763 est,
2445 5694 2801 5752 tantummodo
2827 5697 2928 5756 eat.
