3874 6226
237 254 373 310 ὶθόἳ

401 367 478 424 De
502 372 615 424 loco
647 370 762 434 Dei;
790 384 851 422 ex
875 367 1003 422 libro
1034 365 1373 434 Quaestionum
1404 386 1640 429 ιιιιιιιι.

305 482 450 540 Deus
473 499 580 537 non
607 483 794 537 alicubi
823 484 903 535 est
932 495 946 534 :
978 482 1114 550 quod
1141 482 1326 538 alicubi
1356 484 1494 538 enim
1526 495 1628 550 est,
1653 501 1784 540 cou-

240 573 443 628 tinetur
468 573 612 638 loco;
644 570 782 640 quod
813 572 1110 625 continetur
1138 572 1274 637 loco,
1301 588 1489 641 corpus
1519 586 1626 640 est;
1663 576 1801 632 Deus

238 673 423 715 autem
452 677 554 714 non
584 672 665 714 est
693 674 911 728 corpus;
939 675 1041 715 non
1082 661 1234 730 igitur
1264 663 1452 716 alicubi
1484 674 1564 717 est
1595 681 1609 716 ε
1641 676 1690 719 et
1721 674 1800 718 ta-

242 766 370 806 men
395 751 515 819 quia
545 759 656 814 est,
683 759 736 804 et
764 749 815 803 in
846 749 961 803 loco
1005 766 1108 806 non
1149 761 1258 817 est,
1283 752 1334 806 in
1367 754 1454 807 illo
1483 762 1606 809 sunt
1635 757 1804 823 potius

238 841 423 892 omnia
455 855 608 908 quam
640 840 751 909 ipse
781 840 999 906 alicubi,
1028 853 1126 896 nec
1168 851 1338 896 tanton
1372 843 1440 897 ita
1473 845 1523 897 in
1556 845 1647 898 illo
1677 850 1694 867 ‘
1718 843 1805 916 {ut

246 929 365 996 ipse
387 929 596 992 alicubi,
621 939 789 985 tamen
819 931 888 984 ita
917 931 968 984 in
997 930 1107 1003 illo]
1135 940 1188 985 ut
1213 933 1325 1000 ipse
1351 933 1420 986 sit
1447 933 1611 986 locus.
1637 933 1806 986 Locus

239 1018 390 1071 enim
423 1019 476 1071 in
505 1019 677 1088 spatio
702 1029 801 1084 est,
826 1020 962 1089 quod
991 1021 1338 1091 longitudine,
1369 1021 1662 1088 lati-tudine,
1690 1021 1809 1074 alii-

245 1107 432 1161 tudine
455 1110 692 1178 corporis
719 1122 1031 1180 occupatur;
1061 1127 1156 1186 nec
1178 1111 1316 1165 Deus
1339 1112 1442 1164 tale
1464 1111 1661 1179 aliquid
1689 1121 1768 1164 est
1792 1127 1806 1164 :

242 1204 303 1250 et
321 1197 502 1250 omnia
536 1197 690 1267 igitur
719 1199 770 1252 in
803 1201 917 1268 ipso
945 1209 1085 1268 sunt,
1114 1210 1166 1256 et
1201 1200 1346 1254 locus
1377 1216 1479 1254 non
1508 1211 1610 1254 est.
1643 1200 1811 1254 Locus

249 1293 428 1338 tamen
455 1286 548 1342 Dei
569 1286 787 1344 abusive
802 1290 1002 1344 dicitur
1028 1291 1278 1360 templum
1310 1289 1424 1357 Dei,
1449 1307 1552 1344 non
1581 1293 1716 1359 quod
1749 1307 1812 1347 eo

247 1374 606 1443 contineatur,
630 1380 720 1434 sed
747 1380 885 1449 quod
906 1382 964 1434 ei
998 1395 1227 1448 presens
1261 1381 1347 1434 sit.
1389 1380 1444 1435 l-d
1481 1391 1655 1435 autem
1681 1383 1810 1437 nihil

252 1466 450 1522 mlius
477 1484 632 1538 quam
671 1471 843 1524 anima
875 1471 1067 1525 munda
1096 1471 1424 1542 intelligitur.

720 1576 941 1633 CAPUT
978 1579 1338 1635 CCCXXXIIL

321 1662 398 1721 De
428 1670 739 1738 providentia
768 1670 889 1734 Dei,
917 1687 980 1724 ex
1009 1672 1133 1724 libro
1165 1672 1500 1735 Qua’stionum
1527 1690 1736 1728 uitur.

329 1779 471 1835 Fieri
506 1788 677 1847 potest
703 1789 758 1834 ut
786 1795 879 1852 per
911 1779 1101 1835 malum
1133 1782 1393 1838 hominem
1431 1784 1603 1839 divina
1637 1788 1807 1854 provi-

244 1868 428 1927 ilentia
471 1878 526 1923 et
567 1870 743 1942 puniat
769 1879 820 1924 et
849 1869 1136 1938 Opituletur
1177 1890 1188 1923 :
1234 1888 1353 1926 nam
1385 1872 1682 1928 Judacorum
1712 1877 1808 1930 im-

246 1960 417 2028 pietas
443 1969 495 2012 et
520 1959 706 2014 ludam
735 1959 1119 2028 supplantavit,
1149 1971 1201 2015 et
1235 1963 1478 2031 gentibus
1504 1967 1658 2018 saluti
1688 1967 1804 2021 fuit.

239 2052 381 2107 item
406 2052 526 2107 ﬁeri
567 2062 739 2121 potest
770 2062 825 2108 ut
852 2053 1024 2108 divina
1067 2055 1388 2124 providentia
1420 2071 1512 2125 per
1542 2057 1808 2113 hominem

153 2139 155 2141 ’
245 2141 448 2196 bonum
479 2151 533 2196 et
562 2143 783 2198 damnet
825 2152 880 2198 et
923 2143 1153 2213 adjuvet,
1183 2145 1318 2199 sicut
1361 2147 1434 2200 ait
1481 2148 1807 2214 Apostolus:

249 2231 387 2284 Aliis
427 2245 611 2286 sumus
653 2233 784 2287 odor
824 2232 948 2286 vita:
994 2234 1042 2289 in
1089 2234 1269 2301 vitam,
1300 2235 1415 2291 aliis
1463 2247 1634 2292 autem
1681 2239 1812 2293 odor

251 2321 443 2374 mortis
486 2321 537 2375 in
587 2331 831 2376 mortem.
879 2322 983 2378 Sed
1029 2339 1148 2378 cum
1190 2325 1360 2380 omnis
1409 2327 1692 2393 tribulatio,
1724 2341 1812 2384 aut

253 2426 411 2477 pana
437 2413 714 2481 impiorum
741 2415 831 2479 sit,
852 2423 942 2469 aut
961 2416 1267 2470 exercitatio
1285 2416 1565 2488 justorum,
1586 2421 1702 2489 quia
1720 2437 1811 2474 ea-

251 2499 374 2556 dem
395 2503 724 2563 tribulatioet
745 2505 945 2573 paleam
969 2507 1214 2574 concidit,
1233 2516 1285 2561 et
1300 2507 1558 2564 frumenta
1593 2527 1619 2564 a
1651 2511 1814 2579 paleis

240 2591 476 2656 ‘cxcutit,
501 2592 638 2647 unde
656 2593 919 2648 tribttlatio
936 2609 1126 2650 nomen
1148 2598 1558 2664 accepit;rursus
1578 2616 1695 2654 cum
1718 2617 1815 2670 pax

252 2689 310 2734 ct
342 2681 496 2751 quies
536 2697 566 2735 a
597 2685 854 2739 molestiis
881 2686 1252 2750 saecularibus,
1294 2696 1347 2740 et
1391 2688 1556 2741 bonos
1587 2690 1818 2746 lucretur

251 2774 641 2844 ﬂ‘corrumpat
673 2777 856 2840 malos,
887 2777 1064 2831 omnia
1113 2777 1224 2832 haec
1265 2778 1437 2832 divina
1488 2781 1819 2848 providentia

255 2877 356 2934 pro
394 2867 600 2923 meritis
643 2869 948 2923 moderatur
991 2871 1311 2935 animarum;
1354 2873 1446 2926 sed
1499 2883 1671 2928 tamen
1712 2890 1818 2929 non

257 2953 363 3007 sibi
393 2955 595 3025 eligunt
624 2956 748 3011 boni
778 2959 1128 3013 ministerium
1170 2960 1548 3028 tribulationis,
1577 2979 1672 3019 nec
1699 2966 1821 3023 mali

1351 256 1777 317 russsunus.
1817 248 1972 316 CAP.
2010 256 2380 315 cccxxxw.

3319 271 3458 328 i053

1826 381 1874 436 Α
1899 373 2022 427 dum
2066 387 2222 440 quem
2252 371 2478 426 dicimus
2506 373 2663 428 alium
2695 377 2798 431 alio
2841 391 2962 434 esse
3009 382 3449 442 succulentiorcm

1900 472 1955 516 et
2003 461 2334 522 validiorem,
2364 476 2479 529 quae
2503 466 2666 533 magis
2698 469 2910 537 proprie
2942 469 3190 525 habitudo
3228 471 3334 527 dici
3361 487 3450 527 so-

1903 550 1973 602 let
1998 566 2012 614 ;
2044 549 2126 602 vcl
2151 549 2385 604 habitum
2412 567 2592 606 eorum
2615 570 2729 623 qua:
2755 557 3003 613 membris
3024 560 3219 615 nostris
3245 573 3456 618 accom-

1905 639 2184 692 modantur
2213 642 2560 709 extrinsecus,
2586 645 2876 699 secundum
2901 663 3055 716 quem
3087 649 3312 704 dicimus
3339 664 3456 704 vcs-

1904 731 2078 793 titum,
2108 732 2418 793 calceatum.
2449 748 2727 800 armatum,
2750 747 2803 791 et
2830 740 2872 791 si
2897 740 3018 807 quid
3051 741 3314 809 ejusmodi
3341 753 3450 800 est.

1907 820 1960 872 In
1990 822 2178 888 quibus
2217 824 2462 877 omnibus
2494 827 2808 892 generibus,
2836 829 3094 896 siquidem
3126 846 3316 886 nomen
3351 835 3452 888 hoc

1904 910 2103 964 dictum
2135 923 2213 964 est
2235 917 2302 966 ab
2329 915 2422 969 illo
2452 919 2610 972 verba
2631 924 2770 989 quod
2801 933 2882 978 est
2934 925 3150 992 habere,
3201 928 3458 983 manifes-

1911 1012 2017 1051 tmu
2045 1001 2202 1054 estin
2229 1018 2288 1056 ca
2318 1019 2373 1057 re
2396 1006 2498 1060 dici
2533 1010 2785 1078 habitum,
2819 1029 2936 1083 qua:
2966 1016 3158 1071 accidit
3177 1019 3354 1085 alicui,
3381 1018 3450 1072 ita

1875 1099 2101 1143 .utoam
2135 1093 2300 1158 possit
2325 1094 2484 1149 etiam
2528 1113 2631 1150 non
2679 1101 2890 1155 habere.
2941 1104 3072 1158 Nam
3118 1115 3170 1159 et
3207 1106 3450 1160 doctrina

1910 1179 2098 1234 accidit
2126 1180 2324 1247 animo,
2348 1191 2400 1236 et
2421 1201 2608 1239 succus
2635 1202 2697 1242 ac
2725 1190 2886 1243 robur
2909 1194 3146 1261 corporis
3174 1194 3455 1265 [corpori],

1910 1281 1962 1324 et
1990 1271 2153 1326 restis
2180 1283 2340 1342 atque
2368 1289 2532 1340 arma,
2564 1293 2666 1330 non
2690 1278 2904 1333 dubium
2934 1283 3167 1350 estquia
3206 1284 3458 1336 accedant

1907 1359 2191 1432 [accidant]
2224 1364 2472 1417 membris
2519 1368 2744 1431 nostris;
2779 1368 2847 1421 ita
2893 1379 2947 1422 ut
2979 1371 3251 1439 imperitus
3281 1386 3463 1438 posset

1911 1468 2028 1508 esse
2054 1452 2279 1518 animus,
2303 1455 2345 1508 si
2368 1456 2415 1508 ci
2439 1456 2678 1512 doctrina
2703 1473 2805 1514 non
2832 1461 3104 1516 accederet
3127 1462 3456 1534 [accideret].

1917 1554 1973 1598 et
2000 1545 2142 1600 exile
2171 1557 2324 1614 atque
2355 1549 2651 1616 languidum
2681 1555 3046 1618 corpus,.sine
3083 1568 3245 1609 succo
3284 1556 3456 1608 visce-

1911 1650 2026 1688 rqu
2055 1645 2108 1689 ct
2137 1636 2347 1700 robore,
2380 1645 2433 1690 et
2459 1641 2628 1693 nudus
2650 1641 2762 1694 sine
2805 1652 2973 1706 veste,
3008 1652 3062 1697 et
3103 1645 3316 1701 inermis
3343 1646 3458 1697 sine

1844 1721 1883 1777 ll
1912 1727 2295 1795 armis,etpede
2308 1729 2445 1781 nudo
2460 1731 2571 1783 sine
2587 1731 2947 1786 calceamentis
2963 1748 3080 1788 csse
3093 1734 3252 1788 homo
3267 1728 3469 1803 potest;

1913 1815 2132 1868 Habitus
2159 1831 2281 1885 ergo
2309 1818 2360 1870 in
2387 1831 2451 1870 ea
2481 1833 2538 1871 re
2565 1819 2754 1872 dicitur
2783 1836 2900 1888 qua:
2924 1823 3074 1875 nobis
3116 1832 3169 1876 ut
3201 1823 3456 1876 habeatur

1921 1905 2124 1958 accedit
2176 1903 2429 1975 [accidit].
2475 1905 2848 1961 Verumtamen
2878 1909 2976 1961 hoc
3022 1908 3260 1974 interest,
3311 1910 3451 1978 quod

1909 1996 2150 2064 quaedam
2179 2010 2360 2050 eorum
2389 2013 2506 2066 quae
2533 1998 2778 2051 accidunt
2808 2000 2979 2063 nobis,
3010 2010 3068 2054 ut
3097 2000 3330 2053 habitum
3366 1999 3458 2054 fa-

1910 2087 2070 2150 ciant,
2119 2101 2220 2141 non
2255 2097 2522 2141 mutantur
2552 2103 2580 2140 a
2610 2089 2782 2154 nobis,
2814 2089 2907 2144 sed
2940 2089 3051 2156 ipsa
3082 2104 3176 2144 nos
3208 2098 3409 2144 mutant
3435 2129 3448 2150 ,

1913 2181 1965 2232 in
1993 2179 2164 2247 seipsa
2211 2178 2411 2246 integra
2439 2189 2494 2235 et
2521 2180 2828 2235 inconcussa
2855 2183 3138 2244 manentia,
3172 2183 3324 2236 sicuti
3362 2196 3450 2235 sa-

1913 2269 2128 2336 pientia,
2161 2283 2280 2324 cum
2303 2270 2493 2325 accidit
2515 2270 2734 2336 homini,
2780 2287 2882 2326 non
2917 2275 3026 2340 ipsa
3052 2282 3305 2339 mutatur,
3358 2274 3450 2325 sed

1914 2357 2183 2411 hominem
2232 2368 2416 2422 mutat,
2458 2375 2612 2427 quem
2655 2361 2722 2414 de
2764 2361 2924 2415 stulto
2967 2363 3257 2430 sapientem
3306 2363 3453 2416 facit.

1914 2449 2165 2515 Qurdam
2187 2464 2311 2503 vero
2329 2449 2405 2504 sic
2424 2449 2687 2517 accidunt,
2712 2461 2764 2503 ut
2785 2459 2840 2505 et
2864 2461 3064 2506 mutent
3088 2461 3140 2506 et
3164 2461 3457 2506 mutentur:

1915 2540 2068 2593 sicuti
2098 2540 2265 2605 cibus,
2295 2550 2348 2593 et
2376 2538 2488 2608 ipse
2525 2540 2768 2594 amittens
2798 2541 3026 2608 Speciem
3056 2556 3228 2607 suam,
3267 2543 3316 2596 in
3344 2555 3463 2596 cor-

1917 2644 2015 2698 pus
2046 2639 2280 2702 nostrum
2309 2628 2563 2692 vortitur,
2596 2638 2650 2683 et
2679 2645 2774 2683 nos
2804 2629 2990 2684 refecti
3023 2630 3160 2694 cibo,
3212 2630 3280 2684 ab
3309 2629 3463 2684 exili-

1920 2734 2025 2779 tate
2054 2723 2492 2792 atque'languorc
2517 2723 2566 2777 in
2599 2723 2760 2777 robur
2786 2734 2944 2792 atque
2996 2723 3274 2777 valentiam
3321 2736 3466 2777 com-

1919 2823 2200 2868 mutamur.
2233 2813 2465 2869 Tertium
2492 2812 2659 2885 [vero]
2690 2828 2856 2881 genus
2885 2821 2987 2878 est,
3028 2829 3146 2867 cum
3189 2813 3300 2881 ipsa
3348 2827 3467 2881 quae

1919 2905 2162 2960 accidunt
2191 2914 2477 2970 mutantur,
2509 2916 2564 2959 ut
2593 2889 2822 2958 habitum
2852 2904 3068 2969 faeiant,
3095 2913 3176 2960 -et
3207 2904 3464 2974 quodam-

1911 2995 2077 3060 modo
2109 2995 2397 3050 formantur
2415 2996 2483 3048 ab
2521 2995 2601 3048 eis
2628 2993 2818 3063 quibus
2855 2993 3090 3047 habitum
3137 2993 3356 3057 faciunt,
3397 2994 3468 3046 si-

257 3055 650 3154 ῗφῗιψπθω
719 3064 883 3151 quam.
908 3051 1238 3154 ἱρῖἰηαυθᾳθθ
1271 3068 1368 3154 pel:
1390 3069 1522 3154 qi'os
1550 3056 1599 3154 it!
1634 3059 1807 3154 igitur
1846 3056 2025 3143 Cicuti
2053 3096 2134 3141 est
2161 3087 2364 3141 vestis:
2398 3101 2519 3140 nam
2547 3051 2667 3139 cum
2699 3085 2931 3154 projects
2967 3086 3047 3138 vel
3081 3086 3302 3154 reposita
3340 3051 3426 3139 est
3450 3128 3466 3151 ,

257 3135 398 3202 quod
445 3137 683 3205 ignorant
727 3154 829 3194 non
866 3140 1108 3206 justitire,
1137 3157 1254 3209 qua:
1282 3141 1506 3196 refertur
1534 3146 1598 3198 ad
1633 3145 1815 3213 Deum,

256 3225 360 3281 sed
389 3227 770 3284 malevolentize
795 3244 905 3284 sua:
928 3230 1222 3286 mercedem
1247 3231 1509 3302 accipiunt
1531 3249 1547 3290 :
1568 3236 1820 3304 quemad—

259 3316 479 3372 modum
512 3332 611 3374 nec
641 3319 792 3374 bonis
821 3320 1104 3387 imputatur
1131 3320 1268 3389 quod
1298 3321 1423 3389 ipsis
1453 3326 1702 3390 prodesse
1728 3339 1813 3378 vo-

255 3409 495 3464 lentibus
525 3419 742 3466 nocetur
770 3410 926 3464 alicui
948 3450 963 3475 ,
992 3411 1083 3464 sed
1119 3411 1256 3464 bono
1298 3412 1475 3466 animo
1503 3412 1820 3469 benevolen-

259 3500 353 3556 tia:
394 3503 668 3571 praemium
716 3503 980 3558 tribuitur.
1013 3504 1089 3555 lta
1135 3503 1293 3557 etiam
1337 3513 1528 3558 caetera
1573 3514 1815 3560 creatura

263 3605 363 3660 pro
392 3593 594 3647 meritis
619 3594 909 3657 animarum
948 3593 1279 3647 rationalium
1303 3636 1316 3658 ,
1349 3595 1432 3648 vel
1482 3596 1712 3649 sentitur
1739 3597 1819 3650 vel

257 3681 415 3748 latet,
441 3682 522 3737 vel
554 3683 787 3738 modesta
820 3683 1102 3754 [molesta],
1133 3684 1207 3738 vel
1238 3684 1511 3739 commoda
1539 3694 1640 3739 est.
1669 3685 1820 3741 Sum-

258 3789 355 3828 mo
381 3775 523 3828 enim
557 3775 670 3828 ‘Deo
701 3785 888 3829 cuncta
930 3773 1065 3828 bene
1109 3774 1502 3830 administrante
1532 3790 1648 3842 qur
1679 3774 1822 3839 fecit,

266 3864 400 3917 nihil
432 3863 786 3918 inordinatum
815 3863 866 3917 iu
901 3863 1164 3928 universo,
1190 3863 1420 3932 nihilque
1441 3863 1691 3932 injustum
1721 3875 1825 3931 est,

265 3949 382 4007 sive
407 3953 718 4018 scientibus,
747 3953 856 4007 sive
885 3953 1235 4008 nescientibus
1265 3953 1441 4017 nobis;
1473 3953 1563 4007 sed
1597 3954 1647 4007 in
1680 3964 1826 4022 parte

263 4043 555 4099 offenditur
582 4046 754 4099 anima
787 4044 1051 4114 peccatrix
1095 4062 1106 4098 :
1152 4052 1324 4100 tamen
1350 4044 1470 4114 quia
1499 4060 1596 4117 pro
1626 4046 1826 4125 meritis

197 4165 203 4168 -
269 4142 340 4194 ibi
368 4150 452 4196 est
479 4139 567 4194 ubi
597 4155 714 4196 esse
742 4142 895 4194 talem
929 4139 1100 4204 decet,
1131 4148 1183 4193 et
1212 4153 1275 4193 ea
1304 4139 1496 4208 patitur
1519 4153 1636 4209 qua:
1668 4139 1824 4192 talem

270 4233 377 4299 pati
424 4247 630 4300 a‘quum
673 4238 775 4294 est,
804 4231 1106 4285 universum
1153 4246 1369 4300 regnum
1418 4231 1506 4286 Dei
1552 4231 1694 4285 nulla
1733 4246 1826 4285 sua

270 4321 509 4376 fteditate
535 4321 812 4375 deformat.
841 4321 1187 4387 Quamobrem
1218 4337 1462 4392 quoniam
1505 4338 1610 4376 non
1653 4322 1826 4376 omnia

265 4413 517 4465 novimus
542 4427 658 4481 qua:
685 4412 750 4465 de
774 4412 921 4465 nobis
950 4412 1082 4466 bene
1110 4412 1212 4481 agit
1237 4412 1366 4467 ordo
1389 4412 1617 4478 divinus,
1642 4414 1691 4465 in
1720 4413 1830 4466 sola
1859 4429 1904 4488 ι)

271 4503 410 4556 bona
441 4502 713 4555 voluntate
743 4501 1028 4556 secundum
1073 4503 1238 4570 legem
1281 4503 1499 4571 agimus,
1531 4502 1583 4556 in
1625 4503 1832 4557 caeteris

273 4606 453 4650 autem
503 4595 792 4648 secundum
839 4597 1002 4663 legem
1052 4598 1272 4665 agimur,
1304 4611 1420 4649 cum
1471 4597 1553 4650 lex
1599 4598 1708 4665 ipsa
1747 4596 1832 4650 in-

278 4684 673 4737 commutabilis
707 4697 934 4744 maneal.
964 4694 1017 4738 et
1045 4687 1218 4739 omnia
1249 4687 1512 4739 mutabilia
1546 4686 1834 4758 pulcherri-

277 4789 359 4825 ma
388 4773 769 4841 gubernatione
799 4775 1119 4828 moderetur.
1146 4775 1320 4828 Gloria
1352 4775 1503 4843 igitur
1533 4777 1582 4828 in
1614 4775 1835 4830 excelsis

276 4865 406 4930 Deo,
433 4875 486 4919 ct
516 4865 566 4919 in
600 4876 735 4920 terra
770 4881 869 4935 pax
903 4867 1203 4922 hominibus
1234 4868 1382 4921 bona:
1415 4868 1715 4921 voluntatis.

673 4979 782 5051 94
818 4979 1035 5035 CAPUT
1071 4979 1428 5034 cccxxxtv.

276 5089 353 5144 De
381 5100 439 5143 eo
468 5092 604 5160 quod
631 5093 872 5160 scriptum
901 5099 971 5144 est
1012 5107 1028 5144 :
1072 5091 1259 5143 Ilubitu
1302 5094 1529 5145 inventus
1570 5098 1622 5143 ut
1663 5089 1833 5155 homo,

828 5177 889 5214 ea:
937 5163 1106 5214 eodem
1132 5162 1275 5214 libro.

347 5271 527 5327 Multis
555 5274 724 5328 modis
751 5273 981 5327 habitum
1006 5274 1224 5327 dicimus
1249 5292 1261 5324 :
1288 5273 1367 5327 vel
1392 5272 1622 5327 habitum
1647 5270 1830 5336 animi,

279 5363 435 5417 sicuti
474 5373 556 5416 est
604 5365 963 5430 cujuscunque
992 5362 1285 5431 disciplinae
1318 5362 1587 5430 perceptio
1619 5376 1715 5414 usu
1748 5376 1828 5415 ro-

279 5455 462 5510 borata
503 5463 658 5524 atque
690 5456 922 5518 firmata;
957 5453 1036 5507 vel
1070 5454 1301 5507 habitum
1354 5453 1593 5522 corporis
1643 5457 1832 5507 secun-

348 5630 376 5660 “
408 5627 625 5684 Unciuis
649 5629 849 5686 inclusa
872 5629 1163 5687 redundare
1185 5628 1446 5684 videntur.
1523 5629 1674 5686 Eutr.

1922 3191 2025 3229 non
2058 3175 2215 3232 habet
2253 3185 2380 3229 eam
2413 3174 2636 3228 formam
2668 3188 2823 3242 quam
2865 3176 3025 3228 sumit
3064 3189 3184 3227 eum
3234 3173 3466 3228 indultur

1920 3277 2078 3336 atque
2106 3266 2367 3321 inducitur
2386 3266 2657 3320 membris.
2681 3266 2861 3320 Induta
2886 3280 3012 3335 ergo
3033 3265 3222 3333 accipit
3242 3264 3467 3320 formam

1919 3374 2075 3428 quam
2100 3374 2201 3413 non
2231 3357 2456 3420 habebat
2477 3367 2657 3423 exuta,
2689 3371 2808 3412 cum
2840 3358 2948 3427 ipsi
2974 3357 3230 3424 membra,
3264 3365 3320 3410 et
3348 3373 3469 3410 cum

1921 3447 2230 3519 induuntur,
2260 3457 2452 3502 etcum
2478 3458 2764 3511 exuuntur,
2801 3449 2851 3502 in
2881 3461 2976 3503 suo
3003 3455 3144 3501 statu
3198 3459 3466 3502 maneant.

1894 3538 2099 3592 TPotest
2119 3552 2240 3592 esse
2267 3539 2423 3592 etiam
2447 3545 2693 3606 quartum
2718 3551 2905 3606 genus,
2951 3552 3070 3592 cum
3095 3552 3157 3591 ea
3187 3552 3304 3606 qua:
3333 3539 3472 3591 acci-
3558 3550 3562 3554 ·

1921 3630 2052 3684 dunt
2081 3628 2146 3682 ad
2177 3627 2481 3683 faciendum
2514 3627 2774 3692 habitum,
2819 3642 2916 3680 nec
2951 3641 3012 3680 es
3052 3635 3254 3680 mutant
3281 3627 3470 3695 quibus

1922 3720 2171 3774 accidunt
2196 3720 2262 3773 ad
2289 3718 2586 3774 faciendum
2617 3717 2876 3783 habitum,
2905 3732 3002 3772 nec
3026 3719 3093 3773 ab
3117 3721 3192 3773 eis
3214 3720 3325 3788 ipsa
3358 3734 3474 3773 mu-

1926 3819 2122 3875 tantur,
2151 3811 2287 3865 sicut
2309 3809 2533 3864 annulus
2564 3808 2749 3878 digito,
2783 3807 2825 3861 si
2870 3823 2974 3863 non
3017 3808 3175 3873 nimis
3213 3808 3477 3863 subtiliter

1926 3901 2226 3956 attendatur
2254 3918 2268 3966 ;
2302 3910 2662 3955 verumtamen
2689 3902 2786 3953 hoc
2808 3913 2992 3968 genus,
3025 3907 3114 3952 aut
3137 3882 3344 3952 nulum
3367 3911 3470 3964 est,

1925 3996 1968 4050 si
1991 3995 2266 4064 diligenter
2290 3991 2558 4056 discutias,
2592 3999 2682 4045 aut
2708 3990 2924 4044 omnino
2952 3989 3303 4045 rarissimum.
3335 3991 3468 4045 Cum

1926 4087 2082 4156 igitur
2109 4084 2392 4155 Apostolus
2420 4083 2487 4138 de
2519 4082 2790 4152 unigenito
2835 4082 2923 4136 Dei
2982 4081 3088 4135 filio
3132 4073 3438 4150 loqueretur
3459 4122 3474 4146 ,

1926 4177 2178 4245 quantum
2207 4177 2434 4245 pertinet
2465 4174 2528 4227 ad
2553 4173 2880 4228 divinitatem
2903 4171 3038 4239 ejus,
3084 4171 3373 4227 secundum
3423 4173 3475 4226 id

1927 4269 2065 4339 quod
2097 4270 2406 4324 verissimus
2432 4268 2572 4320 Dens
2592 4275 2694 4330 est,
2721 4265 2977 4334 aequa'etn
3005 4277 3122 4317 esse
3149 4263 3280 4318 dixit
3311 4263 3474 4328 Patri,

1927 4360 2066 4433 quod
2091 4374 2193 4414 non
2221 4360 2271 4415 ei
2302 4359 2403 4415 fuit
2424 4369 2667 4427 tanquam
2691 4355 2949 4424 rapinam,
2978 4354 3027 4406 id
3055 4365 3150 4418 cst,
3175 4354 3321 4421 quasi
3346 4353 3475 4408 alie-

1934 4468 2056 4508 num
2083 4462 2355 4523 appetere,
2385 4451 2430 4504 si
2457 4464 2668 4518 semper
2718 4460 2939 4500 manens
2973 4445 3022 4496 in
3050 4457 3111 4495 ea
3155 4442 3476 4511 aequalitate,

1936 4545 2099 4601 nollet
2126 4543 2326 4599 homini
2352 4531 2610 4614 [homine]
2641 4538 2805 4601 indui,
2829 4546 2881 4590 et
2905 4535 3205 4589 hominibus
3237 4545 3292 4587 ut
3321 4534 3479 4589 homo

1934 4650 2221 4704 apparere;
2251 4633 2345 4688 sed
2375 4633 2713 4698 semetipsum
2751 4625 3071 4689 exinanivit,
3117 4639 3221 4677 non
3261 4624 3479 4678 formam

1935 4743 2085 4782 suam
2135 4737 2365 4788 mutans,
2417 4721 2507 4776 sed
2539 4721 2759 4773 formam
2793 4716 2929 4769 servi
2975 4716 3261 4782 accipiens,
3305 4729 3473 4780 neque

1936 4831 2221 4874 conversus
2252 4825 2339 4868 aut
2370 4819 2750 4867 trausmutatus
2773 4807 2823 4861 in
2856 4806 3139 4868 hominem,
3175 4804 3364 4857 amissa
3399 4802 3479 4856 iu-

1934 4906 2294 4965 commutabili
2332 4903 2656 4964 stabilitate;
2685 4898 2779 4952 sed
2818 4907 3065 4964 tanquam
3099 4908 3281 4947 verum
3310 4891 3479 4945 homi-

1937 5013 2056 5054 nem
2084 4994 2434 5063 suscipiendo,
2462 4993 2576 5061 ipse
2596 4999 2869 5057 susceptor
2896 4987 2946 5040 in
2986 4983 3326 5040 similitudine
3357 4983 3374 5053 ί
3407 4985 3480 5037 si-

1936 5080 2307 5152 militudinem]
2337 5081 2602 5152 hominum
2626 5077 2813 5144 factus,
2843 5091 2943 5128 non
2991 5075 3106 5137 sibi,
3141 5072 3231 5125 sed
3261 5072 3337 5124 eis
3363 5075 3477 5140 qui-

1938 5180 2031 5233 bus
2053 5179 2103 5232 in
2129 5149 2339 5230 homine
2359 5149 2616 5242 apparuit,
2649 5168 2827 5222 habitu
2853 5166 3088 5220 inventus
3118 5172 3196 5214 est
3224 5173 3275 5214 ut
3297 5161 3474 5227 homo,

1936 5267 1986 5321 id
2011 5274 2112 5329 est,
2129 5261 2370 5317 habendo
2386 5261 2654 5313 hominem
2681 5258 2921 5310 inventus
2952 5261 3006 5305 ut
3056 5249 3212 5302 homo
3240 5259 3347 5312 est;
3374 5265 3477 5302 non

1933 5360 2072 5415 cnim
2093 5366 2300 5426 poterat
2329 5333 2750 5426 [Deus]inveniri
2808 5355 2862 5399 ut
2916 5345 3073 5397 homo
3121 5341 3188 5394 ab
3245 5339 3325 5391 his
3375 5339 3463 5406 qui

1930 5467 2024 5509 cor
2050 5448 2378 5506 immundum
2408 5445 2690 5511 habebant,
2720 5448 2772 5496 et
2815 5435 3042 5494 Verbum
3083 5430 3220 5502 apud
3254 5430 3463 5486 Patrem
