3874 6226
367 196 376 221 ς
439 165 573 221 1059

1497 155 1558 209 D.
1600 149 1912 209 EUGYPPII
1949 145 2236 207 ABBATIS
2276 149 2593 206 AFRiCANl

3552 144 3672 197 1060

435 281 624 334 vium
648 290 754 331 non
784 282 1048 343 poterant,
1079 271 1176 325 nisi
1209 270 1309 325 hoc
1331 268 1671 338 suscipiendo
1691 267 1832 337 quod
1858 279 1984 336 pos-
2021 271 2066 326 Α
2097 266 2303 320 loeutus
2329 277 2411 321 est
2438 265 2668 336 Spiritus
2692 276 2928 331 sanctus,
2954 259 3498 341 opportunissimam
3531 260 3672 315 libris

440 379 560 424 seut
589 365 785 430 videns,
810 373 870 419 et
889 379 982 431 per
1009 360 1148 431 quod
1177 361 1244 414 ad
1271 359 1400 414 illud
1431 359 1608 412 lumen
1633 358 1856 412 interius
1885 357 1989 409 du-

439 467 708 512 eerentur.
739 455 839 507 Iste
865 461 1040 508 autem
1071 451 1285 505 habitus
1313 465 1418 504 non
1451 460 1534 503 est
1560 464 1624 503 ex
1671 449 1846 517 primo
1897 460 1991 515 ge-

438 561 587 608 nere,
617 557 719 597 non
745 544 889 598 enim
914 556 1131 596 manens
1158 541 1208 594 iit
1239 548 1300 596 se
1329 551 1516 594 natura
1547 537 1779 592 hominis
1826 541 1990 591 natu-

436 649 549 688 ram
581 633 674 689 Del
705 634 1067 688 cointnutavit.
1094 633 1275 702 Neque
1300 647 1370 684 ex
1398 629 1661 684 secundo:
1690 643 1796 681 non
1846 626 1988 682 enim

433 724 732 778 immutat-it
752 724 912 777 homo
942 723 1129 786 Deum,
1161 733 1211 776 et
1244 728 1476 774 mutatus
1505 720 1572 772 ab
1613 718 1704 772 illo
1732 727 1855 782 est;
1901 730 1996 770 ne-

433 830 540 884 que
568 831 634 870 ex
664 824 851 883 quarto
875 833 888 868 :
917 831 1018 874 non
1040 815 1180 868 enim
1204 814 1280 868 sic
1301 818 1600 879 assumptus
1629 817 1711 862 est
1735 808 1914 872 homo,
1938 816 1996 861 ut

436 919 606 975 neque
620 908 730 974 ipse
750 914 977 960 mutaret
995 907 1285 968 Deum,nec
1307 904 1372 956 ab
1391 903 1480 955 illo
1495 899 1653 973 [ipso]
1668 909 1991 963 mutaretur;

438 995 531 1047 sed
579 998 753 1062 potius
800 1008 862 1048 ex
905 995 1084 1059 tertio,
1136 995 1214 1048 sic
1266 994 1405 1046 enim
1457 1001 1760 1060 assumptus
1809 999 1892 1045 est
1937 999 1995 1042 ut

432 1086 938 1157 commutaretttrﬁn
966 1087 1170 1148 melius,
1197 1094 1248 1139 et
1273 1086 1338 1138 ab
1364 1099 1428 1138 eo
1452 1080 1790 1152 formaretur]
1814 1083 1996 1137 ineffa-

441 1175 636 1240 biliter,
665 1184 720 1228 et
750 1177 1097 1229 excellentius
1128 1185 1285 1244 atque
1306 1176 1646 1241 coniunctius
1676 1189 1832 1243 quam
1879 1185 1996 1224 ves-

441 1266 585 1330 titus,
619 1280 739 1319 cum
765 1268 829 1318 ab
853 1265 1065 1318 homine
1087 1265 1339 1320 induitur.
1374 1265 1482 1318 lloc
1509 1278 1636 1332 ergo
1666 1264 1879 1317 nomine
1902 1261 1996 1315 ha-

441 1353 580 1407 bitus
597 1356 724 1407 satis
741 1355 1052 1423 signiﬁcavit
1066 1355 1351 1422 Apostolus
1367 1355 1809 1419 quemadmodum
1837 1354 1991 1406 dixe-

437 1444 506 1496 rit
531 1460 547 1498 :
579 1445 631 1497 ltt
656 1443 994 1498 similitudine
1020 1443 1469 1515 [similitudinem]
1493 1443 1767 1497 hominum
1799 1441 1992 1506 factus,

435 1534 555 1601 quia
603 1546 706 1588 non
756 1534 1219 1602 transiiguratione
1261 1536 1313 1588 in
1347 1534 1639 1596 hominem.
1682 1533 1775 1590 sed
1815 1532 1994 1585 habitu

2097 371 2316 424 ponere,
2347 365 2407 410 ut
2434 358 2579 411 Verbi
2607 371 2790 422 causa,
2818 358 3069 425 quoniam
3098 355 3482 412 difﬁcillima
3512 360 3596 408 est
3621 365 3669 404 ut

2095 447 2256 500 homo
2284 446 2480 514 aliquid
2523 446 2754 499 vindicet
2808 446 2923 500 sine
2947 449 3049 512 ira,
3077 447 3310 500 vindicta
3335 443 3530 517 {vindii
3549 439 3672 512 ta]

2095 538 2211 602 Dei,
2232 554 2350 607 qua
2371 537 2586 591 omnino
2607 537 2727 591 sine
2754 537 2850 590 ista
2875 538 3274 603 perturbatione
3290 537 3361 590 sit
3383 531 3515 608 [iit],
3540 533 3665 585 iram

2099 639 2275 682 tamen
2307 629 2596 682 vocandum
2636 627 3027 697 judicaverunt.
3082 627 3212 682 item
3254 627 3387 698 quia
3438 621 3668 692 oonjugii

2095 721 2388 774 castitatem
2421 718 2644 774 zelondo
2670 717 2768 771 viri
2794 719 3064 772 custodire
3079 725 3498 780 consueverunt,
3519 715 3660 768 illam

2097 808 2187 863 Dei
2213 808 2620 878 providentiam,
2649 824 2743 874 per
2764 823 2919 877 quam
2949 809 3254 877 praecipitur
3296 819 3452 877 atque
3496 809 3665 876 agitor

2095 913 2162 953 ne
2175 899 2347 951 anima
2362 910 2748 966 corrumpatur,
2767 898 2963 952 etdevs
2983 898 3112 952 alios
3126 908 3283 968 atque
3295 899 3424 952 alios
3435 912 3666 967 sequens

2096 987 2490 1056 quodammodo
2516 989 2902 1053 meretricetur,
2929 989 3101 1042 selum
3129 989 3219 1042 Dei
3240 989 3659 1055 appellaverunt.

2096 1075 2183 1131 Sic
2203 1083 2256 1130 et
2301 1091 2514 1130 manum
2547 1076 2639 1131 Dei
2669 1077 2775 1130 vim
2823 1086 3096 1146 operatur,
3119 1088 3174 1131 et
3219 1077 3385 1146 pedes
3424 1077 3515 1131 Dei
3560 1078 3662 1128 vim

2099 1182 2202 1236 qua
2239 1167 2416 1222 omnia
2462 1167 2810 1223 custodienda
2837 1177 2892 1221 et
2917 1166 3259 1238 gubernanda
3291 1167 3583 1235 pertendit;
3611 1175 3661 1220 et

2097 1271 2253 1311 aures
2311 1258 2404 1312 Dei
2461 1258 2543 1312 vel
2598 1259 2783 1313 oculos
2840 1258 2933 1313 Dei
2981 1257 3089 1313 vim
3153 1272 3254 1331 qua
3305 1257 3479 1314 omnia
3542 1270 3662 1325 per-

2062 1346 2225 1414 cipit
2281 1355 2440 1415 atque
2495 1347 2774 1418 intelligit;
2837 1358 2891 1401 et
2966 1347 3152 1402 faciem
3223 1348 3317 1406 Dei
3389 1347 3483 1402 vim
3556 1359 3656 1416 qm

2098 1449 2157 1489 se
2231 1437 2534 1491 manifestat
2604 1449 2765 1506 atque
2842 1439 3170 1507 dignoscitur
3209 1480 3225 1503 ,
3309 1448 3368 1498 et
3440 1448 3654 1493 cetera.

2098 1524 2158 1579 ιη
2213 1528 2354 1582 hunc
2406 1531 2664 1593 modum,
2722 1538 3006 1599 propterea
3076 1529 3283 1584 scilicet
3328 1529 3445 1594 quia
3503 1545 3535 1582 ιι
3576 1543 3602 1582 s
3634 1570 3648 1590 ,

437 1625 601 1677 factus
631 1623 1044 1697 [inventoslcsn
1069 1640 1188 1677 cum
1223 1621 1438 1678 indutus
1465 1634 1548 1679 εει
1594 1625 1809 1677 homine
1839 1637 1996 1692 quem
2029 1615 2073 1675 Β
2102 1620 2165 1673 ad
2221 1635 2356 1689 quos
2410 1636 2590 1676 sermo
2628 1622 2705 1686 lit,
2758 1631 2813 1677 ει
2851 1623 3091 1677 manibus
3145 1621 3381 1677 solemus
3433 1623 3639 1690 operari

436 1713 536 1767 sibi
567 1713 752 1767 uniens
781 1714 1170 1782 quodammodo
1198 1723 1353 1782 atque
1381 1713 1741 1776 conformans,
1767 1712 1988 1767 immor-

438 1803 634 1857 talitati
681 1804 1068 1871 mlernitatique
1109 1803 1354 1858 sociaret.
1409 1803 1512 1858 Sed
1564 1804 1707 1857 illum
1759 1803 1993 1856 habitum

435 1891 622 1956 quiest
651 1891 703 1945 in
734 1894 1072 1960 perceptione
1100 1887 1370 1960 sapienti-.e
1398 1899 1454 1946 et
1482 1891 1794 1958 disciplina»,
1835 1890 1990 1944 Crte-

434 1981 482 2033 ci
535 1982 633 2045 ἴξιν
679 1991 904 2054 vocant;
963 1981 1100 2037 hunc
1153 1991 1326 2036 autem
1374 1982 1659 2036 secundum
1705 1995 1862 2050 quem
1908 1981 1992 2034 di-

434 2067 604 2124 cimus
652 2072 895 2124 vestitum
928 2071 1010 2125 vel
1054 2081 1314 2126 armatum
1366 2080 1552 2145 σχῆμα
1583 2074 1758 2140 potius
1803 2071 1993 2140 appel-

437 2158 584 2225 lant;
608 2172 672 2214 es
702 2173 806 2229 quo
837 2161 1143 2230 intelligitur
1159 2161 1229 2217 de
1255 2163 1356 2216 isto
1381 2174 1577 2231 genere
1600 2160 1810 2215 habitus
1843 2160 1993 2215 locu-

437 2258 543 2303 tum
573 2250 908 2319 Apostolum,
935 2253 1363 2323 quandoquidem
1396 2255 1449 2308 in
1478 2252 1679 2308 Griecis
1717 2252 1992 2322 exempla-

441 2341 591 2396 ribus
615 2348 856 2415 σχήματι
882 2345 1134 2414 scriptum
1165 2351 1268 2413 est,
1297 2345 1436 2414 quod
1467 2359 1565 2399 nos
1602 2346 1653 2400 in
1687 2344 1863 2399 latinis
1901 2346 1994 2399 lin-

439 2431 544 2485 bitn
598 2434 872 2488 habemus.
930 2436 1046 2500 Quo
1091 2436 1306 2491 nomine
1352 2445 1565 2505 oportet
1603 2435 1845 2507 intelligi,
1886 2449 1993 2491 non

434 2531 700 2577 mutatum
743 2538 861 2579 esse
907 2526 1127 2579 verbum
1172 2526 1508 2594 susceptione
1554 2523 1998 2590 hominis,,sieut

441 2626 542 2666 nec
573 2613 806 2667 membra
835 2623 981 2668 veste
1007 2615 1186 2669 induta
1233 2626 1523 2681 mutantur,
1563 2630 1860 2686 quanquam
1908 2615 1995 2670 illa

438 2707 706 2772 susceptio
732 2705 1064 2761 ineﬂ’abiliter
1090 2717 1391 2777 susceptum
1440 2707 1748 2777 suscipienti
1775 2707 1998 2776 copula-v

441 2791 619 2857 verit;
650 2794 743 2848 sed
775 2805 1027 2863 quantum
1074 2797 1239 2851 verba
1270 2796 1496 2852 humana
1526 2797 1682 2852 rebus
1725 2796 2000 2852 ineﬂ'abili-

441 2884 540 2938 bus
560 2888 795 2954 coaptari
827 2897 1066 2957 possunt,
1096 2904 1162 2943 ne
1192 2895 1424 2943 mutatus
1452 2879 1783 2960 intelligatur
1833 2888 1994 2955 Deus,

444 2981 688 3032 humanae
718 2978 1014 3047 fragilitatis
1038 2991 1360 3050 assumptor,
1391 2978 1617 3035 electum
1643 2987 1726 3034 est
1752 2987 1810 3034 ut
1842 2979 1989 3035 Grae-
2029 2962 2074 3025 Ο
2104 2977 2127 2989 ”

438 3080 504 3122 ce
544 3076 730 3140 σχῆμα
747 3109 763 3134 ,
797 3079 853 3124 ει
878 3070 1061 3125 Latine
1085 3068 1285 3124 habitus
1308 3069 1574 3125 diceretur
1597 3068 1689 3124 illa
1711 3072 2001 3140 susceptio.

909 3229 1132 3286 CAPUT
1163 3229 1508 3290 CCCXXXV.

793 3362 873 3420 De
897 3364 1175 3433 alimentis,
1191 3381 1255 3420 ea:
1277 3367 1453 3420 eodem
1495 3366 1642 3422 libro.

504 3518 638 3587 Quid
666 3526 750 3574 est
774 3519 913 3588 quod
938 3521 1126 3586 accipit
1174 3532 1292 3575 eam
1325 3535 1437 3577 rem
1487 3534 1644 3592 quam
1690 3533 2001 3590 commutat,

443 3624 496 3666 ttt
526 3613 720 3666 animai
747 3613 924 3666 cibum
945 3614 968 3665 ?
989 3613 1112 3680 quid
1143 3625 1220 3667 est
1241 3615 1382 3683 quod
1410 3615 1666 3684 accipitur
1685 3623 1740 3670 et
1767 3629 2006 3670 commu~

443 3711 601 3769 tatur,
624 3711 680 3757 ot
707 3703 842 3756 idem
874 3702 1068 3763 cibus!
1096 3701 1219 3772 quid
1245 3713 1328 3758 est
1365 3705 1505 3773 quod
1533 3705 1788 3774 accipitur
1809 3712 2001 3760 etnon

440 3800 819 3855 commutatur,
848 3801 903 3843 ut
931 3791 1098 3846 oculis
1129 3793 1238 3857 ius,
1262 3793 1358 3866 [et]
1386 3805 1548 3848 sonus
1596 3794 1856 3850 auribus?
1894 3794 2000 3850 Sed

441 3882 557 3937 lucc
613 3895 708 3950 per
753 3894 946 3951 corpus
1001 3884 1196 3952 accipit
1237 3884 1435 3939 anima.
1488 3885 1623 3953 Quid
1691 3880 1772 3941 est
1820 3898 1999 3942 autem

439 3957 577 4040 quod
608 3985 702 4039 per
724 3973 951 4041 seipsam
981 3973 1172 4043 accipit
1196 3983 1249 4028 et
1268 3985 1559 4030 εοηιιηιιιειι
1591 3963 1642 4030 in
1673 3990 1732 4032 se
1763 3984 1818 4030 ut
1839 3977 1996 4030 aliam

442 4064 692 4126 animant,
716 4079 872 4131 quam
900 4063 1202 4132 recipiendo
1231 4066 1283 4119 in
1312 4067 1596 4122 amicitiam
1626 4068 1707 4122 sui
1764 4068 1996 4123 similem

441 4154 610 4208 facit?
637 4163 691 4208 et
715 4154 840 4222 quid
872 4165 954 4208 est
979 4155 1119 4236 quod
1147 4169 1238 4223 per
1262 4158 1489 4220 seipsam
1542 4159 1750 4228 accipit,
1803 4168 1856 4215 et
1896 4175 1998 4214 non

446 4255 757 4310 commutat,
790 4256 845 4299 ut
878 4244 1190 4300 veritatem?
1217 4248 1393 4313 Quare
1439 4251 1862 4317 cognoscendum
1894 4261 1997 4317 est,

441 4341 498 4386 et
525 4334 646 4401 quid
677 4335 744 4387 sit
769 4335 927 4389 Petro
954 4336 1174 4402 dictum,
1209 4337 1370 4390 Macta
1402 4348 1454 4392 et
1482 4341 1773 4408 manduca;
1803 4344 2000 4412 etquid
2034 4325 2082 4386 υ

446 4423 496 4475 in
531 4422 830 4492 Evangelio,
865 4424 929 4477 Et
954 4426 1058 4478 vita
1086 4435 1200 4479 erat
1222 4427 1306 4481 lux
1341 4430 1633 4486 hominum.
1951 4445 1955 4449 '

914 4602 1137 4658 CAPUT
1174 4603 1535 4661 CCCXXX“.

454 4755 529 4809 De
555 4772 612 4809 eo
634 4758 767 4825 quod
799 4757 989 4810 dictum
1018 4769 1124 4811 est:
1160 4758 1370 4834 Pmnifet
1420 4779 1499 4817 me
1527 4765 1775 4818 hominem
1802 4767 2000 4834 fecisse,

1010 4844 1072 4880 ex
1093 4832 1264 4883 eodem
1296 4833 1440 4884 libro.

522 4981 718 5034 Divina:
743 4980 1052 5050 Scripturae,
1082 4997 1108 5033 a
1142 4991 1354 5037 terreno
1379 4992 1432 5037 et
1456 4983 1687 5041 humano
1727 5002 1884 5042 sensu
1936 4988 2001 5042 ad

447 5070 678 5123 divinum
725 5080 780 5125 et
821 5073 1095 5126 cmlestem
1144 5087 1240 5126 nos
1287 5075 1572 5143 erigentes,
1622 5091 1788 5145 usque
1836 5079 1900 5132 ad
1941 5095 2000 5133 ea

447 5159 602 5212 vetba
633 5159 1040 5226 descenderunt,
1100 5165 1290 5231 quibus
1322 5167 1457 5218 inter
1481 5178 1539 5220 se
1568 5169 2000 5224 stultissimorutu

446 5250 606 5302 etiam
637 5253 797 5303 utitur
817 5255 1164 5309 consuetudo.
1197 5256 1379 5322 Itaque
1421 5257 1578 5310 etiam
1615 5273 1798 5313 earum
1843 5261 2002 5314 affec-

450 5341 648 5393 tionum
705 5346 938 5409 nomina,
972 5361 1103 5414 quas
1132 5349 1343 5402 animus
1391 5361 1571 5404 noster
1617 5353 1832 5419 patitur,
1875 5367 2007 5422 quas

454 5428 759 5497 longissime
789 5449 815 5484 τι
848 5434 952 5488 Dco
983 5452 1098 5490 esse
1120 5439 1410 5507 sejunctas,
1433 5441 1539 5507 jam
1568 5443 1652 5512 qui
1688 5444 1875 5496 melius
1922 5460 2008 5498 sa-

455 5517 551 5581 pit.
601 5521 858 5592 intelligit,
915 5541 1016 5580 non
1046 5530 1416 5586 dubitaverunt
1452 5534 1521 5587 illi
1570 5536 1662 5588 viri
1723 5550 1812 5602 per
1856 5551 1983 5603 quos

2097 1710 2203 1780 95
2231 1719 2282 1764 et
2312 1709 2535 1779 pedibus
2559 1711 2825 1774 incedere,
2857 1721 2914 1767 et
2959 1728 3062 1781 quo
3104 1713 3207 1767 fert
3235 1712 3437 1764 animus
3473 1728 3654 1779 perve-

2099 1800 2234 1863 nire,
2263 1811 2314 1855 et
2344 1803 2560 1857 auribus
2572 1813 2727 1872 atque
2751 1804 2916 1857 oculis
2939 1803 3254 1870 ceterisque
3277 1802 3506 1857 sensibus
3526 1817 3646 1857 enr-

2098 1889 2240 1954 pot-is
2263 1891 2556 1958 corporalia
2589 1892 2861 1960 percipere
2883 1899 2938 1946 et
2967 1891 3099 1946 facie
3131 1891 3487 1957 innotescere;
3513 1905 3566 1946 et
3595 1893 3639 1945 si

2095 1978 2218 2047 quid
2251 1979 2394 2033 aliud
2418 1981 2484 2034 ad
2528 1982 2666 2035 hanc
2697 1989 2941 2049 tanquam
2972 1981 3208 2050 regulam
3252 1981 3488 2049 pertinet.
3533 1982 3642 2035 lloc

2097 2066 2254 2121 modo
2289 2067 2449 2136 igitur
2476 2069 2726 2138 quoniam
2771 2079 2976 2125 mutare
3012 2079 3223 2138 ceptum
3270 2071 3488 2140 aliquod,
3515 2080 3566 2125 et
3591 2072 3639 2123 in

2094 2156 2234 2210 aliud
2265 2154 2583 2224 transferre,
2615 2173 2721 2212 non
2744 2161 2885 2214 ferre
2910 2157 3107 2232 [facile]
3138 2159 3388 2224 solemus,
3413 2161 3500 2215 nisi
3538 2176 3640 2228 pm-

2095 2245 2330 2313 nitendo,
2359 2262 2657 2318 quanquam
2682 2247 2858 2302 divina
2887 2247 3217 2316 providentia
3260 2263 3440 2304 serena
3462 2262 3627 2303 mente

2096 2339 2419 2394 intuentibus
2451 2349 2701 2410 appareat
2724 2352 2913 2396 cuneta
2951 2339 3251 2395 certissimo
3277 2338 3454 2395 ordine
3477 2341 3634 2393 admi-

2099 2429 2322 2482 nistrare
2338 2426 2426 2500 [ad
2439 2425 2771 2500 ministrari],
2793 2429 3344 2484 accommodatissime
3367 2440 3542 2492 tamen,
3567 2429 3630 2482 ad

2105 2517 2356 2572 humilem
2386 2518 2673 2572 humanam
2702 2517 3126 2590 inteliigentiam,
3169 2532 3230 2573 ea
3261 2534 3378 2588 qua
3406 2518 3636 2588 incipiunt

2097 2623 2238 2673 esse,
2303 2625 2478 2680 neque
2545 2620 2891 2681 perseverant
2963 2620 3217 2680 quantum
3268 2621 3635 2678 perseveratum

2096 2709 2303 2767 sperata
2344 2710 2491 2767 sunt,
2531 2703 2679 2772 quasi
2716 2716 2810 2771 per
2840 2716 2960 2770 paen
2986 2699 3201 2757 tentiam
3250 2696 3636 2772 [Deiidieuntur

2099 2784 2294 2845 ablata.

2562 2929 2783 2986 CAPUT
2820 2927 3208 2986 CCCXXXVII.

2107 3063 2184 3122 De
2228 3084 2284 3121 ra
2314 3065 2452 3135 quod
2492 3069 2730 3135 scripturn
2756 3079 2827 3120 est
2859 3084 2879 3122 :
2911 3067 3190 3134 Sexaginta
3216 3078 3334 3123 sunt
3373 3069 3556 3137 regina,
3598 3077 3635 3121 et

2593 3137 2843 3208 octaginta
2874 3137 3190 3192 concubina.

2178 3274 2433 3330 Denarius
2463 3288 2717 3329 numerus
2758 3283 2934 3341 potest
2971 3273 3278 3344 significare
3316 3274 3640 3330 universitatis

2106 3366 2405 3430 scientiam,
2435 3380 2554 3435 qum
2578 3364 2624 3419 si
2653 3364 2718 3419 ad
2751 3364 3000 3420 interiora
3028 3375 3081 3421 st
3110 3365 3177 3419 ad
3204 3365 3533 3434 iielligibilia
3555 3378 3632 3418 re-

2107 3456 2329 3520 feratur,
2378 3471 2496 3524 qua:
2539 3455 2751 3510 senario
2794 3470 3015 3511 numero
3062 3454 3641 3528 significantur[signili-

2106 3545 2306 3616 catur],
2333 3545 2389 3599 fit
2419 3545 2567 3614 quasi
2597 3545 2777 3600 decies
2797 3546 2992 3612 sexies,
3020 3545 3159 3614 quod
3185 3556 3266 3600 est
3295 3546 3578 3615 sexaginta;
3602 3544 3640 3597 si

2106 3637 2170 3690 ad
2203 3645 2411 3691 terrena
2443 3645 2496 3691 et
2518 3635 2903 3704 corruptibilis,
2932 3650 3050 3703 quae
3077 3637 3419 3704 octogenario
3445 3649 3640 3689 numero

2107 3725 2395 3794 significari
2429 3733 2671 3790 possunt,
2703 3725 2838 3778 iiunt
2867 3723 3048 3780 decies
3077 3725 3265 3788 octies,
3295 3725 3432 3794 quod
3459 3733 3535 3780 est
3559 3737 3639 3778 oc-

2108 3817 2331 3885 toginta.
2365 3816 2581 3886 Regium
2608 3833 2736 3884 ergo
2765 3823 2888 3869 sunt
2930 3815 3142 3879 animae,
3184 3817 3463 3884 regnantes
3497 3817 3544 3870 in
3571 3816 3640 3867 in-

2105 3906 2471 3976 telligibilibus
2537 3916 2590 3961 ει
2651 3906 3064 3975 spiritualibus;
3131 3907 3486 3972 concubinae,
3540 3921 3640 3976 qua

2106 3997 2404 4052 mercedem
2447 3998 2714 4065 accipiunt
2738 4006 3096 4075 terrenarum,
3138 3998 3208 4054 de
3247 4000 3439 4068 quibus
3463 3999 3637 4053 dictum

2104 4098 2184 4142 est
2228 4103 2242 4141 :
2284 4089 2619 4156 Acceperunt
2673 4088 2970 4144 mercedem
3024 4102 3173 4143 suam
3220 4087 3637 4152 adulescentulas,

2103 4191 2325 4245 quarum
2360 4193 2462 4229 non
2495 4187 2575 4230 est
2604 4192 2870 4243 numerus,
2903 4191 3122 4246 quarum
3162 4193 3269 4232 non
3304 4187 3387 4232 est
3422 4178 3643 4232 determi-

2107 4279 2226 4321 nata
2278 4267 2540 4334 scientia,
2602 4277 2658 4323 et
2715 4269 2939 4323 diversis
2994 4269 3330 4338 dogmatibus
3387 4268 3641 4338 periclita'i

2109 4373 2346 4429 possunt.
2399 4371 2456 4416 ut
2505 4378 2776 4425 numerus,
2823 4362 2963 4431 quod
3013 4363 3210 4416 dictum
3263 4373 3366 4434 est.
3410 4363 3642 4432 signiticet

2107 4462 2306 4506 certam
2335 4460 2389 4506 et
2419 4452 2770 4506 indubitatam
2799 4452 3252 4509 confirmationem
3282 4455 3528 4511 scientiae.

2563 4589 2638 4643 De
2663 4591 2963 4661 temporibus
2989 4595 3211 4646 trientis.

2180 4720 2356 4787 Quaari
2390 4730 2561 4787 potest
2603 4717 2869 4790 quomodo
2911 4722 2979 4775 ab
3015 4725 3255 4790 apostolo
3285 4725 3444 4780 Paulo
3467 4728 3632 4780 dictum

2109 4809 2169 4861 sit
2203 4825 2217 4861 :
2249 4810 2383 4863 Ante
2421 4818 2654 4876 tempora
2701 4821 2918 4864 eterna.
2968 4811 3024 4866 Si
3065 4813 3205 4865 enim
3253 4824 3478 4882 tempora
3522 4831 3634 4880 qun-

2109 4899 2267 4951 modo
2293 4899 2520 4954 aeterna?
2551 4899 2646 4952 nisi
2673 4898 2803 4953 forte
2827 4909 2948 4954 ante
2971 4901 3150 4955 omnia
3167 4912 3424 4970 tempora,
3451 4903 3633 4970 intelligi

2109 4989 2289 5040 voluit.
2321 4989 2449 5054 Quia
2482 4989 2523 5041 si
2568 4987 2804 5051 dixisset,
2849 4989 2982 5043 Ante
3012 5000 3274 5058 tempora,
3313 5008 3475 5060 neque
3504 4990 3630 5045 addi-

2110 5077 2291 5140 disset,
2321 5069 2538 5136 interna.
2574 5091 2749 5144 posset
2778 5079 2941 5150 accipi
2980 5093 3105 5136 ante
3135 5084 3374 5150 quaedam
3409 5095 3626 5151 temp-mn.

2111 5183 2226 5234 qua:
2257 5177 2377 5221 ante
2417 5182 2476 5223 se
2519 5169 2774 5226 haberent
2815 5172 2914 5225 alia
2963 5182 3228 5238 tempora;
3269 5184 3456 5227 a'terua
3483 5182 3622 5224 autem

2111 5257 2504 5323 nialttitdicere,
2521 5275 2675 5325 quam
2690 5261 2905 5314 omnino
2919 5259 3162 5331 [omnia],
3182 5261 3401 5316 fortasse
3415 5262 3517 5315 idco
3529 5259 3620 5328 quin

2111 5360 2317 5417 tempus
2354 5366 2457 5402 non
2496 5352 2654 5420 cwpit
2686 5366 2748 5406 ex
2794 5361 3048 5420 tempore.
3095 5355 3173 5406 Αιι
3208 5362 3398 5406 :eterna
3431 5363 3620 5416 tempta

2110 5453 2279 5490 sevum
2311 5439 2629 5508 significavit
2661 5460 2673 5494 :
2706 5443 2840 5495 inter
2866 5442 3005 5509 quod
3037 5433 3098 5497 et.
3120 5453 3323 5511 tempus
3353 5445 3442 5496 bne
3471 5443 3614 5498 distat,

2112 5532 2247 5601 quod
2273 5531 2397 5585 illul
2428 5535 2615 5588 stabile
2645 5545 2743 5602 est,
2770 5544 2975 5604 tempus
3005 5543 3178 5589 autem
3211 5533 3481 5588 mutabile?
