3874 6226
143 257 268 314 {filii

605 359 828 426 CAPUT
867 364 1279 423 cccxxxvnt.

144 464 449 519 Dehomme
473 465 610 533 facta
654 464 718 514 ad
754 457 1498 533 intogt'netnefsimilitudinem
1523 455 1731 519 Densa:

766 536 940 582 eodcnt
979 527 1126 580 libro.

207 645 348 700 Cum
404 634 825 700 interiorcm’et
868 639 1188 695 exteriorem
1234 639 1502 693 hominem
1550 637 1732 692 divina

135 734 428 804 Scriptura
460 723 863 794 commemoret,
883 729 1000 785 etin
1026 741 1224 782 tantum
1241 744 1337 786 eos
1363 729 1650 794 discernat,
1679 737 1736 782 ut

135 829 202 878 ab
249 824 532 893 Apostolo
562 822 760 875 dictum
785 821 854 872 sit
885 835 909 872 :-
932 819 996 873 Et
1024 817 1069 872 si
1098 822 1332 872 exterior
1362 819 1523 872 homo
1555 827 1738 871 noster

139 913 548 981 corrumpitur,
575 910 669 965 sed
701 909 924 963 interior
954 918 1240 962 renovatur
1269 908 1335 962 de
1360 907 1446 961 die
1468 908 1520 962 in
1554 907 1693 959 diem
1719 923 1735 960 :

134 1003 304 1073 qumri
341 1011 528 1071 potest
574 1012 744 1054 utrum
777 1015 909 1053 unus
939 998 1127 1053 horum
1187 999 1355 1052 factus
1399 997 1469 1050 sit
1508 996 1573 1050 ad
1607 996 1738 1049 ima-

140 1098 325 1164 ginem
356 1103 418 1148 et
450 1091 849 1146 similitudinem
885 1090 1006 1156 Dei;
1032 1103 1153 1144 nam
1187 1088 1314 1142 illud
1341 1102 1582 1158 quaerere
1610 1087 1740 1140 stul-

138 1199 253 1240 tum
308 1194 421 1247 est,
470 1185 513 1240 si
565 1200 700 1239 unus
736 1193 854 1252 quis
900 1182 1140 1236 horum?
1184 1180 1312 1246 Quis
1351 1180 1496 1234 enim
1535 1179 1744 1233 dubiut

134 1291 264 1329 eum
301 1276 494 1344 potius
537 1275 625 1343 qui
665 1282 975 1341 renovatur,
1021 1286 1178 1341 quam
1212 1286 1332 1325 eum
1378 1271 1467 1340 qui
1502 1285 1743 1326 corrum—

143 1367 293 1433 pitur
337 1366 569 1420 dicere?
611 1374 787 1418 utrum
837 1375 1014 1418 autem
1063 1363 1244 1427 ambo,
1286 1377 1472 1433 magna
1519 1364 1744 1432 quaestio

144 1463 251 1509 est.
287 1454 436 1509 Nam
479 1453 568 1528 [si]
597 1456 830 1509 exterior
861 1453 1020 1507 homo
1064 1463 1145 1507 est
1191 1453 1383 1521 Adam,
1424 1465 1479 1507 et
1523 1453 1745 1508 interior

146 1548 436 1613 tihristus,
472 1549 608 1602 bene
646 1546 801 1600 ambo
837 1545 1226 1613 intelliguntur.
1269 1543 1374 1598 Sed
1411 1559 1531 1598 cum
1576 1544 1741 1597 Adam

141 1636 290 1690 sicut
321 1652 354 1689 a
390 1637 506 1689 Deo
541 1637 707 1688 factus
746 1641 826 1686 est
856 1632 1048 1698 bonus,
1084 1647 1186 1685 non
1232 1632 1507 1696 manserit,
1537 1641 1590 1685 et
1619 1632 1742 1684 dili-

1266 252 1686 310 TIIESAURUS.
1729 255 1812 311 CA
1824 254 1881 310 f’.
1922 253 2300 310 CCCXXXIX.

3264 262 3285 316 Ι
3295 261 3399 319 0σῆ

1759 377 1804 428 Λ
1833 369 1876 420 si
1907 367 2144 423 exterior
2175 369 2356 432 homo,
2392 366 2501 420 vita
2529 366 2613 420 illa
2656 365 2912 436 accipitur
2950 382 3049 436 qua
3089 383 3182 437 per
3207 387 3397 441 corpus

1832 459 2092 512 sentimus
2115 459 2346 527 quinque
2376 456 2665 512 notissimis
2690 458 2958 524 sensibus,
2999 474 3132 528 quos
3155 477 3272 516 eum
3304 480 3398 530 pc-

1833 565 1897 604 co
1929 550 2044 605 ibus
2071 552 2328 606 habemus
2367 565 2677 605 communes
2710 568 2721 604 :
2755 567 2874 605 nam
2913 563 2967 606 et
2998 552 3106 621 ipsa
3140 553 3400 608 molestiis

1834 643 2281 711 sensiliilibusque
2302 641 2756 710 persecutionibus
2777 642 3104 710 ingeruntur,
3125 645 3398 713 corrumpi

1836 740 2009 799 potest
2041 749 2053 784 :
2092 749 2195 786 non
2239 732 2505 786 immerito
2531 741 2581 784 et
2621 731 2720 786 iste
2759 728 2916 801 [ipse]
2948 735 3105 786 homo
3135 735 3401 801 particeps

1839 819 2034 873 dicitur
2061 821 2424 874 simiiitudinis
2452 820 2568 887 Dei,
2600 834 2704 874 non
2737 819 2911 873 solum
2939 821 3058 888 quia
3087 823 3236 888 vivit,
3260 823 3402 892 quod

1838 912 1997 964 t'liatn
2023 912 2074 966 in
2097 913 2281 967 bestiis
2299 923 2537 982 apparet,
2561 914 2653 968 sed
2674 914 2901 981 amplius
2921 916 3058 984 quod
3080 917 3143 970 ad
3171 927 3403 972 mentem

1838 1003 2164 1054 convertitur
2207 1017 2266 1057 se
2305 1014 2601 1073 regentem,
2650 1019 2806 1073 quam
2854 1004 3083 1058 illustrat
3122 1007 3405 1076 sapientia,

1840 1089 1979 1157 quod
2013 1091 2064 1143 in
2095 1089 2279 1145 bestiis
2309 1106 2414 1146 non
2447 1101 2642 1162 potest,
2676 1092 2882 1147 ratione
2920 1095 3242 1147 carentsbus.
3273 1094 3408 1148 Cor-

1844 1195 1941 1248 pus
1979 1195 2188 1250 quoque
2239 1181 2486 1246 hominis,
2532 1183 2653 1250 quia
2701 1182 2875 1236 solum
2921 1182 3060 1236 inter
3099 1183 3407 1236 animalium

1844 1280 2173 1324 terrenorum
2199 1286 2443 1339 corpora,
2470 1271 2598 1343 [non
2621 1270 2867 1342 pronum]
2898 1272 2949 1324 in
2980 1273 3152 1326 alvum
3177 1281 3409 1341 prostra-

1843 1372 1952 1415 tum
1997 1371 2100 1427 est,
2134 1377 2254 1414 cum
2293 1361 2361 1415 sit
2401 1363 2630 1428 visibile,
2661 1363 2752 1416 scd
2783 1363 2848 1416 ad
2878 1363 3184 1418 intuendum
3214 1350 3410 1418 etelum

1843 1463 2101 1517 erectum,
2125 1452 2264 1521 quod
2304 1462 2385 1507 est
2416 1453 2732 1522 principium
2765 1454 3076 1517 visibilium,
3103 1467 3409 1523 quanquam

1845 1558 1950 1597 non
1990 1557 2108 1605 sua,
2135 1542 2228 1596 sed
2255 1542 2449 1597 animae
2491 1544 2771 1612 prmsentia
2819 1543 2997 1597 vivere
3025 1553 3410 1613 cognoscatur;

1847 1643 2022 1689 tamen
2050 1648 2154 1688 non
2181 1633 2358 1701 modo,
2383 1634 2506 1702 quia
2530 1642 2635 1698 est,
2666 1642 2720 1688 et
2745 1635 2796 1688 in
2824 1642 3078 1703 quantum
3106 1642 3206 1694 est.
3231 1633 3412 1701 utique

138 1728 325 1792 gendo
371 1725 631 1787 carnalia,
677 1723 906 1776 carnalis
950 1722 1170 1776 ell'ectns
1214 1722 1306 1785 sit,
1358 1737 1462 1775 non
1511 1721 1737 1776 absurde
1771 1730 1817 1787 Β
1845 1726 2040 1776 bonum
2072 1732 2177 1788 est,
2208 1723 2303 1777 sed
2344 1723 2502 1776 etiam
2534 1723 2656 1792 quia
2688 1724 2792 1777 tale
2827 1734 2928 1789 est,
2977 1732 3034 1777 ut
3075 1724 3141 1778 ad
3173 1733 3412 1778 contem-

141 1817 322 1869 vidcri
392 1824 568 1884 potest
611 1813 710 1866 hoc
758 1812 929 1881 ipsum
976 1810 1026 1865 ei
1081 1811 1242 1865 fuisse
1287 1826 1470 1865 carere
1513 1811 1739 1878 imagine

153 1905 274 1967 Dei,
307 1913 369 1958 et
414 1902 814 1956 similitudinem
844 1902 1112 1966 amittere,
1153 1916 1216 1955 ac
1254 1916 1348 1970 per
1380 1902 1478 1955 hoc
1507 1901 1618 1970 ipse
1655 1917 1741 1956 re-

138 2002 416 2058 novatur,
442 2003 497 2048 et
520 1993 629 2060 ipse
649 2001 728 2046 est
751 1991 908 2046 etiam
933 1991 1176 2046 interior.
1203 1991 1481 2059 Quomodo
1511 2006 1637 2060 ergo
1659 2001 1741 2046 est

147 2087 264 2153 ipse
296 2085 587 2141 exterior?
627 2101 691 2137 an
735 2084 1028 2138 secundum
1059 2099 1273 2151 corpus,
1314 2096 1372 2138 ut
1418 2094 1472 2138 et
1518 2085 1742 2139 interior

149 2178 226 2232 sit
258 2177 567 2233 secundum
600 2177 850 2245 animam,
885 2187 939 2232 et
982 2177 1203 2231 interior
1232 2179 1304 2231 sit
1341 2178 1665 2233 resurrectio
1689 2187 1744 2232 et

148 2270 470 2334 renovatio,
521 2282 638 2336 qua:
683 2281 822 2320 nunc
851 2267 905 2320 lit
953 2268 1245 2322 secundum
1279 2278 1504 2324 mortem
1551 2271 1743 2337 prioris

154 2359 301 2423 vitae,
346 2357 402 2412 id
450 2364 532 2411 est
572 2356 796 2424 peccati,
848 2365 902 2411 et
944 2358 1236 2411 secumlum
1286 2360 1742 2427 regenerationem

149 2463 316 2501 nova:
344 2448 494 2511 vitas,
519 2447 572 2501 id
607 2457 710 2512 est,
737 2447 994 2515 iustitiae;
1021 2463 1156 2516 quos
1187 2450 1308 2502 item
1338 2449 1475 2505 duos
1503 2452 1745 2508 homines
1789 2488 1791 2490 -

153 2541 529 2609 sieappellat,
547 2548 605 2593 ut
625 2554 786 2594 unum
807 2547 1039 2594 veterem
1063 2555 1219 2608 quem
1244 2541 1499 2597 debemus
1523 2559 1741 2610 exuere,

154 2630 392 2684 altrer
435 2644 657 2692 novum.
705 2639 762 2684 et
801 2644 924 2683 eum
970 2629 1294 2684 induendum
1339 2646 1744 2689 commemoret.

153 2721 404 2785 Quorum
436 2734 624 2774 rursus
649 2720 798 2774 illum
827 2720 1061 2788 appellat
1090 2720 1375 2790 imaginem
1409 2725 1604 2778 terreni
1645 2725 1746 2778 ho-

163 2811 359 2880 minis,
386 2810 505 2880 quia
538 2809 826 2865 secundum
868 2819 1142 2878 peccatum
1191 2811 1344 2880 primi
1378 2813 1609 2869 hominis
1654 2830 1783 2885 geo'

169 2899 332 2965 ritur,
387 2900 476 2970 qui
527 2909 607 2955 est
655 2900 852 2964 Adam;
902 2901 1128 2955 alterum
1174 2903 1455 2972 imaginem
1512 2905 1750 2960 ctelestis

170 2990 436 3052 hominis,
465 2989 586 3058 quia
627 2989 914 3044 secundum
957 2989 1218 3058 justitiam
1259 2993 1474 3046 secundi
1523 2993 1752 3049 hominis

1841 1814 2094 1883 plaudunt
2125 1813 2317 1868 coelum
2350 1815 2418 1867 sit
2438 1814 2631 1881 aptius,
2654 1814 2820 1883 magis
2848 1815 2898 1867 in
2923 1816 3024 1866 hoc
3042 1815 3107 1866 ad
3131 1813 3413 1882 imaginem

1842 1913 1897 1956 et
1935 1903 2334 1957 similitudinem
2379 1904 2495 1970 Dei,
2525 1919 2684 1972 quam
2729 1915 2919 1958 czetera
2956 1917 3185 1972 corpora
3213 1905 3414 1958 anima-

1843 1992 1969 2045 lium
2001 1991 2196 2046 factum
2234 1993 2354 2062 jure
2383 1994 2550 2048 videri
2602 2001 2796 2064 potest.
2829 1996 3026 2048 'lamen
3073 1997 3194 2063 quia
3233 1994 3414 2058 homo,

1842 2083 1960 2138 sine
2004 2085 2110 2137 vita
2157 2099 2261 2138 non
2307 2093 2452 2140 recte
2500 2084 2822 2153 appellatur,
2869 2099 2973 2139 non
3005 2099 3201 2154 corpus
3243 2086 3413 2138 solum

1846 2173 2005 2228 homo
2033 2175 2285 2242 exterior,
2317 2190 2490 2243 neque
2531 2176 2644 2229 sola
2699 2177 2829 2242 vita,
2862 2191 2980 2244 qua:
3030 2175 3082 2228 in
3127 2190 3286 2230 sensu
3336 2188 3415 2230 est

1845 2265 2107 2333 corporis,
2136 2267 2229 2318 sed
2264 2275 2546 2335 utrumque
2575 2266 2732 2319 simul
2765 2267 2960 2320 rectius
2992 2265 3218 2321 fortasse
3262 2267 3414 2321 intel-

1847 2356 2045 2423 ligitur.
2096 2344 2276 2423 Neque
2323 2356 2512 2409 inscite
2569 2353 2911 2424 distinguitur
2961 2356 3102 2424 quod
3149 2356 3292 2409 aliud
3345 2358 3416 2410 sit

1850 2446 2025 2514 imago
2062 2455 2117 2501 et
2162 2446 2454 2500 similitudo
2501 2446 2616 2516 Doi,
2665 2447 2752 2516 qui
2801 2447 2958 2501 etiam
3009 2448 3147 2502 [ilius
3192 2447 3414 2511 dicitur;

1849 2535 1990 2588 aliud
2019 2535 2086 2589 ad
2128 2535 2410 2606 imaginem
2439 2545 2492 2590 et
2540 2535 2946 2591 similitudinem
2978 2537 3090 2602 Dei,
3137 2539 3277 2591 sicut
3318 2538 3418 2591 ho-

1852 2628 2048 2682 minem
2076 2629 2272 2683 factum
2293 2629 2606 2696 accipimus.
2629 2630 2764 2682 Sunt
2783 2629 2942 2683 etiam
2971 2630 3060 2698 qui
3088 2645 3192 2683 nou
3220 2630 3413 2684 frustra

1854 2719 2152 2790 intelligant
2180 2721 2286 2776 duo
2327 2721 2467 2776 dicta
2496 2736 2639 2790 esse,
2665 2722 2734 2777 ad
2769 2722 3054 2792 imaginem
3083 2733 3138 2777 et
3171 2723 3418 2778 similitu-

1854 2811 2055 2878 dinem,
2085 2828 2205 2867 cum
2235 2814 2279 2868 si
2309 2828 2410 2867 una
2441 2828 2528 2868 res
2554 2823 2714 2879 esset,
2749 2829 2910 2868 unum
2941 2828 3133 2869 nomen
3170 2813 3419 2869 suflicere

1855 2904 2092 2973 petuisse
2161 2914 2458 2970 asserunt;
2524 2904 2618 2959 sed
2686 2904 2752 2958 ad
2827 2904 3107 2975 imaginem
3185 2914 3416 2960 mentem

1856 2997 2048 3074 tactam
2093 2996 2294 3062 volunt,
2323 3011 2442 3065 quas
2477 2997 2619 3068 nulla
2663 2997 2972 3066 interposita
3002 2996 3315 3062 substantia,
3346 2999 3416 3052 ab

161 3079 396 3147 geritur,
422 3080 508 3146 qui
550 3086 630 3131 est
659 3077 926 3131 Christus.
962 3078 1204 3156 Exterior
1235 3089 1411 3133 autem
1445 3080 1626 3149 homo,
1656 3083 1743 3152 qui
1777 3094 1822 3156 ο
1854 3086 1964 3155 ipsa
2009 3087 2231 3142 veritate
2275 3087 2555 3153 formatur,
2599 3088 2692 3156 qui
2741 3090 2900 3143 etiam
2941 3087 3173 3156 Spiritus
3200 3088 3417 3156 dicitur,

166 3182 313 3222 nunc
359 3167 738 3236 corrumpitur,
786 3167 956 3222 futura
1011 3153 1409 3223 resurrectione
1463 3182 1749 3226 renovatur

162 3257 581 3329 {renovabitur},
613 3274 733 3313 cum
765 3259 922 3313 istam
950 3267 1177 3314 mortem
1208 3260 1550 3330 persolverit,
1587 3277 1743 3331 quam

167 3361 383 3406 natura:
408 3351 566 3404 debet
611 3350 726 3421 lcge
757 3351 844 3404 illa
881 3365 1001 3420 qua:
1030 3352 1083 3406 in
1113 3351 1359 3420 paradiso
1387 3369 1480 3422 per
1510 3370 1746 3424 praecep-

167 3452 280 3495 tum
310 3441 436 3508 data
465 3450 568 3496 est.
615 3441 896 3507 Quomodo
936 3451 1113 3495 autem
1142 3456 1249 3496 non
1291 3444 1362 3497 sit
1400 3445 1745 3515 incongruum

167 3532 313 3600 quod
344 3532 537 3585 dicitur
576 3531 736 3584 etiam
779 3544 975 3600 corpus
1018 3531 1217 3585 factum
1247 3532 1314 3586 ad
1344 3535 1745 3591 similitudinem

171 3621 289 3689 Dei,
319 3620 476 3675 facile
511 3620 754 3689 intelligit
789 3620 878 3689 qui
904 3619 1195 3690 diligenter
1217 3623 1445 3675 attendit
1469 3624 1607 3692 quod
1636 3625 1749 3678 dic-

169 3722 284 3766 tum
327 3719 414 3766 est
463 3731 476 3765 :
512 3710 574 3764 Et
604 3709 728 3764 fecit
772 3710 910 3763 Deus
951 3713 1130 3764 omnia
1176 3711 1313 3765 bona
1356 3713 1532 3768 valde.
1583 3715 1749 3769 Nemo

169 3803 315 3857 cuitu
367 3803 596 3866 dubitat,
624 3815 734 3870 quo
774 3799 959 3873 [quod]
986 3803 1056 3856 sit
1094 3803 1207 3871 ipse
1250 3803 1497 3872 primitus
1542 3805 1745 3872 bonus;

169 3894 361 3946 mtdtis
408 3893 550 3946 enim
582 3892 752 3946 modis
791 3892 898 3946 dici
944 3902 1166 3961 possunt
1216 3908 1301 3947 res
1350 3895 1552 3948 similes
1597 3895 1743 3949 Deo:

170 3984 293 4036 alia:
321 3983 613 4037 secundum
649 3983 894 4036 virtutem
928 3991 984 4036 et
1006 3980 1313 4049 sapientiam
1345 3983 1515 4052 lacus,
1543 3983 1663 4052 quia
1693 3984 1746 4038 in

176 4072 294 4141 ipso
321 4083 408 4128 est
435 4073 599 4126 virtus
635 4081 689 4126 et
721 4072 976 4141 sapientia
1008 4086 1112 4125 non
1155 4071 1272 4126 ficta
1308 4071 1519 4143 [facta];
1547 4073 1667 4127 alia:
1693 4076 1747 4128 in

173 4175 436 4230 quantum
467 4164 635 4218 solum
677 4165 884 4228 vivunt,
915 4162 1035 4231 quia
1066 4163 1157 4217 ille
1179 4177 1385 4218 summe
1411 4174 1465 4218 et
1503 4167 1746 4233 primitus

176 4255 339 4320 vivit;
364 4255 481 4307 alim
509 4254 559 4306 iu
591 4262 841 4321 quantum
873 4262 1019 4318 sunt,
1048 4255 1173 4318 quia
1198 4253 1288 4307 ille
1313 4269 1519 4309 summe
1547 4268 1609 4309 ac
1639 4255 1747 4323 pri-

177 4348 345 4401 mitus
373 4355 477 4401 est.
507 4346 571 4399 Et
601 4346 722 4400 ideo
753 4362 869 4414 quae
892 4346 1253 4400 tantummodo
1277 4358 1420 4410 sunt,
1453 4363 1548 4403 nec
1572 4359 1744 4403 tamen

1852 3195 1956 3234 non
1989 3180 2077 3234 ille
2103 3179 2332 3247 Spiritus
2369 3188 2580 3234 sanctus
2608 3180 2698 3248 qui
2745 3188 2828 3234 cst
2871 3180 2983 3251 96
3023 3178 3261 3248 ejusdem
3292 3181 3418 3233 sub-
3464 3245 3468 3250 η

1849 3273 2081 3340 stantius,
2111 3271 2265 3342 cujus
2294 3272 2451 3328 Pater
2486 3284 2537 3328 et
2570 3272 2758 3340 Filius,
2789 3274 2882 3326 sed
2914 3273 3133 3342 spiritus
3159 3272 3418 3338 hominis;

1851 3377 1970 3415 nam
2005 3365 2076 3415 ita
2122 3363 2377 3418 discernit
2428 3363 2525 3418 hos
2569 3362 2860 3433 Apostolus
2901 3380 2914 3416 :
2949 3377 3069 3417 nam
3116 3379 3274 3419 nemo
3323 3365 3419 3423 scit

1848 3451 1974 3521 quid
2025 3459 2215 3521 agatur
2263 3455 2317 3507 in
2368 3452 2604 3518 homine,
2646 3452 2748 3507 nisi
2791 3454 3010 3522 spiritus
3063 3453 3327 3520 hominis;
3369 3467 3420 3516 ct

1849 3558 2009 3598 nemo
2038 3545 2138 3600 scit
2162 3545 2287 3614 quid
2309 3553 2496 3614 agatur
2518 3546 2570 3600 in
2603 3545 2734 3611 Deo,
2765 3546 2864 3600 nisi
2895 3544 3128 3615 Spiritus
3152 3545 3264 3600 Dei.
3291 3545 3421 3602 item

1850 3644 1918 3693 de
1956 3639 2145 3707 spiritu
2195 3638 2425 3693 hominis
2472 3638 2603 3692 dicit
2645 3656 2661 3693 :
2708 3634 2926 3692 Salvum
2971 3637 3128 3692 faciet
3176 3638 3420 3706 spiritum

1851 3740 2112 3796 vestrum,
2145 3729 2378 3784 animam
2407 3721 2463 3783 ét
2498 3743 2724 3798 corpus;
2753 3739 2808 3785 et
2837 3729 2934 3784 iste
2968 3729 3111 3784 enim
3145 3727 3316 3782 factus
3343 3739 3421 3784 est

1850 3836 1880 3874 a
1911 3822 2040 3887 Deo,
2075 3824 2212 3877 sicut
2241 3832 2429 3877 uetera
2466 3834 2732 3876 creatura.
2777 3824 3043 3891 Scriptum
3075 3833 3156 3876 est
3195 3823 3335 3878 enim
3370 3823 3419 3876 in

1851 3910 2153 3966 Proverbiis
2179 3929 2194 3965 :
2226 3914 2338 3967 lloc
2358 3913 2514 3966 modo
2535 3914 2670 3966 scito
2697 3914 2943 3981 quoniam
2981 3913 3237 3967 Dominus
3259 3913 3419 3967 corda

1850 4002 2086 4056 omnium
2119 4005 2281 4066 novit,
2324 4013 2375 4057 et
2405 4004 2493 4072 qui
2545 4003 2694 4057 finxit
2729 4005 2975 4070 Spiritum
3008 4003 3278 4069 omnibus,
3309 4005 3420 4073 ipse

1850 4094 1950 4148 scit
1976 4094 2173 4147 onmia.
2207 4093 2345 4163 Ergo
2377 4095 2476 4148 iste
2504 4095 2720 4163 spiritus
2747 4095 2814 4147 ad
2847 4095 3130 4164 imag'nem
3161 4095 3252 4149 Dei
3278 4100 3365 4149 nul
3389 4111 3422 4147 ο

1850 4185 2124 4239 dubitante
2175 4183 2344 4238 factus
2389 4187 2668 4254 accipitur,
2699 4187 2752 4240 in
2790 4201 2895 4254 quo
2940 4195 3023 4240 est
3076 4187 3422 4255 intelli'geuta

1851 4273 2120 4341 veritatis;
2170 4274 2337 4329 haeret
2401 4277 2542 4329 enim
2611 4276 2866 4340 veritati,
2917 4276 3058 4330 nulla
3109 4277 3421 4344 interposita

1846 4368 2112 4422 'creatura.
2144 4364 2350 4420 Catera
2387 4365 2613 4419 hominis
2642 4365 2707 4419 ad
2744 4365 3142 4420 similitudinem
3173 4365 3308 4419 facta
3343 4365 3419 4416 vi-

180 4442 367 4491 vivunt
393 4446 483 4490 aut
503 4437 733 4505 sapiunt,
761 4451 863 4490 non
889 4437 1162 4506 perfectae,
1186 4438 1277 4493 sed
1305 4440 1508 4508 exigua:
1537 4451 1657 4494 sunt
1679 4442 1742 4494 ad

1851 4457 1964 4513 deri
1996 4458 2198 4520 volunt,
2239 4457 2361 4526 quia
2392 4459 2565 4511 omnis
2603 4457 2817 4524 quidem
2864 4457 3036 4526 imago
3073 4456 3266 4509 similis
3311 4466 3415 4519 est,

180 4528 581 4582 similitudinem
612 4526 748 4595 ejus,
780 4527 900 4596 quia
928 4537 981 4580 et
1013 4527 1124 4595 ipsa
1157 4530 1292 4581 bona
1324 4540 1446 4582 sunt
1475 4530 1526 4583 in
1562 4531 1748 4586 ordine

181 4637 299 4684 suo,
332 4635 453 4674 cum
493 4620 560 4674 sit
604 4620 686 4673 ille
726 4634 888 4688 super
927 4621 1104 4673 omnia
1153 4619 1341 4685 bonus,
1388 4635 1415 4672 a
1462 4636 1565 4690 quo
1611 4623 1747 4676 bona

181 4724 344 4774 sunt;
375 4713 550 4765 omnia
581 4726 707 4765 vero
737 4726 855 4780 qua}
885 4715 1066 4764 vivunt
1094 4721 1146 4764 et
1195 4727 1298 4765 non
1331 4712 1557 4780 sapiunt,
1592 4716 1748 4781 paulo

182 4806 415 4873 amplius
446 4804 764 4873 participant
792 4804 1210 4857 similitudinem.
1245 4804 1396 4870 Quod
1427 4805 1564 4858 enim
1595 4806 1745 4870 vivit,

182 4897 346 4950 etiam
376 4905 488 4959 est;
515 4909 618 4946 non
645 4904 818 4946 autem
845 4894 1097 4962 quidquid
1127 4907 1228 4959 est,
1261 4895 1418 4947 etiam
1451 4896 1596 4948 vivit.
1629 4895 1744 4950 Jam

184 5003 347 5057 porro
375 5001 491 5055 qua:
516 4987 750 5055 sapiunt,
780 4984 852 5038 ita
879 4984 953 5038 illi
977 4985 1310 5037 similitudini
1331 4977 1454 5039 sunt
1489 4988 1746 5054 proxima,

186 5091 240 5136 ut
269 5082 323 5134 in
345 5069 614 5133 creaturis
643 5077 768 5131 nihil
797 5077 864 5130 sit
889 5077 1254 5146 propinquius.
1287 5077 1434 5143 Quod
1463 5079 1601 5131 enim
1636 5094 1752 5144 par~

185 5174 368 5239 ticipat
395 5171 694 5239 sapientim,
719 5179 772 5223 et
805 5168 954 5231 vivit,
987 5177 1038 5221 et
1074 5177 1186 5229 est;
1218 5167 1359 5236 quod
1389 5177 1565 5222 autem
1602 5168 1747 5231 vivit,

185 5277 405 5319 necesse
437 5273 516 5315 est
553 5271 606 5315 ut
636 5261 721 5326 sit,
756 5276 860 5314 non
908 5275 1127 5314 necesse
1156 5269 1239 5315 est
1269 5268 1324 5313 ut
1351 5261 1539 5329 sapiat.
1573 5260 1749 5325 Quare

184 5373 305 5409 cum
332 5355 491 5407 homo
519 5353 684 5418 ιιοςείι
713 5353 972 5420 particeps
992 5366 1110 5406 esse
1135 5351 1428 5421 sapientiw,
1454 5341 1746 5406 secundum

186 5447 493 5502 interiorem
546 5446 834 5510 hominem,
868 5444 1154 5499 secundum
1201 5445 1393 5512 ipsum,
1448 5447 1516 5496 ita
1565 5453 1645 5498 est
1684 5447 1748 5498 ad

187 5535 467 5603 imaginem
505 5531 665 5602 [Dei].
699 5542 751 5585 ut
798 5534 936 5585 nulla
969 5541 1152 5586 natura
1202 5532 1509 5601 interposita
1554 5534 1750 5588 forme-

190 5634 305 5686 lur,
342 5632 393 5676 ct
443 5623 559 5674 ideo
591 5623 716 5675 nihil
758 5623 865 5678 Deo
903 5623 1234 5693 conjuuclius
1272 5639 1285 5676 :
1321 5633 1371 5676 ct
1411 5625 1548 5692 sapit
1583 5625 1746 5686 enim,

191 5728 239 5770 ct
269 5717 418 5783 vivit,
450 5721 503 5770 et
548 5722 656 5778 est;
689 5729 790 5784 qua
816 5724 1057 5770 creatura
1088 5713 1218 5769 nihil
1245 5723 1321 5768 est
1355 5714 1565 5769 melius.
1600 5715 1750 5780 Quod

1852 4565 1954 4602 non
1985 4559 2160 4604 autem
2193 4562 2351 4602 omne
2391 4549 2531 4616 quod
2560 4547 2734 4603 simile
2769 4557 2871 4614 est,
2901 4549 3059 4601 etiam
3093 4547 3265 4616 imago
3295 4561 3415 4612 pro-

1851 4640 1985 4708 pric,
2011 4638 2105 4692 sed
2138 4639 2274 4692 forte
2303 4638 2523 4693 abusive
2549 4638 2651 4692 dici
2681 4646 2870 4705 potest.
2904 4636 3008 4692 Sed
3038 4636 3331 4690 cavendum
3364 4635 3414 4689 in

1851 4732 2043 4784 talibus
2093 4745 2160 4783 ne
2204 4731 2328 4798 quid
2360 4730 2521 4784 nimis
2570 4729 2979 4784 asseverantium
3024 4737 3278 4796 putetur:
3325 4727 3414 4779 illa

1850 4835 1910 4874 re
1956 4835 2087 4875 sane
2137 4822 2424 4875 salubriter
2476 4821 2758 4884 custodita,
2812 4836 2878 4874 ne
2926 4821 3174 4889 quoniam
3219 4832 3413 4885 corpus

1855 4915 2132 4982 quodlibet
2161 4930 2254 4982 per
2301 4915 2483 4967 Iocalia
2530 4914 2698 4983 spatia
2736 4920 3034 4980 porrectum
3065 4921 3164 4976 est,
3215 4910 3408 4977 aliquid

1854 5006 1956 5058 tale
1997 5006 2244 5058 credatur
2273 5019 2392 5058 esse
2437 5003 2736 5058 substantia
2768 5003 2856 5057 Dei
2893 5021 2905 5055 :
2939 5018 3057 5056 nam
3101 5016 3185 5054 res
3214 5015 3330 5069 quae
3360 5001 3411 5053 in

1854 5104 2003 5161 parte
2045 5075 2219 5147 minor
2246 5103 2328 5147 est
2357 5110 2533 5161 quam
2561 5095 2611 5147 in
2645 5101 2774 5156 toto,
2824 5109 2921 5148 nec
2946 5092 3181 5160 dignitati
3221 5090 3411 5143 animre

1852 5186 2126 5250 convenit;
2153 5195 2349 5254 quanto
2381 5184 2553 5238 minus
2584 5185 2841 5251 maiestati
2875 5183 2990 5236 Dei!

2319 5300 2541 5355 CAPUT
2579 5296 2944 5354 CCCXXXIX.

1859 5393 1932 5443 Dc
1987 5409 2042 5443 co
2083 5394 2216 5459 quod
2269 5394 2338 5444 ait
2369 5395 2418 5445 in
2452 5393 2722 5460 Evangelia
2770 5405 2787 5442 :
2820 5389 2979 5442 Erunt
3037 5390 3084 5438 in
3119 5405 3219 5438 mm
3262 5389 3412 5460 denso

1923 5463 2066 5513 divisi
2096 5457 2209 5513 vdua
2257 5465 2494 5515 adversus
2524 5457 2642 5524 (res,
2673 5471 2719 5512 cl
2765 5471 2862 5513 tres
2909 5460 3148 5512 adversus
3185 5460 3305 5510 duo.
3342 5457 3414 5510 De

1925 5535 2234 5597 επίιοδίιὶοηε
2261 5532 2442 5599 psalmi
2474 5547 2610 5585 κων.

1927 5624 2216 5690 Accingere
2263 5623 2490 5689 gladium
2531 5630 2674 5674 tuum
2723 5619 2863 5673 circa
2918 5619 3103 5680 femur,
3160 5620 3408 5686 potentis-

1858 5714 2010 5768 sime.
2044 5713 2283 5767 Gladium
2321 5722 2483 5777 tuom,
2526 5713 2650 5782 quid
2702 5713 2799 5766 nisi
2850 5712 3063 5768 verbum
3099 5712 3280 5767 tuum?
3319 5710 3416 5766 ιιιυ
