3874 6226
548 213 566 266 l
581 216 680 271 065

556 425 720 484 patre,
760 417 915 469 ﬁliam
944 431 970 467 a
1003 425 1188 478 matre,
1220 427 1406 467 nurum
1444 427 1470 464 a
1499 426 1674 466 socru.
1710 412 1958 479 Legimus
1993 413 2104 464 haec

558 507 610 558 in
637 506 916 573 Evangelio
939 521 953 557 :
979 505 1087 557 Non
1114 504 1231 558 veni
1261 518 1444 570 pacem
1468 501 1697 566 mittere,
1721 501 1814 555 sed
1838 501 2098 569 gladium;

549 605 622 657 et,
659 595 820 647 Erunt
850 595 900 644 in
947 607 1048 645 una
1091 592 1250 646 domo
1277 594 1508 661 quinque
1552 591 1831 644 adversum
1878 591 2006 652 duo,
2050 599 2104 641 et

543 684 671 733 aluus
691 681 963 734 adversum
987 692 1126 745 tres;
1151 692 1203 736 et
1233 691 1338 735 tres
1367 681 1650 734 adversum
1674 678 1809 732 duos
1840 687 1997 731 erunt
2026 679 2104 729 tli-

549 769 665 832 \isi,
715 769 768 822 id
796 781 896 833 est,
940 771 1077 822 tilius
1123 770 1375 824 adversus
1421 780 1619 837 patrem
1652 783 1824 828 suum,
1855 767 1959 819 (ilia
2007 765 2104 818 ad-

544 873 727 912 νοτειιε
759 867 978 912 matrem
1007 874 1177 926 suam,
1209 874 1371 912 nurus
1397 858 1653 912 adversus
1681 870 1890 909 socrum
1927 869 2100 907 suam-

551 949 674 1001 litrc
701 949 912 1014 divisio,
941 966 1044 1016 quo
1068 950 1242 1019 gladio
1274 950 1404 1003 facta
1437 959 1517 1002 est
1540 948 1784 1001 Christus
1811 945 2008 999 attulit.
2045 946 2106 999 Et

545 1055 756 1104 revera,
790 1039 1003 1107 fratres,
1036 1042 1191 1093 etiam
1225 1039 1542 1107 quotidianis
1571 1035 1830 1104 exemplis
1861 1036 2104 1089 videmus

545 1131 679 1184 ha'c.
707 1131 1082 1200 Placetjuveni
1113 1131 1266 1184 alicui
1295 1129 1496 1182 servire
1520 1127 1649 1190 Deo,
1677 1127 1919 1194 displicet
1944 1126 2102 1194 patri,

539 1218 694 1273 divisi
749 1229 872 1274 sunt
918 1209 1210 1275 adversum
1242 1232 1301 1271 se
1340 1232 1355 1268 :
1400 1217 1485 1269 ille
1530 1214 1789 1283 promittit
1840 1223 2104 1268 terrenam

543 1309 930 1375 litereditatem,
968 1310 1056 1362 ille
1100 1318 1240 1361 amat
1284 1311 1588 1370 caslcstem;
1638 1304 1778 1358 aliud
1810 1305 1908 1359 iste
1949 1306 2102 1372 polli-

542 1405 705 1458 cetur,
737 1396 877 1450 aliud
909 1397 996 1449 ille
1026 1397 1200 1464 elegit.
1240 1394 1352 1448 Non
1400 1393 1500 1447 sibi
1533 1401 1682 1459 putet
1729 1402 1879 1460 pater
1909 1393 2100 1446 factam

542 1485 806 1552 iniuriam,
836 1487 971 1539 Deus
1014 1485 1159 1539 solus
1189 1485 1262 1539 illi
1293 1485 1597 1552 prtefertur;
1639 1493 1692 1536 et
1717 1493 1894 1536 tamen
1937 1483 2104 1550 litigat

542 1590 659 1630 cum
708 1575 814 1628 tilio
862 1579 1073 1630 volente
1111 1579 1311 1629 servlre
1343 1575 1450 1630 Deo
1498 1592 1509 1626 :
1545 1574 1635 1628 sed
1685 1573 1871 1626 fortior
1901 1583 1980 1627 est
2013 1574 2103 1626 ille

1598 211 1658 264 D.
1701 208 2012 268 EUGYPPll
2051 209 2337 267 ABBA‘I’lS
2385 207 2703 265 AFRICANI

549 328 725 395 gladio
771 329 953 382 stravit
994 326 1263 387 inimicos;
1292 324 1384 377 illo
1423 321 1597 392 gladio
1625 323 1806 376 divisit
1858 324 2020 376 [ilium
2069 338 2096 374 a
2129 333 2175 390 Α

3638 214 3743 263 loci

2731 320 2953 377 CAPUT
2994 318 3236 377 CCCXL.

2209 432 2283 485 De
2327 434 2490 503 magis
2531 429 2848 503 Pharaonis,
2893 441 2940 484 et
2979 447 3069 484 cur
3103 431 3354 503 quadrati:
3370 431 3743 503 miracula/m-

2275 499 2429 582 rimt;
2469 503 2597 554 sicut
2640 499 2842 569 Moyses
2885 502 3105 568 famulus
3151 502 3264 554 Dei.
3310 499 3392 553 Ex
3434 502 3562 554 libro
3591 501 3744 565 0m-

2277 581 2486 623 ttonum.

2277 682 2388 735 Non
2419 690 2628 748 Oportet
2648 680 2853 742 ,moveri
2882 694 3001 732 cum
3034 681 3250 745 magicis
3278 681 3482 733 artibus
3513 681 3730 735 miracula

2209 773 2338 825 liunt
2361 771 2670 839 plerumque
2695 771 2886 822 similia
2915 769 3184 822 miraculis
3207 785 3329 839 qua:
3357 772 3487 822 fiunt
3513 785 3596 838 per
3612 785 3734 823 sanc-

2209 868 2288 912 tos
2316 874 2499 914 servos
2535 859 2658 922 Dei,
2691 859 2826 911 sicut
2869 859 3124 923 scriptum
3169 868 3252 911 est
3299 861 3351 912 in
3404 858 3582 913 Exodo
3621 860 3736 928 quod

2208 950 2344 1017 magi
2413 949 2700 1001 Pharaonis
2759 948 2995 1001 fecerunt
3044 946 3294 999 nonnulla
3345 947 3584 1000 similiter
3625 949 3738 1001 sicut

2207 1040 2333 1095 fecit
2361 1039 2588 1109 Moyses.
2619 1038 2732 1090 Non
2764 1052 2889 1104 ergo
2917 1044 3129 1104 oportet
3161 1037 3273 1088 lucc
3304 1037 3485 1090 mirari
3513 1037 3624 1103 quia
3646 1051 3738 1089 our-

2212 1127 2296 1180 nia
2326 1143 2443 1196 qua:
2472 1125 2752 1180 visibiliter
2783 1126 2932 1190 llum,
2969 1126 3127 1179 etiam
3161 1139 3256 1192 per
3287 1124 3565 1178 inferiores
3591 1134 3736 1194 potu-

2209 1227 2347 1273 tates
2379 1219 2521 1273 aeris
2547 1217 2701 1285 hujus
2734 1231 2836 1268 non
2869 1215 3098 1268 absurde
3126 1213 3238 1266 ﬁeri
3271 1227 3429 1283 posse
3459 1214 3732 1268 creduntur

2205 1309 2308 1364 Sed
2352 1310 2450 1362 hoc
2493 1309 2713 1362 interest
2755 1306 2893 1374 quod
2936 1320 3056 1360 eum
3103 1303 3272 1358 sancti
3315 1304 3435 1356 talia
3481 1300 3661 1356 faciunt
3697 1305 3736 1356 ia

2208 1402 2420 1454 nomine
2453 1401 2575 1464 Dei,
2609 1399 2774 1452 Deum
2805 1400 2856 1450 in
2888 1397 3124 1449 omnittm
3156 1411 3332 1449 rerum
3375 1397 3441 1448 de
3483 1395 3730 1449 sublimia.

2205 1489 2352 1544 ribus
2377 1491 2716 1558 apparatibus
2743 1489 2959 1556 jubetur
3000 1485 3268 1540 inferioris
3312 1497 3590 1539 creaturae.
3626 1486 3734 1538 Cum

2204 1589 2380 1634 autem
2411 1580 2529 1632 mali
2563 1577 2803 1632 homines
2837 1576 2989 1630 malis
3015 1575 3219 1629 artibus
3245 1586 3532 1642 operantur
3555 1575 3734 1632 similia.

541 1664 748 1734 gladius
788 1664 1037 1733 spiritalis
1088 1679 1363 1732 separans,
1408 1680 1562 1731 quam
1613 1664 1868 1729 mpulans
1913 1673 2099 1714 natura
2136 1693 2182 1752 Β
2207 1670 2260 1722 in
2297 1684 2483 1722 manus
2514 1683 2637 1721 suas
2668 1669 2878 1732 dantur,
2911 1681 3031 1720 cum
3063 1664 3421 1718 exaudiuntur
3449 1679 3476 1716 a
3517 1665 3734 1718 dmmoni-

543 1753 792 1810 carnalis.
839 1753 917 1806 Fit
944 1753 1049 1807 hoc
1072 1762 1126 1807 et
1146 1753 1212 1808 de
1249 1754 1353 1806 lilia
1397 1753 1650 1806 adversus
1679 1763 1898 1806 matrem
1927 1766 2101 1815 suam,

542 1841 706 1894 multo
753 1841 917 1909 magis
962 1850 1017 1894 ct
1059 1841 1125 1895 de
1171 1855 1305 1894 nuru
1352 1839 1614 1893 adversus
1649 1856 1859 1892 socrum
1908 1853 2101 1892 suam:

545 1949 665 1988 nam
694 1933 974 2004 aliquando
1003 1934 1054 1987 in
1103 1948 1204 1987 una
1233 1933 1392 1986 domo
1440 1936 1605 1985 nurus
1633 1942 1687 1986 et
1727 1947 1910 1986 socrus
1956 1934 2103 1984 inve-

547 2025 786 2089 niuntur,
822 2025 1069 2079 lia-retice
1108 2024 1362 2078 catholica
1397 2021 1666 2095 [haeretica
1705 2031 1760 2078 et
1794 2022 2100 2092 catholica],

541 2125 594 2170 et
627 2117 710 2169 ulli
734 2114 939 2170 fortiter
969 2116 1221 2183 recipitur
1247 2115 1349 2169 iste
1372 2116 1601 2184 gladius,
1627 2114 2098 2182 rebaptizationem

543 2220 645 2259 non
691 2207 953 2261 timemus.
1001 2206 1174 2260 Potuit
1222 2207 1384 2260 dividi
1431 2205 1536 2259 lilia
1581 2206 1835 2260 adversus
1879 2214 2100 2261 matrem

541 2310 712 2360 suam,
742 2306 794 2350 et
825 2311 928 2349 non
967 2304 1139 2364 potest
1181 2311 1345 2350 lllll'llS
1389 2297 1644 2349 adversus
1673 2309 1884 2350 socrum
1925 2311 2098 2350 suam.

544 2382 757 2438 Factum
784 2393 865 2439 est
892 2384 994 2438 hoc
1014 2386 1334 2454 generaliter
1356 2386 1518 2440 etiam
1542 2387 1594 2439 in
1616 2400 1810 2454 genere
1836 2387 2064 2442 humano
2087 2404 2100 2442 :

541 2474 737 2528 divisus
765 2485 846 2528 est
889 2475 1026 2529 titius
1052 2474 1306 2528 adversus
1341 2483 1576 2542 patrem;
1611 2474 1806 2529 luimus
1837 2478 1979 2530 enim
2011 2476 2105 2529 ali-

542 2565 756 2632 quando
787 2565 877 2617 tilii
918 2564 1136 2620 diaboli.
1182 2563 1486 2618 inﬁdelibus
1515 2563 1712 2617 dictum
1743 2573 1826 2618 est
1858 2581 1870 2616 :
1920 2564 2023 2618 Vos
2073 2581 2101 2618 a

543 2662 692 2719 patre
733 2653 945 2707 diabolo
972 2654 1122 2708 estis.
1160 2653 1344 2707 Omnis
1373 2651 1655 2706 inﬁdelitas
1702 2661 1903 2718 nostra,
1945 2654 2101 2716 unde,

542 2741 641 2796 nisi
677 2756 706 2794 a
740 2752 887 2809 patre
914 2743 1159 2797 diabolo?
1188 2758 1290 2797 non
1335 2743 1425 2798 ille
1449 2742 1705 2808 creando,
1737 2743 1830 2797 sed
1861 2760 1956 2798 nos
1987 2744 2105 2809 lmi-

542 2831 723 2886 tando.
761 2831 877 2886 Jam
910 2832 1069 2886 modo
1111 2833 1304 2888 videtis
1340 2831 1502 2887 tilium
1548 2833 1778 2888 divisum
1820 2833 2100 2888 adversum

543 2937 744 2995 patrem
773 2943 786 2979 :
814 2925 959 2981 venit
979 2926 1190 2997 gladius
1212 2927 1322 2992 ille,
1350 2926 1616 2981 renuntiat
1638 2925 1848 2980 diabolo
1866 2967 1880 2991 ,
1905 2926 2103 2981 invenit

540 3017 699 3088 alium
730 3025 955 3086 patrem,
987 3017 1187 3072 invenit
1221 3015 1376 3070 aliam
1416 3025 1637 3070 matrem
1666 3033 1678 3068 :
1706 3016 1791 3070 ille
1818 3015 1882 3069 ad
1924 3014 2097 3069 imitat
2127 3046 2173 3109 Ο

541 3107 737 3160 tionem
759 3121 817 3162 se
836 3109 1075 3176 pra-hens
1097 3122 1285 3176 genera
1295 3106 1380 3160 hat
1398 3107 1449 3160 in
1465 3106 1715 3170 exitium;
1735 3119 1978 3175 parentes
1993 3105 2098 3160 duo

540 3210 671 3266 quos
701 3198 1014 3261 invenimus,
1062 3200 1112 3251 in
1144 3197 1304 3252 vitam
1354 3205 1619 3250 terrenam
1648 3205 1922 3265 generant.
1959 3197 2100 3250 Divi-

539 3299 628 3340 sus
671 3295 756 3340 est
800 3285 941 3339 tilius
989 3285 1244 3340 adversus
1295 3294 1517 3354 patrem,
1550 3284 1716 3338 divisa
1763 3294 1842 3338 est
1874 3283 1976 3338 lilia
2006 3284 2098 3339 ad-

543 3390 722 3430 versus
751 3387 973 3432 matrem
997 3391 1146 3432 suam
1179 3393 1192 3429 :
1220 3376 1368 3446 plebs
1401 3375 1416 3430 i
1442 3376 1490 3429 la
1521 3391 1638 3444 qua:
1665 3374 1732 3430 de
1754 3373 1955 3438 Judmis
1981 3390 2101 3430 cre—

541 3467 694 3532 didit,
723 3469 888 3524 divisa
915 3480 996 3524 est
1042 3470 1295 3524 adversus
1324 3470 1659 3538 Synagogam
1684 3485 1698 3533 ;
1727 3468 1896 3522 divisa
1925 3477 2010 3522 est
2047 3478 2101 3523 et

548 3573 714 3613 nurus
751 3560 1010 3614 adversus
1055 3575 1262 3613 socrum
1313 3573 1508 3612 suam:
1559 3558 1702 3626 plebs
1746 3557 1812 3611 de
1857 3556 2102 3625 gentibus

544 3653 783 3717 veniens,
815 3667 976 3706 nurus
1004 3652 1214 3714 dicitur,
1252 3652 1371 3718 quia
1401 3645 1640 3703 Christus
1684 3662 1926 3714 sponsus,
1964 3647 2102 3700 [ilius

545 3741 852 3812 Synagogte.
906 3741 1054 3796 Unde
1096 3741 1240 3793 enim
1283 3750 1435 3792 natus
1480 3737 1642 3791 Filius
1674 3737 1763 3789 Dei
1812 3736 2098 3789 secundum

544 3829 786 3884 carnem?
813 3843 873 3883 es
906 3829 990 3883 illa
1019 3828 1313 3898 Synagoga.
1343 3826 1434 3880 Ille
1462 3826 1550 3893 qui
1589 3826 1790 3878 dimisit
1819 3833 2020 3892 patrem
2049 3833 2102 3877 et

543 3929 784 3986 matrem,
832 3931 884 3975 et
925 3921 1149 3974 adhaesit
1193 3919 1341 3973 uxori
1390 3910 1521 3980 sum,
1569 3928 1624 3971 ut
1675 3925 1854 3970 essent
1897 3915 2001 3968 duo
2046 3915 2097 3969 in

544 4026 699 4065 carne
736 4027 839 4067 una
874 4027 887 4062 :
928 4025 1033 4063 non
1076 4011 1260 4078 conjec
1289 4023 1380 4062 u'a
1425 4023 1623 4071 nosra,
1672 4007 1761 4059 sed
1813 4013 2098 4058 attestantc

544 4102 709 4167 Apost
746 4101 891 4174 lo'et
939 4100 1196 4153 dicente:
1248 4099 1647 4150 Saeramentnm
1703 4098 1799 4148 hoc
1851 4109 2097 4161 magnum

545 4202 652 4256 est;
678 4206 776 4259 ego
802 4202 974 4245 autem
1003 4191 1121 4249 dico
1145 4193 1194 4244 iu
1217 4190 1428 4243 Christo
1451 4200 1500 4242 et
1524 4189 1575 4241 in
1607 4188 1858 4242 Ecclesia.
1891 4186 2100 4241 Dimisit

546 4284 685 4336 enim
739 4281 946 4334 Patrem
1003 4279 1431 4348 quodammodo,
1486 4293 1588 4330 non
1639 4279 1855 4330 omnino
1901 4275 2098 4329 dimisit

2213 1760 2312 1812 bus
2340 1776 2354 1823 ;
2386 1759 2532 1829 digni
2564 1769 2686 1812 sunt
2715 1760 2854 1811 enim
2886 1758 2972 1825 qui
3006 1756 3092 1808 tali
3137 1755 3475 1810 exauditione
3501 1756 3732 1824 decipian-

2209 1858 2317 1913 tur,
2347 1859 2401 1902 ut
2433 1864 2584 1916 penna
2616 1848 2720 1901 illis
2761 1847 2849 1899 ﬁat
2888 1846 2989 1898 hoc
3028 1844 3168 1912 quod
3207 1845 3455 1898 videntur
3491 1844 3734 1912 impetrare

2209 1940 2558 2002 beneﬁcium,
2589 1953 2706 1991 cum
2751 1939 2829 1990 eis
2870 1936 3122 1990 exhibent
3163 1937 3312 2002 quasi
3358 1936 3589 2004 privatim
3628 1937 3732 1988 inre-

2206 2030 2376 2086 riorcs
2409 2037 2696 2096 potestates
2725 2025 2965 2093 quaedam
2997 2023 3284 2085 miracula,
3318 2034 3373 2075 ut
3417 2038 3503 2074 tOS
3542 2023 3733 2074 habeant

2203 2121 2518 2189 subjugatos
2545 2135 2557 2170 :
2590 2117 2851 2185 permissu
2884 2124 3060 2169 tamen
3100 2113 3294 2167 divina:
3335 2113 3657 2180 providentia
3688 2124 3732 2165 ut

2207 2227 2301 2281 pro
2341 2211 2549 2266 meritis
2591 2209 2888 2262 animarum
2928 2222 3022 2262 sua
3061 2207 3250 2275 Cuique
3297 2207 3588 2259 tribuuntur
3627 2202 3730 2273 [tri-

2204 2302 2478 2374 buantur].
2509 2301 2690 2357 Omnis
2720 2301 2891 2352 anima
2938 2299 3128 2367 partim
3163 2297 3349 2365 privati
3380 2297 3635 2364 cujusdam
3668 2297 3731 2345 sui

2207 2399 2522 2460 potestatem
2551 2389 2716 2457 gerit,
2750 2387 2936 2456 partim
2967 2385 3334 2440 universitatis
3367 2383 3593 2452 legibus,
3620 2382 3733 2434 ait‘ut

2207 2478 2449 2547 publicis,
2483 2486 2760 2531 coercetur
2789 2485 2841 2529 et
2870 2474 3087 2544 regitur.
3121 2473 3253 2540 Quia
3285 2488 3414 2542 ergo
3443 2485 3733 2540 unaqugquc

2205 2581 2292 2622 res
2323 2569 2544 2622 visibilis
2574 2569 2626 2621 in
2659 2570 2760 2619 hoc
2792 2567 2986 2619 mundo
3018 2564 3180 2618 habet
3224 2571 3531 2630 potestatem
3559 2562 3731 2630 angeli-

2206 2657 2361 2711 lieam
2408 2657 2505 2710 sibi
2557 2659 2929 2725 praepositam,
2975 2657 3116 2710 sicut
3161 2654 3364 2722 aliquot
3413 2655 3537 2709 locis
3578 2652 3729 2706 divina

2205 2745 2477 2815 Scriptura
2508 2756 2750 2814 testatur,
2785 2748 2850 2802 de
2877 2763 2937 2802 ea
2972 2762 3031 2802 re
3059 2746 3143 2800 cui
3179 2746 3459 2814 praeposita
3486 2753 3562 2798 est
3587 2741 3729 2812 [quasi

2206 2839 2410 2906 privato
2433 2840 2550 2914 jure
2578 2838 2738 2910 agit],
2781 2839 2937 2894 aliter
2965 2848 3213 2907 tanquam
3258 2838 3464 2906 publice
3491 2851 3634 2904 agere
3660 2849 3730 2888 co-

2203 2930 2362 2996 gitur.
2393 2926 2667 2982 Potentior
2695 2937 2778 2982 est
2803 2929 2944 2981 enim
2975 2929 3294 2981 universitas
3323 2936 3488 2995 parte,
3514 2924 3728 2994 quoniam

2203 3027 2256 3071 et
2286 3017 2409 3070 illud
2438 3015 2576 3084 quod
2605 3017 2673 3069 ibi
2702 3017 2948 3084 privatim
2979 3016 3118 3084 agit,
3148 3025 3350 3067 tantum
3377 3029 3528 3083 agere
3545 3013 3726 3072 sinitur,

2201 3118 2456 3178 quantum
2486 3107 2568 3161 les
2601 3105 2965 3158 universitatis
2995 3105 3143 3158 sinit.
3177 3104 3278 3158 Sed
3305 3117 3616 3171 unaquaque
3638 3100 3729 3153 aui-

2201 3212 2287 3250 ma
2320 3203 2463 3248 tanto
2499 3203 2581 3250 est
2626 3194 2820 3262 pietate
2859 3185 3154 3262 purgatior,
3196 3203 3394 3261 quanto
3435 3193 3627 3259 privato
3649 3205 3728 3243 suo

2202 3284 2379 3338 minus
2405 3283 2664 3337 delectata
2684 3327 2697 3351 ,
2733 3282 2900 3352 legem
2933 3282 3296 3336 universitatis
3324 3281 3570 3343 intuetur,
3602 3281 3729 3344 eique

2201 3375 2391 3430 devote
2419 3389 2484 3429 ac
2511 3375 2736 3429 libenter
2764 3377 3096 3443 obtemperat
3122 3391 3136 3438 ;
3160 3385 3242 3429 est
3266 3376 3406 3429 enim
3436 3375 3514 3428 les
3547 3375 3729 3426 univcr-

2201 3459 2374 3518 sitatis
2401 3462 2576 3516 divina
2603 3463 2881 3532 sapientia.
2922 3464 3132 3529 Quanto
3170 3473 3344 3517 autem
3387 3464 3604 3531 amplius
3636 3463 3726 3531 pri-

2201 3560 2326 3603 vato
2351 3566 2447 3602 suo
2473 3550 2695 3619 gaudet,
2728 3560 2782 3604 et
2811 3550 3051 3619 neglecto
3078 3552 3186 3606 Deo
3207 3596 3220 3618 ,
3251 3553 3340 3620 qui
3372 3553 3607 3606 omnibus
3632 3555 3722 3604 aui-

2204 3637 2307 3691 tnis
2336 3639 2532 3691 utiliter
2557 3652 2617 3692 ac
2639 3639 2922 3693 salubriter
2950 3640 3200 3708 praesidet
3219 3680 3234 3704 ,
3265 3643 3376 3709 ipsa
3400 3641 3497 3694 sibi
3526 3644 3603 3694 vet
3632 3641 3725 3692 aliis

2203 3729 2391 3793 quibus
2418 3726 2644 3796 potuerit
2665 3728 2774 3781 vult
2795 3744 2913 3785 esse
2941 3745 3036 3798 pro
3069 3730 3196 3796 Deo,
3235 3747 3386 3785 suam
3423 3733 3589 3800 potius
3613 3733 3656 3784 in
3680 3746 3724 3784 re

2206 3820 2285 3872 vel
2311 3819 2364 3872 in
2392 3818 2524 3872 alios
2545 3833 2700 3886 quam
2725 3818 2864 3873 illius
2891 3820 2941 3872 in
2963 3834 3148 3874 omnes
3169 3820 3395 3891 diligens
3419 3833 3721 3889 potestatem.

2203 3917 2347 3961 tanto
2370 3917 2451 3962 est
2480 3907 2762 3972 sordidior,
2791 3918 3040 3979 tantoque
3061 3911 3230 3980 magis
3257 3914 3530 3980 poenaliter
3560 3912 3723 3965 divinis

2202 3996 2405 4066 legibus
2429 4006 2677 4066 tanquam
2709 3997 2934 4066 publicis
2961 4000 3164 4054 servire
3193 4002 3414 4069 cogitur.
3439 4003 3630 4069 Quanto
3649 4003 3724 4068 igi-

2201 4097 2288 4141 tur
2314 4085 2517 4159 [etiam]
2535 4090 2710 4141 anima
2732 4088 2957 4142 humana
2979 4089 3191 4144 deserto
3209 4090 3320 4146 Deo
3342 4097 3451 4146 suis
3474 4094 3722 4145 hancrilms

2202 4179 2282 4231 vel
2324 4187 2582 4247 potestate
2625 4178 2784 4232 fuerit
2819 4180 3113 4246 delectata,
3145 4192 3294 4237 tanto
3327 4185 3489 4253 magis
3517 4183 3722 4236 subditur

2203 4269 2394 4322 talibus
2427 4270 2811 4337 potestatibus,
2860 4287 2976 4339 qua:
3019 4273 3222 4339 privato
3265 4289 3365 4327 suo
3402 4275 3642 4342 gaudent,
3681 4285 3721 4326 et

545 4371 705 4427 veluti
746 4372 818 4424 ‘ad
859 4371 1268 4438 scparationem,
1320 4369 1420 4422 sed‘
1442 4367 1507 4419 ςιι]
1561 4367 1948 4434 susceptionem
2001 4368 2095 4418 hu—
2129 4399 2175 4456 ι)
2205 4358 2454 4460 ltpttorari
2484 4361 2550 4413 ab
2579 4360 2882 4460 hominibus
2907 4362 3040 4415 sicut
3067 4362 3140 4416 dii
3169 4365 3427 4431 cupiunt:
3460 4369 3630 4432 quibus
3653 4366 3718 4414 ui-

547 4473 717 4513 rnante
746 4457 940 4512 carnis.
971 4457 1245 4521 Quomodo
1280 4455 1510 4509 dimisit?
1539 4456 1668 4522 Quia
1711 4469 1828 4507 cum
1860 4463 2001 4507 esset
2037 4455 2090 4507 in

550 4547 713 4600 forma
740 4545 851 4608 Dei,
882 4559 983 4597 non
1014 4546 1244 4610 rapinam
1271 4543 1552 4596 arbitratus
1580 4552 1659 4595 est
1689 4557 1806 4596 esse
1831 4557 1887 4595 se
1919 4558 2094 4612 aequa-

549 4636 652 4690 lem
681 4635 810 4699 Deo,
852 4635 941 4688 sed
986 4635 1324 4702 semetipsum
1358 4635 1666 4698 exinanivit,
1700 4634 1923 4688 formam
1955 4636 2091 4689 servi

546 4725 827 4792 accipiens.
862 4724 1135 4788 Quomodo
1163 4719 1360 4778 dimisit
1385 4735 1434 4779 et
1466 4726 1719 4779 matrem?
1764 4736 1971 4795 gentem
2000 4724 2093 4778 Ju-

546 4816 802 4880 dmorum,
833 4815 1162 4886 Synagogam
1206 4816 1344 4869 illam
1387 4816 1670 4869 haerentem
1701 4816 1964 4870 veteribus
2009 4829 2093 4869 sa-

545 4905 848 4960 cramentis.
907 4905 985 4958 Ad
1034 4906 1200 4972 ipsam
1256 4905 1470 4971 ﬁgurant
1521 4904 1743 4971 pertinet
1789 4904 1929 4971 quod
1973 4905 2091 4957 ait:

545 4993 673 5060 Quae
718 4994 842 5047 mihi
891 5003 1087 5056 mater,
1120 5003 1206 5044 aut
1255 4993 1344 5061 qui
1388 4992 1606 5046 fratres?
1653 4992 1743 5047 ille
1789 4993 1924 5046 enim
1957 4993 2097 5047 intus

544 5083 788 5145 docebat,
820 5085 892 5137 illi
932 5084 1058 5138 loris
1087 5083 1319 5136 stabant.
1367 5081 1551 5137 Videte
1588 5083 1632 5136 si
1677 5099 1779 5136 non
1828 5085 1982 5135 modo
2024 5085 2096 5137 ita

545 5179 666 5225 sunt
691 5171 855 5224 Judaei
904 5189 918 5225 :
973 5173 1126 5226 docet
1172 5172 1410 5225 Christus
1458 5172 1507 5224 in
1559 5169 1808 5234 Ecclesia,
1855 5171 1929 5225 illi
1971 5173 2099 5226 foris

545 5269 702 5314 stant.
754 5260 950 5316 Socrus
997 5255 1120 5330 ergo
1170 5260 1296 5328 quid
1325 5260 1438 5314 est?
1470 5272 1635 5313 mater
1670 5261 1878 5328 sponsi;
1926 5271 2094 5315 mziter

547 5353 721 5419 sponsi
753 5353 959 5407 Domini
1001 5354 1125 5408 Je-u
1155 5354 1373 5417 Christi,
1421 5355 1694 5425 Synagoga
1724 5365 1836 5419 est;
1876 5356 2095 5424 proinde

552 5457 714 5499 nurus
755 5443 869 5511 ejus
909 5444 1161 5510 Ecclesia,
1193 5460 1310 5513 qua:
1337 5446 1554 5499 veniens
1593 5446 1658 5499 de
1700 5447 1960 5514 gentibus,
1993 5461 2094 5499 non

509 5607 512 5610 λ
550 5535 812 5586 consensit
859 5535 908 5587 in
955 5536 1404 5592 cireumeisionem
1457 5536 1757 5602 eamdem,
1806 5535 1971 5591 divi-a
2018 5547 2097 5592 cst

555 5619 800 5676 adversus
830 5640 1035 5680 socrum
1065 5641 1230 5679 suam.

2203 4449 2321 4502 vina
2345 4448 2457 4517 lege
2485 4463 2625 4518 smpe
2646 4451 2972 4516 conceditur,
3002 4461 3057 4505 ut
3078 4467 3172 4506 eos
3191 4468 3327 4521 quos
3353 4456 3449 4510 sibi
3472 4456 3718 4510 secundum

2201 4543 2387 4594 merita
2415 4540 2829 4608 subjugaverint,
2851 4543 3054 4609 privato
3084 4543 3176 4596 illo
3199 4544 3321 4612 jure
3348 4549 3502 4600 etiam
3527 4545 3717 4598 miratu.

2199 4631 2369 4685 lurum
2400 4631 2594 4701 aliquid
2625 4639 2897 4700 prtestent,
2930 4632 2982 4685 in
3010 4631 3092 4687 his
3119 4633 3276 4688 rebus
3307 4636 3715 4693 exhibendorum.

2199 4721 2389 4789 quibus
2415 4731 2538 4776 sunt
2564 4721 2778 4785 intimo,
2809 4721 2902 4775 sed
2943 4732 3118 4778 tamen
3154 4724 3543 4780 ordinatissimo
3576 4734 3720 4793 potes!

2200 4820 2364 4864 talum
2398 4812 2593 4880 gradu,
2641 4813 2982 4880 prtepositte;
3022 4813 3116 4867 sed
3161 4815 3249 4868 ubi
3290 4817 3468 4870 divina
3506 4826 3717 4880 umquam

2198 4901 2406 4969 publica
2434 4902 2540 4971 97
2578 4903 2658 4957 les
2687 4901 2874 4970 jubet,
2907 4902 3070 4956 vincit
3099 4903 3280 4972 utique
3309 4907 3558 4973 privatam
3584 4905 3718 4958 licea-

2199 4991 2357 5056 tiam,
2388 5006 2686 5060 quanquam
2732 5000 2783 5044 et
2825 4991 2934 5059 ipsa
2977 4992 3180 5060 privata
3224 4994 3462 5061 licentia,
3501 4994 3590 5049 nisi
3626 4991 3718 5045 uni-

2200 5080 2421 5134 versalis
2451 5080 2644 5134 divina:
2677 5081 2950 5150 potestatis
2981 5084 3366 5149 per-missione,
3397 5086 3528 5138 nulla
3567 5091 3714 5140 esset;

2200 5170 2426 5238 ideoque
2475 5171 2532 5223 lit
2580 5181 2633 5224 ut
2673 5172 2843 5224 sancti
2901 5171 2992 5225 Dei
3037 5173 3210 5234 servi,
3264 5176 3471 5241 quando
3511 5187 3596 5227 eos
3639 5174 3716 5222 hoc

2200 5262 2394 5315 donum
2425 5261 2621 5315 habere
2647 5262 2772 5315 utile
2798 5270 2881 5314 Cal
2898 5301 2914 5325 ,
2939 5262 3226 5315 secundum
3259 5265 3515 5330 publicam
3540 5272 3588 5316 et
3611 5272 3716 5328 quo-

2201 5350 2482 5406 dammodo
2511 5350 2839 5419 imperialetn
2873 5351 3080 5420 legem,
3125 5350 3224 5416 hoc
3265 5363 3387 5418 est,
3432 5351 3603 5407 summi
3642 5345 3713 5400 Dei

2205 5450 2516 5509 potestatem
2537 5485 2549 5506 ,
2595 5441 2853 5507 imperent
2885 5439 3081 5492 intimis
3111 5443 3480 5507 potestatibus,
3510 5439 3568 5493 ad
3598 5451 3712 5505 qur

2204 5533 2326 5583 dam
2354 5529 2578 5583 visibilis
2609 5529 2850 5584 iacienda
2889 5528 3164 5583 miracula.
3206 5530 3264 5584 In
3299 5531 3403 5585 illis
3439 5531 3569 5586 enim
3603 5527 3714 5580 [ltus

2209 5624 2320 5689 ipse
2349 5621 2576 5689 imperat
2600 5661 2614 5690 ,
2643 5621 2790 5691 cujus
2819 5619 3071 5689 templum
3103 5631 3228 5676 sunt
3252 5661 3268 5691 ,
3315 5632 3371 5680 et
3409 5635 3588 5691 quem,
3611 5629 3711 5672 evn-
