3874 6226
155 170 311 226 1065

1339 162 1765 223 τιιεειιῐιιυδ.
1809 161 1956 218 CAP.
1999 158 2236 218 CCCXL.

2711 219 2738 258 τ,
3276 154 3411 210 tota!

152 295 385 356 empta
421 299 514 341 sua
542 283 751 356 privata
784 290 1062 352 potestate,
1093 279 1462 335 ardentissime
1498 278 1743 344 diligunt.

1853 272 2198 362 poteStatibus
2226 302 2474 344 concessa
2507 289 2558 341 in
2607 288 2795 342 ordine
2840 301 2969 350 suo,
3013 285 3161 354 quasi
3204 285 3403 354 privata

152 374 213 428 lu
238 377 493 445 magicis
517 386 691 431 autem
718 373 1172 443 impetrationibus
1190 366 1217 438 ,'
1234 372 1298 426 ad
1326 369 1628 424 illeoehram
1654 367 1747 421 dc-

147 465 486 534 ceptiouis,
529 474 588 519 ιιι
625 463 724 518 sibi
762 462 1044 532 subjugent
1085 475 1177 516 eos
1219 460 1412 528 quibus
1455 459 1577 512 talia
1621 469 1748 511 con-

149 557 420 622 cedunt,
473 564 729 624 praestant
783 553 1024 610 effectum
1082 554 1326 623 precibus
1377 560 1430 606 et
1483 547 1748 620 mysteriis

151 661 371 702 eorum
399 686 416 709 ,
452 645 657 713 privato
685 646 780 699 illo
801 646 922 715 jure
951 643 1262 714 largientes,
1303 642 1444 712 quod
1480 640 1582 695 sibi
1624 640 1748 694 licet

158 735 376 803 largiri
434 734 824 789 honorantibus
877 748 939 789 se
992 735 1199 802 sibique
1249 731 1642 796 servientibus,
1695 736 1750 782 et

151 825 430 894 quaedam
461 840 640 880 secum
670 823 723 879 in
766 825 1114 880 sacramentis
1153 824 1263 877 suis
1303 832 1453 890 pacta
1491 818 1748 875 servanti-

155 919 264 969 bus
295 932 311 979 ;
349 927 414 970 et
443 914 654 985 quando
681 914 924 969 videntur
950 914 1213 982 imperare
1241 911 1415 985 magi,
1448 925 1541 979 per
1583 907 1748 963 subli-

152 1007 419 1059 miornm
451 1005 662 1060 nomina
696 1006 974 1060 interiores
1002 1011 1241 1068 terrent,
1263 1012 1317 1058 et
1343 1001 1594 1056 nonnulla
1624 999 1748 1051 visi-

151 1093 293 1154 bilia
321 1137 336 1158 ,
377 1110 499 1170 quae
528 1106 743 1165 propter
772 1093 1132 1150 inﬁrmitatem
1159 1093 1335 1147 carnis
1359 1105 1543 1160 magna
1573 1089 1747 1142 viden-

155 1191 254 1238 tur
287 1183 613 1240 ltominibus
642 1197 746 1239 non
779 1182 1078 1238 valentibus
1106 1192 1303 1237 aeterna
1332 1181 1597 1238 contueri.
1630 1195 1749 1246 qua:

152 1285 255 1340 per
288 1285 358 1325 se
396 1273 566 1338 ipsum
599 1280 813 1343 prestat
852 1270 1195 1326 dilectoribus
1238 1272 1347 1324 suis
1379 1285 1534 1324 verus
1575 1269 1745 1332 Deus,

160 1360 513 1416 mirantibus
549 1360 831 1415 exhibeant
868 1357 1212 1433 [exhibent].
1253 1359 1375 1413 llaec
1415 1373 1589 1413 autem
1630 1373 1750 1426 per-

160 1450 351 1504 mittit
389 1451 526 1506 Deus
554 1451 696 1519 jnste
723 1452 902 1506 omnia
932 1450 1247 1515 moderans,
1277 1459 1331 1503 nt
1362 1465 1456 1517 pro
1492 1449 1749 1516 cupidita-

159 1541 320 1595 tibus
376 1551 436 1596 et
487 1542 836 1598 electlonibus
889 1541 1171 1596 servitutes
1213 1556 1394 1595 eorum
1456 1541 1747 1593 libertates-

1849 381 2163 436 commercia
2202 381 2284 434 vel
2321 378 2612 443 beneﬁcia,
2649 379 2722 433 illi
2762 386 2937 432 autem
2986 375 3190 444 publica
3230 373 3407 430 admi-

1849 472 2161 526 nistratione
2181 510 2197 534 ,
2223 470 2378 537 jussu
2405 468 2520 537 ejus
2547 470 2630 522 cui
2670 479 2858 523 cuncta
2893 476 3132 523 creatura
3169 464 3404 534 subjecta

1847 571 1949 618 est.
1983 563 2151 618 Aliter
2177 563 2316 616 enim
2343 561 2547 629 cogitur
2590 575 2865 628 possessor
2904 575 3094 628 cquutn
3136 547 3266 611 dare
3307 555 3405 609 mi-

1851 651 1949 716 liti,
1979 649 2133 705 aliter
2158 664 2278 704 eum
2307 649 2465 704 tradit
2488 650 2745 718 emptori,
2780 650 2861 702 vel
2892 649 3107 702 cuilibet
3131 647 3292 702 donat
3318 653 3411 696 aut

1848 740 2172 796 commodat.
2203 739 2267 793 Et
2297 738 2739 807 quemadmodum
2771 738 3009 807 plerique
3037 735 3160 789 mali
3189 735 3407 792 milites.

1849 844 1981 899 quos
2009 828 2298 898 imperialis
2326 828 2602 897 disciplina
2639 827 2994 896 condemnat,
3033 822 3201 894 signis
3237 823 3405 890 impe-

1850 921 2040 974 ratoris
2070 920 2153 974 sui
2185 919 2465 973 nonnullos
2495 932 2831 988 possessores
2858 919 3131 979 territant,
3161 922 3215 968 et
3241 912 3308 965 ab
3333 914 3411 965 cls

1848 1013 2044 1082 aliquid
2066 1013 2203 1082 quod
2230 1011 2439 1080 publice
2464 1027 2567 1065 non
2587 1010 2799 1078 jubetur
2819 1014 3166 1076 extorquent;
3193 1004 3264 1057 ita
3290 1016 3410 1055 nou-

1851 1117 2113 1171 nunquam
2148 1102 2275 1154 mali
2306 1100 2614 1164 Christiani,
2641 1098 2722 1155 vel
2755 1095 3104 1161 schismatici,
3133 1093 3215 1148 vel
3241 1091 3412 1147 hiera-

1851 1193 1937 1244 tici
1960 1233 1974 1257 ,
2006 1208 2098 1257 per
2127 1206 2317 1246 nomen
2343 1191 2539 1245 Christi
2559 1235 2573 1254 ,
2609 1201 2699 1245 aut
2729 1189 2890 1246 verba
2912 1231 2928 1256 ,
2960 1174 3049 1242 aut
3078 1192 3408 1241 sacramenta

1849 1283 2177 1346 Christiana,
2221 1285 2442 1352 exigunt
2496 1282 2690 1349 aliquid
2748 1299 2776 1333 a
2825 1280 3172 1349 potestatibus
3219 1274 3410 1345 quibus

1851 1375 2050 1428 honore
2066 1374 2258 1428 Christi
2280 1375 2468 1429 cedere
2491 1373 2741 1428 indictum
2770 1383 2872 1427 est.
2890 1372 3021 1425 Cum
3047 1383 3222 1424 autem
3253 1364 3408 1420 malis

1846 1463 2154 1532 iubentibus
2177 1445 2447 1518 voluntate
2468 1464 2692 1528 cedunt,
2721 1463 2786 1516 ad
2813 1462 3144 1517 sedoccndos
3168 1460 3408 1514 homines

1852 1555 2074 1617 cedunt,
2106 1568 2333 1624 quorum
2365 1569 2550 1614 errore
2579 1555 2843 1607 lmtantur.
2887 1553 3219 1620 Quapropter
3257 1548 3412 1602 aliter

156 1646 271 1699 que
310 1632 623 1686 distribuat.
645 1631 710 1686 Et
739 1632 782 1686 si
811 1631 1021 1700 quando
1049 1630 1378 1684 invocatione
1407 1628 1596 1686 summi
1630 1627 1743 1695 Dei,

1853 1643 1987 1710 magi
2019 1642 2216 1696 faciunt
2250 1643 2532 1705 miracula,
2567 1642 2720 1696 aliter
2750 1640 2874 1694 boni
2902 1639 3225 1704 Christiani,
3256 1637 3410 1691 aliter

163 1721 393 1788 aliquid
449 1735 545 1788 pro
611 1722 722 1795 suis
787 1722 943 1775 malis
1008 1721 1381 1789 cupiditatibus
1427 1722 1749 1786 impetrant,

167 1815 328 1868 unde
361 1815 506 1868 dicta
531 1824 614 1868 est
639 1813 794 1885 [suis]
828 1813 918 1867 illa
949 1829 1053 1867 non
1080 1813 1274 1882 gratia;
1310 1828 1413 1864 non
1445 1812 1584 1865 enim
1617 1810 1750 1863 lrns—

166 1916 252 1960 tr-
287 1905 435 1959 dicit
472 1905 788 1973 Apostolus,
816 1905 1053 1960 Tradidit
1081 1904 1202 1958 illos
1235 1906 1370 1957 Deus
1411 1904 1462 1957 in
1490 1903 1750 1955 desideria

157 1994 365 2048 cordis
419 1996 675 2059 illorum;
721 1995 1072 2063 quorumdam
1121 1996 1261 2048 enim
1315 2002 1524 2060 peccata
1566 2007 1749 2045 eorum

164 2084 660 2154 porpetrandorutu
690 2083 944 2149 facilitas,
975 2099 1127 2154 poena
1171 2094 1250 2137 est
1290 2083 1510 2137 aliorum
1559 2096 1752 2149 prmce-

160 2175 446 2229 dentium.
477 2175 628 2241 Quod
655 2184 830 2228 autem
858 2175 1109 2228 Dominus
1135 2172 1285 2238 dicit,
1329 2173 1440 2226 Non
1470 2181 1640 2240 potest
1665 2172 1753 2225 Sa-

165 2277 329 2322 tanas
361 2268 615 2323 Satanam
645 2268 927 2323 excludere
950 2307 966 2331 ,
995 2283 1062 2322 ne
1103 2266 1235 2321 forte
1274 2268 1552 2335 quisquam
1599 2274 1752 2318 utens

165 2361 495 2415 nominibus
546 2362 838 2430 aliquarum
888 2347 1186 2415 inﬁmarum
1230 2369 1583 2429 potestatum,
1628 2374 1753 2415 cum

169 2455 516 2510 daemonium
545 2456 860 2518 excluserit,
895 2455 1079 2508 falsam
1111 2463 1256 2523 putet
1283 2469 1403 2508 esse
1430 2454 1622 2508 dictam
1654 2454 1755 2508 Do—

167 2550 305 2603 mini
337 2549 692 2612 sententiam,
723 2547 787 2602 ad
819 2547 916 2600 hoc
958 2547 1215 2616 intelligat
1246 2548 1473 2608 dictum,
1505 2545 1626 2614 quia
1656 2544 1755 2598 hoc

171 2636 345 2689 modo
379 2636 603 2691 Satanas
633 2638 793 2690 etiam
827 2637 877 2689 in
901 2651 1144 2703 corpore,
1164 2643 1252 2688 aut
1269 2648 1490 2698 corpore
1512 2629 1754 2686 sensibus

175 2725 428 2795 [etiamsi
442 2725 652 2792 corpori
673 2725 1008 2794 autcorporis
1019 2722 1279 2793 sensibus]
1300 2723 1484 2790 parcit,
1500 2724 1616 2776 ideo
1635 2737 1754 2790 par-

175 2815 254 2868 cit
283 2823 345 2866 ut
378 2816 543 2882 ipsius
575 2813 802 2868 hominis
823 2813 1074 2868 voluntati
1102 2828 1193 2882 per
1214 2812 1497 2880 impietatis
1516 2827 1752 2866 errorem

179 2905 468 2973 triumpho
497 2905 705 2974 majore
732 2905 1052 2959 dominetur.
1101 2906 1212 2958 lloc
1242 2917 1414 2958 autem
1447 2905 1602 2957 modo
1647 2915 1750 2959 non

1852 1732 1973 1787 mali
2001 1713 2288 1788 Christiani
2316 1748 2329 1785 :
2363 1733 2499 1798 magi
2529 1735 2622 1799 per
2654 1731 2889 1801 privatos
2917 1737 3254 1792 contractus,
3285 1726 3408 1780 boni

1851 1824 2136 1877 Christiani
2183 1838 2278 1890 per
2318 1823 2586 1890 publicam
2622 1821 2921 1891 justitiam,
2964 1818 3086 1875 mali
3127 1816 3411 1872 Christiani

1853 1929 1947 1982 per
1975 1915 2120 1982 signa
2150 1915 2372 1981 publica:
2397 1913 2636 1982 justitite.
2669 1912 2775 1965 Nec
2805 1911 2993 1965 mirum
3027 1908 3266 1982 estquod
3295 1908 3409 1961 hate

1852 2006 2000 2072 signa
2032 2005 2236 2068 valent,
2267 2020 2386 2056 cum
2414 2005 2482 2062 ab
2507 2005 2586 2057 eis
2618 2002 2957 2068 adhibentur,
2985 2000 3196 2070 quando
3222 2001 3406 2062 etiam,

1852 2111 1972 2150 cum
2002 2108 2323 2164 usurpantur
2350 2096 2417 2149 ab
2440 2097 2741 2160 extraneis,
2770 2081 2860 2163 qui
2887 2092 3104 2151 omnino
3131 2105 3282 2148 suum
3314 2103 3409 2146 no-

1855 2201 1973 2240 men
2005 2186 2070 2238 ad
2098 2187 2251 2238 istam
2296 2186 2539 2238 militiam
2581 2201 2685 2240 non
2730 2184 3021 2249 dederont,
3065 2191 3280 2253 propter
3317 2177 3411 2234 bo-

1855 2292 2038 2330 noretn
2069 2287 2244 2334 tamen
2274 2275 2707 2332 excellentissimi
2735 2273 3073 2341 imperatoris
3103 2273 3297 2325 valent.
3331 2270 3410 2324 Ex

1854 2365 2048 2435 quibus
2081 2365 2176 2418 iuit
2223 2365 2310 2418 ille
2350 2364 2416 2418 de
2455 2381 2560 2434 quo
2598 2365 2840 2433 discipuli
2871 2364 3094 2422 Domino
3133 2362 3410 2415 nuntiave-

1856 2465 1978 2510 runt
1999 2455 2138 2530 quod
2165 2455 2218 2510 in
2247 2455 2462 2510 nomine
2486 2454 2602 2524 ejus
2627 2454 2843 2528 ejiceret
2867 2452 3150 2516 daemonia,
3171 2450 3412 2520 quamvis

1855 2563 1973 2602 eum
1988 2548 2064 2601 eis
2077 2563 2196 2602 eum
2214 2562 2316 2604 non
2331 2555 2661 2616 sequeretur.
2674 2545 2804 2599 Cum
2818 2554 2990 2598 autem
3005 2559 3107 2597 non
3125 2543 3317 2595 cedunt
3332 2542 3412 2594 his

1855 2637 2020 2707 signis
2053 2635 2357 2704 Itujusmodi
2388 2644 2705 2708 potestates,
2740 2633 2878 2689 Deus
2905 2633 3017 2700 ipse
3048 2628 3292 2699 prohibet
3321 2642 3409 2682 oc-

1854 2728 2012 2782 cultis
2065 2727 2259 2790 modis,
2299 2740 2416 2778 cum
2458 2723 2511 2782 ld
2556 2723 2756 2792 justum
2810 2731 2971 2792 atqtte
3017 2719 3146 2773 utile
3189 2719 3411 2788 julicat.

1855 2813 1985 2872 Nam
2037 2815 2181 2868 nullo
2244 2814 2405 2870 modo
2455 2813 2544 2866 ulli
2599 2811 2815 2880 spiritus
2859 2810 3054 2864 audent
3103 2809 3215 2861 haec
3264 2808 3409 2876 signa

1857 2915 2218 2960 contemnere.
2287 2903 2715 2957 Contretniscunt
2793 2901 2933 2955 enim
3006 2899 3120 2953 lt:ec
3187 2897 3409 2958 ubicun-

176 2995 294 3049 exit
329 2997 593 3056 Satanas.
626 2994 719 3048 sed
751 2996 927 3063 potius
959 2994 1011 3046 in
1044 2994 1220 3047 intima
1264 2992 1579 3061 ingreditur,
1613 3002 1669 3046 ut
1699 2994 1750 3046 in
1780 2982 1826 3043 C
1857 3010 1960 3065 que
1991 2995 2079 3048 illa
2110 2993 2518 3062 conspexerint,
2558 2991 2649 3046 sed
2688 2989 3043 3048 nescientibus
3079 2985 3377 3042 hominibus
3398 3027 3413 3057 ,

176 3099 244 3136 eo
275 3084 361 3138 sic
388 3093 661 3152 t-peretur,
686 3082 1131 3151 quemadmodum
1155 3081 1282 3135 dicit
1302 3082 1626 3148 Apostolus:
1659 3080 1755 3136 Se-

175 3173 422 3228 cundum
455 3173 743 3241 principem
776 3173 1052 3241 potestatis
1080 3173 1220 3226 aeris
1257 3171 1443 3239 hujus,
1485 3172 1578 3241 qui
1614 3188 1752 3228 nunc

179 3272 449 3332 operator
479 3263 532 3318 in
563 3262 690 3318 ﬁliis
717 3264 1046 3318 difﬁdentia.
1090 3263 1202 3319 Non
1230 3267 1372 3319 enim
1412 3278 1599 3319 sensus
1637 3279 1756 3319 cor-

179 3355 333 3421 poris
387 3356 573 3409 eorum
606 3354 851 3409 turbabat
886 3364 1044 3423 atque
1088 3356 1397 3425 torquebat,
1440 3365 1532 3410 aut
1568 3370 1751 3411 eorum

181 3456 414 3512 corpora
458 3443 774 3508 collidebat;
804 3444 896 3497 sed
927 3448 976 3498 in
1007 3459 1190 3498 eorum
1220 3445 1519 3510 voluntate,
1551 3446 1631 3499 vel
1662 3460 1754 3514 po-

184 3535 294 3587 tius
331 3533 629 3601 cupiditate
667 3535 942 3603 regnabat.
981 3535 1130 3600 Quod
1161 3546 1336 3588 autem
1365 3535 1496 3589 dicit
1525 3535 1754 3604 pseudo-

184 3623 480 3692 ptopbetas
528 3622 688 3676 multa
733 3626 880 3692 signa
924 3633 980 3678 et
1017 3624 1257 3694 prodigia
1290 3626 1557 3690 facturos,
1594 3625 1663 3678 ita
1695 3633 1754 3678 ut

184 3714 400 3777 fallam,
427 3715 470 3767 si
499 3714 612 3767 ﬁeri
647 3723 839 3782 potest,
870 3716 1028 3768 etiam
1058 3707 1278 3781 electos,
1305 3715 1552 3770 admonet
1577 3716 1755 3783 utique

184 3801 291 3875 [ut]
327 3804 690 3872 intelligamus
719 3805 959 3873 quaedam
992 3806 1244 3860 miracula
1275 3808 1434 3860 etiam
1463 3807 1745 3861 sceleratos

189 3894 442 3949 homines
490 3898 702 3959 lacere,
746 3897 886 3966 quali
932 3896 1220 3967 [qualibus]
1269 3899 1598 3954 sanetiﬁ;are
1644 3916 1749 3954 non

185 3995 412 4051 possunt
437 3981 725 4054 ;[Dened.,
757 3986 928 4053 qualia
974 3988 1138 4039 sancti
1172 3987 1345 4041 facere
1386 4003 1488 4040 non
1536 3990 1777 4056 possunt?

185 4088 283 4125 nec
345 4084 524 4126 tamen
597 4058 716 4128 ideo
781 4076 999 4147 potioris
1065 4075 1163 4127 l0t'l
1221 4077 1355 4144 apud
1416 4075 1575 4130 Deum
1633 4092 1752 4132 esse

185 4161 480 4216 arbitrandi
526 4171 665 4216 sunt.
719 4162 831 4216 Non
879 4166 1020 4216 enim
1070 4165 1392 4233 acceptiores
1446 4175 1599 4220 erant
1646 4168 1751 4221 Deo

186 4265 342 4318 quam
418 4254 639 4320 populus
708 4253 864 4306 Israel
933 4256 1069 4322 magi
1152 4253 1550 4325 Egyptiorttm,
1629 4257 1748 4324 quia

1858 3083 2000 3160 aliud
2044 3083 2260 3154 jobetur
2307 3082 2600 3147 divinitus,
2641 3081 2724 3136 vel
2764 3081 2829 3134 ad
2867 3078 3268 3138 contundendos
3306 3093 3416 3132 ma-

1859 3175 1960 3241 los,
1993 3190 2113 3228 cum
2140 3189 2238 3228 eos
2267 3182 2483 3246 oportet
2509 3173 2795 3239 confundi,
2821 3174 2959 3228 sicut
2986 3173 3054 3227 de
3081 3171 3267 3230 Saeva:
3298 3167 3414 3225 ﬁliis

1858 3264 1911 3317 in
1942 3263 2164 3316 Actibus
2196 3262 2559 3331 apostolorum
2594 3263 2838 3333 legimus,
2867 3262 3058 3330 quibus
3086 3247 3165 3315 ait
3188 3261 3413 3323 immuq.

1856 3352 1956 3405 dus
1985 3345 2202 3420 spiritus
2228 3367 2243 3406 :
2273 3340 2455 3404 Jesum
2495 3351 2607 3405 scio
2626 3391 2641 3416 ,
2670 3359 2728 3404 et
2757 3349 2974 3405 Paulum
3007 3351 3131 3410 novi
3154 3390 3168 3415 ,
3200 3364 3292 3404 vos
3319 3364 3414 3412 au.

1857 3449 1962 3495 tem
1993 3441 2081 3509 qui
2111 3439 2282 3494 estis?
2313 3443 2394 3493 vel
2426 3439 2792 3496 admonendos
2834 3440 3000 3493 honos
3045 3449 3100 3494 ut
3143 3439 3418 3508 proficiant

1856 3537 1908 3590 in
1939 3535 2069 3595 ﬁde.
2096 3543 2254 3601 atque
2278 3532 2377 3586 ista
2405 3548 2509 3586 non
2535 3532 2820 3604 iactanter,
2846 3531 2940 3586 sed
2968 3533 3165 3592 utiliter
3189 3534 3418 3602 possint,

1856 3625 1936 3679 vel
1969 3624 2033 3677 ad
2062 3623 2412 3677 discernenda
2435 3623 2573 3678 dona
2601 3622 2955 3681 membrorum
2984 3622 3254 3682 Ecclesiw.
3283 3625 3412 3685 sicut

1856 3717 2141 3784 Apostolus
2180 3713 2347 3767 dicit:
2389 3711 2634 3782 Nunquid
2673 3727 2859 3774 omnes
2890 3713 3149 3765 virtutes?
3181 3714 3415 3779 nunquid

1854 3818 2040 3858 omnes
2066 3804 2264 3856 donum
2297 3801 2493 3860 habent
2517 3803 2887 3861 curationum?
2921 3801 3139 3873 Propter
3167 3803 3261 3855 bus
3289 3818 3418 3876 ergo

1854 3911 2072 3960 causas,
2103 3896 2412 3964 plerumque
2433 3933 2448 3957 ,
2483 3902 2537 3946 ut
2563 3893 2761 3947 dictttm
2793 3902 2904 3956 est,
2936 3894 3290 3946 nescientibus
3321 3893 3414 3948 ho~

1855 3985 2128 4050 minibus,
2166 3984 2381 4057 jttbetur
2428 3983 2712 4048 divinitus,
2755 3983 2805 4035 id
2854 3993 2968 4047 cst,
3022 3995 3074 4035 ιιι
3123 3983 3206 4035 his
3252 3984 3417 4052 signis
3487 3977 3489 3980 ’

1854 4077 2146 4141 adhibitis,
2181 4075 2482 4150 hujusmodi
2526 4083 2814 4141 potestates
2843 4075 2965 4126 vqu
2991 4074 3099 4125 itali
3146 4076 3416 4136 hominum

1856 4178 1960 4220 nan
1993 4166 2363 4232 obtemperent
2387 4181 2400 4228 ;
2435 4174 2492 4216 ut
2519 4173 2690 4216 autem
2718 4165 2838 4221 mali
2871 4163 3019 4216 bonis
3046 4179 3185 4231 s'rpe
3214 4175 3408 4232 tempo.

1855 4256 2039 4312 rallter
2070 4267 2314 4315 noreaut,
2345 4253 2743 4322 potestatemin
2773 4267 2865 4305 eos
2894 4251 3177 4321 {tt-cipiunt,
3212 4252 3274 4309 ad
3308 4269 3417 4305 ma.

187 4358 290 4398 non
323 4351 537 4411 poterat
567 4333 909 4428 ille‘populus
938 4344 1112 4398 lacere
1149 4346 1288 4414 quod
1330 4346 1407 4399 iiii
1447 4346 1709 4402 faciebant
1729 4389 1744 4409 ,
1779 4330 1826 4386 υ
1852 4349 2026 4413 jornm
2057 4345 2360 4420 [majorem]
2387 4347 2648 4408 bonorum
2677 4345 2990 4404 utilitatem.
3019 4355 3230 4417 propter
3263 4364 3412 4406 exer-

186 4436 428 4501 quamvis
461 4435 667 4506 Moyses
697 4435 748 4488 in
781 4436 974 4490 virtute
1002 4437 1090 4490 Dei
1123 4437 1322 4512 majora
1350 4438 1598 4506 potuerit.
1643 4439 1747 4491 Sed

185 4523 308 4579 ideo
341 4540 446 4579 non
474 4525 721 4576 omnibus
752 4528 950 4578 Sanctis
988 4527 1086 4579 i5ta
1120 4526 1440 4588 tribuuntur,
1471 4542 1536 4582 ue
1568 4529 1748 4594 periti.

185 4614 486 4668 ciosissimo
528 4628 712 4667 errore
749 4615 1084 4681 decipiantur
1121 4617 1347 4679 inﬁrmi,
1385 4618 1750 4676 existimantes

184 4704 234 4757 in
265 4704 461 4759 talibus
489 4703 640 4759 lactis
665 4719 783 4758 esse
812 4705 1012 4780 majora
1044 4707 1179 4760 dona
1218 4721 1373 4776 quam
1415 4708 1465 4760 in
1502 4707 1750 4772 operibus

185 4793 404 4861 iustitia:
424 4835 441 4860 ,
472 4794 663 4863 quibus
688 4794 798 4847 vita
825 4806 1023 4853 :nterna
1056 4807 1415 4865 comparatur.
1460 4799 1746 4867 Propterea

188 4883 445 4938 Dominus
482 4885 725 4953 prohibet
753 4886 879 4939 h'nc
909 4885 1138 4953 gaudere
1168 4888 1452 4957 discipulos
1481 4904 1601 4942 cum
1629 4890 1704 4943 ait
1731 4905 1745 4941 :

185 4973 360 5030 Nolite
391 4976 446 5028 in
492 4975 593 5028 hoc
633 4976 865 5043 gaudere
905 4977 1028 5043 quia
1074 4978 1292 5045 Spiritus
1337 4978 1486 5032 vobis
1522 4978 1747 5048 subjecti

184 5075 339 5128 sunt,
385 5066 478 5118 sed
521 5067 747 5135 gaudete
788 5069 1036 5135 quoniam
1081 5071 1292 5123 nomina
1338 5080 1509 5128 vestra
1550 5073 1747 5139 scripta

185 5168 304 5212 sunt
344 5159 396 5210 in
441 5158 604 5212 caelo.
645 5155 776 5212 Cum
818 5175 945 5229 ergo
987 5161 1104 5215 talia
1129 5160 1326 5222 radunt
1363 5163 1534 5233 magi,
1566 5165 1741 5231 qualia

190 5262 565 5314 nonnunquam
599 5245 798 5302 faciunt
828 5252 1037 5317 sancti,
1065 5253 1185 5306 talia
1208 5252 1415 5324 quidem
1457 5255 1741 5309 visibiliter

186 5348 299 5390 esse
329 5347 621 5405 apparent,
653 5339 744 5391 sed
789 5351 843 5393 et
882 5341 1095 5395 diverso
1137 5343 1239 5396 line
1282 5353 1334 5396 et
1374 5325 1586 5398 diverso
1624 5344 1741 5414 jure

190 5423 314 5479 linat
342 5445 353 5478 :
390 5426 466 5480 illi
499 5432 638 5480 enim
671 5428 866 5482 faciunt
896 5442 1195 5503 qoazreutes
1223 5431 1440 5500 gloriam
1471 5449 1638 5504 suam,
1670 5434 1742 5489 illi

189 5527 483 5580 qttzet'cntcs
512 5519 730 5585 gloriam
760 5520 889 5583 Dei;
925 5533 976 5575 et
1016 5523 1088 5576 illi
1132 5521 1325 5576 faciunt
1370 5539 1460 5591 per
1499 5526 1736 5595 quoidam

466 5631 728 5695 Patior.
767 5629 952 5698 LXII.

1853 4440 2157 4493 citatioocm
2185 4438 2469 4507 patientiae.
2501 4438 2680 4506 Itaque
2703 4437 2876 4497 anima
2912 4436 3255 4508 [Christiana]
3285 4444 3416 4501 senii

1855 4542 1947 4596 per
1977 4527 2209 4593 invigilat
2236 4527 2288 4578 iu
2315 4527 2741 4581 tribulationibus
2762 4527 2894 4589 suis,
2913 4527 3060 4596 sequi
3093 4527 3414 4591 voiuntatt-m

1854 4619 2062 4678 Domini
2096 4619 2177 4671 sui
2200 4658 2214 4684 ,
2243 4616 2355 4690 [ne]
2385 4617 2703 4678 ordinationi
2731 4616 2821 4677 Dei
2853 4615 3151 4673 resistendo
3180 4619 3417 4682 acquirat

1853 4709 1950 4760 sibi
1973 4708 2182 4778 gravius
2205 4703 2484 4779 judicium.
2510 4705 2657 4779 Quod
2679 4704 2818 4764 enim
2841 4704 2954 4771 ipse
2981 4703 3234 4757 Dominus
3257 4719 3418 4772 agens

1855 4799 2144 4859 hominem,
2177 4794 2361 4856 l’outio
2385 4795 2550 4853 Pilato
2574 4795 2724 4857 dixit,
2747 4793 2846 4848 hoc
2866 4805 2922 4849 et
2937 4795 3036 4849 Job
3051 4796 3263 4848 diabolo
3287 4813 3411 4864 pos-

1853 4899 1933 4944 set
1962 4888 2143 4945 dicere
2171 4904 2183 4940 :
2215 4888 2329 4942 Non
2359 4885 2584 4944 haberes
2611 4885 2662 4938 in
2692 4900 2775 4938 me
2801 4895 3137 4954 potestatem,
3163 4887 3263 4939 nisi
3289 4888 3410 4946 data

1854 4981 1945 5034 tibi
1966 4990 2110 5037 esset
2129 4978 2376 5046 desuper.
2399 4976 2512 5031 Non
2536 4992 2661 5045 ergo
2684 4977 2798 5045 ejus
2819 4978 3063 5030 voluntas
3084 4978 3237 5046 cujus
3258 4980 3409 5042 mali-

1856 5072 1939 5123 tiae
1970 5077 2206 5144 potestas
2236 5069 2287 5120 iu
2318 5067 2489 5121 bonos
2517 5066 2696 5129 datur,
2721 5065 2813 5120 sed
2843 5065 2958 5132 ejus
2987 5067 3229 5126 voluntas
3257 5081 3286 5120 a
3309 5083 3412 5135 quo

1856 5163 1968 5214 lucc
1989 5171 2220 5229 potestas
2234 5159 2408 5222 datur,
2431 5158 2588 5212 debet
2614 5157 2765 5211 nobis
2785 5171 2905 5211 esse
2922 5156 3232 5214 charissima
3252 5175 3264 5214 :
3284 5175 3412 5228 quo-

1855 5255 1995 5306 niam
2037 5253 2307 5306 tribulatio
2345 5252 2650 5319 patientiam
2686 5261 2956 5318 operatur,
2998 5252 3246 5320 patientia
3287 5267 3416 5311 γεω

1828 5344 2247 5411 νρτοιιιιιίυιιειιι,
2279 5342 2519 5411 probatio
2550 5355 2674 5396 vero
2705 5355 2850 5406 Spem
2879 5359 2892 5407 ;
2937 5357 3058 5412 apes
3098 5354 3271 5403 autem
3305 5361 3409 5404 non

1853 5434 2144 5496 confundit,
2176 5434 2420 5501 quoniam
2448 5432 2680 5485 Charitas
2707 5431 2796 5484 Dei
2821 5433 3006 5491 diﬂ'usa
3034 5445 3114 5486 est
3152 5435 3203 5496 in
3229 5434 3404 5499 cordi.

1864 5528 1962 5578 bus
1983 5525 2196 5591 nostris,
2215 5539 2306 5594 per
2326 5523 2577 5592 Spiritum
2603 5533 2843 5578 sanctum
2865 5523 2952 5592 qui
2970 5524 3122 5578 datus
3140 5537 3215 5582 est
3240 5526 3411 5584 nobisi

2905 5637 2979 5698 3b
