3874 6226
441 199 572 254 1067
1170 203 1206 263 ο

966 303 1180 360 carm
1218 297 1477 374 eccm.

600 447 613 460 ‘
636 438 884 495 Adversus
913 433 1285 488 mathematicos
1309 445 1326 494 ,'
1356 445 1416 482 ea:
1445 427 1618 483 eodem
1647 429 1794 482 lilrro.

512 575 627 629 Non
672 585 762 627 eos
799 567 1124 638 appellarunt
1169 563 1572 618 mathematicos
1617 571 1857 625 veteres,
1904 561 1994 628 qui

444 679 580 718 nunc
606 661 954 730 appelluntur,
986 657 1079 710 sed
1126 656 1242 708 illos
1285 655 1370 722 qui
1407 665 1701 720 temporum
1743 664 1996 704 numeros

445 762 584 805 motu
625 748 746 802 εωιί
789 760 852 808 ac
895 745 1127 799 siderum
1176 745 1641 812 perchtigarunt;
1695 742 1760 794 de
1806 741 1997 808 quibus

444 839 733 894 rectissime
772 838 964 891 dicitur
1003 837 1055 891 itt
1088 835 1372 899 Scripturis
1401 834 1598 886 sanctis
1631 851 1642 884 :
1677 833 1866 884 lterttm
1899 845 1996 884 nec

444 932 522 983 Itis
552 929 710 982 debet
738 928 973 996 ignosci,
1007 927 1049 979 si
1078 927 1215 977 enim
1243 933 1442 976 tantum
1483 924 1619 975 scire
1660 918 1992 992 [poterunt],

446 1030 501 1072 ttt
531 1017 733 1086 possint
763 1019 1026 1070 mstimarc
1051 1014 1325 1074 saeculum,
1355 1011 1620 1079 quomodo
1642 1011 1794 1078 hujus
1823 1009 2001 1062 Domi-

444 1123 568 1161 num
617 1123 722 1161 non
767 1106 967 1159 facilius
1008 1102 1354 1156 invenerunt?
1396 1101 1546 1154 Mens
1584 1101 1723 1153 cnim
1768 1100 1996 1154 humana

375 1240 381 1248 .
443 1198 510 1250 tle
542 1194 831 1250 visibilibus
858 1194 1096 1262 judicans
1129 1199 1297 1258 potest
1326 1203 1616 1257 agnoscere
1646 1189 1890 1242 omnibus
1924 1188 2002 1242 vi-

445 1286 684 1339 sibilibus
726 1285 950 1351 scipsam
990 1296 1107 1336 esse
1143 1281 1442 1335 meliorem.
1494 1281 1623 1344 Qua:
1663 1289 1840 1333 tamen
1879 1293 2002 1335 cum

445 1376 603 1430 etiam
631 1390 687 1429 se
709 1383 922 1443 preptcr
947 1371 1252 1426 defunctum
1276 1368 1584 1442 [delectum]
1608 1369 2004 1437 profectumque

449 1466 502 1518 in
525 1464 776 1533 sapientia
801 1461 992 1514 fatetur
1017 1474 1136 1515 esse
1159 1460 1493 1524 mutabilem,
1520 1459 1728 1512 invenis
1757 1455 2003 1528 [invenit]

449 1568 604 1622 supra
638 1567 696 1605 se
722 1565 841 1606 esse
871 1549 1345 1604 incommutabilem
1377 1550 1648 1602 veritatem
1685 1565 1700 1613 ;
1739 1557 1898 1616 atque
1936 1549 2004 1600 ita

1504 189 1562 242 ῐ).
1604 184 1738 243 Ευϐ
1753 182 1921 239 ΫΡΝΙ
1964 181 1999 236 ί¹ι

2119 178 2245 236 ms
2287 168 2600 234 AFRICANI
3527 174 3652 225 ιιιιιιι

2019 298 2063 351 Α
2099 299 2212 345 tuas
2244 291 2574 344 membranas
2618 287 2836 356 scriptas
2880 284 3173 356 quaslibet,
3209 285 3276 338 de
3307 285 3505 353 quibus
3536 286 3650 350 pte-

2099 395 2317 446 rutnqtte
2345 392 2441 446 pro
2462 380 2728 432 voluntate
2753 390 2871 429 sors
2891 376 3030 439 exit;
3055 374 3196 443 quod
3223 376 3268 425 si
3292 389 3392 424 non
3418 384 3544 425 arte
3589 371 3654 424 de

2097 468 2376 521 codicibus
2398 467 2508 521 exit
2534 481 2673 533 smpe
2717 478 2899 521 versus
2927 465 3096 517 futura
3126 461 3510 530 praenuntiaus,
3533 462 3652 525 quid

2100 559 2290 610 mirum
2321 557 2366 608 si
2396 555 2554 607 etiam
2587 569 2652 608 es
2689 555 2864 605 animo
2894 551 3157 620 loquentis
3182 592 3196 612 ,
3231 565 3335 603 non
3368 560 3481 601 arte
3511 549 3648 616 [sedi

2098 654 2241 698 sorte
2268 644 2376 705 exit
2403 643 2574 711 aliqua
2607 642 2875 710 praedictio
2903 642 3132 695 futurum
3163 641 3173 710 Ι
3199 640 3491 693 futurorum
3511 635 3565 706 Π

2601 769 2819 824 CAPUT
2853 767 3142 822 CCCXL“.

2730 881 2805 935 De
2840 880 3020 934 Verbo.

2171 995 2226 1050 In
2257 994 2513 1063 principio
2540 1001 2652 1047 erat
2679 992 2933 1054 Verbum,
2959 988 3095 1058 quod
3125 987 3309 1042 Cra-ce
3337 989 3486 1058 Λόγος
3516 988 3647 1040 dici-

2105 1092 2205 1147 tur,
2253 1083 2436 1137 Latine
2463 1091 2518 1139 et
2565 1081 2867 1144 Rationem,
2896 1090 2949 1132 et
2976 1079 3202 1131 Verbum
3234 1077 3481 1144 significat
3507 1093 3522 1126 :
3554 1079 3648 1128 sed

2105 1173 2206 1228 hoc
2234 1174 2352 1226 loco
2380 1173 2568 1226 melius
2600 1171 2824 1225 Verbum
2853 1170 3279 1236 interpretamur,
3309 1175 3364 1219 ut
3389 1166 3646 1234 signiﬁce-

2106 1273 2190 1321 tur
2228 1277 2330 1314 nou
2377 1262 2546 1316 solum
2589 1261 2654 1315 ad
2700 1261 2906 1313 Patrem
2959 1266 3256 1324 respectus,
3304 1255 3393 1310 sed
3435 1258 3498 1308 ad
3558 1256 3644 1308 illa

2106 1352 2265 1405 etiam
2296 1365 2414 1420 quae
2460 1365 2553 1418 per
2585 1349 2810 1402 Verbum
2837 1349 2970 1401 facta
2999 1355 3142 1411 sunt,
3169 1346 3428 1414 opcrativa
3455 1355 3643 1414 potest-

2108 1442 2198 1493 tia.
2226 1440 2377 1493 Ratio
2402 1449 2598 1502 autem,
2646 1438 2743 1494 etsi
2771 1437 2902 1491 nihil
2932 1451 3025 1508 per
3047 1436 3192 1501 illam
3222 1437 3331 1501 liat,
3361 1444 3493 1488 recte
3510 1433 3644 1487 ratio

2107 1529 2319 1583 dicitur.

448 1646 723 1706 adltmrcns
767 1652 884 1712 post
926 1644 1122 1711 ipsam,
1169 1642 1302 1696 sicut
1342 1642 1538 1695 dicmm
1581 1649 1663 1695 εει
1693 1656 1706 1693 ε
1751 1641 1864 1710 98
1905 1639 2011 1692 Ad“
2043 1647 2084 1706 Β
2117 1659 2189 1711 De
2213 1675 2270 1711 eo
2294 1659 2425 1726 quod
2457 1661 2699 1728 scriptum
2727 1668 2838 1712 est:
2873 1658 2998 1712 Sine
3021 1656 3133 1725 ipso
3163 1653 3637 1728 factumestmnihil,

450 1731 601 1785 hmsit
626 1732 797 1784 anima
830 1745 943 1784 mea
976 1739 1094 1799 post
1116 1738 1197 1795 te;
1226 1730 1376 1783 beata
1402 1729 1652 1793 eflicitur,
1681 1728 2001 1781 intrinsecus

451 1820 724 1874 inveniens
752 1821 909 1874 etiam
940 1819 1174 1873 omnium
1206 1818 1491 1874 visibilium
1521 1823 1818 1871 creatorem
1847 1817 2004 1886 aiqtte

451 1910 732 1963 Dominum
753 1950 766 1972 ,
795 1925 897 1962 non
925 1919 1168 1976 qtttcrens
1197 1910 1527 1962 extrinsecus
1552 1905 1800 1969 visibilia,
1823 1919 2003 1972 quam-

452 2002 533 2055 vis
559 2001 821 2065 ccelestia,
847 2015 964 2069 quae
992 2009 1083 2052 aut
1110 2014 1212 2051 non
1243 1998 1598 2063 inveniuntus,
1628 2005 1718 2050 aut
1738 2010 1858 2050 cum
1891 2007 2004 2048 ma.

454 2106 558 2154 gito
587 2091 766 2144 labore
796 2090 985 2144 frustra
1016 2089 1376 2151 inveniuntur,
1416 2088 1514 2141 nisi
1554 2102 1618 2140 ex
1665 2100 1846 2140 eorum
1890 2099 2007 2152 qua:

453 2179 584 2232 foris
621 2188 742 2232 sunt
787 2176 1174 2245 pulchritudine
1205 2177 1502 2230 inveniatur
1527 2176 1718 2228 artifex
1749 2174 1837 2242 qui
1871 2175 2009 2226 intus

453 2278 567 2331 est,
598 2277 650 2320 et
680 2267 826 2336 prius
853 2271 904 2320 in
933 2268 1102 2319 anima
1132 2266 1452 2333 superiores,
1485 2265 1676 2319 deinde
1705 2264 1757 2319 in
1787 2277 2009 2330 corpore

455 2355 732 2411 inferiores
764 2355 1178 2424 pulchritudines
1203 2363 1471 2421 eperatur.
1501 2353 1771 2408 Adversus
1800 2366 1892 2405 eos
1917 2365 2010 2402 att-

457 2457 559 2502 tem
612 2449 700 2517 qui
749 2463 889 2501 nunc
937 2447 1266 2517 appellantur
1315 2445 1726 2508 mathematici,
1769 2445 2009 2505 volentes

455 2547 604 2592 actus
635 2550 848 2596 nostros
876 2539 1189 2610 corporibus
1217 2537 1520 2591 ccclesnbus
1549 2536 1801 2602 subdere,
1833 2545 1886 2589 et
1915 2551 2011 2590 nos

458 2628 688 2684 vendere
716 2629 918 2697 stellis,
946 2631 1223 2696 ipsumque
1258 2628 1484 2694 pretium
1525 2644 1630 2696 quo
1669 2627 1946 2681 vettditnur
1980 2641 2010 2680 a

460 2717 613 2772 nobis
642 2716 918 2785 accipere,
956 2718 1086 2771 nihil
1134 2717 1345 2770 brevius
1383 2725 1435 2769 et
1465 2717 1638 2769 verius
1665 2716 1766 2770 diei
1799 2725 2008 2784 potest,

463 2821 620 2875 quam
649 2819 741 2860 eos
769 2822 872 2860 non
903 2807 1226 2875 respondere
1248 2846 1262 2867 ,
1311 2805 1412 2858 nisi
1455 2806 1686 2871 acceptis
1730 2804 2013 2858 constella-

457 2894 726 2959 tionibus;
756 2896 808 2950 in
849 2895 1335 2949 constellationibus
1372 2904 1548 2949 autem
1591 2895 1760 2949 notari
1801 2905 2008 2963 partes,

2173 1739 2221 1781 et
2251 1724 2314 1780 de
2336 1729 2526 1782 duabus
2560 1724 3020 1797 pra'positimtibus,
3045 1724 3116 1779 de
3144 1738 3188 1779 et
3218 1741 3304 1784 es.
3337 1724 3411 1777 Ea.“
3438 1724 3552 1775 libro
3579 1729 3639 1774 de

2176 1797 2381 1850 Natura
2407 1799 2544 1850 boni.

2179 1929 2235 1982 In
2276 1928 2532 1998 principio
2560 1935 2673 1981 erat
2704 1926 2964 1990 Vat-num,
3003 1938 3055 1979 et
3080 1925 3316 1978 Verbum
3353 1932 3462 1976 erat
3505 1922 3632 1988 apud

2111 2019 2296 2079 Deum,
2323 2027 2378 2070 et
2405 2018 2540 2070 Deus
2582 2027 2697 2071 erat
2729 2015 2985 2070 Verbum:
3039 2015 3139 2068 hoc
3179 2025 3293 2067 erat
3324 2015 3374 2066 itt
3406 2013 3632 2079 principio

2110 2111 2246 2177 apud
2276 2109 2470 2172 Deum;
2519 2122 2694 2160 omnia
2742 2121 2836 2174 per
2866 2107 3037 2174 ipsum
3089 2106 3224 2156 facta
3271 2116 3413 2165 sunt,
3460 2105 3632 2156 etsuis

2112 2199 2226 2265 ipso
2249 2197 2441 2249 factum
2467 2205 2545 2249 est
2574 2196 2702 2248 nihil
2725 2213 2740 2253 :
2768 2196 2816 2248 id
2842 2205 2941 2258 est,
2968 2210 3070 2247 non
3093 2202 3177 2247 est
3193 2194 3383 2245 factum
3411 2193 3631 2258 sineip-so

2109 2285 2326 2355 aliquid.
2361 2286 2540 2351 Neque
2567 2286 2708 2337 enim
2737 2285 2999 2338 audienda
3028 2294 3149 2337 sunt
3180 2284 3516 2334 deliramenta
3552 2283 3630 2333 ho-

2111 2375 2310 2431 minum
2337 2373 2424 2442 qui
2470 2373 2596 2425 nihil
2627 2373 2726 2426 boc
2760 2373 2875 2427 loco
2901 2373 3098 2440 aliquid
3145 2373 3526 2438 intelligendum
3552 2387 3627 2438 pu-

2112 2474 2241 2529 tant,
2273 2471 2328 2518 et
2366 2462 2432 2516 ad
2466 2462 2766 2530 huiusmodi
2821 2470 3104 2514 vanitatem
3153 2470 3430 2527 prolztciea
3479 2467 3626 2523 putant

2109 2553 2225 2622 cogi
2258 2540 2412 2621 posse
2431 2551 2814 2620 aliquetn,qui.i
2841 2553 3008 2618 ipsum
3030 2549 3158 2601 nihil
3180 2550 3230 2602 iu
3260 2552 3362 2601 line
3389 2550 3627 2601 sententi:

2112 2649 2339 2710 positum
2361 2651 2462 2698 est.
2495 2642 2652 2709 Ergo,
2681 2640 2941 2706 inquiunt.
2966 2638 3160 2691 fat-tum
3189 2646 3292 2699 est,
3316 2648 3369 2690 et
3399 2636 3506 2688 ideo
3527 2635 3620 2699 quia

2111 2731 2308 2788 factum
2329 2737 2432 2795 est,
2447 2731 2617 2799 ipsum
2639 2728 2766 2781 nihil
2789 2729 2982 2796 aliquid
3004 2737 3084 2782 est
3105 2743 3118 2790 ;
3145 2740 3361 2780 scitsum
3383 2727 3511 2778 enini
3532 2738 3625 2790 per-

2112 2820 2358 2874 diderunt
2385 2821 2559 2873 studio
2587 2818 2978 2873 contradicendi
3003 2857 3019 2881 ,
3077 2832 3174 2871 nec
3203 2818 3491 2886 intelligunt
3516 2813 3624 2868 nihil

2115 2910 2368 2963 interesse
2389 2919 2562 2961 utrum
2587 2909 2810 2970 dicatur,
2829 2907 2942 2960 sine
2961 2908 3051 2960 illo
3079 2907 3272 2960 factum
3297 2917 3376 2958 est
3395 2906 3529 2967 nihil,
3548 2919 3623 2966 an,

457 2983 639 3053 quales
668 2992 932 3039 trecentas
961 2984 1232 3052 sexaginta
1264 2984 1449 3036 dicunt
1479 2983 1674 3036 habere
1700 2981 2006 3050 signiferum

2119 3000 2226 3053 sine
2267 3000 2357 3052 illo
2398 2998 2529 3052 nihil
2565 2997 2756 3050 factum
2797 3007 2876 3050 est
2906 3013 2919 3050 :
2953 2997 3072 3064 quia
3103 3005 3157 3050 et
3190 2998 3232 3050 si
3263 2996 3351 3048 illo
3377 2995 3542 3048 oidine
3563 2992 3628 3045 di<

457 3073 712 3127 circulum
739 3090 754 3137 ;
786 3082 985 3126 motum
1017 3081 1189 3124 autem
1220 3070 1339 3125 coeli
1374 3085 1466 3138 per
1494 3085 1650 3124 unam
1683 3070 1866 3124 horam
1896 3070 2011 3124 fieri

458 3174 510 3219 ttt
559 3165 860 3233 quindecim
909 3163 1180 3232 partibus,
1225 3172 1279 3216 ιιι
1330 3171 1472 3215 tanta
1521 3177 1666 3215 mora
1711 3160 2011 3231 quindecim

462 3263 640 3321 partes
669 3252 929 3317 oriantur,
956 3261 1211 3320 quantum
1243 3258 1385 3302 tenet
1413 3265 1513 3302 una
1543 3250 1671 3302 hora
1705 3267 1718 3301 :
1749 3263 1866 3318 qua:
1895 3262 2015 3317 par-

465 3356 544 3396 tes
568 3343 788 3411 singulre
813 3343 1085 3409 sexaginta
1120 3343 1348 3395 minutas
1381 3341 1572 3396 habere
1601 3341 1886 3405 dicuntur;
1919 3342 2015 3394 mi-

462 3441 614 3486 nutas
642 3442 820 3485 autem
850 3430 1167 3485 minutarum
1189 3431 1296 3498 jam
1323 3433 1371 3483 in
1399 3431 1921 3494 constellationibus,
1948 3429 2015 3484 de

461 3523 650 3588 quibus
681 3521 851 3573 futura
897 3520 1182 3588 pra-dicere
1221 3535 1278 3574 se
1317 3521 1532 3585 dicunt,
1575 3536 1680 3574 non
1721 3520 2012 3573 inveniunt.

461 3611 760 3677 Conceptus
787 3619 960 3662 autem
993 3609 1353 3678 geminorum,
1387 3611 1634 3676 quoniam
1680 3623 1784 3663 uno
1821 3622 2017 3662 concu-

463 3702 571 3754 hitu
616 3700 867 3764 efficitur,
918 3700 1228 3752 testantibus
1275 3700 1533 3763 medicis,
1584 3715 1805 3767 quorum
1857 3699 2018 3752 disci-

465 3797 604 3865 plina
635 3794 800 3848 multo
830 3804 908 3848 est
939 3794 1132 3847 certior
1160 3803 1315 3861 atque
1347 3794 1691 3859 manifestior,
1721 3803 1824 3846 tam
1855 3807 2016 3860 parvo

465 3895 655 3953 puncto
679 3885 934 3952 temporis
960 3885 1238 3948 contingit,
1267 3883 1395 3936 utin
1425 3883 1557 3938 duas
1584 3886 1812 3938 minutas
1839 3884 2014 3936 minu-

466 3986 634 4028 tarum
668 3989 770 4027 non
803 3974 1065 4026 tendatur.
1096 3972 1242 4026 [inde
1273 3987 1398 4042 ergo
1428 3972 1478 4024 in
1507 3973 1731 4042 geminis
1762 3982 1901 4027 tanta
1934 3975 2015 4028 di-

468 4063 689 4117 versitas
713 4062 976 4114 actiomun
1000 4100 1013 4121 ,
1034 4070 1087 4112 ct
1107 4069 1406 4122 eventuum,
1428 4069 1480 4112 et
1503 4059 1826 4114 voluntatum
1846 4102 1860 4124 ,
1885 4077 2018 4129 quos

468 4166 686 4206 necesse
707 4160 789 4204 est
813 4150 1052 4202 eamdem
1084 4151 1535 4202 constellationem
1566 4151 2017 4219 conceptionalem

470 4242 687 4305 habere,
711 4249 764 4294 et
790 4240 1060 4292 amborum
1093 4254 1249 4292 unam
1280 4241 1734 4294 constellationem
1762 4241 1874 4294 dari
1905 4257 2016 4295 ma-

2112 3096 2355 3150 cerctur,
2403 3085 2517 3138 sine
2565 3085 2652 3137 illo
2696 3084 2823 3136 nihil
2876 3083 3068 3136 factum
3117 3094 3240 3147 est;
3309 3091 3511 3151 possent
3563 3082 3629 3132 ni-

2117 3175 2402 3228 hilominus
2430 3173 2606 3228 dicere
2658 3175 2827 3240 ipsum
2859 3173 2987 3225 nihil
3022 3172 3217 3240 aliquid
3248 3187 3388 3236 esse,
3433 3173 3536 3238 quia
3571 3172 3630 3220 ta-

2114 3275 2254 3318 ctum
2284 3273 2384 3317 est.
2416 3263 2566 3332 Quod
2597 3264 2736 3317 enim
2765 3277 2943 3316 revera
2966 3260 3286 3328 estaliquid,
3306 3261 3422 3327 quid
3447 3260 3633 3310 interest

2116 3363 2288 3406 utrum
2322 3353 2391 3405 ita
2421 3350 2645 3414 dicatur,
2679 3351 2794 3404 sine
2822 3349 2908 3401 illo
2933 3348 3068 3401 facta
3098 3357 3181 3402 est
3206 3349 3412 3410 domus,
3435 3362 3513 3406 an,
3535 3345 3632 3397 sine

2116 3441 2205 3494 illo
2226 3440 2412 3492 domus
2433 3447 2516 3493 est
2546 3439 2698 3500 facta,
2730 3438 2854 3490 dum
2885 3437 3206 3504 intelligatur
3226 3437 3418 3503 aliquid
3439 3437 3538 3487 sine
3555 3435 3632 3486 illo

2117 3529 2328 3590 factum,
2357 3526 2495 3594 quod
2521 3525 2713 3594 aliquid
2744 3526 2931 3578 domus
2958 3526 3071 3578 est?
3097 3525 3169 3578 Ita
3200 3526 3316 3591 quia
3340 3525 3519 3577 dictum
3541 3533 3629 3584 est,

2118 3619 2234 3674 sine
2261 3619 2376 3686 ipso
2407 3617 2600 3671 factum
2642 3625 2723 3670 est
2751 3617 2902 3681 nihil,
2930 3619 3176 3683 quoniam
3210 3616 3337 3667 nihil
3366 3616 3526 3683 utique
3545 3629 3630 3664 non

2117 3719 2195 3761 est
2219 3707 2437 3775 aliquid,
2462 3705 2670 3774 quando
2697 3721 2819 3760 vere
2849 3716 2902 3759 et
2926 3705 3135 3773 proprie
3155 3707 3367 3767 dicitur,
3386 3707 3490 3756 site
3511 3704 3630 3754 dica-

2119 3807 2223 3864 tur,
2256 3797 2370 3851 sine
2401 3797 2488 3850 illo
2537 3796 2729 3848 factum
2778 3805 2857 3848 est
2899 3795 3052 3858 nihil,
3096 3795 3233 3856 sive,
3267 3795 3378 3848 sine
3408 3796 3488 3846 iilo
3521 3793 3629 3844 nihil

2117 3882 2310 3937 factum
2340 3891 2444 3945 est,
2474 3883 2574 3942 vel,
2601 3882 2728 3934 n.hi|
2752 3891 2829 3936 est
2864 3881 3078 3946 factum,
3108 3882 3238 3933 nihil
3277 3883 3500 3934 interest.
3525 3882 3630 3944 Quis

2119 3983 2293 4037 autem
2318 3973 2440 4024 velit
2467 3970 2608 4039 lnqtti
2630 3985 2750 4022 cum
2779 3969 3078 4023 hominibus
3099 3971 3184 4038 qui
3212 3971 3310 4022 hoc
3339 3971 3494 4038 ipsum
3514 3969 3629 4036 quod

2119 4063 2253 4129 dixi,
2284 4063 2411 4126 nihil
2462 4063 2701 4125 interest,
2746 4073 2961 4128 possunt
2997 4062 3174 4114 dicere
3215 4078 3228 4113 :
3266 4063 3400 4129 Ergo
3445 4064 3632 4114 interest

2120 4153 2335 4221 aliquid,
2366 4151 2488 4216 quia
2527 4153 2695 4218 ipsum
2733 4152 2861 4202 nihil
2902 4151 3098 4214 aliquid
3140 4152 3267 4204 est?
3297 4151 3358 4204 lli
3383 4161 3538 4204 autem
3560 4149 3632 4215 qui

2120 4257 2307 4295 sanum
2354 4240 2551 4294 habent
2578 4240 2877 4302 cerebrum,
2929 4255 3041 4292 rem
3083 4238 3545 4293 manifesti-simam
3571 4238 3630 4288 vi-

470 4331 752 4385 tltematico
778 4370 790 4392 ,
819 4338 1066 4396 tanquam
1115 4329 1270 4381 unius
1321 4328 1585 4381 hominis?
1625 4329 1679 4382 Si
1726 4339 1902 4384 autem
1947 4333 2013 4386 ad
2048 4327 2098 4388 ι)
2121 4333 2267 4395 dent,
2294 4330 2945 4397 hocidemintelligi,cum
2969 4329 3250 4392 dixi,niltil
3275 4332 3500 4394 interest,
3517 4329 3630 4396 quod

468 4419 720 4489 genitales
741 4416 1171 4471 constellationes
1185 4426 1432 4469 setenere
1454 4415 1862 4488 voltterint,[ab]
1888 4417 2017 4487 ipsis

468 4507 691 4578 geminis
715 4507 1086 4569 excluduntur,
1108 4506 1194 4572 qtti
1223 4507 1527 4573 plerumque
1554 4507 1622 4558 ita
1653 4516 1767 4576 post
1796 4508 2016 4561 invicem

468 4597 756 4651 tunduntur
775 4611 837 4650 ex
869 4606 1038 4657 utero,
1064 4605 1120 4648 ut
1144 4595 1242 4648 hoc
1270 4597 1520 4663 temporis
1542 4596 1873 4650 intervallum
1901 4612 2019 4650 rur-

470 4701 559 4739 sus
585 4686 651 4741 ad
685 4685 913 4738 minutas
941 4685 1254 4736 minutarum
1286 4692 1599 4749 revertatur,
1629 4699 1761 4751 quas
1792 4695 2019 4738 tractan-

468 4779 566 4828 das
617 4776 668 4829 in
718 4772 1206 4827 constellationibus
1253 4789 1518 4840 nunquam
1569 4773 1871 4842 accipiunt,
1922 4789 2020 4829 nec

473 4875 688 4932 possunt
717 4873 961 4918 tractare.
992 4861 1120 4914 Cum
1154 4871 1326 4915 autem
1359 4864 1518 4916 multa
1551 4878 1671 4917 vera
1701 4879 1792 4916 cos
1820 4864 2020 4917 dixisse

475 4953 811 5022 praedicatur,
840 4951 962 5006 ideo
993 4954 1081 5016 tit,
1111 4951 1230 5018 quia
1263 4967 1363 5003 non
1406 4961 1582 5006 tenent
1625 4953 1866 5006 homines
1906 4967 2018 5006 me-

475 5044 640 5098 moria
672 5043 925 5096 falsitates
954 5056 1271 5108 erroresque
1306 5056 1518 5105 eorum,
1557 5043 1650 5096 sed
1692 5059 1798 5096 non
1841 5045 2022 5098 intenti

472 5131 574 5186 nisi
608 5132 660 5185 in
686 5145 745 5186 ea
769 5147 884 5201 quae
908 5133 1114 5185 illorum
1145 5133 1414 5200 responsis
1438 5136 1798 5200 provenerint,
1825 5150 1883 5187 ea
1908 5149 2026 5203 qua:

479 5239 580 5277 non
613 5223 950 5290 provenerint
977 5223 1399 5285 oa‘iviscuntur;
1433 5231 1486 5276 et
1512 5237 1571 5275 ea
1602 5231 2025 5277 conuuemorant

476 5329 593 5382 qua:
616 5328 720 5367 non
746 5319 859 5366 arte
881 5312 988 5375 illa,
1013 5328 1127 5381 quze
1150 5313 1287 5366 nulla
1308 5323 1410 5374 est,
1434 5309 1526 5364 sed
1554 5313 1775 5378 quadam
1802 5313 2024 5366 obscura

481 5420 652 5458 rerum
683 5412 829 5458 sorte
857 5405 1185 5469 contingunt.
1217 5403 1369 5468 Quod
1398 5403 1439 5454 si
1473 5401 1672 5468 peritia:
1700 5402 1906 5455 illorum
1936 5417 2028 5456 vo-

483 5497 592 5548 lunt
620 5493 870 5560 tribuere,
902 5492 1078 5545 dicunt
1109 5494 1384 5547 artiliciosc
1415 5492 1652 5547 divinare
1681 5494 1835 5546 etiam
1869 5510 2011 5549 tuor-

2125 4421 2504 4488 iutelligcretur
2531 4420 2575 4471 si
2616 4418 2868 4482 dicerem,
2914 4419 3135 4471 interest
3167 4419 3318 4472 nihil.
3373 4422 3434 4474 At
3463 4421 3559 4478 isti,
3597 4417 3631 4469 si

2123 4511 2277 4563 alicui
2302 4509 2498 4573 dit-ant,
2528 4509 2650 4576 quid
2683 4507 2890 4564 fecisti?
2920 4518 2972 4560 ct
3009 4509 3096 4561 ille
3119 4509 3430 4576 respondeat
3455 4508 3563 4561 nihil
3584 4519 3632 4558 se

2130 4601 2336 4662 fecisse,
2363 4612 2696 4666 consequens
2720 4608 2800 4651 est
2826 4608 2876 4650 ιιι
2900 4599 2944 4651 ei
2969 4589 3379 4661 mittiunientur,
3403 4600 3628 4652 dicentes:

2128 4689 2318 4742 Fecisti
2347 4702 2473 4753 ergo
2500 4687 2719 4756 aliquid,
2767 4688 2888 4755 quia
2922 4688 3062 4746 nihil
3095 4688 3265 4752 fecisti
3291 4705 3305 4747 ;
3337 4691 3492 4758 ipsum
3514 4688 3628 4740 enim

2127 4779 2256 4830 nil-Il
2283 4777 2476 4846 aliqu‘d
2508 4787 2605 4830 est.
2651 4777 2851 4831 [labent
2881 4788 3054 4829 autem
3094 4785 3148 4830 ct
3193 4778 3362 4846 ipsum
3395 4778 3628 4831 Demittunt

2129 4871 2180 4922 in
2214 4871 2318 4925 line
2343 4870 2613 4922 sententiae
2645 4877 2919 4937 ponentem
2951 4869 3050 4921 hoc
3088 4869 3331 4932 verbum,
3359 4868 3555 4920 ubisit:
3581 4861 3628 4914 Et

2131 4962 2182 5015 in
2207 4961 2412 5014 occulto
2439 4962 2639 5014 locutus
2665 4975 2780 5012 sum
2811 4959 2959 5011 nihil.
2993 4959 3130 5027 Ergo
3167 4960 3338 5028 legant
3365 4968 3417 5012 et
3442 4966 3626 5012 taceant.

2129 5050 2261 5114 Quia
2284 5064 2408 5117 ergo
2431 5049 2764 5110 Deusouiuia
2789 5065 2902 5115 qua:
2931 5063 3033 5099 non
3057 5047 3124 5101 de
3154 5063 3211 5101 se
3235 5047 3432 5115 genuit,
3452 5047 3532 5099 sed
3555 5059 3628 5111 per

2134 5142 2360 5195 Verbum
2379 5156 2529 5194 suum
2560 5139 2706 5208 fecit,
2734 5155 2835 5193 non
2853 5141 2919 5193 de
2941 5140 3022 5192 his
3052 5141 3209 5193 rebus
3236 5155 3351 5208 qua:
3373 5141 3471 5206 jam
3489 5146 3628 5195 erant.

2131 5231 2220 5284 sed
2248 5231 2312 5284 de
2337 5231 2418 5284 his
2437 5245 2554 5299 qua:
2585 5231 2798 5284 omnino
2831 5246 2930 5282 non
2958 5239 3131 5291 erant,
3166 5230 3266 5283 hoc
3287 5238 3364 5283 est
3391 5232 3450 5281 de
3476 5225 3621 5284 nihil",

2131 5321 2270 5386 fet:it,
2301 5321 2372 5373 ita
2393 5319 2859 5389 dicit’Apostnltts:
2883 5319 2979 5382 Qui
3006 5327 3158 5371 vocat
3183 5331 3376 5385 cirqun
3401 5331 3491 5367 non
3509 5303 3618 5374 smn,

2132 5418 2378 5476 tanquam
2409 5405 2491 5478 [ea
2518 5407 2658 5477 quat]
2689 5408 2811 5460 sint.
2845 5409 3094 5473 Apertius
3121 5416 3292 5459 autem
3326 5408 3374 5457 in
3402 5405 3516 5456 hhro
3539 5399 3616 5451 Μι-

2129 5497 2465 5553 ειιιιϋαειιιιιιιι
2514 5499 2760 5566 seriptutn
2792 5505 2923 5578 ‘cst:
2964 5497 3070 5548 Oro
3117 5506 3190 5558 te,
3244 5494 3334 5560 fili,
3366 5493 3539 5559 respice
3569 5485 3616 5537 nil
