3874 6226
155 213 293 267 £069

1228 207 1652 263 TllES.\URl'=S.
1699 205 1846 259 CAP.
1891 206 2196 261 CCCXLIII.

3258 194 3398 263 i070

151 325 352 377 malum
377 331 439 378 et
463 329 689 384 terrain,
724 330 768 375 cl
805 321 975 372 omnia
1005 335 1118 388 qum
1150 321 1198 372 in
1226 323 1302 372 eis
1331 330 1483 378 sunt;
1511 319 1647 380 vide,
1686 328 1734 369 et
1767 320 1813 373 A
1846 316 1967 372 bant
2001 331 2104 370 non
2136 332 2348 385 corpus,
2380 320 2472 372 scd
2502 319 2739 384 spiritum
2771 333 2887 373 esse
2919 319 3226 386 palantibus
3261 336 3272 370 :
3309 318 3392 370 \i-

151 416 290 466 scito
318 417 454 481 quia
512 430 616 467 non
662 422 814 467 erant
856 428 919 464 ex
969 412 1156 479 quibus
1189 412 1309 463 fecit
1356 425 1450 462 nos
1484 409 1734 461 Dominus

153 505 338 568 Deus;
396 515 456 558 ct
505 505 630 558 illud
663 505 800 573 quod
833 503 882 555 iii
937 503 1137 569 psalmo
1183 505 1436 569 scripttitn
1469 511 1585 554 est:
1621 501 1733 564 Ipse

153 594 313 653 divit.
347 605 406 647 et
434 593 573 646 facta
607 603 746 646 Sunt.
781 594 1112 647 Siunifestniti
1141 595 1278 661 quod
1321 610 1423 646 non
1467 593 1530 646 de
1553 607 1610 645 se
1639 591 1736 642 ista

155 683 440 748 genuerit,
479 686 571 735 sed
606 683 657 735 in
691 682 863 735 Verbo
892 693 1047 748 atque
1086 684 1307 749 imperio
1355 682 1555 735 fecerit.
1585 683 1734 745 Quod

153 782 338 823 autem
377 785 495 822 non
525 773 592 825 de
634 786 715 834 se,
751 772 931 838 utique
961 772 1026 824 de
1058 772 1258 834 nihilo;
1307 786 1408 824 noii
1435 772 1577 824 enim
1624 781 1739 823 erat

154 859 306 912 aliud
339 861 498 915 unde
528 861 746 925 faceret,
772 863 835 914 de
862 877 963 929 quo
991 863 1320 929 apertissime
1351 863 1634 927 Apostolus
1659 860 1738 912 di-

168 950 240 1002 cit
269 967 282 1001 :
310 949 598 1016 Quoniam
618 965 680 1004 ex
710 952 842 1016 ip~0,
872 962 921 1004 et
952 966 1044 1017 per
1083 952 1275 1017 ipsum,
1306 960 1359 1004 et
1387 951 1437 1003 iii
1471 952 1584 1018 ipso
1613 959 1735 1003 sunt.

161 1039 372 1092 omnia.
403 1039 617 1106 Exipio
631 1053 800 1094 autem
820 1054 922 1093 non
946 1043 1043 1093 hoc
1071 1042 1327 1108 significat
1347 1042 1484 1109 quod
1506 1041 1566 1093 de
1591 1041 1732 1108 ipso;

159 1133 300 1196 quod
321 1130 526 1202 [enim]
538 1133 605 1186 de
633 1132 745 1199 ipso
771 1142 871 1194 est,
888 1141 1056 1198 potest
1079 1130 1178 1185 dici
1201 1147 1262 1185 ex
1287 1131 1425 1198 ipsti:
1445 1145 1548 1184 non
1564 1141 1735 1182 autem

159 1233 321 1272 omne
349 1222 502 1288 quod
533 1237 595 1274 ex
630 1223 741 1289 ipso
761 1230 860 1284 est,
892 1233 1034 1276 recte
1054 1223 1243 1276 dicitur
1269 1222 1335 1276 tle
1363 1223 1494 1288 ipso.
1524 1221 1599 1274 Ex
1624 1222 1738 1284 ipso

159 1308 302 1360 enim
335 1311 546 1363 cteluni
575 1321 630 1364 et
659 1318 817 1375 terra,
849 1311 969 1378 quia
1001 1313 1112 1379 ipse
1158 1313 1279 1366 fecit
1305 1328 1398 1374 ea;
1433 1328 1534 1364 non
1561 1318 1734 1364 autem

160 1397 228 1449 de
259 1401 404 1464 ipso,
431 1402 558 1466 quia
588 1416 696 1453 non
716 1401 784 1454 de
804 1402 1094 1455 substantia
1121 1415 1236 1455 sua.
1263 1403 1407 1456 Sicut
1430 1400 1517 1473 [si]
1547 1402 1737 1469 aliquis

157 1488 327 1538 hoino
354 1488 546 1558 gignat
591 1489 774 1553 lilium,
815 1500 870 1544 et
897 1491 1054 1544 faciat
1082 1492 1320 1553 duilium,
1345 1507 1410 1544 ex
1434 1492 1548 1560 ipso
1575 1492 1733 1556 lilius,

161 1590 223 1629 ex
253 1577 375 1644 ipso
395 1576 598 1633 donius
623 1596 636 1643 ;
669 1580 761 1633 sed
793 1581 930 1634 ﬁlius
959 1581 1025 1635 de
1048 1581 1183 1649 ipso,
1215 1581 1403 1635 domus
1426 1580 1494 1634 de
1521 1590 1660 1634 terra
1684 1590 1737 1634 et

1842 409 1960 460 dcte
1990 425 2174 462 manus
2204 426 2349 463 nicas
2391 422 2444 464 et
2475 412 2669 478 pedes;
2703 412 2932 478 palpate,
2980 423 3030 464 et
3069 413 3245 466 videte
3271 413 3392 479 quia

1840 498 2055 565 spiritus
2084 513 2206 551 ossa
2246 511 2300 553 et
2326 514 2546 554 carnan
2575 516 2676 552 non
2707 502 2882 562 habet,
2914 501 3050 555 sicut
3091 514 3175 554 me
3207 501 3394 554 videtis

1841 589 2034 640 habere
2057 604 2070 650 ;
2105 588 2241 642 sicut
2268 606 2450 644 eorum
2476 607 2596 646 cum
2625 602 2768 645 esset
2793 593 2841 645 in
2866 601 3010 647 terra
3036 591 3394 648 contrectatus

1839 686 1912 728 est
1933 678 2190 746 inanibus.
2207 680 2284 732 sic
2301 694 2484 732 eorum
2500 665 2576 733 est
2593 696 2712 733 cum
2738 681 2835 732 iret
2859 682 2908 732 in
2931 683 3119 734 cteloni
3139 682 3393 736 deductus

1837 770 2132 832 aspectibus
2157 786 2169 828 ς
2197 770 2275 820 ihi-
2294 785 2392 820 vox
2422 771 2654 840 angelica
2679 773 2881 822 sonuit:
2906 771 2989 824 Sic
3014 772 3183 823 veniet
3210 786 3392 838 quent-

1837 859 2118 913 aduiodum
2160 862 2346 912 videtis
2375 873 2588 914 euntem
2619 863 2670 914 itt
2721 864 2935 916 caelum.
2971 860 3125 916 Fides
3151 863 3308 924 adsit,
3339 871 3393 913 ct.

1839 947 1980 999 nulla
2009 951 2230 1015 qnwstio
2262 953 2574 1015 remanebit,
2609 954 2705 1004 nisi
2745 949 2882 1006 forte
2921 953 2987 1006 de
3013 955 3266 1024 Sanguine
3298 965 3378 1004 re-

1838 1038 2153 1103 quirendum
2185 1052 2289 1106 est,
2318 1043 2436 1107 quia
2461 1059 2579 1094 cum
2605 1044 2841 1106 tiiSiSSt‘l,
2876 1026 3105 1111 i‘alpate,
3140 1053 3192 1096 et
3223 1045 3394 1097 videte

1837 1127 1956 1191 quia
1985 1127 2204 1194 Spiritus
2232 1143 2351 1181 ossa
2383 1140 2434 1180 et
2463 1145 2674 1182 carnem
2706 1138 2807 1183 nu't
2834 1129 3007 1196 habet,
3037 1146 3136 1185 non
3168 1132 3391 1196 addidit,

1838 1217 2187 1283 sanguinein;
2246 1234 2348 1270 non
2393 1235 2520 1286 ergo
2571 1235 2618 1272 et
2675 1237 2769 1274 nos
2818 1221 3073 1275 addamus
3128 1223 3393 1288 inquirere

1839 1303 1979 1370 qitod
2010 1306 2097 1358 ille
2136 1323 2238 1360 n'ttt
2284 1309 2485 1361 addidit
2535 1312 2744 1373 dicere,
2785 1321 2838 1364 ct
2874 1312 2937 1365 de
2975 1315 3307 1380 compendio,
3349 1315 3393 1368 si

1839 1395 2027 1463 placet,
2083 1398 2226 1450 tinita
2274 1399 2342 1452 sit
2371 1401 2613 1465 qumstio.
2674 1400 2933 1454 Fortassis
2963 1403 3124 1468 enini,
3178 1412 3393 1470 accepta

1838 1487 2119 1540 occasione
2151 1489 2439 1557 sanguinis,
2472 1491 2679 1558 urgebit
2709 1505 2805 1543 nos
2835 1491 3109 1545 molestior
3154 1505 3392 1559 perScru-

1843 1585 2001 1642 tator,
2048 1587 2100 1632 et
2142 1581 2313 1634 dicet:
2350 1581 2404 1635 Si
2446 1582 2684 1648 sanguis,
2726 1596 2820 1635 cur
2851 1597 2952 1635 non
2983 1591 3035 1636 et
3064 1582 3268 1648 pituita,
3297 1597 3392 1635 cur

164 1668 312 1734 ligno
340 1685 356 1732 ;
383 1668 487 1723 sed
517 1670 615 1724 hoc
639 1670 759 1738 quia
788 1669 944 1724 homo
971 1679 1075 1736 est,
1109 1672 1197 1738 qui
1224 1686 1325 1723 non
1351 1678 1523 1738 potest
1542 1671 1732 1736 aliquid
1770 1662 1812 1720 Β
1839 1683 1941 1734 non
1970 1675 2023 1718 et
2051 1668 2116 1720 fel
2147 1670 2355 1732 llavnin,
2384 1679 2438 1722 et
2464 1669 2532 1722 fel
2575 1670 2802 1737 nigrum.
2829 1672 3019 1738 qtizbtts
3042 1681 3266 1738 quatuor
3292 1673 3389 1723 tiu--

161 1757 330 1810 etiam
357 1757 432 1810 de
468 1757 637 1811 nihilo
676 1761 868 1813 tacere.
905 1759 1044 1814 Deus
1071 1771 1264 1823 autem,
1295 1774 1360 1814 ex
1406 1763 1509 1828 quo
1536 1760 1731 1826 omnia,

164 1859 259 1914 per
288 1864 462 1914 quem
507 1851 707 1918 omnia,
741 1849 791 1904 in
822 1864 926 1918 quo
967 1850 1166 1916 omnia,
1200 1865 1302 1904 non
1348 1866 1479 1914 onus
1510 1851 1736 1904 habebat

165 1937 344 2006 aliqua
378 1939 627 2005 materia,
656 1954 814 2008 quam
840 1942 952 2008 ipse
979 1954 1082 1995 non
1115 1941 1329 2006 fecerat,
1360 1940 1598 2007 adiuvari
1624 1957 1733 1994 om-

164 2026 524 2092 iiipotcntiam
563 2044 734 2083 suam.
774 2029 906 2084 Cum
951 2037 1130 2084 autem
1174 2024 1418 2085 audimus
1461 2032 1638 2085 omnia
1665 2047 1728 2084 cx

169 2119 308 2184 ipsi»,
339 2127 397 2171 et
433 2133 528 2186 per
554 2118 750 2187 ipsum,
774 2129 827 2173 et
850 2120 899 2172 in
929 2120 1062 2187 ipso,
1097 2133 1280 2174 omnes
1311 2121 1487 2190 utique
1519 2130 1733 2173 naturas

168 2206 475 2275 intelligere
517 2207 790 2272 debemus,
831 2223 948 2278 qtue
999 2211 1309 2264 naturaliter
1359 2222 1510 2276 sunt;
1566 2223 1735 2279 neque

168 2296 309 2347 enim
358 2310 434 2350 ex
469 2296 585 2364 ipso
623 2305 746 2350 sunt
787 2307 1020 2364 peccata,
1055 2313 1170 2366 qua:
1217 2309 1458 2351 naturain
1487 2315 1590 2352 non
1624 2315 1736 2353 ser-

168 2392 314 2449 vant,
343 2386 442 2439 sed
472 2385 689 2438 vitiant:
717 2400 834 2454 quae
865 2395 1076 2454 peccata
1098 2401 1159 2440 ex
1185 2387 1454 2441 voluntate
1474 2401 1594 2442 esse
1617 2403 1736 2455 pec-

168 2473 414 2526 cantium
450 2476 627 2526 multis
645 2474 815 2528 modis
839 2483 1018 2528 sancta
1037 2474 1304 2543 Scriptura
1335 2485 1575 2541 testatur,
1611 2492 1734 2544 pra:-

171 2560 322 2627 cipue
337 2562 426 2615 illo
440 2561 558 2615 loco
572 2578 674 2630 quo
685 2562 851 2617 dicitA
862 2565 1408 2632 postoluszExistiinas
1423 2577 1595 2620 autem
1612 2567 1731 2630 hoc,

172 2669 202 2700 υ
234 2652 422 2718 homo,
457 2655 546 2723 qui
569 2654 774 2722 judicas
800 2670 893 2709 eos
921 2658 1007 2724 qui
1054 2656 1174 2709 talia
1205 2666 1383 2724 agunt,
1411 2665 1463 2711 et
1492 2656 1622 2712 facis
1647 2671 1732 2720 ea,

172 2745 426 2809 quoniam
461 2754 515 2797 tu
547 2745 763 2813 effugies
799 2746 1053 2815 judicium
1088 2747 1213 2800 Dei?
1240 2763 1304 2798 an
1335 2746 1545 2801 divitias
1590 2748 1734 2801 beni-

118 2862 119 2865 η
174 2831 416 2897 giiitotis,
441 2843 496 2886 et
525 2833 789 2902 patientia:
819 2834 955 2903 ejus,
977 2843 1032 2889 et
1063 2835 1472 2904 longanimitatis
1495 2846 1729 2891 contem-

174 2923 251 2972 nis
270 2961 286 2986 ,
313 2906 579 2989 ignorans
599 2923 847 2991 quoniam
879 2923 1127 2992 patientia
1155 2921 1245 2976 Dei
1274 2923 1337 2976 ad
1371 2927 1730 2991 paenitentiam

1839 1756 2073 1809 luctibus
2104 1770 2347 1810 naturam
2399 1761 2574 1813 Carnis
2621 1761 2896 1826 teittpcrari
2929 1760 3085 1812 etiam
3118 1760 3392 1814 incdit-inm

1836 1846 2115 1912 disciplina
2174 1848 2430 1902 testatur?
2476 1851 2578 1902 Sed
2631 1849 2902 1917 quodlibet
2949 1851 3169 1915 quisque
3208 1852 3389 1918 addat,

1837 1938 2228 2003 correptionein
2263 1937 2458 1991 addi-re
2490 1948 2697 2000 caveat,
2731 1952 2794 1990 ne
2825 1953 2932 1990 sua:
2977 1937 3076 1990 fide
3106 1938 3271 2008 |fnlei}
3307 1954 3392 1992 sa—

1839 2025 2055 2078 nitatem
2083 2028 2489 2094 castitatemque
2529 2037 2849 2093 corrumpat.
2901 2026 2973 2078 Ex
3013 2029 3392 2084 consuetudine

1839 2129 2016 2168 rerum
2041 2127 2401 2181 expertarum,
2429 2098 2694 2182 inexperta
2723 2124 2882 2181 opera
2905 2115 3084 2167 divina
3115 2118 3387 2170 iolirinitas

1839 2203 2051 2256 metitur
2087 2203 2346 2267 humana,
2390 2212 2443 2256 et
2490 2206 2697 2256 acutufe
2735 2216 2792 2255 se
2832 2206 3029 2270 garrire
3079 2205 3387 2265 arbitratur,

1837 2308 1955 2342 cuiu
1986 2292 2144 2344 dicit:
2179 2293 2234 2345 Si
2263 2307 2388 2345 caro
2417 2303 2518 2355 est,
2543 2302 2595 2345 et
2625 2295 2838 2359 sanguis
2870 2303 2945 2346 est
2967 2310 2979 2357 ;
3003 2297 3044 2347 si
3072 2300 3309 2362 sanguis,
3336 2313 3390 2350 ei

1837 2381 2012 2433 (veteri
2046 2382 2326 2445 humores;
2350 2397 2475 2449 ergo
2496 2391 2548 2435 ct
2570 2392 2853 2448 corruptio.
2881 2382 2918 2434 Ε
2942 2407 2950 2426 ι
2976 2385 3132 2434 modo
3161 2385 3384 2438 diceret:

1837 2469 1890 2522 Si
1921 2470 2128 2522 tlauima
2173 2479 2275 2534 est,
2302 2481 2354 2524 et
2397 2471 2578 2533 ardet;
2631 2470 2674 2522 si
2704 2474 2873 2534 ardet,
2916 2479 2970 2524 ct
3007 2477 3137 2536 urit;
3185 2475 3227 2526 si
3262 2484 3386 2538 urit,

1837 2572 1964 2625 ergo
2009 2569 2062 2611 t't
2111 2561 2343 2613 virorum
2394 2560 2548 2613 trium
2602 2560 2651 2612 iit
2685 2561 2947 2613 fornacem
2979 2559 3112 2628 ignis
3136 2560 3203 2612 ah
3231 2562 3390 2630 impio

1839 2662 1961 2715 rege
1994 2648 2277 2702 missorum
2327 2663 2547 2716 corpora
2581 2648 2828 2703 incendit.
2882 2650 2989 2702 Hoc
3040 2649 3290 2705 siautem
3338 2654 3390 2706 iu

1839 2739 2002 2792 tribus
2025 2739 2147 2794 viris
2177 2741 2483 2795 miraculum
2516 2741 2706 2793 factum
2738 2754 2852 2794 esse
2883 2758 2986 2794 ttott
3016 2743 3219 2798 dubitat
3243 2762 3384 2815 qus-

1835 2830 1952 2895 quis
1965 2831 2027 2883 de
2039 2832 2226 2885 divinis
2243 2835 2486 2899 operibus
2502 2843 2641 2887 recte
2654 2835 2807 2900 sapit,
2820 2848 2911 2886 cur
2927 2851 3026 2888 non
3048 2838 3387 2907 credaturan

1837 2917 1960 2972 fecit
1980 2920 2063 2972 illa
2081 2935 2321 2988 corpora,
2340 2937 2442 2975 non
2462 2938 2616 2990 posse
2630 2924 2746 2990 igne
2760 2927 3021 2994 corrumpi
3046 2926 3233 2982 fecisse
3259 2929 3388 2984 illud

174 3019 222 3064 te
250 3012 512 3065 adducit?
537 3012 836 3067 secundum
879 3012 1123 3067 duritiam
1153 3023 1329 3066 auten
1359 3014 1533 3067 cordis
1582 3015 1652 3067 iui
1682 3023 1736 3068 et
1765 3015 1808 3076 (ζ
1840 3026 1947 3075 cor.
1971 3027 2028 3064 its
2050 3027 2144 3065 nec
2164 3028 2316 3080 posse
2339 3016 2602 3080 corrumpi
2630 3017 2880 3082 igne.ticc
2898 3015 3389 3081 faine,ncctnorbo.

174 3113 264 3152 cor
284 3101 628 3169 impcenitens
651 3102 974 3157 thesaurizas
997 3103 1089 3157 tibi
1113 3103 1244 3156 iram
1274 3104 1325 3156 iii
1350 3105 1434 3157 die
1453 3105 1549 3158 ira:
1570 3115 1622 3159 et
1649 3122 1733 3160 re-

175 3190 459 3244 vetationis
484 3193 608 3260 justi
643 3191 828 3262 judicii
865 3192 978 3258 Dei,
1006 3196 1092 3262 qui
1128 3194 1312 3248 reddet
1341 3196 1624 3259 unicuique
1652 3211 1734 3249 se-

176 3284 405 3338 cundum
435 3299 597 3354 opera
623 3301 738 3340 sua.
769 3286 876 3340 Nec
903 3296 1079 3340 tamen
1120 3301 1238 3339 cum
1269 3287 1321 3339 in
1354 3287 1462 3341 Deo
1490 3289 1593 3341 sint
1624 3291 1738 3340 uui-

181 3390 333 3430 versa
365 3395 486 3447 qua:
515 3379 751 3433 condidit
795 3379 1066 3448 inquinant
1093 3393 1213 3432 cuin
1255 3380 1344 3446 qui
1386 3389 1622 3447 peccant,
1671 3381 1737 3432 de

183 3467 330 3533 cujus
349 3469 611 3537 sapientia
634 3469 858 3522 dioitur:
884 3469 1105 3536 Attingit
1132 3478 1305 3521 autem
1326 3469 1502 3522 Omnia
1527 3478 1736 3535 propter

182 3570 324 3609 suain
373 3559 688 3611 munditiam
715 3559 844 3627 99-,
873 3568 928 3611 et
973 3559 1101 3610 nihil
1153 3559 1477 3625 inquinatum
1518 3559 1569 3610 in
1619 3573 1734 3610 eam

181 3647 413 3702 incurrit.
463 3649 683 3716 Otmtet
731 3650 871 3702 enim
914 3658 969 3702 ut
995 3649 1130 3702 sicut
1163 3649 1322 3702 Deum
1373 3650 1736 3715 incorruptibi-

183 3735 280 3788 leui
310 3749 363 3790 et
393 3739 902 3801 incommutabilem,
945 3741 1014 3792 ita
1044 3747 1428 3806 consequenter
1465 3741 1621 3792 etiam
1655 3741 1733 3791 in-

181 3828 625 3895 coinqttinabilcm
653 3831 947 3882 credamus.

676 3937 898 3992 CAPUT
937 3937 1244 3991 CCCXLlll.

184 4016 256 4077 De
280 4041 494 4096 corpore
527 4027 728 4080 Domini
749 4037 857 4091 post
885 4029 1316 4085 resurrectionem,
1341 4043 1402 4078 ea:
1432 4027 1640 4095 epistola
1669 4032 1735 4079 ad

415 4097 759 4162 Consentium,
792 4100 854 4150 de
881 4097 1055 4148 eadem
1085 4110 1138 4147 re
1160 4099 1516 4148 consulentem.

249 4184 458 4251 Qiia‘ris
491 4198 665 4240 utrum
700 4201 836 4239 nunc
866 4201 1058 4252 corpus
1091 4187 1298 4239 Itoniini
1349 4201 1463 4238 ossa
1515 4197 1567 4241 et
1610 4203 1734 4240 san-

187 4275 386 4338 guinem
421 4277 630 4336 trahent,
663 4287 750 4329 aut
783 4276 984 4342 reliqua
1012 4277 1186 4328 eariiis
1218 4276 1555 4328 lineamenta.
1599 4278 1732 4343 Quid

1843 3116 1940 3153 nec
1962 3104 2131 3161 senio,
2159 3119 2252 3154 nec
2280 3104 2381 3156 ulla
2412 3104 2459 3156 vi
2487 3105 2586 3156 alia
2627 3119 2728 3171 qua
2760 3106 2895 3157 solet
2925 3108 3143 3159 humana
3169 3123 3390 3174 corpora

1842 3190 2158 3244 labefactaic
2187 3193 2501 3260 corruptio?
2531 3193 2678 3257 Quod
2711 3195 2751 3248 si
2803 3194 3075 3262 qttis‘quani
3105 3199 3251 3260 dicit,
3286 3216 3390 3254 non

1841 3278 1987 3330 carni
2031 3281 2186 3331 triuio
2242 3281 2473 3332 virorum
2509 3281 2714 3335 illorum
2748 3279 2975 3335 additam
3007 3297 3184 3340 contra
3218 3290 3388 3356 ignem

1839 3369 1988 3423 iticor
2023 3373 2418 3436 uptionein,sed
2453 3375 2546 3441 ipsi
2575 3374 2677 3442 igni
2707 3376 2995 3430 detractam
3019 3386 3391 3450 corrumpendi

1839 3461 2171 3524 facultatem;
2204 3463 2327 3528 qtiid
2369 3479 2611 3517 vere.i.ur
2648 3483 2711 3519 ne
2739 3481 2951 3521 carnem
2995 3469 3168 3526 facere
3210 3477 3392 3543 ncqui-

1840 3552 1972 3603 verit
1997 3566 2098 3604 non
2129 3565 2285 3619 posse
2315 3555 2600 3618 corrumpi,
2631 3555 2716 3621 qui
2750 3557 2871 3610 fecit
2904 3559 3073 3625 ignem
3105 3579 3206 3614 non
3237 3580 3391 3630 posse

1838 3646 2218 3708 corrumpere?
2266 3642 2393 3694 Nam
2443 3646 2485 3694 si
2537 3644 2662 3696 illttd
2708 3659 2810 3697 non
2858 3646 2923 3698 de
2961 3651 3151 3711 carnis,
3198 3653 3288 3704 sed
3327 3656 3392 3706 de

1840 3733 1971 3800 ignis
2020 3734 2314 3787 mutatione
2358 3734 2688 3802 intelligitur,
2741 3735 2904 3788 inulto
2940 3747 3021 3790 est
3061 3742 3388 3796 mirabilius:

1838 3823 1994 3875 simul
2015 3823 2152 3876 enim
2180 3833 2232 3876 et
2258 3823 2528 3876 hominum
2554 3839 2770 3891 corpora
2800 3843 2900 3878 non
2927 3831 3125 3892 urebat,
3149 3849 3249 3885 non
3285 3836 3392 3905 [ne]

1840 3923 2017 3978 posset
2042 3930 2268 3976 nocere;
2294 3922 2348 3966 et
2377 3917 2510 3980 Ιιίςιιιι
2541 3918 2768 3968 fornacis
2794 3920 2997 3982 urebat,
3028 3931 3084 3974 ut
3108 3936 3281 3988 posset
3313 3943 3388 3978 ar-

1836 4005 1983 4057 dere.
2010 4004 2111 4058 Sed
2145 4006 2230 4073 qni
2261 4008 2418 4058 etiam
2449 4007 2543 4058 ista
2589 4022 2694 4058 itoii
2723 4010 2940 4062 credunt
2977 4012 3191 4065 nimium
3218 4016 3282 4068 de
3315 4018 3392 4069 di-

1837 4097 1954 4146 vina
1983 4106 2242 4163 poti-state
2269 4096 2537 4157 difﬁdunt,
2564 4112 2658 4150 nec
2689 4112 2806 4149 eunt
2831 4104 2906 4150 cis
2936 4101 3013 4152 vel
3046 4100 3107 4153 ad
3141 4118 3230 4157 eos
3255 4123 3390 4159 nunc

1836 4199 2012 4237 seruio
2033 4185 2181 4237 nobis
2205 4193 2304 4237 est.
2330 4185 2426 4246 Qui
2450 4194 2620 4238 autem
2656 4186 2749 4238 ista
2775 4189 3014 4250 credunt,
3039 4205 3102 4242 ex
3133 4193 3208 4244 eis
3233 4197 3300 4246 cti
3322 4213 3389 4247 ιιιι

1840 4274 1950 4336 illa,
1985 4283 2261 4342 utrumque
2312 4275 2623 4344 [utcunque]
2671 4277 2980 4344 eonjiciant,
3022 4297 3139 4347 qua:
3174 4285 3390 4338 tidrhier

187 4367 226 4417 si
264 4368 515 4433 adderes,
537 4376 710 4422 utrum
734 4368 891 4420 etiam
924 4365 1283 4419 vestimenta?
1313 4383 1484 4419 nonne
1511 4383 1728 4437 augere-
1763 4360 1812 4419 D
1839 4376 2099 4433 quierunt.
2125 4367 2270 4419 Valet
2301 4369 2452 4433 igitur
2476 4368 2646 4419 divitia
2681 4370 2930 4434 potentia,
2960 4373 3046 4438 qui
3075 4371 3196 4426 fecit
3219 4377 3389 4443 ignem

189 4464 264 4509 lur
289 4458 545 4525 qumstio?
569 4457 678 4522 Qua
721 4472 901 4521 causa,
957 4457 1055 4508 nisi
1100 4457 1185 4524 qni
1228 4455 1392 4525 [quia]
1421 4472 1479 4508 ca
1518 4474 1632 4524 qua:
1679 4459 1729 4510 in

189 4562 276 4600 usu
324 4553 448 4604 vita:
493 4548 646 4617 hujus
687 4560 879 4601 nosn'a:
916 4548 1272 4614 corruptibilia
1320 4549 1583 4610 novimus,
1616 4550 1730 4602 sine

188 4641 518 4705 corruptione
564 4638 796 4706 cogitare
839 4639 919 4689 vix
953 4651 1255 4704 possumus,
1289 4653 1404 4690 cuin
1434 4641 1728 4690 divinorum

189 4725 575 4790 miraculorum,
588 4729 823 4796 quaedam
839 4727 1147 4780 documenta
1163 4730 1266 4794 jaitt
1281 4730 1396 4781 data
1413 4732 1599 4793 sint,ex
1617 4731 1728 4798 qui-

190 4811 278 4866 bus
309 4817 458 4872 liccat
491 4816 792 4884 conjectare
824 4815 1017 4882 majora
1033 4821 1053 4866 't
1086 4816 1210 4868 Nam
1250 4819 1292 4868 si
1324 4819 1485 4870 vestis
1525 4819 1726 4870 Israeli-

192 4909 348 4957 tarnm
379 4921 476 4973 per
498 4913 754 4956 totannos
785 4904 832 4954 in
857 4919 1034 4955 cretiio
1056 4905 1168 4956 sine
1194 4905 1373 4956 tritura
1393 4919 1508 4957 esse
1537 4907 1720 4972 potuit,

192 4991 230 5040 si
262 4994 532 5047 morticina
567 4993 717 5058 pellis
752 4993 1228 5045 calceamentorum
1261 4995 1439 5046 tandiu
1471 4997 1582 5047 sine
1612 4996 1728 5048 Jahe

193 5078 403 5146 duravit,
444 5091 618 5151 potest
647 5082 839 5149 ubique
873 5083 1005 5135 Deus
1031 5085 1384 5150 quorumlibet
1421 5098 1723 5153 corporum,

191 5180 273 5230 iter
299 5183 551 5239 quantum
585 5173 806 5224 voluerit
844 5183 1066 5239 tempus,
1118 5175 1471 5237 incorruptam
1515 5188 1725 5241 proten-

189 5255 637 5327 deteqoalitatcm.
658 5262 762 5329 ligo
779 5262 991 5327 proinde
1009 5264 1210 5314 Domitii
1227 5279 1415 5331 corpus
1437 5267 1500 5316 ita
1523 5266 1569 5317 in
1594 5269 1727 5318 Ciclo

188 5360 294 5400 esse
312 5355 490 5414 credo,
513 5361 568 5402 ut
589 5362 698 5402 erat
723 5353 770 5402 in
795 5361 929 5404 terra
947 5355 1154 5420 quando
1172 5355 1406 5406 ascendit
1438 5357 1485 5407 iit
1513 5358 1720 5408 cmhtin.

193 5429 374 5492 liixcra!
407 5451 587 5495 autem
614 5442 708 5494 dist
731 5443 904 5510 ipulis,
928 5454 982 5495 ut
1014 5447 1061 5496 in
1094 5446 1371 5509 Evangelii)
1403 5448 1725 5513 legiintis,de

192 5529 271 5575 Sila
300 5535 686 5584 t‘cSiiii'cctiottc
724 5531 1104 5599 dubitantibus,
1157 5545 1206 5589 ct
1254 5536 1376 5588 illitd
1408 5538 1543 5604 qttod
1581 5539 1721 5592 tide-

1840 4471 1942 4506 noii
1996 4470 2151 4521 posse
2190 4470 2553 4523 eorrumpcre,
2611 4457 2674 4508 de
2727 4461 2819 4509 ista
2855 4459 3040 4512 visiliili
3073 4471 3231 4529 atque
3283 4477 3390 4518 tra-

1836 4546 2012 4597 ctabili
2039 4555 2220 4597 natura
2250 4561 2552 4612 corporum,
2583 4547 2892 4614 quihusdam
2923 4555 3272 4620 titatteotibus,
3299 4573 3388 4609 au-

1837 4637 1974 4690 fcrrc
2004 4653 2132 4704 quas
2167 4638 2386 4690 \olucrit
2410 4653 2509 4704 qua
2537 4642 2708 4702 itatcs,
2739 4655 2798 4692 ac
2831 4657 2922 4706 per
2947 4644 3042 4696 hoc
3076 4648 3211 4699 valet
3233 4651 3386 4702 ctiam

1836 4728 2064 4781 membra
2121 4728 2389 4789 mortalia,
2426 4727 2607 4780 rtil'ltt'dJ
2639 4731 2971 4784 lineamentis
3023 4725 3386 4804 manentibus,

1833 4819 2173 4882 corruptione
2199 4831 2323 4868 vero
2348 4817 2676 4867 mortalitatis
2705 4832 2968 4882 emortua,
3004 4825 3176 4875 stabili
3211 4829 3388 4894 vigori:

1834 4912 2061 4970 “unum,
2096 4919 2148 4958 iii
2179 4908 2309 4957 absit
2359 4907 2520 4968 labes,
2566 4908 2701 4958 adsit
2750 4909 2980 4978 elfigics,
3035 4915 3170 4966 ιιι-ιι
3202 4923 3381 4979 motio,

1829 5001 1964 5051 ali-it
2005 4999 2272 5063 fatigatio;
2327 4997 2464 5046 adsit
2515 5000 2759 5048 vescendi
2806 5010 3055 5065 lililelilS.
3099 5005 3233 5055 absit
3261 5023 3384 5060 estt-

1833 5089 2314 5141 rictulittcccssitas.
2340 5088 2558 5138 Constat
2579 5099 2770 5154 itaque,
2788 5106 2955 5156 neque
2982 5094 3091 5143 ullo
3115 5098 3269 5149 modo
3291 5100 3382 5150 dit-

1833 5180 2098 5233 hitauduui
2125 5189 2222 5239 est,
2242 5194 2431 5244 corpus
2455 5178 2668 5240 Christi,
2690 5181 2824 5246 quod
2860 5182 2977 5234 licet
2997 5188 3383 5251 corruptionem

1835 5271 2120 5338 lttlll‘Ctiiltii
2176 5272 2224 5320 in
2266 5271 2508 5334 sepulcro
2555 5287 2656 5321 non
2704 5271 2888 5323 viderit
2935 5276 3094 5338 (unde
3123 5279 3379 5344 scriptum

1829 5373 1934 5414 est:
1971 5361 2073 5413 Nec
2104 5361 2251 5412 dabis
2279 5369 2514 5410 .~anctttttt
2566 5373 2707 5410 tuum
2741 5363 2917 5415 videre
2945 5369 3378 5439 cm'rnptionenri,

1829 5461 2000 5503 tamen
2027 5452 2201 5502 lancea
2229 5450 2488 5516 perrumpi
2516 5451 2702 5515 potuit,
2739 5467 2873 5504 nunc
2899 5456 3114 5506 omnino
3141 5460 3187 5508 in
3216 5458 3374 5511 incor-

1832 5541 2069 5608 tuptione
2096 5539 2410 5599 consistere,
2438 5548 2485 5590 ct
2517 5539 2653 5605 quod
2685 5540 2731 5594 in
2764 5542 3079 5595 contumelia
3114 5563 3188 5610 pa.
3215 5549 3373 5600 “Julii!
