3874 6226
472 215 608 270 ίθῖί·

1521 205 1577 258 ι).
1625 200 1936 259 ι·.υοΠΨΙΙ
1980 200 2259 259 ᾹΒΒΛΊἸΞ
2296 198 2614 256 ᾹΡΒΙΟΛΝΙ

3553 194 3670 248 I073

465 325 755 393 mortisque
791 321 1103 377 scmimtum
1129 327 1229 384 est,
1279 327 1416 371 nunc
1452 329 1571 370 esse
1600 316 1652 369 in
1687 314 1856 384 gloria
1885 315 2012 368 vita:
2041 318 2088 376 Α
2117 315 2380 385 ruptelam
2408 328 2526 384 quae
2557 326 2656 368 nec
2681 310 2881 367 doloris
2902 310 3300 380 corruptionem
3331 308 3436 376 pati
3469 315 3662 369 potest-

469 429 710 484 a-tcrnat;
741 425 795 472 et
818 415 954 486 quod
982 428 1046 467 ex
1066 409 1365 465 infirmitate
1389 408 1559 477 potuit
1584 405 1846 476 crucillgi,
1874 419 2016 460 nunc

471 510 524 564 in
555 509 745 562 virtute
782 515 1040 572 regnare;
1094 506 1151 553 et
1187 496 1328 567 quod
1369 505 1485 552 erat
1531 510 1725 565 corpus
1762 495 2016 562 animale,

472 599 718 668 quoniam
745 610 806 648 ex
838 591 1003 644 Adam
1034 597 1299 656 sumptum
1329 597 1430 650 est,
1461 602 1565 640 non
1597 600 1712 639 esse
1752 585 2013 653 spiritale,

468 688 712 757 quoniam
757 681 960 751 spiritui
986 680 1095 747 jam
1128 678 1551 747 inseparabiliter
1576 673 1881 742 copulatum
1911 683 2013 727 est.

872 849 876 860 .
948 810 1172 865 CAPUT
1211 805 1522 863 CCCXLIV.

471 911 542 966 De
569 922 776 977 corpore
815 904 1024 958 animali
1065 911 1112 977 et
1157 915 1365 977 corpore
1402 895 1639 966 spiritali,
1680 895 1747 948 ad
1789 892 2016 947 eumdem

1072 970 1407 1024 Consentium.

536 1088 677 1142 Dixit
698 1088 734 1141 Α
746 1083 980 1154 postules
1004 1097 1020 1135 :
1043 1081 1346 1135 Seminatur
1362 1090 1554 1145 corpus
1575 1073 1822 1140 animale,
1841 1078 2020 1142 surget

466 1193 657 1247 corpus
696 1174 948 1242 spiritale.
996 1167 1218 1224 Proinde
1251 1167 1383 1220 sicut
1414 1165 1642 1219 animale
1691 1177 1884 1232 corpus
1914 1177 2018 1216 non

465 1278 549 1323 est
586 1268 782 1328 anima,
812 1263 902 1316 sed
933 1272 1146 1329 corpus,
1185 1258 1254 1312 ita
1299 1266 1352 1311 et
1390 1254 1625 1326 spiritale
1673 1268 1868 1323 corpus
1916 1267 2018 1305 non

473 1360 712 1430 spiritum
764 1356 1015 1410 debemus
1061 1360 1267 1420 putare,
1297 1349 1390 1404 sed
1431 1362 1642 1415 corpus.
1690 1346 1818 1412 Quis
1863 1359 2022 1413 porro

468 1451 657 1504 audeat
684 1443 908 1514 Opinari,
939 1439 1239 1496 vel-Christi
1268 1451 1460 1506 corpus
1513 1451 1617 1490 non
1669 1434 1907 1504 spiritale
1933 1447 2020 1486 re-

471 1552 550 1592 sui
565 1535 784 1598 rexisse,
808 1529 889 1585 vel
910 1531 955 1583 si
981 1527 1214 1597 spiritale
1235 1525 1544 1589 resurrexit,
1570 1537 1673 1576 non
1697 1521 1805 1591 jam
1829 1534 2024 1588 corpus

470 1626 651 1692 luisse,
692 1622 801 1676 sed
828 1622 1066 1688 spiritum
1094 1631 1245 1671 reum
1276 1617 1411 1669 hanc
1449 1614 1752 1683 opinionem
1795 1611 2020 1680 discipu-

469 1720 636 1773 lorum
660 1713 884 1776 refellat,
907 1711 993 1765 ubi
1016 1724 1134 1764 cum
1162 1722 1281 1762 eum
1301 1706 1548 1760 videntes
1573 1705 1943 1758 existimarent
1964 1715 2022 1755 se

465 1802 938 1878 spiritum'videre,
970 1801 1042 1853 ait
1067 1816 1078 1851 :
1103 1797 1338 1867 Palpate,
1376 1802 1430 1849 et
1451 1794 1626 1849 videte
1658 1794 1778 1861 quia
1804 1792 2021 1859 spiritus

467 1913 586 1953 ossa
618 1907 671 1950 el
698 1907 911 1949 carnem
943 1906 1044 1943 non
1077 1889 1256 1952 habet,
1283 1887 1418 1940 sicut
1456 1899 1541 1939 me
1568 1882 1757 1937 videtis
1789 1879 2022 1936 habere?

467 1988 584 2042 Jam
611 1984 772 2054 igitur
801 1982 885 2036 illa
911 1993 1034 2033 caro
1062 1975 1299 2045 spiritale
1325 1985 1438 2028 erat
1465 1987 1677 2041 corpus,
1709 1985 1807 2026 nec
1847 1979 2022 2024 tamen

467 2074 698 2144 Spiritus
734 2079 868 2131 erat,
904 2066 996 2120 sed
1025 2077 1237 2131 corpus,
1279 2062 1420 2115 nulla
1472 2060 1698 2114 ulterius
1743 2067 1914 2112 morte
1955 2057 2023 2110 ab

467 2162 639 2214 anima
672 2154 1042 2213 resolvendum
1070 2160 1224 2218 atque
1252 2147 1602 2217 separandum
1635 2163 1648 2199 :
1674 2146 1810 2201 sicut
1831 2158 2023 2213 corpus

467 2248 718 2310 animale,
760 2245 914 2312 quale
943 2241 1228 2294 animatum
1258 2247 1341 2293 est
1369 2237 1460 2293 Dei
1507 2238 1654 2302 ﬂatu,
1689 2250 1817 2291 cum
1853 2234 2022 2290 lactus

469 2353 547 2395 est
578 2340 735 2391 homo
767 2337 818 2389 in
847 2333 1073 2388 animam
1096 2332 1289 2391 vivam,
1321 2327 1482 2382 etiam
1508 2327 1677 2394 ipsum
1709 2340 1774 2379 ex
1807 2323 2020 2377 animali

471 2430 725 2499 spiritale,
756 2425 870 2479 sine
900 2422 1085 2477 mortis
1106 2421 1343 2473 interveu
1371 2432 1404 2470 ιι
1436 2417 1605 2470 luerat
1639 2415 1889 2475 tutorum,
1921 2411 2021 2465 nisi

473 2519 818 2589 transgressio
829 2513 1072 2585 prteccpti
1089 2508 1518 2581 priuseommisso
1531 2503 2025 2575 peccatoinlligeret

473 2626 703 2680 pinnam.
731 2621 886 2676 quam
916 2603 1057 2658 Deus
1083 2608 1302 2655 servata:
1326 2597 1543 2666 iustitia:
1568 2596 1718 2649 daret
1745 2607 2020 2647 coronam.

474 2702 624 2758 Unde
665 2697 916 2752 Dominus
941 2691 1181 2746 Christus
1222 2703 1314 2757 per
1346 2700 1440 2741 nos
1468 2685 1533 2738 ad
1573 2700 1670 2738 nos
1705 2686 1867 2747 venit,
1902 2697 2021 2737 cum

473 2801 780 2862 peceatores
800 2785 974 2855 justus
1002 2779 1221 2842 invenit,
1254 2792 1349 2846 per
1383 2786 1600 2863 stratum
1633 2774 2024 2844 quodammodo

473 2879 782 2938 humilitatis
825 2883 1039 2938 nostrae,
1070 2871 1161 2925 sed
1194 2883 1457 2923 non.cum
1509 2864 1695 2921 morbo
1738 2864 2024 2933 iniquitatis

472 2983 686 3028 nostra}.
717 2967 846 3021 Nam
876 2978 971 3034 per
998 2959 1224 3015 animale
1253 2957 1428 3021 nobis,
1475 2957 1574 3012 hoc
1601 2966 1702 3020 est,
1745 2968 1838 3022 per
1880 2969 2021 3008 ηιοιι.

473 3062 576 3116 tale
602 3071 794 3126 corpus
838 3051 1106 3126 apparuit,
1151 3047 1240 3116 qui
1285 3047 1487 3113 utique,
1516 3045 1559 3097 si
1601 3043 1877 3107 voluisset,
1904 3057 2024 3097 cum

473 3121 1003 3218 corpore’immortali
1029 3121 1272 3208 primitus
1296 3134 1619 3189 advenisset.
1649 3133 1754 3188 Sed
1779 3132 1900 3202 quia
1927 3147 2025 3188 nos

476 3238 770 3294 humilitate
842 3229 960 3286 Filii
1011 3227 1104 3282 Dei
1156 3224 1329 3280 sanari
1384 3220 1701 3291 oportebat,
1742 3234 1914 3288 usque
1958 3219 2025 3274 ad

475 3339 707 3386 nostram
751 3322 1108 3379 inﬁrmitatem
1140 3314 1434 3375 descendit.
1461 3324 1512 3368 et
1543 3312 1663 3367 ﬁdei
1693 3320 1889 3366 nostra:
1915 3327 2026 3366 me-

474 3421 632 3474 ritum
680 3430 741 3470 ac
771 3411 1039 3482 prtemium
1081 3406 1274 3461 virtute
1325 3418 1436 3458 sua:
1481 3400 1887 3456 resurrectionis
1937 3415 2026 3455 os-

476 3509 597 3564 tend
623 3517 673 3571 t;
703 3505 820 3558 ideo
850 3500 1088 3568 sequitur
1119 3496 1405 3566 Apostolus
1429 3502 1482 3547 et
1505 3492 1668 3546 dicit:
1698 3491 2025 3546 Novissimus
2069 3507 2074 3512 ·

475 3601 640 3657 Adam
673 3597 722 3650 in
748 3592 855 3662 spir
877 3599 984 3643 tum
1012 3587 1355 3641 vivificantem
1381 3600 1393 3633 :
1423 3582 1533 3636 sive
1562 3580 1882 3648 intelligatur
1919 3579 2026 3647 pri.

476 3703 592 3743 mus
620 3687 784 3740 Adam
813 3681 898 3749 qui
931 3684 995 3731 tle
1038 3677 1253 3746 pulvere
1279 3682 1403 3727 ante
1432 3673 1686 3725 formatus
1715 3678 1816 3735 est,
1847 3667 2024 3722 novis-

475 3781 640 3834 simus
683 3784 857 3827 autem
888 3768 1054 3824 Adam
1095 3766 1182 3834 qui
1226 3766 1291 3818 de
1321 3761 1536 3830 Virgine
1579 3770 1884 3829 procreatus
1910 3769 2020 3822 est;

474 3871 587 3924 sive
615 3867 664 3920 in
695 3872 1010 3930 unoquoque
1041 3856 1253 3910 homine
1283 3863 1564 3920 utrumque
1593 3850 1936 3918 compleatur,
1967 3857 2024 3902 ut

476 3961 673 4029 piitnus
707 3953 868 4007 Adam
900 3952 968 4004 sit
1010 3949 1170 4018 homo
1214 3945 1267 3998 in
1319 3957 1542 4010 corpore
1587 3939 1816 4002 mortali,
1849 3939 2022 3992 novis-

473 4052 643 4104 sintut
663 4045 824 4098 Adam
862 4040 998 4094 idem
1026 4039 1137 4105 ipse
1165 4037 1215 4088 in
1246 4047 1468 4098 corpore
1498 4029 1778 4084 immortali
1807 4046 1820 4081 :
1847 4037 2020 4082 tamen

473 4140 610 4192 inter
635 4134 861 4188 animam
892 4130 1152 4183 viventem
1182 4134 1236 4178 et
1273 4125 1514 4192 spiritum
1541 4119 1894 4174 viviﬁcantem
1924 4120 2022 4174 hoc

474 4227 737 4280 interesse
769 4218 954 4281 voluit,
987 4225 1044 4268 ut
1070 4214 1175 4267 illic
1208 4212 1279 4266 sit
1302 4224 1498 4277 corpus
1519 4210 1769 4273 animale,
1799 4209 1884 4262 hic
1917 4210 2022 4276 spi-

475 4315 625 4370 ritale
668 4329 680 4363 :
712 4310 885 4363 anima
930 4304 1125 4374 quippe
1165 4303 1218 4354 in
1254 4314 1476 4368 corpore
1513 4298 1724 4352 animali
1756 4297 1882 4351 vivit
1906 4300 2022 4366 qui-

471 4405 616 4465 dem,
643 4399 735 4454 sed
767 4411 869 4450 non
914 4392 1335 4456 vivillcat-usque
1362 4387 1428 4440 ad
1473 4385 1809 4440 auierendam
1837 4399 2020 4439 corru-

473 4492 724 4561 ptionem.
767 4486 823 4539 ln
847 4507 864 4536 ι
912 4494 1063 4549 "pore
1087 4494 1213 4533 vero
1241 4477 1480 4544 siiritali,
1511 4475 1756 4542 quoniam
1789 4473 2019 4542 perfecte

471 4583 748 4637 atlhzereus
790 4571 1007 4625 Domino
1037 4585 1172 4622 unus
1200 4567 1412 4635 spiritus
1441 4571 1545 4628 est,
1576 4561 1652 4616 sic
1685 4562 1929 4627 viviﬁcat,
1964 4574 2019 4616 ut

471 4670 709 4740 spiritale
735 4677 925 4730 corpus
949 4659 1157 4720 elliciat,
1185 4658 1469 4710 absumens
1492 4667 1700 4706 omnem
1724 4654 2018 4720 corruptio-

474 4776 614 4820 netu,
646 4755 842 4809 nullam
867 4756 1108 4802 metuens
1125 4745 1508 4813 separationem
1538 4761 1550 4794 :
1583 4743 1648 4796 Et
1679 4757 1797 4806 nos,
1820 4741 2014 4811 inquit,

474 4853 879 4902 commutamur.
929 4838 1066 4904 Ergo
1106 4837 1256 4890 istam
1303 4834 1763 4888 commutationem
1805 4834 1855 4886 itt
1900 4848 2013 4887 me-

476 4943 578 4994 lius
623 4937 774 5007 ια)
822 4934 934 4986 siue
978 4927 1304 4981 dubitatione
1343 4935 1551 4995 oportet
1597 4925 1839 4994 intelligi,
1889 4927 2008 4994 quia

473 5041 659 5083 omnes
702 5034 756 5079 et
793 5023 914 5092 justi
966 5030 1018 5073 et
1069 5017 1244 5085 iujusti
1291 5017 1633 5070 resurrecturi
1683 5026 1805 5069 sunt
1851 5031 1864 5068 :
1918 5018 2010 5069 sed

473 5114 886 5174 sicut‘Dominus
914 5114 963 5165 in
1000 5108 1282 5176 Evangelia
1313 5107 1564 5174 loquitur,
1593 5106 1690 5172 Qui
1739 5107 2010 5162 benel’ece-

475 5220 616 5272 runt,
647 5209 697 5261 itt
737 5202 1173 5259 resurrectionem
1205 5201 1346 5261 vitzr,
1379 5197 1466 5264 qui
1513 5198 1645 5250 male
1687 5207 1926 5267 egerunt,
1961 5200 2010 5252 in

477 5299 909 5357 resurrectionem
937 5293 1115 5364 judii-ii
1155 5307 1169 5346 :
1206 5289 1464 5359 judicium
1495 5288 1762 5358 appellans
1803 5304 2012 5358 pinnam

478 5393 878 5460 sempiternam;
908 5386 1043 5437 sicut
1086 5384 1188 5436 alio
1231 5383 1344 5435 loco
1377 5397 1389 5431 :
1423 5380 1520 5446 Qui
1553 5394 1655 5432 non
1699 5381 1888 5447 credit,
1915 5384 2006 5434 'in-

479 5483 607 5550 ηιιίι,
635 5480 738 5547 jam
767 5475 1026 5542 iudicatus
1062 5481 1160 5525 cst.
1202 5471 1426 5524 Proinde
1457 5469 1530 5522 illi
1559 5474 1644 5538 qui
1677 5470 1738 5520 ad
1764 5469 2016 5536 judicium

481 5564 816 5626 resurrecturi
841 5568 977 5627 sunt,
1005 5574 1105 5615 non
1131 5559 1587 5614 couuntttalnmtur
1610 5557 1659 5610 in
1682 5555 1824 5609 illam
1845 5557 2018 5612 incor-

2115 405 2204 459 illa
2232 418 2459 474 namque
2486 402 2715 458 lidelium
2748 411 2832 457 est
2869 409 3025 470 atque
3053 407 3396 458 sanctorum;
3428 396 3509 450 isti
3548 411 3665 447 vero

2117 503 2366 563 perpetua
2391 494 2729 561 corruptione
2769 490 3165 552 crueiabuntur,
3187 487 3308 556 quia
3338 485 3473 554 ignis
3497 499 3666 537 eorum

2118 600 2219 636 non
2250 591 2642 649 exsttnguetur,
2684 589 2738 635 et
2780 581 2977 636 vermis
3016 593 3201 632 eorum
3244 590 3350 630 non
3406 587 3659 628 monetur.

2116 671 2249 735 Quid
2279 671 2382 724 sibi
2409 684 2534 736 ergo
2563 670 2678 722 vult
2705 670 2801 722 ista
2831 669 3109 723 distinctio
3139 685 3154 721 :
3189 668 3254 721 Et
3286 667 3479 720 mortui
3507 680 3662 719 resur-

2115 771 2239 833 gent
2281 760 2597 826 incorrupti,
2647 771 2701 814 et
2746 774 2843 814 nos
2878 759 3358 823 commutabimur,
3409 757 3506 811 nisi
3553 755 3660 822 quia

2116 865 2300 904 omnes
2332 851 2621 917 incorrupti
2669 859 2967 918 resurgent,
2998 833 3115 902 sed.
3143 863 3206 901 ex
3241 845 3325 900 bis
3365 847 3488 913 justi
3514 848 3660 899 etiam

2115 941 2551 1005 immutabuntur,
2584 941 2638 996 in
2685 942 2827 996 illam
2867 939 3280 1007 incorruptelatn
3329 938 3414 992 cui
3462 938 3661 990 omnino

2118 1033 2262 1088 nulla
2314 1043 2497 1101 posset
2538 1048 2731 1087 nocere
2776 1032 3077 1101 corruptio?
3107 1046 3168 1086 ac
3209 1045 3304 1099 per
3352 1030 3451 1083 hoc
3489 1029 3570 1098 qui
3614 1028 3658 1080 is

2118 1139 2232 1176 eam
2281 1137 2384 1176 non
2436 1123 2942 1185 commutahuntur,
2993 1120 3284 1186 incorrupti
3340 1119 3541 1188 quidem
3587 1132 3661 1170 re-

2117 1222 2336 1281 surgent
2393 1213 2692 1282 integritate
2736 1212 3132 1271 membrorum,
3180 1209 3273 1263 sed
3333 1217 3499 1261 tamen
3551 1221 3661 1259 cor-

2120 1305 2397 1372 rumpendi
2439 1305 2623 1358 dolore
2667 1316 2964 1369 pretiorum,
2994 1316 3114 1354 curti
3151 1298 3425 1352 audierint
3453 1313 3469 1350 :
3499 1296 3566 1356 lle
3611 1294 3656 1347 in

2122 1394 2294 1460 ignem
2325 1404 2580 1446 :eternum
2620 1392 2712 1460 qui
2761 1401 2973 1459 paratus
3022 1399 3102 1443 est
3145 1388 3360 1442 diabolo
3387 1396 3439 1440 et
3477 1384 3659 1452 angelis

2122 1483 2236 1550 ejus
2264 1498 2275 1546 ;
2312 1496 2342 1534 a
2371 1495 2478 1550 quo
2502 1482 2682 1534 auditu
2723 1480 2861 1533 malo
2887 1479 3063 1548 justus
3089 1493 3195 1531 non
3238 1477 3459 1530 timebit.
3490 1476 3557 1529 De
3582 1475 3657 1527 illa

2125 1585 2249 1623 vero
2295 1569 2709 1624 commutatione
2743 1569 3041 1636 iustorum,
3090 1582 3210 1620 cum
3252 1566 3467 1619 dixisset
3505 1582 3516 1617 :
3565 1562 3658 1616 Nos

2052 1657 2604 1722 Bcommutabimur,
2675 1669 2920 1727 tauquam
2996 1671 3356 1726 qutereremus
3419 1653 3658 1724 quomodo

2124 1752 2260 1805 istud
2294 1750 2405 1817 liat,
2441 1749 2524 1804 vel
2552 1749 2723 1817 qualis
2761 1749 2849 1802 illa
2881 1749 3226 1802 commutatio
3255 1747 3424 1800 futura
3457 1746 3538 1807 sit,
3571 1743 3654 1796 ad-

2119 1840 2291 1909 jungit
2319 1850 2372 1894 et
2401 1839 2530 1894 dicit
2576 1856 2589 1893 :
2630 1838 2854 1907 Oportet
2894 1840 3033 1892 enim
3077 1836 3418 1904 corruptibile
3464 1834 3552 1888 hoc
3588 1836 3656 1886 in-

2122 1930 2286 1984 duere
2339 1930 2774 1998 incorruptelam,
2823 1939 2878 1982 et
2912 1929 3150 1982 mortale
3183 1929 3286 1980 hoc
3329 1924 3535 1978 induere
3569 1924 3654 1976 itu-

2124 2020 2521 2074 mortalitatem.
2567 2019 2704 2084 Non,
2734 2026 2793 2071 ut
2836 2019 3044 2085 opinor,
3085 2015 3433 2070 dubitandum
3467 2023 3540 2067 est
3584 2025 3654 2064 se-

2122 2108 2351 2162 cundum
2404 2109 2503 2162 hoc
2529 2109 2727 2162 dictum
2761 2147 2778 2174 ,
2827 2105 2962 2161 Caro
2988 2117 3039 2160 et
3088 2108 3308 2175 sanguis
3337 2119 3539 2173 regnum
3575 2100 3652 2156 Dei

2125 2219 2230 2257 non
2260 2203 2627 2271 possidebunt,
2652 2203 2775 2272 quia
2809 2219 2912 2256 non
2936 2203 3005 2256 ibi
3035 2205 3137 2258 erit
3164 2203 3436 2269 corruptio
3461 2209 3510 2254 et
3534 2213 3653 2253 inor-

2126 2292 2299 2346 talitas
2324 2292 2499 2346 carnis
2520 2301 2575 2347 et
2602 2291 2876 2360 sanguinis
2907 2306 2920 2344 :
2951 2291 3240 2346 secundum
3272 2291 3368 2343 bas
3393 2288 3522 2342 enim
3545 2301 3652 2354 qua-

2126 2382 2298 2436 litates
2328 2381 2428 2436 hoc
2461 2383 2577 2436 loco
2624 2396 2838 2434 carnem
2891 2389 2945 2434 et
2973 2383 3284 2449 sanguinem
3326 2377 3648 2445 nuncupavit:

2123 2474 2392 2540 quocirca,
2425 2481 2482 2525 ut
2518 2472 2718 2541 aliquid
2747 2471 2976 2540 exempli
3011 2471 3178 2539 gratia
3210 2485 3421 2537 ponam,
3443 2468 3566 2535 quod
3587 2467 3651 2519 inc

2127 2563 2278 2614 terim
2311 2561 2559 2624 occurrit,
2600 2560 2738 2613 sicut
2767 2561 3018 2628 scriptum
3060 2569 3181 2623 est,
3233 2558 3310 2610 Ne
3353 2557 3480 2609 forte
3513 2563 3651 2608 tenta-

2127 2650 2261 2703 vcrit
2284 2663 2376 2703 vos
2403 2649 2492 2717 qui
2517 2659 2707 2710 tentet,
2734 2659 2791 2702 et
2820 2648 2991 2701 inanis
3017 2648 3092 2700 sit
3119 2647 3268 2699 labor
3295 2654 3496 2706 noster;
3525 2652 3652 2709 atque

2127 2741 2213 2793 hic
2241 2739 2551 2808 intelligitur
2582 2740 2830 2806 diabolus
2860 2750 3108 2807 tanquam
3151 2737 3292 2790 Deus
3338 2738 3542 2789 omnino
3567 2749 3651 2786 nou

2128 2835 2312 2880 tentet.
2338 2826 2414 2881 De
2439 2841 2543 2895 quo
2572 2826 2677 2881 alio
2706 2827 2822 2881 loco
2858 2826 3132 2894 Scriptura
3162 2826 3295 2879 dicit
3329 2843 3340 2877 :
3368 2826 3478 2894 Ipse
3506 2834 3652 2876 autem

2129 2920 2393 2974 neminem
2428 2929 2616 2975 tentat.
2648 2920 2755 2974 Nec
2801 2917 3066 2974 contraria
3102 2930 3186 2971 est
3227 2919 3326 2971 ista
3357 2915 3588 2971 sententia
3613 2914 3651 2967 ei

2053 3004 2100 3066 C
2131 3023 2232 3077 qua
2258 3009 2456 3063 dicitur
2486 3025 2502 3062 :
2536 3010 2727 3062 Tentat
2758 3022 2852 3063 vos
2899 3008 3152 3061 Dominus
3182 3008 3320 3060 Deus
3353 3020 3530 3060 vester.
3567 3003 3652 3058 Sed

2129 3098 2352 3152 solvitur
2377 3097 2620 3168 quaestio,
2643 3113 2761 3152 cum
2791 3098 3103 3151 vocabulum
3131 3095 3436 3151 tentatiouis
3453 3095 3652 3149 diversas

2125 3188 2498 3258 intelligentiae
2538 3188 2752 3253 habeat,
2783 3203 2846 3242 eo
2870 3188 3013 3258 quod
3044 3189 3147 3242 alia
3175 3188 3244 3241 sit
3276 3187 3490 3242 tentatio
3515 3186 3648 3240 dece-

2128 3279 2348 3348 ptionis,
2365 3280 2468 3332 alia
2490 3281 2708 3334 tentatio
2731 3279 3089 3348 probationis:
3111 3279 3400 3334 secundum
3419 3279 3546 3331 illa
3567 3291 3652 3328 non

2127 3369 2438 3439 intelligitur
2466 3368 2553 3439 qui
2601 3368 2892 3424 tentatnisi
2929 3371 3204 3434 diabolus;
3234 3369 3515 3423 secundum
3551 3381 3652 3420 vero

2125 3459 2261 3512 hanc
2291 3468 2458 3512 teutat
2501 3459 2659 3513 Deus.
2698 3458 2770 3512 lta
2800 3473 2920 3512 cum
2949 3458 3146 3515 dicitur
3165 3499 3183 3525 ,
3240 3460 3377 3511 Caro
3405 3455 3650 3526 possidebit

2124 3564 2340 3618 regnum
2374 3549 2489 3613 Dei,
2521 3558 2595 3613 et,
2640 3550 2777 3603 Caro
2812 3565 2926 3602 .non
2973 3548 3267 3617 possidebit
3319 3561 3523 3615 regnum
3558 3543 3649 3605 Dei.

2123 3639 2282 3693 etiam
2326 3638 2484 3706 hujus
2540 3638 2767 3693 nominis
2811 3637 3159 3707 intelligentia
3219 3637 3570 3698 discernatur,
3610 3641 3649 3686 et

2125 3731 2265 3784 nulla
2295 3729 2397 3784 erit
2443 3730 2689 3798 qutestio,
2739 3729 2987 3798 quoniam
3031 3744 3174 3793 caro,
3223 3726 3503 3783 secundum
3540 3723 3648 3778 sub-

2122 3822 2391 3885 stantiam,
2421 3839 2461 3876 si
2483 3824 2711 3876 cundum
2744 3835 2900 3888 quam
2930 3821 3127 3874 dictum
3159 3829 3264 3882 eet,
3313 3814 3526 3886 Spiritus
3552 3828 3648 3867 ear-

2125 3929 2242 3967 nem
2282 3922 2337 3967 et
2380 3927 2503 3965 ossa
2548 3925 2652 3965 nou
2701 3910 2881 3997 l‘tabet,
2931 3908 3070 3962 sicut
3116 3923 3202 3961 me
3231 3905 3419 3961 videtis
3464 3903 3645 3964 habere,

2123 4000 2408 4070 possidebit
2438 4015 2687 4071 regnum;
2719 4015 2843 4053 caro
2873 4010 3047 4054 autem
3087 4012 3207 4052 cum
3237 3998 3514 4052 secundum
3553 4006 3648 4047 cors

2122 4096 2420 4163 ruptiouem
2454 4093 2786 4161 intelligitur,
2814 4105 2917 4144 non
2951 4088 3270 4158 possidebit;
3305 4089 3402 4142 hoc
3425 4087 3551 4142 enim
3573 4096 3646 4136 ex-

2124 4187 2350 4253 positum
2376 4193 2477 4248 est,
2507 4198 2626 4237 cum
2654 4183 2943 4243 diceretur,
2982 4179 3120 4231 Caro
3147 4189 3201 4232 et
3223 4176 3434 4248 sanguis
3460 4185 3643 4243 regnum

2124 4275 2215 4330 Dei
2246 4290 2350 4329 non
2396 4274 2766 4342 possidebunt,
2812 4271 2862 4324 in
2895 4286 2958 4323 eo
2989 4267 3128 4338 quod
3163 4269 3420 4321 continuo
3444 4260 3641 4317 additqu

2049 4348 2205 4421 Dest
2255 4383 2267 4419 :
2313 4366 2492 4435 Neque
2545 4364 2814 4431 corruptio
2864 4361 3317 4428 ittcorruptimtem
3368 4351 3640 4425 possidebit,

2120 4457 2250 4511 sicut
2278 4456 2426 4520 satis,
2459 4466 2714 4523 quantum
2754 4451 3004 4515 arbitror,
3032 4450 3402 4503 disseruimus.

2634 4582 2853 4638 CAPUT
2881 4579 3051 4635 CCCX
3061 4579 3168 4634 LV.

2124 4674 2299 4727 Utrum
2325 4674 2620 4740 singillatim
2639 4689 2667 4724 a
2701 4671 2804 4724 Deo
2828 4681 3046 4724 creatore
3073 4686 3340 4739 corporum
3374 4671 3634 4740 l'nrarnrttta

2189 4735 2487 4813 formentur.
2510 4750 2630 4794 etde
2658 4743 2838 4813 (mima:
2856 4741 3127 4813 qurcstione
3140 4735 3236 4802 {ex
3256 4741 3421 4793 eadem
3436 4735 3632 4804 epistola,

2187 4811 2263 4866 uel
2287 4828 2349 4866 ea:
2377 4813 2573 4864 duabus
2606 4812 2829 4878 epistolis
2855 4811 2920 4861 ad
2955 4811 3216 4878 Optatum.

2187 4925 2334 4991 Quod
2361 4933 2534 4975 autem
2573 4921 2766 4989 quaeris
2802 4928 2977 4972 utrum
3023 4918 3332 4986 singillatim
3374 4931 3402 4969 a
3429 4920 3631 4968 creatore

2122 5017 2227 5070 Deo
2251 5028 2528 5083 corporum
2569 5012 2883 5065 lineamenta
2914 5007 3230 5072 formentur,
3278 5025 3379 5061 non
3416 5015 3460 5059 te
3483 5014 3630 5055 move-

2122 5108 2215 5174 bit,
2243 5108 2311 5168 si,
2343 5113 2599 5173 quantum
2625 5111 2798 5170 potest
2822 5103 3043 5154 humana
3074 5115 3248 5163 meus,
3279 5097 3543 5167 potentiam
3559 5091 3625 5145 di-

2120 5200 2256 5252 vina:
2302 5193 2620 5264 operationis
2670 5194 2948 5262 intelligas.
2982 5193 3262 5259 Quomodo
3309 5191 3439 5246 enim
3467 5197 3626 5253 negare

2120 5290 2408 5361 poterimus
2457 5289 2618 5342 Deum
2664 5286 2822 5341 etiam
2867 5299 3006 5339 nunc
3053 5286 3263 5354 operari
3309 5293 3484 5338 cuncta
3529 5291 3622 5346 qum

2118 5391 2384 5442 creantur,
2400 5393 2518 5432 cum
2538 5361 2794 5430 Dominus
2813 5375 2951 5429 dicat
2971 5393 2983 5426 :
3001 5375 3155 5429 Pater
3176 5391 3326 5429 meus
3346 5389 3497 5441 usque
3516 5379 3626 5423 nunc

2119 5473 2408 5541 operatur?
2439 5467 2588 5524 Unde
2615 5467 2698 5520 illa
2727 5467 2954 5521 cessatio
2980 5466 3190 5534 septimi
3213 5465 3315 5521 die;
3337 5469 3399 5518 ab
3426 5465 3535 5532 ipsis
3549 5471 3624 5511 na-

2121 5563 2249 5617 turis
2272 5560 2542 5616 contendis
2563 5557 2893 5628 [condendis]
2917 5556 3252 5624 intelligenda
3276 5567 3352 5612 est
3372 5553 3512 5620 lat-ta,
3539 5562 3619 5602 non
