3874 6226
229 313 395 368 Ιυῖδ
1073 316 1078 321 ’
1403 318 1808 373 τιιιιειυιιυδ

1919 320 2017 374 AP.
2060 319 2345 376 CCCXLV.
3173 352 3175 354 -
3345 331 3493 385 ιυιι.

223 432 304 482 ab
352 447 550 493 earum
583 431 1036 486 adtninistratimte
1065 445 1182 498 qua:
1212 430 1441 484 conditae
1494 431 1814 484 referuntur.
1849 434 1890 487 Δ
1921 435 2008 501 qui
2035 435 2143 499 ipsa
2177 438 2381 487 semina
2406 436 2518 487 sine
2546 437 2833 488 seminibus
2862 435 3014 491 fecit?
3039 439 3140 493 Sed
3167 439 3249 492 ubi
3280 455 3365 495 res
3386 457 3472 495 na-

221 520 381 575 Cmn
444 539 568 591 ergo
616 531 800 574 natura
846 537 1019 574 rerum
1054 537 1081 573 a
1122 529 1364 574 creatore
1408 520 1825 584 administratur,
1928 522 2161 576 turaliter
2187 524 2413 578 obscura
2449 533 2683 577 nostrum
2710 526 2981 580 modulum
3012 528 3196 590 vincit,
3219 539 3268 581 et
3296 541 3476 597 aperta

223 624 282 664 et
311 629 432 680 per
458 613 671 666 ordines
695 611 962 680 praéflnitis
983 611 1112 664 locis
1133 620 1186 664 et
1210 610 1535 677 temporibus
1562 611 1671 664 suis
1696 625 1825 663 cun-
1924 610 2099 664 divina
2130 613 2399 678 Scriptura
2450 630 2552 666 non
2601 613 2865 678 subvenit,
2898 626 3094 670 temere
3127 618 3249 670 hinc
3283 618 3478 687 aliquid

221 713 322 755 cta
342 701 822 764 nascuntur,Deus
840 715 1001 768 usque
1025 715 1162 753 nunc.
1177 709 1445 766 operatur.
1489 699 1670 750 Namsi
1689 699 1823 751 Deus
1924 700 2144 755 definire
2174 702 2397 755 humana
2425 705 2725 770 conjectura
2758 706 3057 772 prazsumit;
3089 722 3146 760 se
3167 707 3376 762 nudum
3401 710 3478 771 vi-

227 808 396 846 mmc
434 793 533 846 ista
561 807 663 845 non
695 792 904 858 format,
951 791 1217 860 quomodo
1247 790 1437 857 legitur
1465 808 1476 841 :
1513 789 1820 856 Priusquam
1926 798 2006 843 tas
2034 804 2210 844 autem
2241 809 2371 861 quas
2400 795 2636 862 proprias
2658 795 2853 848 habere.
2875 797 3152 864 incipiunt,
3187 813 3349 852 novos
3377 801 3475 852 bo-

224 892 289 936 ιε
310 881 622 935 formarem
641 879 699 940 in'
720 891 870 934 utero
899 880 1021 946 novi
1054 879 1140 933 te?
1167 879 1442 944 Quomodo
1469 880 1624 932 etiam
1651 876 1820 942 accipi
1925 882 2092 934 mines
2119 881 2341 935 dicimus
2387 884 2553 950 nasci,
2578 885 2686 938 sive
2735 887 2930 950 anima,
2980 886 3089 940 sive
3128 902 3377 954 corpore;
3425 897 3481 940 at

224 983 433 1040 potest
463 989 476 1026 :
523 974 673 1040 Quod
703 974 746 1026 si
787 973 959 1026 fenum
993 969 1101 1040 agri
1131 971 1269 1039 quod
1302 970 1460 1023 hodie
1489 978 1588 1032 est,
1621 977 1673 1020 et
1704 981 1822 1022 cras
1923 973 2349 1026 verosecundum
2366 973 2622 1040 originale
2645 984 2909 1040 peccatum
2934 987 3140 1029 veteres
3161 986 3473 1040 nascuntur;

221 1065 286 1115 in
318 1062 605 1118 clibanum
634 1062 880 1125 mittitur,
913 1062 1053 1114 Deus
1077 1061 1155 1113 sic
1184 1058 1380 1112 vestit?
1413 1058 1510 1110 nisi
1545 1055 1678 1108 forte
1705 1070 1820 1107 cre-
1925 1059 2043 1113 ideo
2073 1062 2385 1129 baptismate
2409 1072 2750 1116 renovantur.
2783 1065 2993 1132 Aliquid
3021 1080 3149 1132 ergo
3179 1076 3381 1120 eertum
3410 1065 3479 1120 de

221 1155 490 1209 ('Blldllm
521 1165 602 1211 est
638 1155 814 1210 fenum
843 1169 870 1206 a
917 1153 1025 1208 Deo
1054 1152 1268 1217 vestiri,
1302 1162 1355 1206 ct
1401 1166 1427 1202 a
1463 1150 1568 1204 Deo
1593 1161 1814 1216 corpora
1923 1151 2113 1204 animae
2137 1151 2338 1220 urigine
2365 1153 2596 1207 nondunt
2639 1153 2691 1206 in
2717 1154 3001 1220 Scripturis
3029 1156 3296 1209 canonicis
3327 1169 3476 1210 com-

219 1259 348 1299 ncm
407 1247 656 1300 fortnari?
720 1246 847 1299 Cum
906 1247 1044 1299 enim
1104 1242 1264 1306 dixit,
1334 1241 1536 1302 Vestit,
1603 1254 1704 1291 non
1755 1239 1819 1292 de

225 1337 524 1403 [materna
570 1334 932 1396 ordinatione,
987 1332 1078 1387 sed
1131 1331 1200 1386 de
1259 1331 1505 1400 praesenti
1555 1337 1818 1400 operatio-

222 1440 302 1478 ne
369 1426 512 1479 sat’s
563 1423 777 1478 indicat.
835 1422 985 1478 Unde
1037 1432 1119 1476 est
1166 1424 1323 1476 etiam
1395 1422 1520 1476 illud
1578 1428 1817 1492 Apostoli

221 1515 303 1567 de
336 1513 664 1576 seminibus,
695 1513 833 1582 quod
864 1527 1021 1578 supra
1078 1512 1484 1567 commemoravi
1516 1530 1528 1566 :
1569 1515 1703 1578 Non,
1736 1517 1816 1569 in-

223 1604 383 1671 quit,
421 1618 614 1670 corpus
644 1602 781 1672 quod
821 1603 1051 1656 futurum
1082 1612 1183 1665 est,
1214 1604 1471 1667 seminas;
1499 1606 1590 1658 sed
1621 1608 1815 1659 nttdum

223 1708 497 1759 granum,
531 1701 588 1745 ut
610 1702 730 1760 puta
753 1693 933 1756 tritici,
963 1693 1290 1760 autalicujus
1309 1703 1619 1747 caeterorum
1643 1713 1653 1746 :
1678 1695 1814 1748 Deus

1924 1240 2054 1308 peri.
2085 1240 2212 1294 Nam
2239 1242 2291 1294 hi
2315 1245 2407 1310 qui
2439 1256 2601 1296 novas
2631 1243 2745 1296 sine
2774 1243 2877 1296 ulla
2906 1245 3188 1312 propagine
3237 1253 3479 1298 asserunt

1857 1349 1865 1357 ·
1893 1335 2123 1386 εειιιίπιειε
2154 1334 2286 1399 fieri,
2338 1336 2475 1387 inter
2501 1335 2798 1388 testimonia
2824 1337 3011 1403 quibus
3053 1335 3103 1389 id
3127 1337 3363 1390 nituntur
3383 1351 3474 1399 os-,

1923 1422 2159 1485 tendere,
2190 1433 2389 1491 ponunt
2409 1422 2566 1476 ctiam
2598 1423 2686 1476 illa
2710 1423 2833 1482 duo.
2865 1438 2982 1492 qua:
3006 1425 3157 1488 paulo
3179 1434 3303 1478 aute
3330 1439 3474 1477 com-

1921 1515 2206 1566 memoravi
2227 1529 2242 1566 :
2265 1514 2362 1580 Qui
2390 1514 2536 1580 fingit
2564 1515 2804 1582 spiritum
2839 1514 3068 1567 hominis
3115 1515 3166 1567 in
3197 1517 3338 1582 ipso;
3389 1525 3473 1567 et:

1919 1603 2014 1669 Qui
2045 1604 2191 1655 tinxit
2218 1603 2524 1672 singillatim
2557 1603 2715 1656 corda
2748 1603 3054 1666 hominum;
3085 1603 3150 1656 dc
3186 1603 3375 1670 quibus
3392 1601 3471 1654 vi-

1919 1692 2013 1745 des
2035 1693 2474 1760 quemadmodum
2506 1694 2670 1760 possit
2692 1706 2720 1743 a
2744 1692 3110 1745 resistent'bus
3133 1691 3472 1758 responderi:

223 1797 430 1838 autem
461 1783 551 1835 dat
580 1783 654 1835 illi
687 1798 881 1851 corpus
925 1784 1188 1851 quomodo
1235 1784 1478 1838 voluerit.
1514 1785 1626 1837 Non
1659 1785 1810 1851 dixit,
1847 1789 1894 1847 Β
1920 1794 2096 1837 utrum
2126 1783 2263 1837 enim
2291 1797 2409 1859 cum
2438 1783 2603 1849 fingit,
2629 1797 2689 1835 ex
2721 1782 2824 1834 alio
2855 1781 3034 1850 fingat,
3080 1796 3145 1834 an
3171 1797 3234 1833 ex
3282 1780 3470 1842 nihilo,

219 1872 378 1936 edit,
411 1881 522 1938 aut,
561 1872 842 1940 disposuit,
874 1871 989 1938 sed,
1015 1872 1125 1936 dat,
1155 1882 1213 1925 ut
1239 1882 1529 1926 creatorem
1558 1874 1812 1941 intelligas

220 1963 545 2016 efﬁcaciam
573 1962 847 2030 sapientia:
876 1977 986 2016 sua:
1035 1961 1215 2023 rebus,
1257 1977 1374 2029 qua:
1419 1961 1653 2030 quotidie
1700 1964 1814 2016 su':s

229 2051 586 2117 temporibus
625 2052 892 2118 oriuntur,
939 2049 1234 2105 condendis
1280 2049 1569 2114 adbibere;
1603 2051 1668 2104 de
1711 2068 1812 2118 qua

226 2140 356 2207 capi
384 2141 510 2193 -ntia
534 2139 732 2193 dictum
764 2149 844 2194 est
864 2139 1160 2194 :Pertendit
1189 2154 1217 2192 a
1247 2139 1350 2192 fine
1373 2153 1537 2206 usque
1566 2141 1629 2192 ad
1656 2141 1811 2193 linem

227 2228 492 2293 fortiter;
523 2238 576 2282 et
597 2244 702 2283 non
732 2230 883 2294 dixit,
911 2230 1196 2300 disposuit,
1238 2229 1354 2293 sed,
1377 2230 1610 2297 diSponit
1635 2233 1811 2284 omnTa

230 2320 509 2373 suaviter.
540 2319 762 2373 Multum
791 2328 874 2374 est
897 2321 1036 2375 enim
1060 2319 1144 2374 vel
1176 2321 1405 2374 tenuiter
1430 2334 1638 2386 sapere,
1684 2335 1814 2389 quo-

228 2409 411 2464 modo
439 2410 833 2463 commutabilis
864 2419 916 2464 et
947 2410 1252 2477 temporalia
1297 2425 1398 2464 non
1427 2409 1814 2464 commutabili-

232 2499 344 2551 hus
388 2508 444 2552 et
485 2497 860 2566 temporalibus
889 2500 1144 2552 creatoris
1182 2498 1434 2564 motibus,
1481 2500 1572 2553 sed
1615 2508 1810 2553 :eterna

227 2597 293 2640 et
316 2587 505 2641 stabili
523 2587 715 2641 virtute
736 2589 1048 2642 condantur.
1068 2588 1269 2654 Quatris
1286 2588 1445 2642 etiam
1465 2604 1559 2657 per
1579 2604 1661 2642 me
1677 2589 1813 2644 scire

233 2688 429 2730 utrum
461 2675 554 2732 Dei
584 2677 738 2732 flatus
768 2678 858 2752 ille
883 2678 936 2730 in
979 2677 1167 2741 Adam,
1200 2677 1336 2732 idem
1380 2678 1493 2747 ipse
1520 2679 1588 2732 sit
1613 2678 1810 2731 anima.

234 2767 494 2820 Breviter
523 2767 817 2835 respondeo
841 2782 853 2819 :
877 2767 982 2821 Ant
1008 2769 1121 2835 ipso
1145 2767 1316 2820 anima
1347 2767 1478 2820 facta
1510 2778 1611 2831 est,
1643 2767 1737 2821 sed
1761 2775 1814 2821 et

234 2857 283 2908 si
313 2856 438 2924 ipse
460 2867 562 2920 est,
597 2858 762 2910 factus
791 2868 892 2912 est.
920 2859 993 2912 De
1020 2860 1191 2912 anima
1222 2861 1416 2927 quippe
1447 2859 1680 2927 loquitur
1721 2875 1814 2928 per

237 2944 440 2998 Isaiam
492 2945 799 3015 prophetam
848 2947 1009 3013 Deus,
1058 2948 1146 3001 ubi
1186 2947 1306 3000 dicit
1335 2965 1348 2999 :
1377 2948 1596 3001 Omnem
1635 2948 1810 3001 flatum

235 3046 344 3100 ego
360 3034 460 3087 feci
481 3034 648 3102 ;quod
669 3035 939 3104 sequentia
957 3037 1084 3090 satis
1106 3035 1360 3099 indicant,
1380 3040 1616 3102 sequitur
1634 3037 1773 3090 enim
1795 3053 1807 3088 :

1917 1876 2177 1928 incertum
2206 1883 2308 1927 est.
2337 1871 2466 1926 illud
2495 1882 2667 1926 tamen
2713 1873 2852 1926 inter
2892 1882 3083 1925 c:etera
3114 1869 3468 1924 trstimonium

1916 1966 2126 2019 videtur
2156 1979 2275 2020 esse
2324 1964 2672 2032 praecipuum,
2707 1962 2846 2030 quod
2897 1965 2947 2014 in
2997 1962 3130 2013 libro
3175 1957 3470 2014 Salomonis

1917 2055 2241 2109 Ecclesiaste
2273 2053 2496 2122 legitur:
2549 2051 2613 2105 Et
2644 2041 2938 2105 revertetur
2977 2047 3144 2113 pulvis
3173 2047 3224 2100 in
3274 2054 3466 2100 terram

1915 2146 2052 2198 sicut
2082 2151 2216 2207 erat,
2255 2140 2552 2210 et'spiritus
2590 2150 2882 2195 revertetur
2906 2138 2970 2192 ad
3000 2138 3183 2200 Deum,
3213 2136 3298 2204 qui
3325 2134 3470 2188 dedit

1915 2249 2056 2289 cum.
2081 2233 2183 2287 Sed
2207 2233 2451 2286 facillime
2497 2232 2877 2296 respondetur:
2923 2229 3125 2295 Corpus
3153 2226 3204 2279 in
3252 2234 3467 2288 terram,

1914 2326 1981 2378 de
2009 2339 2108 2393 qua
2141 2325 2332 2378 factum
2373 2332 2451 2378 cst
2485 2324 2709 2390 primum
2742 2318 2968 2373 hominis
2996 2333 3207 2387 corpus,
3236 2327 3290 2371 ct
3316 2317 3471 2383 apiri-

1915 2424 1998 2466 tus
2027 2413 2090 2466 ad
2121 2413 2306 2476 Deum,
2339 2427 2367 2465 a
2397 2427 2500 2480 quo
2532 2412 2662 2465 facta
2693 2410 2859 2479 prima
2883 2409 3109 2463 hominis
3137 2407 3331 2460 anima.
3359 2406 3470 2459 Sic-

1915 2509 1973 2555 ut
1993 2502 2131 2554 cnim
2171 2510 2406 2555 nostrum
2429 2515 2641 2569 corpus,
2679 2499 2936 2568 inquiunt,
2959 2500 3198 2567 quamvis
3215 2511 3280 2550 ex
3300 2497 3472 2563 primo

1916 2591 2008 2646 illo
2034 2605 2260 2660 corpore
2281 2599 2624 2659 propagatum
2655 2591 2743 2654 sit,
2763 2603 2829 2642 eo
2856 2597 3026 2640 tamen
3057 2585 3193 2639 redit
3222 2583 3362 2637 unde
3390 2584 3470 2650 ip-

1913 2697 2027 2735 sum
2053 2683 2277 2750 primum
2300 2695 2490 2750 corpus
2521 2679 2762 2734 effectum
2794 2687 2896 2741 est,
2937 2679 3014 2731 sic
3053 2679 3225 2729 anima
3261 2684 3464 2736 nostra,

1911 2769 2158 2838 quamvis
2187 2784 2251 2824 ex
2300 2768 2388 2822 illa
2421 2768 2596 2821 anima
2628 2775 2932 2835 prepagata,
2964 2781 3066 2819 non
3121 2764 3184 2816 ad
3229 2762 3446 2816 nihilum

1914 2861 2036 2930 quia
2067 2860 2384 2914 immortalis
2411 2868 2513 2920 est,
2558 2858 2648 2911 sed
2696 2858 2758 2909 ad
2785 2857 2932 2910 illum
2982 2855 3116 2908 redit
3143 2867 3171 2904 a
3215 2866 3318 2920 quo
3361 2851 3475 2934 ipsa

1917 2954 2086 3022 prima
2113 2953 2285 3005 anima
2320 2951 2453 3004 facta
2478 2959 2588 3013 est;
2609 2963 2692 3002 'ac
2732 2963 2839 3016 per-
2868 2949 2966 3000 hoc
3018 2946 3142 2998 illud
3165 2941 3322 3011 'quoti
3346 2937 3476 2994 διξιιιί

1918 3050 2062 3108 ptum
2093 3050 2175 3095 cst
2201 3042 2270 3096 de
2297 3039 2486 3107 spiritu
2513 3036 3021 3106 cujusqueh‘ominis
3043 3034 3186 3102 quod
3209 3032 3390 3083 redeat
3409 3030 3473 3080 ad

239 3123 478 3190 Propter
503 3137 777 3192 peccatum
826 3126 1090 3180 modicum
1122 3127 1244 3195 quid
1276 3127 1584 3181 contristari
1616 3128 1812 3182 illum?
1839 3135 1883 3196 C
1916 3133 2079 3185 Deum
2109 3132 2193 3200 qui
2221 3132 2360 3184 dedit
2389 3146 2530 3196 cum,
2556 3143 2658 3181 non
2682 3127 2836 3180 solvit
2863 3126 3013 3181 istam
3044 3120 3473 3176 obscurissimam

240 3213 296 3264 id
327 3222 436 3278 est,
465 3216 636 3282 ipsunt
672 3216 874 3282 ﬂatum,
903 3225 959 3270 et
999 3226 1212 3283 extera,
1243 3232 1359 3286 qtne
1402 3216 1501 3270 nisi
1531 3218 1595 3271 de
1638 3218 1813 3272 anima

243 3301 489 3355 humana
512 3303 732 3373 intelligi
773 3313 1060 3373 nequeunt.
1105 3306 1160 3358 In
1193 3307 1290 3359 hac
1333 3305 1482 3358 enim
1521 3307 1816 3374 quaestione

243 3396 487 3449 maxime
510 3383 805 3451 cavendum
835 3407 917 3452 est
944 3413 1010 3451 ne
1032 3398 1221 3455 anima:
1249 3412 1351 3451 non
1380 3413 1406 3449 a
1434 3398 1541 3452 Deo
1566 3399 1697 3452 facta
1726 3416 1818 3452 na-

242 3493 396 3550 tura,
431 3484 522 3540 sed
553 3486 714 3554 ipsius
747 3486 837 3545 Dei
880 3488 1193 3550 substantia,
1223 3496 1471 3555 tanquam
1519 3488 1818 3556 unigenitus

247 3574 446 3641 Filius,
463 3575 602 3642 quod
617 3584 705 3629 est
727 3574 951 3630 Verbum
968 3577 1103 3645 ejus,
1124 3586 1212 3629 aut
1233 3577 1404 3644 aliqua
1428 3576 1543 3644 ejus
1565 3577 1815 3644 particula

245 3683 374 3722 esse
395 3668 671 3729 credatur;
704 3677 948 3738 tanquam
980 3669 1065 3722 illa
1109 3678 1295 3722 natura
1315 3678 1469 3736 atque
1500 3668 1813 3743 substantia,

246 3773 355 3827 qua
390 3758 530 3811 Deus
559 3767 658 3824 est,
706 3759 1094 3812 commutabilis
1134 3773 1254 3812 esse
1296 3759 1482 3826 possit,
1514 3757 1651 3826 quod
1698 3769 1818 3812 esse

249 3849 490 3901 animam
514 3861 666 3902 nemo
691 3863 792 3900 non
822 3847 1001 3911 sentit,
1025 3848 1112 3915 qui
1140 3862 1200 3900 se
1227 3847 1421 3900 habere
1443 3847 1670 3899 animam
1694 3861 1815 3900 sen-

249 3938 336 3989 tit.
374 3936 504 3989 Nam
536 3938 672 4004 quod
700 3938 890 3989 attinet
916 3936 983 3989 ad
1006 3937 1120 4002 ejus
1143 3935 1424 4002 originem,
1454 3950 1553 4004 qua
1586 3935 1640 3988 tit
1672 3945 1726 3986 nt
1748 3935 1818 3987 sit

251 4026 305 4079 in
328 4041 582 4094 corpore,
617 4036 790 4079 utrum
820 4025 885 4078 de
914 4026 1001 4078 illo
1029 4040 1133 4078 uno
1162 4027 1228 4078 sit
1252 4025 1338 4093 qui
1364 4026 1585 4092 primum
1607 4034 1817 4078 creatus

251 4129 360 4181 est,
389 4119 602 4185 quando
633 4118 801 4171 factus
830 4126 912 4169 est
952 4118 1109 4169 homo
1147 4116 1198 4170 in
1239 4119 1466 4169 animam
1511 4118 1702 4181 vivam,
1751 4133 1816 4170 an

250 4208 505 4260 similiter
536 4207 1167 4275 fiantsingulissingulae,
1221 4222 1318 4261 nec
1369 4217 1491 4260 tunc
1539 4209 1788 4270 sciebam,

250 4312 353 4349 tier.
383 4297 555 4349 adhuc.
584 4301 713 4350 Scio.

322 4387 438 4439 Non
463 4389 876 4442 erubescendum
909 4399 986 4441 est
1017 4389 1212 4441 homini
1255 4389 1496 4442 confiteri
1527 4403 1582 4441 se
1612 4388 1816 4440 nescire

1917 3225 2282 3290 quaestionem,
2308 3221 2429 3288 quia
2451 3221 2562 3272 sive
2583 3233 2648 3271 ex
2678 3218 2767 3269 illo
2791 3229 2919 3279 uno,
2944 3214 3056 3268 sive
3081 3227 3144 3266 ex
3177 3210 3320 3262 nullo
3348 3207 3497 3271 alio,-

1917 3308 2057 3364 Deus
2090 3310 2268 3377 utique
2308 3309 2453 3362 dedit
2481 3321 2621 3360 cuin.
2653 3305 2889 3372 itemque
2913 3303 2985 3356 illi
3015 3302 3104 3370 qui
3136 3299 3503 3368 propaginem-

1917 3403 2208 3454 animarum
2242 3399 2630 3453 inconsiderata
2663 3399 2957 3450 temeritate
2995 3391 3301 3453 defendunt,
3336 3391 3468 3447 inter

1925 3495 2024 3546 alia
2052 3492 2349 3546 testimonia
2365 3504 2484 3557 qua:
2524 3502 2631 3540 sum
2653 3502 2824 3541 caus:e
2845 3483 3113 3550 suifragari
3136 3480 3473 3542 arbitrantur,

1920 3583 2117 3636 nullum
2137 3582 2280 3649 quasi
2312 3579 2637 3633 manifestius
2656 3585 2708 3630 et
2730 3577 3034 3644 expressius
3059 3587 3150 3640 pro
3171 3586 3228 3624 se
3254 3580 3473 3636 possunt

1920 3681 2105 3741 putare
2159 3669 2550 3738 proferendum,
2583 3681 2736 3734 quant
2783 3665 2833 3718 id
2866 3663 3000 3731 quod
3031 3664 3080 3715 in
3110 3660 3302 3715 Genesi
3347 3657 3475 3709 scri-

1921 3772 2064 3830 ptum
2113 3771 2235 3814 est:
2280 3761 2476 3814 Omnes
2530 3765 2702 3810 autem
2758 3756 2948 3808 animzc
3002 3768 3118 3821 quas
3165 3749 3478 3804 introierunt

1922 3867 2039 3905 cum
2075 3850 2239 3904 Iacob
2270 3851 2322 3902 in
2363 3849 2671 3916 Aigyptum,
2705 3847 2790 3914 qui
2821 3845 3059 3897 exierunt
3088 3842 3153 3894 de
3185 3839 3475 3893 femoribus

1919 3943 2064 4008 ejus;
2097 3941 2196 3994 hoc
2221 3941 2360 3993 enim
2413 3939 2555 3991 velut
2599 3936 2995 3991 eviilcntis~imo
3021 3930 3324 3985 testimonio
3354 3943 3475 3995 po~-

1921 4043 2044 4084 sunt
2074 4032 2217 4084 credi
2249 4030 2440 4082 anima:
2469 4029 2518 4080 in
2557 4027 2690 4080 filios
2731 4040 2793 4077 ex
2830 4023 3132 4091 parentibus
3177 4017 3472 4086 propagari,

1920 4124 2166 4190 quoniam
2213 4121 2342 4174 satis
2373 4127 2553 4187 aperte
2592 4117 2787 4170 dictum
2820 4116 3023 4166 videtur
3062 4112 3264 4163 animas
3313 4107 3473 4160 etiam

1918 4211 1986 4265 de
2005 4211 2290 4264 femoribus
2311 4209 2491 4268 Jacob,
2514 4222 2614 4260 non
2631 4208 2739 4260 sola
2756 4207 2949 4257 cxiisse
2966 4216 3184 4269 corpora
3210 4200 3464 4256 (litorum;

1923 4309 1978 4353 ιιι
2008 4313 2072 4352 eo
2105 4300 2260 4352 modo
2287 4300 2445 4350 ctiatn
2471 4297 2597 4350 illud
2629 4295 2850 4362 intelligi
2879 4293 3045 4344 velint
3069 4306 3095 4341 a
3121 4299 3265 4358 parte
3284 4297 3471 4348 totum,

1921 4389 2058 4457 quod
2086 4387 2427 4450 dixit'Adam,
2461 4402 2580 4440 cum
2611 4384 2683 4438 illi
2717 4385 2904 4436 mulier
2934 4382 3048 4448 ejus
3076 4379 3472 4432 ostenderetur:

253 4477 395 4543 quod
430 4477 613 4539 nescit,
659 4493 745 4541 ne,
792 4479 914 4528 dum
959 4493 1016 4529 se
1064 4479 1200 4530 scire
1250 4481 1521 4543 mentitur,
1556 4495 1818 4546 nunquam
1852 4485 1900 4544 Ι)
1928 4479 2033 4531 lloc
2065 4493 2202 4531 nunc
2232 4492 2292 4531 os
2321 4493 2386 4530 es
2408 4476 2617 4529 ossibus
2642 4473 2792 4535 meis,
2823 4482 2875 4525 et
2897 4485 3022 4522 caro
3041 4468 3108 4521 de
3136 4481 3293 4520 carne
3318 4480 3431 4518 mea
3459 4484 3472 4519 :

253 4568 403 4619 scire
431 4577 716 4620 mereatur.
744 4569 872 4632 Quis
904 4577 1078 4620 autem
1107 4579 1261 4633 negat
1290 4585 1394 4622 non
1411 4572 1563 4623 unius
1593 4580 1815 4634 tantum,

253 4654 344 4708 sed
378 4655 550 4708 omnis
585 4657 772 4707 attimze
803 4668 1094 4709 creatorem
1126 4667 1284 4724 atque
1331 4657 1580 4709 faetorem
1631 4658 1815 4724 Deum,

253 4746 351 4796 nisi
387 4745 472 4810 qui
519 4745 632 4810 ejus
674 4746 894 4810 equuiis
938 4746 1270 4812 apertissime
1323 4749 1661 4811 refragatur?
1694 4751 1818 4801 Siue

251 4835 358 4886 ulla
395 4835 591 4901 quippe
615 4836 953 4902 ambiguitate
990 4838 1137 4905 101
1171 4853 1262 4903 per
1295 4840 1597 4904 prophetam
1647 4839 1811 4891 dicit:

253 4919 477 4975 Omnem
506 4924 683 4975 flatum
712 4941 806 4991 ego
838 4925 956 4983 feci.
986 4928 1187 4978 animas
1212 4928 1258 4979 vi
1284 4929 1452 4979 lelicet
1475 4929 1688 4996 intelligi
1731 4944 1818 4982 ro-

256 5009 394 5075 lens,
421 5014 558 5078 quod
584 5015 741 5066 verba
774 5016 1148 5082 consequentia
1179 5017 1544 5070 tn-utifcstant:
1579 5035 1679 5071 non
1709 5021 1778 5072 ttli
1800 5051 1814 5061 ~

255 5116 358 5167 quc
388 5118 547 5155 unum
578 5118 731 5169 quem
762 5105 897 5158 facto
927 5121 987 5158 ex
1015 5116 1151 5158 terra
1183 5107 1376 5158 homini
1404 5109 1570 5173 primo
1591 5109 1811 5174 inspira-

256 5203 350 5258 vu,
386 5193 477 5246 sed
516 5209 729 5246 omnem
765 5195 941 5247 flatum
983 5197 1094 5263 ipse
1123 5196 1264 5258 fecit,
1301 5197 1411 5263 ipse
1457 5199 1628 5249 adhuc
1671 5199 1811 5254 facit.

257 5283 520 5346 Qumritttr
538 5293 710 5335 tamen
735 5293 906 5335 tttrum
926 5299 1134 5337 omnem
1152 5287 1325 5337 flatum
1346 5300 1406 5337 ex
1434 5301 1537 5336 uno
1561 5287 1646 5337 illo
1669 5287 1810 5348 flatu,

261 5372 398 5424 sicut
421 5387 579 5424 omne
599 5387 789 5438 corpus
813 5373 1039 5425 hominis
1057 5389 1118 5426 es
1145 5374 1232 5425 illo
1257 5387 1359 5425 uno
1381 5389 1602 5441 corpore
1630 5374 1811 5437 faciat;

262 5475 328 5514 an
358 5477 486 5514 vero
517 5477 648 5514 nova
679 5462 888 5527 quidem
920 5477 1140 5527 corpora
1172 5463 1329 5514 faciat
1356 5477 1415 5515 ex
1444 5479 1570 5526 uno,
1615 5466 1815 5515 annuas

269 5567 438 5607 autem
471 5569 635 5607 novas
664 5570 724 5607 cs
759 5556 945 5607 nihilo.
992 5556 1119 5618 Quis
1149 5555 1289 5606 enim
1316 5568 1542 5621 congrua
1572 5556 1680 5606 suis
1711 5554 1816 5606 ori—

268 5645 473 5710 giuibus
516 5659 706 5715 genera
733 5660 908 5700 rerum
936 5646 1097 5700 etiam
1137 5644 1202 5698 dc
1229 5644 1513 5700 seminibus
1549 5646 1687 5710 facit,
1717 5645 1814 5699 nisi

1924 4584 2025 4621 non
2049 4569 2188 4622 enim
2212 4568 2373 4621 dixit:
2405 4577 2456 4619 et
2479 4567 2653 4618 anima
2683 4565 2749 4618 de
2780 4564 2953 4616 anima
2985 4575 3116 4614 mea.
3142 4560 3242 4612 Sed
3279 4560 3346 4609 ita
3379 4574 3471 4625 po-

1923 4668 2022 4711 te~t
2055 4660 2163 4710 fieri
2194 4667 2249 4709 ut
2287 4673 2446 4709 carne
2479 4655 2744 4708 nominata
2795 4663 3071 4719 utrumque
3119 4649 3470 4715 intelligatur:

1921 4751 2055 4801 sient
2093 4750 2176 4800 hic
2210 4748 2414 4800 animas
2450 4748 2759 4806 nominavit,
2788 4753 2839 4798 et
2870 4754 3042 4796 tamen
3071 4741 3228 4794 etiam
3252 4754 3468 4802 corpora

1922 4839 1971 4890 itt
2013 4839 2132 4889 filiis
2161 4837 2378 4903 intelligi
2430 4836 2617 4888 voluit.
2649 4836 2750 4889 Sed
2802 4835 2899 4886 hoc
2933 4831 3283 4884 testimonium
3330 4841 3472 4881 certe

1921 4928 2069 4995 quasi
2103 4938 2206 4980 tam
2239 4927 2437 4980 clarum
2479 4935 2634 4994 atque
2665 4926 2996 4978 manifestum
3023 4922 3326 4976 enodandm
3353 4921 3471 4971 huic

1922 5016 2196 5084 qumstioni
2227 5031 2328 5068 non
2363 5015 2555 5067 sufficit
2590 5029 2724 5067 :nec
2771 5015 2814 5066 si
2864 5015 2930 5066 ita
2977 5014 3232 5078 legeretur
3281 5025 3472 5077 genere

1924 5107 2171 5159 feminino
2205 5124 2215 5156 :
2249 5121 2363 5174 quze
2394 5107 2637 5160 exierunt
2665 5105 2730 5157 de
2784 5103 3065 5156 femoribus
3106 5100 3240 5167 ejus.
3269 5112 3320 5151 ut
3361 5102 3472 5151 ani-

1923 5210 2033 5248 nias
2062 5195 2477 5261 intelligeremus
2513 5210 2630 5262 qua:
2676 5193 2949 5252 exierunt;
2981 5191 3098 5242 ideo
3144 5199 3317 5242 autem
3369 5206 3468 5241 non

1920 5285 2201 5357 sufficeret,
2248 5285 2495 5351 quoniam
2528 5295 2580 5336 ct
2618 5286 2804 5334 anima:
2834 5280 3044 5333 nomine
3084 5295 3273 5345 corpus
3301 5279 3467 5330 solum

1923 5388 2075 5440 posse
2101 5373 2383 5442 significari
2420 5375 2575 5426 modo
2601 5372 2824 5441 quodam
2851 5371 3129 5423 locutionis
3157 5370 3466 5430 ostenditur,

1923 5479 2024 5530 quo
2038 5464 2332 5531 significatu
2344 5485 2384 5528 r,
2403 5480 2491 5530 per
2505 5464 2555 5515 id
2571 5464 2704 5530 quod
2719 5463 3035 5523 cbntinetur,
3054 5461 3176 5512 illttd
3193 5461 3332 5527 quod
3348 5475 3468 5511 cono

1923 5556 2080 5617 tinet;
2112 5555 2244 5606 sicut
2273 5557 2344 5607 ait
2373 5557 2616 5620 quidam:
2648 5551 2775 5604 Vina
2811 5561 3083 5609 coronant,
3107 5565 3226 5602 cum
3249 5565 3469 5601 cornua-

1921 5657 2092 5702 t‘cntm
2125 5663 2245 5702 vasa
2265 5649 2481 5714 vinaria;
2513 5650 2684 5702 vinum
2709 5649 2844 5702 cnim
2872 5647 3061 5700 COIIED'
3087 5654 3188 5704 tur,
3208 5657 3294 5696 vas
3308 5642 3475 5694 conti—
