3874 6226
470 300 599 353 1075

1532 299 1594 351 ι).
1638 292 1949 352 suavi-ru
1990 291 2274 349 ABMTIS
2314 297 2347 348 Α
2411 270 2642 366 mm

3550 315 3659 370 l076

461 427 574 471 net.
600 419 750 476 Sicut
777 438 902 493 ergo
931 425 1258 492 appellamus
1303 436 1397 475 eec
1465 422 1594 474 riam
1618 419 1890 474 basilicam
1923 433 2024 486 qua
2053 410 2104 471 Δ
2130 412 2210 467 lus
2236 412 2305 467 de
2323 409 2498 482 εθίιιεη
2514 393 2762 488 dubitate
2793 435 2895 480 non
2917 422 3120 480 dubitet
3150 433 3327 478 utrum
3377 427 3425 479 in
3461 441 3656 497 corpore

465 510 769 566 continetur
799 516 1040 582 populus,
1066 516 1156 582 qui
1202 528 1326 569 vere
1362 525 1430 581 ap
1455 514 1664 568 scllatur
1686 512 1943 578 Ecclesia,
1968 521 2022 564 ut

469 601 681 655 nomine
709 603 981 670 Ecclesia),
1007 605 1058 661 id
1076 615 1179 672 est,
1202 619 1358 675 popu.
1406 607 1500 676 qni
1518 606 1841 668 continetur.
1859 604 2023 670 εῑεηίο

471 688 685 747 litemus
740 694 911 751 locum
957 697 1048 766 qui
1079 701 1351 763 continet;
1386 696 1459 760 ita
1504 697 1642 765 quod
1690 698 1879 752 anima
1905 709 2025 762 βοΐ·

468 782 683 850 poribus
705 788 1068 854 nominentur,
1116 789 1335 857 intelligi
1383 802 1606 857 corpora
1652 786 1880 841 filiorum
1930 801 2026 856 per

464 878 764 943 neminatas
791 879 993 936 animas
1015 890 1266 947 possunt:
1289 881 1366 933 sic
1384 879 1524 933 enim
1552 879 1743 934 melius
1767 878 2025 947 accipitur

463 963 624 1031 etiam
649 967 774 1034 illud
789 970 930 1039 quod
954 972 1032 1025 lex
1057 969 1318 1037 inquinari
1334 969 1465 1027 dicit
1479 984 1600 1023 eum
1631 970 1722 1036 qui
1750 969 2027 1028 intraverit

466 1069 628 1124 super
653 1058 880 1119 animam
909 1068 1192 1123 mortuam,
1226 1059 1329 1115 hoc
1347 1070 1428 1115 est
1448 1074 1610 1127 super
1651 1061 1891 1117 defuncti
1934 1075 2026 1115 ca—

468 1144 627 1198 tlaver
650 1162 664 1208 ;
690 1157 746 1198 ut
775 1149 989 1208 nomine
1025 1149 1217 1216 anima:
1258 1159 1486 1211 mortuae
1521 1161 1789 1219 mortuum
1815 1165 2026 1220 corpus

468 1233 807 1303 intelligatur,
834 1239 974 1306 quod
992 1239 1222 1298 animam
1245 1240 1549 1305 continebat
1572 1257 1586 1295 :
1616 1242 1738 1308 quia
1760 1252 1814 1296 et
1833 1241 2027 1295 absen-

468 1332 519 1378 te
543 1325 756 1393 populo,
787 1328 839 1383 id
858 1338 942 1384 est
975 1330 1233 1391 Ecclesia.
1260 1332 1408 1386 locus
1436 1339 1613 1392 tamen
1646 1332 1735 1387 ille
1766 1331 2025 1386 nihilomi-

465 1425 564 1465 uus
589 1415 816 1475 ecclesia
840 1433 1190 1491 nuncupatur.
1219 1421 1343 1477 ll:ec
1369 1423 1840 1491 responderentur.
1871 1422 1942 1488 si,
1969 1434 2028 1483 ut

462 1501 613 1569 disi,
674 1505 928 1563 feminino
980 1524 1180 1578 genere
1225 1512 1454 1580 positum
1498 1520 1661 1578 esset,
1710 1527 1829 1581 qua:
1882 1512 2028 1570 exie-

464 1601 588 1647 runt
606 1594 673 1649 de
703 1596 987 1656 femoribus
1017 1599 1204 1665 Jacob,
1232 1600 1284 1653 id
1324 1610 1426 1666 est,
1477 1615 1596 1669 quae
1621 1601 1812 1656 anima:
1838 1619 1853 1667 ;
1884 1617 2026 1660 nunc

466 1695 592 1736 vero
618 1697 738 1757 eum
765 1687 1111 1746 masculinum
1140 1704 1308 1757 genus
1344 1691 1414 1744 sit
1444 1690 1698 1757 positum.
1723 1691 1773 1745 id
1800 1702 1901 1755 est,
1934 1693 2024 1759 qui

2108 517 2192 580 an
2219 514 2366 560 estra
2395 520 2592 574 corpus
2618 503 2796 580 raptus
2840 515 2908 566 sit
2951 516 3004 568 in
3046 519 3260 570 tertium
3292 521 3481 573 malum
3514 539 3525 572 :
3551 523 3655 580 Sive

2127 594 2250 661 hoc,
2303 597 2417 650 sive
2468 599 2615 664 illud,
2670 605 2872 669 nescio,
2942 607 3133 678 inquit,
3199 609 3340 664 Deus
3385 612 3501 666 scit.
3542 615 3652 667 Cum

2124 698 2252 751 ergo
2302 685 2451 751 milii,
2508 691 2737 757 quaodiu
2791 697 2994 765 nescio,
3060 698 3308 756 dubitare
3365 716 3467 756 non
3517 703 3656 762 liccat

2124 783 2300 827 utrum
2345 776 2518 828 anima
2555 793 2671 832 mea
2711 780 2763 833 in
2801 782 2952 836 istam
2992 785 3152 842 vitam
3193 803 3262 841 es
3298 792 3570 859 propagine
3595 808 3651 847 as

2131 864 2284 936 102
2304 863 2417 919 sine
2443 868 2726 938 propagine
2747 872 2968 934 venerit.
3002 888 3121 927 cunt
3149 891 3268 928 eam
3299 881 3535 934 utrolibet
3555 899 3649 934 tuo.

2124 950 2195 1005 du
2220 966 2250 1005 a
2277 968 2484 1010 summo
2510 967 2564 1025 et
2614 974 2738 1013 vero
2767 959 2878 1014 Deo
2906 965 3095 1018 iactam
3123 979 3248 1020 esse
3273 983 3379 1023 non
3404 969 3654 1026 dubitent?

2126 1056 2220 1095 cur
2243 1044 2371 1096 mihi
2395 1060 2498 1099 non
2527 1047 2598 1104 sit
2628 1049 2703 1100 fas
2732 1048 2932 1114 dicere.
2973 1054 3089 1107 seio
3109 1055 3341 1111 animam
3394 1073 3550 1113 meatu
3597 1074 3652 1114 Cl

2125 1147 2287 1201 opere
2316 1133 2406 1187 Dei
2433 1135 2742 1204 subsistere,
2773 1149 2828 1191 et
2854 1156 3072 1207 prorsus
3098 1158 3233 1214 opus
3287 1145 3378 1200 Dei
3405 1163 3535 1211 esse,
3558 1165 3652 1206 sive

2126 1237 2190 1277 ex
2248 1224 2568 1304 propagine,
2614 1227 2754 1281 sicut
2801 1244 3024 1297 corpus,
3069 1234 3182 1288 sive
3238 1246 3389 1301 extra
3443 1243 3653 1307 propagi-

2129 1327 2248 1365 nem
2277 1301 2526 1368 sicutiilla
2571 1331 2690 1386 quae
2728 1321 2898 1386 primo
2927 1323 3123 1376 bomini
3163 1323 3287 1377 data
3331 1337 3433 1391 est,
3479 1333 3652 1396 nescio.

2131 1403 2269 1459 Deus
2315 1404 2452 1460 scit!
2502 1406 2683 1462 Utrum
2714 1409 2900 1465 borum
2942 1412 3023 1466 vis
3076 1423 3132 1468 ut
3183 1416 3526 1472 confirmem:
3555 1435 3654 1488 pos-

2129 1506 2264 1558 sem,
2293 1494 2338 1548 si
2372 1509 2605 1557 nossem.
2635 1500 2785 1566 Quod
2838 1502 2885 1556 si
2938 1505 3050 1571 ipse
3104 1506 3264 1571 nosti,
3314 1523 3381 1560 eo
3410 1509 3562 1564 babes
3586 1527 3654 1565 me

2128 1585 2450 1652 cupidiorem
2483 1589 2689 1645 discere
2717 1593 2859 1661 quod
2889 1597 3088 1660 nescio,
3119 1612 3279 1666 quam
3307 1601 3494 1667 dooere
3535 1604 3658 1668 quod

2130 1676 2276 1742 scio;
2318 1680 2364 1732 si
2405 1689 2578 1742 autem
2626 1684 2798 1738 nescis
2842 1685 2979 1740 sicut
3026 1703 3147 1757 ego,
3177 1706 3269 1744 ora
3301 1692 3440 1744 sicut
3466 1701 3511 1746 et
3553 1708 3653 1762 ego.

464 1751 707 1830 exierunt
731 1775 799 1830 tle
829 1776 1120 1835 femoribus
1141 1751 1325 1846 lacob,
1355 1751 1476 1851 quis
1496 1794 1602 1834 non
1627 1781 1701 1834 ita
1723 1751 2019 1851 intelligere

2130 1776 2186 1819 ut
2228 1767 2344 1823 sive
2383 1783 2477 1835 per
2502 1773 2790 1838 quemlibet
2839 1789 3049 1830 servum
3090 1792 3268 1839 suum.
3323 1784 3435 1833 sive
3463 1795 3548 1848 per
3581 1796 3652 1834 se-

464 1863 650 1919 malit:
675 1881 861 1921 omnes
890 1870 1081 1924 anima:
1102 1884 1288 1924 eorum
1316 1872 1406 1938 qui
1435 1873 1678 1930 exierunt
1699 1889 1762 1927 es
1811 1875 2028 1931 femori-

464 1954 560 2009 bus
580 1956 714 2025 ejus,
745 1957 795 2014 id
824 1968 924 2025 est,
948 1962 1139 2028 anima:
1170 1961 1473 2019 hominum:
1501 1973 1557 2016 ut
1580 1965 1741 2019 etiam
1771 1966 1850 2021 sic
1902 1981 2029 2034 ροσε

462 2043 569 2100 sint
595 2046 816 2122 intelligi
844 2049 1136 2105 secundum
1190 2065 1385 2120 corpus
1421 2054 1806 2126 tantummodo
1846 2057 2024 2115 exisse

464 2133 703 2202 homines
743 2137 810 2192 de
848 2138 1133 2194 femoribus
1193 2140 1383 2207 Patris,
1427 2158 1652 2210 qtmrutn
1719 2153 1874 2200 erant
1915 2146 2026 2203 illa:

459 2222 649 2278 animo
706 2240 801 2297 per
842 2243 1061 2298 quarum
1090 2243 1369 2285 munerum
1399 2231 1764 2300 intelliguntur
1807 2243 1882 2287 tot
1929 2235 2024 2293 lto-

460 2320 670 2384 mines?
715 2320 772 2378 Si
811 2337 938 2394 ergo
970 2326 1038 2382 ita
1081 2335 1231 2392 potes
1276 2326 1573 2381 animarum
1622 2341 1865 2392 asserere
1908 2331 2026 2383 sine

461 2411 568 2477 ulla
595 2415 879 2485 propagine
909 2417 1217 2477 novitatem.
1260 2425 1321 2472 ut
1348 2418 1555 2472 ratione
1579 2418 1719 2486 iusta
1777 2429 1832 2475 et
1858 2434 1889 2472 a
1922 2420 2024 2476 fide

458 2502 721 2559 catholica
746 2520 851 2559 non
868 2506 1062 2570 aliena.
1084 2508 1244 2562 etiam
1265 2509 1344 2561 sic
1372 2516 1588 2576 peccato
1615 2511 1769 2577 primi
1793 2510 2024 2566 hominis

463 2594 811 2660 ostendantur
835 2597 1097 2660 obnoxiae.
1116 2610 1294 2653 assere
1313 2598 1454 2667 quod
1467 2599 1658 2662 sentis,
1680 2609 1736 2652 ut
1762 2610 1945 2667 potes;
1975 2603 2020 2654 si

459 2688 639 2739 autem
651 2700 753 2740 non
765 2701 858 2740 eas
868 2687 1021 2742 aliter
1032 2698 1180 2757 potes
1192 2702 1222 2743 a
1238 2690 1580 2760 propagation
1600 2691 2022 2758 -faeerealienss,

459 2772 559 2827 nisi
589 2781 645 2827 ut
670 2775 826 2830 simul
849 2775 1009 2830 facias
1049 2777 1117 2830 ab
1143 2780 1287 2831 omni
1333 2779 1534 2845 peccati
1561 2779 1774 2842 vinculo
1800 2777 2015 2844 liberas,

456 2863 645 2926 cohibe
671 2876 722 2919 te
740 2866 808 2918 ab
837 2865 1134 2937 lmjusmodi
1155 2867 1512 2935 disputatione
1533 2862 1880 2925 omnimodo:
1913 2887 2016 2925 non

458 2964 544 3010 est
561 2955 702 3011 enim
735 2958 861 3013 falsa
881 2958 1039 3014 etiam
1061 2960 1111 3011 in
1137 2960 1469 3027 parvulorum
1494 2959 1807 3027 baptismate
1832 2962 2018 3014 remis-

459 3046 539 3098 sio
565 3055 925 3113 peccatnrtnn,
960 3063 1057 3102 nec
1078 3049 1402 3104 vcrbotenus
1421 3050 1634 3115 dicitur,
1689 3051 1784 3105 sed
1816 3048 2016 3105 veraci-
2062 3103 2087 3126 η
2121 3046 2357 3102 ιειπιιιοη
2384 3051 2503 3106 τιιιω
2533 3046 2685 3092 Pal"
2716 3046 2886 3104 Ρυειιίι
2933 3046 2995 3106 ill.
3013 3057 3108 3096 81³³
3148 3054 3428 3109 Ροιθδιειο·
3458 3047 3552 3110 0υῆ

459 3143 536 3188 ter
553 3135 747 3192 utitur.
781 3136 840 3190 Ut
868 3147 1044 3191 autem
1064 3148 1117 3192 et
1138 3152 1168 3190 a
1192 3153 1277 3192 me
1304 3149 1390 3192 tua
1418 3140 1635 3192 dilectio
1660 3140 1728 3192 de
1755 3142 1852 3192 bac
1875 3157 2017 3192 ιιιιτιι-
2040 3107 2088 3168 ί·
2121 3143 2172 3187 et
2203 3134 2301 3187 hoc
2348 3134 2468 3192 scit.
2497 3149 2600 3188 non
2627 3149 2748 3189 esse
2793 3145 3037 3192 nostrum
3089 3137 3249 3192 scire.
3299 3141 3388 3192 oui
3441 3139 3552 3192 ιιτοῦ

2121 3142 2301 3187 ethoc
2348 3142 2468 3198 scit,
2497 3149 2600 3188 non
2627 3149 2748 3189 esse
2793 3145 3037 3196 nostrum
3089 3142 3249 3200 scire.
3299 3142 3388 3208 qui
3441 3142 3655 3207 profecto.

458 3143 536 3210 ter
553 3135 747 3203 agitur.
781 3136 840 3190 Ut
868 3147 1044 3191 autem
1064 3148 1117 3192 et
1138 3152 1168 3204 a
1192 3153 1277 3193 me
1304 3149 1390 3192 tua
1418 3140 1635 3194 dilectio
1660 3140 1728 3193 de
1755 3142 1852 3195 bac
1875 3157 2017 3206 quze-

458 3223 631 3277 stinile
655 3225 851 3294 aliquid
887 3225 1068 3280 audiat
1092 3227 1388 3294 definitum,
1423 3243 1526 3282 non
1559 3230 1705 3296 parvi
1743 3231 2014 3284 a-SIitnan-

455 3311 604 3376 dum,
635 3313 741 3367 imo
771 3316 1035 3383 prmcipue
1068 3317 1427 3370 necessarium
1463 3327 1622 3386 atque
1663 3320 2013 3384 retinendum,

455 3404 855 3468 quomodulibet
883 3421 941 3459 se
965 3405 1113 3474 origo
1146 3408 1335 3462 habeat
1360 3409 1682 3475 animarum,
1703 3411 1815 3465 sive
1833 3427 1897 3464 ex
1930 3413 2015 3466 illa

456 3509 581 3561 una,
613 3496 723 3550 sive
763 3513 827 3551 es
858 3499 998 3551 nulla
1047 3499 1148 3552 alia
1179 3510 1555 3568 propagentur,
1588 3502 1896 3557 mediatoris
1939 3513 2018 3558 ta-

455 3600 578 3637 mett
610 3586 840 3639 animam
887 3589 1083 3642 nullum
1125 3603 1188 3642 es
1237 3591 1404 3645 Adam
1456 3593 1681 3647 traxisse
1721 3604 2014 3661 peccatum,

455 3672 696 3728 dubitare
719 3675 795 3727 fas
822 3691 923 3729 nou
950 3687 1051 3732 est.
1083 3677 1138 3731 Si
1166 3680 1305 3732 enim
1335 3679 1476 3733 nulla
1502 3693 1822 3750 prepagatur
1848 3700 1913 3739 ex
1937 3687 2014 3738 al-

458 3774 594 3828 tera,
633 3765 718 3820 ubi
747 3781 934 3821 oumcs
962 3777 1204 3822 tenentur
1248 3779 1527 3838 propagata
1586 3785 1748 3826 carne
1791 3777 2012 3838 peccati,

457 3865 652 3921 quanto
672 3857 845 3909 minus
865 3857 1184 3913 credendum
1207 3870 1282 3914 est
1306 3876 1369 3915 ex
1394 3863 1683 3930 propagine
1705 3867 2014 3932 pcccatricis

456 3946 683 3999 animam
712 3947 891 4000 venite
921 3962 1027 4001 non
1051 3949 1304 4016 potuisse,
1327 3950 1481 4018 cujus
1503 3965 1629 4005 caro
1649 3953 1793 4006 venit
1818 3969 1880 4008 es
1910 3955 2012 4008 vir-

456 4035 594 4103 gine.
614 4052 716 4091 non
733 4038 947 4090 libidine
971 4040 1352 4106 concopta,sed
1374 4041 1478 4095 fide
1499 4050 1555 4095 ut
1569 4053 1715 4097 esset
1740 4045 1792 4097 in
1823 4045 2013 4101 simili-

457 4128 639 4181 tudine
660 4130 831 4182 carnis
857 4131 1075 4195 peccati,
1101 4145 1205 4184 non
1231 4131 1282 4185 in
1303 4146 1462 4202 carne
1491 4135 1728 4200 peccati!
1755 4134 1808 4188 Si
1834 4146 2010 4192 autem

443 4212 674 4284 'peccato
701 4219 883 4283 primm
911 4220 1099 4272 anima:
1122 4221 1434 4286 peccatricis
1453 4222 1571 4276 ideo
1591 4234 1801 4289 czeterze
1823 4236 2012 4280 tenen-

455 4315 542 4361 tur
566 4307 833 4369 obnoxizn,
865 4308 949 4376 qui
983 4306 1144 4379 [quia]
1173 4325 1237 4362 cx
1271 4310 1357 4362 illa
1388 4320 1512 4364 sunt
1538 4322 1858 4381 propagata,
1890 4331 2009 4381 pro.

458 4398 594 4450 lecto
621 4397 708 4451 illa
729 4412 882 4465 quant
914 4398 1012 4452 sibi
1045 4399 1346 4468 unigenitus
1369 4401 1658 4467 co-tptavit,
1699 4411 1790 4454 aut
1819 4419 2006 4470 pecca-

2129 1856 2324 1923 ipsutu,
2355 1859 2606 1926 magister
2637 1863 2726 1916 ille
2767 1878 2866 1917 nos
2889 1864 3082 1920 doceat
3115 1868 3202 1936 qui
3250 1867 3386 1922 dixit
3412 1870 3660 1938 discipulis

2127 1949 2238 2002 suis
2264 1967 2275 2000 :
2309 1949 2383 2003 Ne
2414 1951 2583 2006 velitis
2608 1953 2716 2009 dici
2751 1955 2818 2008 ab
2855 1956 3156 2012 hominibus
3186 1957 3392 2025 Rabbi;
3423 1975 3549 2014 unus
3585 1972 3648 2015 est

2127 2038 2267 2091 enim
2284 2038 2526 2106 Magister
2540 2043 2981 2108 vester.Cltristus
2999 2065 3014 2114 ;
3030 2049 3071 2102 si
3094 2059 3272 2105 tamen
3304 2054 3409 2108 scit
3433 2055 3656 2122 expedire

2119 2127 2284 2193 nobis
2323 2139 2380 2182 ut
2405 2131 2565 2186 etiam
2614 2133 2735 2186 talia
2763 2136 3088 2205 novet-imus,
3108 2141 3198 2207 qui
3219 2144 3372 2196 novit
3387 2158 3486 2196 non
3507 2145 3650 2197 solum

2125 2219 2250 2284 quid
2272 2219 2483 2283 doceat,
2513 2236 2696 2277 verum
2727 2225 2885 2280 etiam
2928 2227 3059 2297 quid
3086 2229 3238 2284 nobis
3269 2231 3473 2286 discere
3514 2247 3648 2301 cxpe-

2125 2307 2254 2360 diat.
2285 2307 2416 2361 Nam
2435 2310 2694 2368 confiteor
2716 2313 2981 2370 dilectioni
3001 2329 3101 2375 tua:
3117 2320 3454 2388 cupiditatem
3474 2338 3646 2376 meam;

2125 2399 2282 2466 cupio
2307 2401 2520 2470 quidem
2551 2414 2604 2458 et
2635 2404 2736 2458 hoc
2755 2409 2893 2461 seire
2944 2411 3085 2477 quod
3120 2414 3353 2479 quouis;
3381 2415 3470 2466 sed
3511 2413 3654 2466 multo

2125 2493 2293 2561 magis
2322 2507 2572 2566 cuperem
2601 2497 2763 2563 scire,
2812 2501 2856 2551 si
2890 2497 3004 2555 ﬁeri
3053 2511 3252 2568 posset.
3305 2505 3506 2572 quando
3539 2520 3646 2572 pr:-

2123 2590 2362 2635 sentetur
2388 2582 2716 2644 desideratus
2757 2589 3004 2643 omnibus
3049 2592 3325 2659 gentibus,
3375 2602 3428 2646 et
3463 2595 3646 2661 quando

2123 2685 2340 2740 regnum
2365 2683 2667 2729 sanctorum
2697 2675 2928 2736 futurum
2949 2680 3042 2745 sit,
3090 2695 3249 2749 quam
3295 2685 3435 2736 unde
3467 2685 3514 2736 in
3536 2685 3648 2736 banc

2123 2771 2320 2820 teriam
2343 2765 2528 2826 venire
2547 2766 2832 2833 coeperim;
2870 2778 2922 2822 et
2947 2778 3122 2823 tamen
3166 2770 3322 2834 illud,
3350 2787 3464 2824 cum
3491 2772 3549 2823 ab
3574 2774 3647 2826 illo

2119 2856 2210 2924 qui
2236 2855 2335 2910 scit
2377 2858 2556 2913 omnia
2579 2860 2826 2930 discipuli
2872 2863 2953 2916 sui
2998 2864 3164 2918 nostri
3211 2868 3432 2933 apostoli
3477 2882 3646 2934 quau-e-

2121 2955 2256 3008 rent.
2289 2961 2599 3016 responsum
2639 2962 2958 3019 acceperunt
2993 2971 3007 3006 :
3035 2953 3148 3007 Νιιιι
3181 2967 3262 3008 θκι
3290 2968 3510 3010 t-estruut
3535 2957 3656 3009 Sl'ilc,

2121 3045 2357 3102 tempora
2384 3051 2503 3106 qua:
2533 3037 2685 3092 Pater
2716 3040 2886 3104 posuit
2933 3042 2995 3106 in~
3013 3057 3108 3096 sua
3148 3054 3428 3109 potestate.
3458 3046 3574 3110 Quid
3611 3046 3647 3099 si

2119 3222 2222 3277 scit
2242 3222 2364 3290 quid
2397 3223 2548 3278 nobis
2596 3223 2666 3285 sit
2693 3224 2820 3278 utile
2846 3226 3015 3281 scire?
3057 3226 3121 3280 Et
3161 3227 3288 3280 iliu-J
3333 3227 3528 3297 quidem
3570 3244 3644 3295 per

2121 3313 2264 3364 illum
2315 3312 2464 3374 scio.
2510 3327 2611 3366 non
2680 3329 2798 3368 esse
2860 3317 3025 3370 nostri
3077 3317 3216 3370 scire
3270 3327 3500 3386 tempora
3545 3333 3643 3384 qua:

2122 3400 2276 3455 Pater
2297 3402 2472 3468 posuit
2501 3402 2551 3454 itt
2581 3417 2673 3455 sua
2699 3413 2983 3468 potestate.
3007 3405 3197 3461 Utrum
3218 3415 3393 3460 autem
3420 3407 3652 3475 originem

2117 3492 2437 3557 animarum,
2462 3509 2614 3561 quam
2640 3495 2868 3548 nondum
2898 3501 3031 3560 sclo,
3080 3505 3256 3552 utrum
3307 3496 3644 3568 [nostratulsit

2115 3581 2274 3646 scire,
2308 3581 2357 3634 id
2387 3592 2490 3647 est,
2520 3584 2781 3651 pertineat
2811 3586 2874 3639 ad
2907 3601 3005 3640 nos
3038 3586 3089 3639 id
3125 3589 3287 3652 scire,
3316 3603 3383 3641 ne
3427 3589 3521 3641 boc
3545 3589 3639 3656 qui-

2117 3669 2237 3723 dem
2266 3671 2399 3725 scio.
2434 3671 2561 3724 Nam
2591 3674 2635 3727 si
2659 3675 2846 3729 saltem
2879 3679 2978 3730 hoc
3003 3678 3220 3741 scirem,
3259 3678 3395 3745 quod
3439 3687 3640 3730 nostrum

2117 3776 2222 3814 non
2249 3762 2318 3815 sit
2335 3762 2386 3817 id
2403 3761 2564 3828 scire,
2589 3779 2692 3817 non
2715 3766 2884 3818 so'um
2912 3765 3179 3820 affirmare
3211 3767 3440 3834 quandiu
3467 3767 3635 3823 nescio.

2115 3867 2297 3907 verum
2327 3853 2485 3908 etiam
2515 3868 2750 3923 quarrere
2778 3855 2887 3923 jam
2933 3856 3283 3920 desisterem;
3317 3871 3449 3910 nunc
3493 3866 3638 3908 autem

2115 3944 2356 4010 quamvis
2408 3951 2512 3996 tam
2554 3946 2632 3996 'sit
2682 3945 2963 3999 obscurum
3013 3956 3170 4014 atque
3217 3948 3515 4013 profundum
3544 3985 3558 4008 ,
3595 3953 3639 3993 ut

2117 4034 2235 4100 plus
2297 4033 2405 4087 illic
2476 4034 2701 4087 docendi
2773 4050 2987 4088 caveam
3063 4037 3455 4097 temeritatem,
3509 4048 3639 4099 quin

2113 4124 2349 4177 discendi
2395 4123 2617 4178 habeam
2645 4125 3007 4192 cupiditatem,
3051 4136 3228 4179 ιιιηιι-ιι
3273 4137 3324 4180 et
3373 4127 3466 4178 lmc
3508 4135 3638 4176 ebant

2116 4215 2308 4268 vellem
2338 4217 2497 4280 scire,
2532 4217 2574 4268 si
2607 4230 2838 4281 possein.
2883 4217 2945 4268 Et
2978 4217 3097 4270 licet
3127 4217 3293 4267 multo
3343 4218 3547 4282 amplius
3585 4212 3640 4265 sit

2114 4319 2192 4362 net
2273 4306 2490 4368 aar'um,
2520 4306 2660 4372 quod
2689 4307 2760 4357 ait
2781 4306 2868 4359 ille
2903 4315 3114 4358 sanctus
3145 4323 3158 4357 :
3193 4306 3381 4358 Notum
3411 4306 3526 4356 mibi
3551 4303 3634 4361 fac.

2119 4397 2356 4458 liotnmc,
2389 4397 2545 4450 fluctu
2569 4413 2740 4449 meum
2773 4398 2905 4467 (Non
2937 4401 3077 4451 enim
3100 4399 3193 4460 ait,
3226 4399 3427 4452 initium
3450 4397 3632 4453 tuentul.

461 4501 568 4544 tum
600 4492 719 4545 inde
746 4506 847 4544 non
876 4494 1048 4555 trtxit,
1080 4503 1168 4546 aut
1193 4495 1410 4549 omnino
1439 4497 1687 4551 indennn
1717 4509 1880 4554 tracta
1899 4511 2012 4566 ο›ῑ;

2122 4486 2317 4539 utinam
2345 4497 2517 4540 tamen
2551 4502 2688 4541 nunc
2719 4488 2947 4552 initium,
2980 4489 3121 4552 quod
3145 4489 3208 4541 ad
3235 4491 3385 4542 istam
3429 4488 3637 4556 qua‘stio-

462 4595 631 4647 neque
654 4582 792 4633 enim
824 4597 925 4636 nou
949 4583 1117 4651 potuit
1143 4585 1370 4639 animam
1393 4587 1492 4639 sibi
1517 4587 1726 4642 trahere
1749 4590 1866 4644 sine
1891 4606 2013 4658 pec-

457 4667 1059 4735 cato,quisolvituostra
1093 4681 1338 4738 peccata;
1368 4684 1457 4725 aut
1480 4677 1567 4737 qui
1598 4691 1787 4730 novam
1815 4683 2016 4734 creat-it

457 4758 504 4813 ci
534 4758 677 4812 carui
700 4773 855 4824 quam
884 4760 996 4810 sine
1020 4775 1239 4826 parcum
1265 4762 1388 4814 fecit
1410 4778 1471 4815 ex
1501 4773 1662 4826 terra,
1700 4781 1808 4818 ttou
1839 4770 2011 4833 pn'nit

461 4862 647 4902 novam
678 4861 860 4900 creare
887 4849 1051 4907 carui,
1075 4865 1227 4915 quam
1256 4852 1367 4903 sine
1392 4853 1503 4902 viro
1522 4854 1749 4918 sumpsit
1774 4871 1836 4906 ex
1865 4857 2015 4909 lenti-

464 4952 550 4990 na.
591 4937 698 5004 Ego
727 4936 868 4989 enim
900 4933 1094 4998 adhuc.
1119 4937 1304 5000 fateor,
1337 4955 1439 4993 non
1467 4942 1640 4995 iuvctti
1669 4948 2013 5008 quemadmo-

460 5028 583 5079 dum
603 5027 773 5079 anima
806 5037 856 5079 ct
886 5036 1153 5092 'N‘CCilllln
1180 5044 1240 5081 ex
1266 5031 1429 5084 Adam
1454 5034 1664 5097 traltat;
1695 5037 1835 5090 unde
1861 5037 2029 5102 dubi:

463 5127 576 5169 tare
605 5115 680 5166 fas
707 5129 806 5167 non
825 5126 906 5168 est
937 5115 1120 5187 [quod]
1147 5127 1194 5170 et
1213 5118 1322 5182 ipsa
1337 5137 1398 5171 ex
1431 5124 1596 5175 Adam
1615 5139 1717 5177 non
1747 5128 2012 5192 traltatnr;

458 5203 597 5273 quod
629 5204 754 5256 Inibi
782 5204 1080 5273 diligentius
1112 5209 1504 5276 inquiremlum,
1537 5229 1693 5277 quam
1743 5216 2015 5270 inconsul-

460 5294 564 5351 tius
591 5294 926 5346 asset-emittm
950 5307 1048 5350 cst.
1075 5297 1487 5362 Quamluautcm
1513 5318 1608 5352 nos
1629 5304 1768 5372 aliqu
1786 5324 1813 5354 ι·
1834 5321 2013 5363 causa!

462 5382 513 5433 in
544 5383 712 5450 aliqua
744 5385 1040 5450 quzt-stioue
1069 5403 1171 5438 non
1203 5388 1467 5441 immerito
1507 5389 1750 5446 dubitare
1776 5387 2015 5462 compel-

461 5475 594 5539 lunt,
622 5490 722 5527 non
747 5477 904 5529 etiam
937 5476 1056 5530 ltinc
1084 5480 1330 5552 dubitare
1380 5483 1633 5535 debemus
1663 5494 1834 5537 utrum
1860 5487 2017 5542 dubi-

464 5575 578 5620 tare
600 5566 905 5620 ἀιιΙιρτιιιιιιι.
946 5570 1016 5624 llc
1046 5572 1216 5625 tlulnirs
1239 5576 1432 5642 quippe
1461 5576 1622 5629 rebus
1669 5576 1782 5630 siue
1811 5578 2018 5632 dubita-

467 5655 606 5709 tione
638 5656 982 5714 dubitandum
1005 5671 1104 5716 c.-t.
1134 5663 1289 5719 \‘idcs
1317 5665 1760 5735 quemadmodum
1793 5671 2016 5737 Aposto—

2119 4593 2238 4631 nem
2265 4579 2470 4642 attinet,
2494 4593 2577 4631 me
2600 4579 2786 4632 trteret
2810 4581 2822 4632 !
2853 4580 3039 4632 Verum
3070 4579 3136 4630 tle
3163 4579 3242 4646 ips
3264 4600 3275 4626 ι
3297 4593 3494 4646 quoque
3519 4577 3637 4627 initio

2121 4683 2240 4721 meo
2269 4668 2500 4735 ingratus
2527 4669 2732 4721 doctori
2781 4684 2899 4722 tneo
2946 4686 3048 4722 non
3081 4685 3220 4728 sum.
3269 4669 3405 4736 quod
3445 4668 3635 4717 animum

2121 4765 2403 4813 humanam
2432 4760 2672 4827 spiritum
2699 4776 2837 4825 esse,
2865 4776 2965 4814 non
3018 4775 3234 4827 t‘urptts.
3262 4774 3478 4827 euntque
3504 4759 3633 4807 ratio.

2123 4853 2292 4904 nalcm
2333 4852 2412 4906 vel
2438 4853 2865 4916 ituellcctualetn,
2897 4853 3034 4915 svio;
3063 4867 3161 4905 nec
3185 4868 3303 4904 eam
3337 4853 3422 4905 Dei
3441 4863 3547 4903 esse
3566 4863 3636 4897 na-

2123 4956 2314 5009 turam,
2345 4945 2436 4998 sed
2469 4947 2639 5012 potius
2666 4957 2960 4998 creaturam
2988 4947 3325 5014 aliquatenus
3377 4942 3633 4999 mortalem,

2124 5038 2173 5088 itt
2201 5044 2448 5104 quantum
2478 5037 2532 5090 in
2561 5037 2791 5090 deterius
2818 5025 3148 5099 commutari,
3180 5048 3235 5089 et
3259 5052 3289 5089 a
3314 5037 3412 5087 vita
3442 5033 3538 5088 Dei.
3565 5045 3637 5082 (ηι-

2117 5128 2203 5196 jus
2233 5127 2633 5195 participatione
2676 5128 2825 5180 beata
2850 5128 2927 5193 fit,
2975 5127 3191 5180 alienari
3242 5133 3522 5192 potest,et
3566 5121 3644 5171 ab.

2120 5227 2377 5285 quatenus
2425 5217 2810 5282 immortalem,
2859 5219 3108 5287 quoniam
3163 5233 3376 5273 sensum
3409 5261 3422 5281 ,
3467 5231 3557 5286 quo
3595 5213 3632 5264 ri

2124 5320 2234 5377 post
2270 5309 2402 5362 lianc
2428 5308 2584 5362 vitam
2616 5310 2694 5362 vel
2726 5310 2860 5363 bene
2903 5311 2984 5362 vel
3015 5311 3153 5363 male
3177 5311 3268 5374 sit,
3299 5311 3526 5364 amittere
3551 5321 3632 5356 non

2125 5408 2326 5466 putcst;
2359 5398 2472 5453 scio
2496 5399 2654 5453 etiam
2681 5414 2784 5452 non
2810 5415 2927 5453 eam
2959 5414 3054 5466 pro
3081 5401 3286 5452 actibus
3315 5410 3432 5452 ante
3456 5408 3633 5450 carnem

2123 5491 2283 5555 gestis
2309 5489 2504 5543 includi
2535 5492 2583 5542 ιιι
2635 5505 2792 5542 carne
2832 5492 3109 5551 meruisse.
3133 5490 3234 5545 sed
3262 5506 3358 5543 nec
3403 5489 3508 5541 ideo
3540 5498 3633 5538 cs~c

2126 5581 2174 5633 in
2216 5582 2427 5633 homine
2471 5582 2586 5633 sine
2616 5581 2771 5633 sorde
2800 5581 3019 5645 peccati,
3050 5591 3102 5632 et
3140 5582 3184 5633 si
3214 5581 3364 5632 unius
3394 5579 3506 5637 dici,
3547 5575 3627 5624 sic-

2127 5681 2179 5737 ut
2209 5673 2455 5740 scriptum
2489 5683 2588 5738 est,
2621 5672 2772 5726 fuetit
2821 5673 2921 5726 vita
2971 5672 3086 5739 ejus
3123 5686 3280 5741 super
3324 5681 3522 5725 tct'raut.
3568 5663 3626 5738 At
