3800 6236
160 370 273 423 1077

162 584 219 620 ne
243 577 447 635 peccan
477 562 735 617 nemiuem
766 561 943 622 nasci;
982 558 1121 611 unde
1149 565 1201 608 et
1221 553 1450 622 parvulis
1496 565 1679 605 ncces-

163 658 338 710 sarium
390 664 470 707 est
512 667 602 720 per
639 651 860 718 gratiam
906 645 1315 715 regenerationis
1365 644 1417 696 in
1463 642 1681 694 Christo

163 745 367 798 renasci.
398 742 517 794 Iltcc
544 749 648 793 tam
678 739 860 801 multa,
888 753 985 789 nec
1006 750 1163 803 parva
1195 734 1261 786 de
1291 731 1438 785 initio
1466 731 1546 783 vel
1569 730 1678 783 orl~

163 833 270 899 gine
295 829 583 882 animarum
612 837 932 889 nostrarum,
973 825 1024 876 in
1048 823 1236 889 quibus
1261 821 1406 889 plura
1445 823 1567 872 sunt
1615 817 1681 868 ad

164 938 271 976 eam
321 919 588 974 scientiam
647 917 980 987 pertinentia,
1031 928 1150 980 qua:
1180 911 1282 964 ﬁde
1316 917 1579 973 constant,
1630 915 1685 961 et

163 1010 393 1079 didicisse
414 1020 497 1062 me
518 1008 771 1076 gratulor,
800 1014 853 1058 et
882 1019 1037 1057 nosse
1059 1001 1330 1056 confirmo.
1356 1000 1686 1066 Quapropter

163 1101 204 1152 si
230 1098 423 1160 nescio,
446 1098 498 1149 in
517 1096 720 1164 origine
747 1094 1062 1154 animarum,
1089 1098 1258 1142 utrmn
1288 1088 1402 1141 illas
1431 1087 1569 1139 Deus
1590 1083 1684 1138 ho-

163 1190 377 1242 minibus
405 1202 468 1241 ex
499 1188 782 1254 propagine
824 1182 997 1248 faciat,
1027 1194 1156 1248 quas
1200 1189 1375 1232 tamen
1423 1175 1534 1229 ﬁeri
1576 1189 1681 1227 non

165 1277 378 1344 ambigo,
402 1276 538 1328 scire
568 1273 776 1340 quidem
803 1277 858 1326 et
881 1272 978 1324 hoc
1013 1268 1178 1336 magis
1201 1267 1363 1332 eligo,
1385 1279 1540 1334 quam
1588 1277 1683 1316 ne-

162 1368 308 1431 scire,
344 1365 438 1418 sed
469 1364 695 1432 quandzu
719 1377 820 1414 non
845 1374 1054 1429 possunt
1079 1357 1290 1424 melius,
1318 1355 1440 1408 hinc
1477 1353 1682 1416 dubito,

161 1471 308 1524 quam
357 1455 494 1505 velut
531 1460 730 1506 certum
758 1450 1068 1504 conﬁrmare
1096 1446 1288 1514 aliquid
1331 1443 1516 1508 audeo,
1545 1441 1684 1510 quol

163 1545 231 1597 illi
257 1545 329 1598 rei
357 1545 424 1596 sit
451 1544 584 1597 forte
605 1539 945 1600 contrarium,
1004 1539 1070 1590 de
1097 1552 1200 1603 qua
1251 1535 1489 1588 dubitare
1550 1533 1688 1586 forte

161 1652 257 1690 non
280 1636 463 1689 debeo.
489 1636 566 1687 Tu
594 1634 788 1700 itaque,
818 1633 886 1684 mi
918 1631 1078 1682 frater
1107 1629 1264 1689 bone,
1293 1625 1537 1694 quoulatn
1563 1638 1686 1677 con-

160 1726 486 1790 suli~me,et
519 1723 595 1776 vis
639 1732 695 1776 ut
740 1736 898 1776 unum
956 1719 1140 1772 borum
1201 1715 1464 1776 deﬁniam,
1512 1723 1687 1765 utrum

1270 349 1691 405 TllESAUIiUS.
1734 346 1884 399 (MP.
1925 339 2236 396 CCCXL".
3057 403 3063 409 _

162 494 238 544 per
265 478 357 529 hoc
383 475 514 535 scio,
555 487 614 524 ex
649 471 835 532 Adam,
865 482 955 534 per
982 465 1172 520 seriem
1201 461 1584 532 generationis,
1613 459 1684 511 si-
1715 462 1758 516 Α
1784 451 2067 520 justitiam.
2097 447 2249 503 Unde
2275 447 2460 544 statuit
2485 447 2620 544 Deus
2649 457 2703 544 ut
2736 457 2861 544 post
2903 445 3018 544 ejus
3065 457 3335 544 peccatum

3199 337 3332 390 1073

1784 546 2070 609 propagata
2100 551 2225 591 caro
2253 537 2457 605 peccati
2499 537 2561 588 ad
2597 536 2952 604 recipiendam
2977 535 3234 603 justitiam
3262 535 3339 587 la-

1783 629 2002 684 boribus
2022 636 2077 681 et
2107 625 2364 679 molestiis
2394 626 2671 679 niteretur.
2704 625 2925 691 Propter
2969 625 3067 676 hoc
3092 625 3248 678 etiam
3269 623 3338 677 de

1783 720 2023 788 paradiso
2035 716 2283 771 dimissus
2302 715 2492 778 Adam,
2507 725 2688 793 contra
2716 716 2859 769 Eden
2879 724 2972 799 rm
2994 711 3263 777 habitavit,
3287 713 3336 765 id

1782 818 1884 874 est,
1915 817 2099 862 contra
2147 807 2328 860 sedem
2379 805 2710 868 deliciarum,
2737 812 2795 855 nt
2833 803 3152 871 signiﬁcaret
3199 803 3340 870 quod

1782 903 1880 978 [in]
1909 904 2199 966 laboribus,
2226 901 2313 968 qui
2346 910 2470 953 sunt
2507 899 2712 953 deliciis
2739 897 3013 960 coiitrarii,
3052 893 3338 950 erudienda

1782 1003 1928 1052 esset
1954 1007 2081 1046 caro
2110 989 2484 1058 peccati,"qme
2525 988 2576 1039 in
2606 985 2811 1040 deliciis
2847 981 3200 1040 obedientiam
3232 998 3337 1035 non

1783 1082 2030 1145 servavit,
2075 1088 2357 1144 antequam
2409 1085 2550 1128 esset
2602 1088 2730 1126 caro
2776 1069 2999 1139 peccati.
3050 1068 3200 1123 Sicut
3254 1083 3341 1121 er-

1786 1188 1852 1241 go
1878 1171 1951 1224 illi
1982 1169 2135 1236 primi
2189 1166 2452 1224 homines.
2487 1174 2665 1230 poSIea
2718 1160 2861 1229 juste
2906 1157 3158 1218 vivendo,
3198 1155 3342 1210 unde

1787 1261 1973 1315 merito
1993 1258 2279 1312 creduntur
2309 1269 2401 1324 per
2429 1255 2631 1309 Domini
2662 1251 2970 1320 sanguinem
3000 1249 3068 1302 ab
3095 1257 3339 1302 extremo

1785 1349 2040 1417 supplicio
2063 1345 2290 1410 liberati,
2327 1359 2432 1398 non
2462 1343 2714 1396 tamenin
2764 1341 2852 1394 illa
2902 1339 3005 1391 vita
3038 1345 3342 1392 meruerunt

1786 1438 1852 1491 ad
1883 1435 2181 1504 paradisum
2213 1433 2473 1496 revocari,
2506 1431 2583 1484 sic
2609 1438 2663 1484 et
2686 1443 2811 1482 caro
2839 1427 3038 1494 peccati
3070 1471 3084 1491 ,
3131 1426 3340 1480 etiamsi

1788 1525 2024 1581 remissis
2049 1523 2277 1592 peccatis
2300 1521 2458 1575 homo
2476 1521 2528 1574 in
2553 1534 2615 1573 ea
2639 1519 2784 1587 juste
2810 1519 3024 1582 vixerit,
3054 1530 3156 1570 non
3173 1518 3343 1570 conti-

1791 1632 1896 1668 nuo
1923 1625 2154 1668 tueretur
2179 1626 2294 1666 eam
2320 1613 2544 1664 mortem
2572 1608 2722 1680 [non]
2756 1606 2978 1674 perpctl,
3005 1620 3159 1672 quam
3188 1606 3344 1658 traxit

1793 1705 1860 1758 de
1891 1704 2176 1772 propagine
2221 1701 2442 1768 peccati.
2495 1700 2624 1753 Tale
2677 1697 2870 1765 aliquid
2923 1697 3074 1750 nobis
3115 1695 3344 1749 insinua-

160 1817 339 1868 θηίιιιω
387 1782 592 1867 ἐπίοι-ω
646 1828 710 1865 οι
764 1812 851 1864 illo
906 1824 1011 1862 uno
1061 1810 1270 1862 nomine
1299 1848 1313 1872 ,
1367 1805 1504 1859 sicut
1563 1818 1687 1856 cor-
1723 1811 1767 1871 Β
1796 1801 1904 1847 tum
1927 1793 2100 1848 estde
2142 1791 2443 1860 patriarcha
2476 1788 2660 1853 David,
2693 1788 2740 1840 itt
2769 1789 2902 1840 libro
2932 1787 3252 1853 Regnorum,
3275 1782 3342 1835 ad

163 1919 281 1970 pora
305 1918 395 1971 per
425 1903 785 1969 propaginem,
829 1909 895 1952 an
923 1899 1037 1952 sine
1060 1899 1360 1966 propagine,
1389 1896 1525 1948 sicut
1549 1891 1690 1946 illius

161 1993 329 2053 unius,
358 2004 388 2042 a
416 1998 653 2042 creatore
679 1986 901 2055 singulis
944 1985 1070 2038 ﬁant
1096 1985 1184 2051 (ab
1233 1985 1344 2052 ipso
1372 1982 1510 2036 enim
1553 1979 1689 2044 fieri,

161 2078 265 2132 sive
286 2077 383 2138 sic,
408 2077 518 2129 sive
539 2077 630 2136 sic,
670 2090 771 2127 non
801 2072 1096 2143 negamus),
1128 2084 1302 2137 patere
1323 2079 1379 2124 ut
1403 2072 1560 2122 etiam
1583 2068 1693 2135 ipse

158 2165 419 2218 consulant
437 2163 827 2231 qnomodoinde
840 2165 1008 2214 anima
1026 2169 1352 2224 peecatormn
1377 2153 1692 2228 [peccatum]

159 2255 481 2324 originaliter
521 2253 710 2318 trahat,
744 2253 878 2305 unde
902 2251 1228 2317 originaliter
1250 2249 1361 2315 ipsa
1393 2263 1498 2302 non
1525 2246 1692 2299 trabi-

161 2354 274 2407 tur;
304 2357 486 2396 omnes
508 2342 647 2395 enim
668 2342 872 2393 animas
896 2353 961 2393 ex
993 2338 1155 2392 Adam
1190 2336 1396 2390 trahere
1435 2334 1692 2402 originale

160 2442 424 2497 peceatum
453 2431 692 2484 similiter
723 2445 825 2481 non
865 2441 1135 2496 negamus,
1175 2440 1239 2480 ne
1263 2425 1314 2476 in
1363 2422 1692 2489 Pelagianam

159 2521 399 2574 baéresim
427 2519 788 2573 detestabilem
812 2517 1193 2572 detestabiliter
1216 2516 1471 2567 irruamus
1492 2529 1504 2576 ;
1525 2513 1566 2563 si
1597 2510 1696 2563 ltoc

158 2609 291 2678 quod
321 2624 419 2678 ego
443 2609 706 2675 interrogo
729 2623 825 2661 nec
874 2616 928 2660 tu
969 2608 1094 2670 scis,
1145 2606 1258 2658 sine
1304 2619 1386 2658 me
1442 2605 1698 2670 patienter

160 2710 434 2768 utrumque
461 2700 686 2759 nescire.
715 2697 854 2766 quod
881 2707 935 2750 tu
982 2699 1292 2763 interrogas,
1322 2704 1375 2747 et
1413 2694 1547 2760 quod
1578 2708 1694 2759 ego.

158 2791 211 2841 Si
234 2800 409 2841 autem
427 2787 534 2857 jam
557 2788 660 2840 scis
685 2788 822 2856 quod
851 2786 1136 2852 interrogo,
1167 2800 1282 2836 eum
1306 2784 1405 2836 hoc
1429 2783 1585 2836 etiam
1614 2796 1698 2834 me

161 2876 422 2937 docueris,
449 2885 568 2927 tunc
590 2883 643 2927 et
668 2874 792 2927 illud
821 2872 959 2941 quod
983 2874 1063 2926 vis
1086 2881 1140 2925 ιιι
1167 2873 1536 2938 respondeam,
1568 2869 1698 2922 nibll

162 2962 226 3013 ibi
250 2962 358 3030 jam
387 2973 624 3015 metuens
666 2962 1016 3030 respandebo.
1056 2960 1180 3014 Peto
1208 2975 1334 3027 ergo
1364 2973 1430 3011 ne
1478 2971 1701 3011 succen-

159 3064 293 3106 seas.
319 3049 444 3116 quia
477 3064 579 3103 non
625 3050 772 3116 potui
816 3047 1296 3115 conﬁrmare'quod
1337 3047 1558 3115 quieris,
1606 3045 1699 3098 sed

1792 1898 1948 1954 quem
2007 1882 2258 1949 prepbcta
2312 1896 2430 1934 cum
2482 1880 2676 1933 missus
2723 1889 2885 1942 esset,
2931 1879 3084 1946 eique
3131 1886 3344 1946 propter

1792 1982 2064 2044 peccatum
2095 1973 2234 2038 quod
2263 1972 2570 2035 admiserat,
2603 1981 2852 2024 eventura
2877 1969 3012 2022 tnala
3043 1985 3104 2023 ev
3139 1970 3345 2022 iracun-

1790 2067 1874 2120 dia
1907 2066 1995 2119 Dei
2017 2064 2454 2128 comminaretur,
2512 2061 2847 2115 confessione
2890 2059 3089 2128 peccati
3138 2059 3341 2112 veniam

1793 2156 2001 2218 meruit,
2033 2153 2385 2223 respondente
2429 2152 2708 2220 preplteta,
2749 2151 2888 2219 quod
2931 2150 3054 2203 lllud
3099 2150 3147 2204 ei
3194 2149 3345 2216 11.ιεί-

1793 2244 1921 2297 tlutn
1953 2243 2257 2308 facinuSque
2303 2242 2581 2294 remissum
2613 2241 2701 2302 sit,
2753 2247 2809 2293 et
2838 2251 3033 2292 tamen.
3062 2251 3346 2291 ronsecma

1793 2345 1912 2387 sunt
1937 2348 2053 2401 qua:
2107 2332 2243 2386 Deus
2293 2333 2463 2384 fuerat
2512 2329 2895 2390 comminatus;
2922 2337 2977 2380 tit
3003 2326 3078 2379 sic
3107 2327 3346 2379 humilia-

1794 2431 1940 2475 retur
1971 2438 1997 2470 a
2034 2421 2158 2472 lilio.
2187 2421 2361 2486 Quare
2391 2430 2440 2471 et
2489 2419 2572 2470 hic
2600 2435 2701 2470 non
2734 2417 2948 2479 dii-itur,
2982 2417 3034 2468 Si
3062 2414 3196 2467 Deus
3227 2430 3346 2482 pro-

1796 2522 1913 2577 pter
1945 2519 2213 2574 peccatum
2245 2508 2373 2562 illud
2404 2507 2572 2559 fuerat
2613 2506 2986 2566 comminatus,
3010 2519 3102 2556 cur
3130 2504 3349 2556 dimisso

1799 2607 2034 2666 peccato,
2055 2597 2196 2665 quod
2231 2608 2343 2650 erat
2385 2596 2634 2660 minatus,
2665 2595 2938 2662 implevit?
2970 2594 3069 2645 nisi
3100 2594 3216 2658 quia
3267 2609 3351 2645 re-

1796 2689 2053 2752 ctissime,
2084 2687 2127 2740 si
2171 2684 2293 2757 [siel
2324 2686 2522 2739 dictum
2575 2684 2752 2749 fuerit,
2800 2682 3226 2751 reSpondebitur,
3260 2695 3346 2734 rc—

1800 2779 2105 2832 missionem
2135 2776 2278 2830 illam
2309 2777 2511 2844 peccati
2559 2775 2770 2837 factam,
2803 2788 2868 2827 ne
2899 2772 3054 2826 homo
3084 2773 3148 2822 ad
3181 2771 3351 2837 perci-

1798 2867 2043 2936 piendam
2074 2866 2235 2919 vitam
2282 2865 2632 2932 impediretur
2671 2871 2960 2940 aeternam;
3012 2860 3352 2911 subst-cntum

1801 2969 1925 3008 vero
1955 2954 2097 3007 illius
2122 2953 2552 3007 comminationis
2604 2951 2904 3017 exemplum
2955 2947 3268 3021 [effectum],
3301 2959 3352 2999 ut

1804 3045 1976 3112 pietas
2000 3043 2224 3097 hominis
2259 3043 2411 3112 103
2444 3044 2494 3094 itt
2543 3042 2632 3095 illa
2673 3039 2967 3093 humilitate
3015 3047 3353 3115 exerceretur

160 3139 300 3203 p'ttnl
355 3138 719 3191 demonstrare
743 3137 868 3204 quid
892 3151 1134 3204 quteras;
1164 3136 1302 3204 quod
1334 3151 1452 3188 cum
1482 3136 1699 3188 invene-
1731 3154 1775 3214 ρ
1804 3140 1962 3198 atque
1986 3132 2316 3196 probaretur.
2341 3129 2430 3185 Sic
2453 3140 2505 3182 et
2536 3137 2757 3182 mortem
2780 3129 3039 3194 corporis,
3068 3139 3116 3179 et
3146 3135 3355 3193 propter

149 3227 255 3290 'ris,
294 3230 611 3280 conlirmare
639 3245 741 3281 non
765 3230 973 3282 dubites
1015 3228 1152 3296 quod
1173 3229 1462 3296 qtuerebas.
1512 3228 1575 3281 Et
1606 3229 1704 3280 hoe

160 3317 371 3384 quidem
402 3312 665 3370 sanctitati
707 3327 806 3371 tute
833 3319 1166 3373 scribendum
1224 3318 1554 3381 existimavi,
1615 3316 1704 3385 qui

162 3406 501 3473 propaginem
534 3408 828 3460 animarum
864 3408 970 3473 jam
997 3408 1145 3476 quasi
1190 3422 1367 3461 certus
1404 3409 1703 3475 improban-

159 3491 278 3545 dam
308 3503 480 3560 potas.
525 3496 783 3548 Ca'ternut
821 3495 864 3547 si
901 3495 1006 3547 illis
1034 3496 1118 3561 qtti
1168 3494 1303 3548 hanc
1346 3503 1586 3547 asserunt
1618 3510 1704 3547 re-

162 3583 501 3635 scribendum
521 3583 723 3645 fuisset,
752 3585 985 3637 furta-sis
1006 3585 1335 3637 ostenderem
1358 3584 1705 3651 quemadmo-

162 3669 283 3721 dum
313 3671 364 3723 id
391 3671 529 3737 quod
558 3685 614 3725 se
646 3687 802 3725 nosse
847 3673 1168 3730 arbitrantur
1216 3673 1487 3740 ignorent;
1538 3681 1592 3724 et
1641 3687 1706 3725 tte

163 3760 261 3811 hoc
287 3773 530 3814 asserere
554 3761 828 3819 auderent.
854 3769 1047 3829 quanta
1073 3761 1272 3814 ratione
1293 3761 1578 3815 formidare
1605 3760 1701 3813 de-

162 3846 365 3904 llerettt.

647 3987 868 4045 CAPUT
904 3988 1217 4044 CCCXL“.

162 4139 309 4201 Quod
335 4137 575 4200 baritizati
615 4155 713 4190 non
743 4155 774 4188 α
813 4149 970 4191 mone
993 4140 1263 4200 communi,
1292 4140 1381 4191 sed
1400 4156 1430 4190 η
1458 4140 1707 4208 supplicio

230 4208 503 4259 liberentur
522 4218 726 4266 Mento,
758 4223 788 4257 a
809 4223 907 4273 quo
936 4208 1082 4258 etiam
1125 4209 1308 4273 primos
1339 4210 1561 4260 homines
1587 4210 1707 4260 dicit

225 4292 318 4341 per
352 4277 552 4325 Domini
583 4277 878 4341 sanguinem
907 4275 1166 4337 liberatos;
1194 4290 1239 4328 ει
1263 4292 1352 4328 cur
1376 4277 1560 4339 David,
1593 4292 1707 4342 pec-

225 4354 341 4394 cato
371 4346 598 4412 remisso,
630 4359 742 4401 una!
773 4345 905 4394 Dens
926 4360 1013 4407 per
1035 4348 1326 4411 prop/telam
1351 4349 1513 4412 fuerat
1544 4347 1708 4395 utina-

227 4423 334 4467 (ιω.
365 4411 676 4482 impleverit;
720 4421 764 4462 ct
786 4415 846 4461 de
870 4413 1102 4478 tugurio
1134 4414 1325 4464 numeri
1350 4411 1576 4464 t'irinalis
1607 4413 1698 4482 [ri-

225 4478 498 4559 cta-muttis}.
532 4482 605 4559 rei
635 4483 696 4559 de
716 4482 1052 4559 suprascripta
1082 4497 1264 4532 annum
1305 4478 1706 4546 quastione-Ea:
1735 4503 1786 4559 υ

225 4550 358 4601 Lbro
386 4563 420 4601 ιι
445 4552 506 4599 de
531 4547 790 4615 Baptismo
817 4547 1159 4614 parvulorum,
1185 4566 1339 4618 prope
1367 4551 1534 4616 ﬁnem.

225 4701 570 4767 Nequaquam
603 4698 776 4764 igitur,
811 4700 860 4751 io
891 4711 1057 4754 morte
1086 4717 1178 4768 pro
1204 4701 1402 4767 justitia
1430 4704 1702 4757 subeunda

154 4789 237 4840 vel
267 4789 682 4850 eontenmeuda,
731 4789 1032 4843 laudaretur
1073 4792 1332 4859 praecipua
1365 4792 1631 4859 patientia,
1661 4794 1705 4847 Si

155 4881 346 4932 tuortis
370 4894 476 4930 noti
504 4888 647 4932 esset
669 4894 854 4946 magna
903 4881 1227 4948 multumque
1254 4882 1381 4935 dura
1434 4885 1703 4947 mole-tia;

157 4970 306 5038 cuius
342 4970 585 5021 timorem
620 4971 704 5035 qui
739 4972 894 5022 vincit
918 4986 979 5022 es
1014 4972 1136 5034 fide,
1166 4973 1404 5038 magnam
1454 4976 1617 5041 ipsius
1647 4976 1705 5027 ιι-

153 5060 238 5111 dei
267 5067 546 5124 comparat
591 5059 835 5126 gloriam,
863 5061 1160 5128 justamun
1207 5065 1523 5118 mercedem.
1557 5065 1705 5120 Unde

155 5149 460 5201 mirandum
511 5161 612 5200 nun
640 5158 741 5206 est.
770 5158 823 5201 et
869 5160 1091 5202 mortem
1121 5153 1355 5211 corporis
1387 5169 1491 5206 non
1541 5154 1702 5218 fuisse

151 5246 470 5290 eventuram
500 5237 719 5300 homini,
760 5237 858 5290 nisi
889 5241 1240 5304 pr.ecessi~‘set
1286 5255 1573 5308 peccatum,
1607 5260 1700 5296 en-

148 5327 240 5394 jus
273 5327 436 5379 etiam
464 5327 582 5377 talis
610 5341 760 5391 pcena
790 5343 1232 5395 consumeretur:
1286 5347 1338 5387 et
1374 5345 1489 5400 post
1519 5339 1702 5389 remis-

147 5416 360 5466 sionem
391 5425 746 5478 peccatorum,
777 5432 891 5467 eam
915 5419 1149 5472 ﬁdelibus
1176 5423 1406 5484 evenire,
1434 5434 1486 5476 ut
1515 5425 1563 5476 in
1588 5425 1702 5490 ejus

153 5503 350 5552 timore
400 5502 658 5552 \‘lllCClIiI~t
705 5515 1012 5558 exerceatur
1054 5508 1299 5561 {Oztitudo
1339 5510 1574 5578 jttstititt'.
1606 5515 1705 5564 Ca-

151 5605 212 5643 ro
238 5591 384 5640 enim
415 5605 538 5655 qua:
565 5606 625 5658 pr
649 5607 732 5643 mo
764 5593 893 5654 farta
925 5606 1005 5648 est
1038 5613 1136 5647 non
1168 5607 1280 5649 Cl'ttl
1308 5613 1431 5648 caro
1482 5605 1698 5666 peceati,

149 5681 334 5747 inqua
384 5683 550 5735 noluit
601 5683 757 5737 homo
801 5685 933 5738 intt'r
965 5687 1180 5740 deli-ias
1210 5689 1438 5754 pil'ttdlai
1487 5705 1699 5746 sentire

1808 3229 2073 3285 peceatum
2109 3219 2247 3272 Deus
2297 3216 2495 3271 ltomini
2530 3217 2740 3277 inflixit,
2780 3226 2836 3269 et
2866 3225 2982 3282 post
3026 3223 3354 3286 peceatorutn

1807 3307 2214 3371 remissionem,
2265 3316 2479 3374 propter
2533 3305 2884 3360 exercendam
2939 3304 3201 3372 justitiam
3252 3319 3354 3355 non

1805 3395 2019 3448 ademit.
2051 3395 2347 3448 Teneamus
2374 3410 2501 3463 ergo
2531 3394 2951 3448 indeclinabilem
2986 3395 3104 3445 ﬁdei
3136 3393 3354 3446 confes-

1805 3484 2025 3537 sionem.
2065 3483 2219 3536 Solus
2240 3499 2372 3536 unus
2393 3492 2478 3537 est
2497 3483 2584 3550 qui
2612 3483 2727 3535 sine
2747 3491 2961 3546 peccato
2986 3491 3137 3534 natus
3168 3493 3273 3546 est,
3301 3483 3355 3534 itt

1806 3573 2145 3626 similitudine
2202 3573 2376 3626 carnis
2420 3575 2665 3640 peceati;
2717 3573 2828 3626 sine
2879 3584 3095 3639 peceato
3137 3574 3260 3624 vixit
3306 3574 3356 3625 in

1809 3675 1992 3723 carne,
2023 3664 2160 3715 inter
2187 3662 2356 3716 aliena
2390 3671 2597 3729 peccata
2629 3679 2642 3725 ;
2688 3664 2801 3716 sine
2851 3671 3066 3729 peccato
3122 3671 3358 3713 mortuus

1806 3759 1911 3812 est,
1942 3761 2157 3818 propter
2186 3761 2364 3802 nostra
2391 3761 2626 3817 peccata.
2664 3749 2773 3802 Non
2806 3750 3128 3801 declinemus
3162 3750 3210 3800 in
3233 3749 3359 3800 dex-

1811 3845 1941 3888 tram
1974 3848 2062 3889 aut
2091 3839 2353 3889 sinistram
2390 3855 2403 3890 :
2437 3840 2486 3888 iu
2530 3840 2768 3889 deiurant
2797 3841 2937 3889 enim
2970 3838 3256 3899 dec‘inare,
3279 3847 3358 3889 est

1810 3941 1870 3981 se
1902 3929 2069 3995 ipsum
2101 3927 2367 3993 decipere,
2415 3929 2638 3982 dicendo
2667 3944 2724 3982 se
2775 3943 2893 3981 esse
2946 3932 3059 3981 sine
3115 3937 3357 3993 peccato;

1809 4019 1857 4066 in
1875 4017 2136 4068 sinistram
2157 4029 2351 4080 autem,
2369 4030 2460 4084 per
2480 4019 2655 4070 nescio
2672 4032 2826 4083 quam
2853 4031 3148 4082 perversam
3168 4027 3216 4066 et
3238 4031 3357 4079 pra-

1815 4120 1930 4155 vam
1953 4106 2316 4169 securitatem,
2355 4120 2411 4157 se
2443 4115 2686 4171 tanquam
2719 4107 2929 4170 impune
2952 4104 3078 4156 dare.
3109 4103 3357 4169 peccatis.

1810 4191 1935 4244 Vias
1963 4192 2101 4245 enim
2132 4208 2248 4257 qum
2274 4208 2302 4243 a
2331 4192 2527 4246 dextris
2551 4204 2673 4246 sunt
2695 4196 2837 4245 novit
2865 4193 3134 4253 Dominus,
3164 4193 3252 4258 qui
3278 4209 3362 4242 so.

1810 4279 1890 4332 lus
1911 4281 2024 4333 sine
2053 4292 2268 4346 peceato
2297 4291 2399 4345 est,
2426 4290 2478 4334 ct
2510 4294 2688 4335 nostra
2722 4291 2892 4348 petest
2919 4282 3092 4334 delere
3118 4293 3359 4348 peccata;

1813 4383 2073 4435 perversa.-
2105 4380 2278 4421 autem
2310 4380 2432 4421 sunt
2455 4384 2569 4437 qua:
2598 4385 2624 4421 a
2651 4371 2878 4422 sinistris
2902 4378 3024 4421 sunt
3071 4385 3189 4421 cunt
3235 4385 3359 4435 pec.

1809 4459 1962 4511 eatis.
1989 4459 2141 4511 Tales
2168 4463 2325 4512 etiam
2353 4461 2425 4512 illi
2481 4460 2660 4526 viginti
2689 4477 2943 4511 annorum
2980 4461 3361 4512 adolescentuli

1812 4545 2026 4610 ﬁguram
2089 4548 2208 4600 novi
2265 4548 2439 4613 populi
2502 4550 2916 4613 pt'n'tttiscttuti,
2997 4550 3084 4616 qui
3147 4550 3195 4600 in
3258 4533 3358 4600 Ier-

1810 4647 1919 4683 ratn
1999 4634 2358 4700 promissionis
2425 4635 2728 4693 intrarunt;
2796 4637 2882 4700 qui
2946 4652 3041 4688 nec
3107 4637 3156 4688 in
3224 4637 3360 4689 dea-

1810 4731 1941 4774 trant
1981 4765 1995 4789 ,
2071 4738 2165 4777 nec
2237 4723 2289 4776 in
2361 4724 2627 4777 sinistram
2682 4726 2803 4778 dicti
2848 4737 2968 4778 sunt
3039 4728 3355 4778 dec‘inassc.

1809 4810 1920 4862 Non
1977 4811 2115 4863 enim
2161 4822 2215 4865 ct
2263 4813 2447 4881 viginti
2508 4830 2764 4866 :tnllol‘tlllt
2822 4824 2952 4867 tetas
3005 4816 3358 4882 cmnparanda

1809 4911 1889 4952 est
1939 4902 2255 4954 ἰιιιιυεειιτὶιε
2320 4905 2687 4975 parvulorum;
2751 4907 2883 4968 Sed,
2937 4910 2986 4958 ni
3053 4909 3226 4970 fallor,
3275 4909 3359 4960 hic

1809 5005 2060 5042 numerus
2111 4991 2385 5059 mysticum
2451 4995 2642 5061 aliquid
2691 4996 2963 5048 adumbrat
3017 5007 3070 5048 et
3128 5009 3356 5050 resonat.

1809 5079 1972 5132 Vetus
1995 5082 2134 5133 cnim
2163 5081 2561 5136 Testamentum
2610 5085 2658 5135 in
2707 5087 2936 5152 quinun
2989 5087 3152 5154 Moysi
3211 5089 3359 5138 libris

1807 5169 2040 5232 excellit,
2060 5171 2261 5223 Novum
2294 5183 2471 5225 autem
2494 5186 2720 5241 quatuor
2751 5177 3151 5243 livangelioruin
3176 5188 3357 5231 aucto.

1809 5258 1962 5310 ritate
1988 5260 2278 5328 prmiulget.
2309 5262 2406 5327 Qui
2453 5266 2654 5315 muneri
2688 5279 2778 5330 per
2823 5281 2880 5316 se
2914 5269 3242 5334 multiplicati
3292 5268 3355 5318 ad

1807 5345 2124 5400 vicenariuin
2153 5351 2462 5415 perveniunt
2489 5369 2500 5401 :
2525 5362 2710 5418 quater
2740 5354 2877 5404 enim
2903 5355 3068 5421 quini.
3104 5355 3183 5409 vel
3209 5371 3357 5423 qum-

1807 5438 1956 5498 quies
1985 5437 2246 5499 quaterni,
2283 5438 2462 5504 viginti
2493 5451 2631 5491 sunt.
2671 5441 2812 5491 Talis
2841 5444 3065 5506 pepultts
3095 5484 3108 5502 ,
3145 5452 3202 5495 ut
3223 5458 3358 5510 prte-

1804 5521 1931 5581 tlixi,
1953 5523 2185 5575 eruditus
2205 5526 2254 5574 in
2280 5539 2439 5591 regno
2461 5530 2732 5583 caelorum.
2760 5545 2849 5595 per
2871 5533 2975 5581 duo
2998 5531 3355 5593 Testamenta,

1809 5609 1966 5661 Vetus
1996 5621 2045 5662 et
2070 5612 2289 5674 Novum,
2327 5631 2427 5667 non
2457 5616 2726 5668 declinans
2760 5621 2807 5669 in
2840 5619 3101 5681 dextram,
3131 5623 3354 5688 superba

1807 5702 2208 5765 pi'.t-suniplioue
2237 5701 2473 5770 jilililid‘,
2506 5720 2672 5772 neque
2717 5707 2766 5760 in
2825 5708 3111 5775 sinistram,
3170 5726 3354 5765 atoma
