3874 6226
545 334 678 389 1079

1603 335 1662 388 D.
1706 335 2020 390 EUGYPPII
2063 334 2344 391 ABBlTlS
2383 336 2695 394 AFRICANl

3628 354 3728 408 l0}!

537 443 825 499 dilectione
865 441 1084 509 peccati,
1115 441 1168 494 in
1200 449 1392 496 terram
1429 441 1570 495 illius
1601 444 1968 511 promissionis
2010 445 2088 498 in-
2118 447 2166 504 Α
2191 455 2372 497 contra
2399 448 2718 501 voluntatem
2748 449 2920 504 facere
2963 450 3066 505 dici
3091 452 3255 518 solet;
3290 456 3391 510 sed
3418 457 3596 525 utique
3623 465 3728 518 vult,

541 531 718 595 trahit,
748 529 834 582 ubi
853 530 960 596 jam
984 538 1198 596 peccata
1232 529 1476 591 ulterius,
1503 547 1601 584 nec
1651 531 1802 584 nobis
1843 532 2088 586 donanda

535 629 800 689 optemus,
830 632 930 672 nec
967 618 1020 671 in
1051 619 1204 672 nobis
1233 618 1496 688 punienda
1530 620 1806 674 timeamus
1837 638 1852 673 :
1883 622 1949 673 ab
1999 622 2090 675 illo

533 705 868 772 redemptore
895 706 1130 772 liberati,
1160 709 1250 776 qui
1274 724 1378 762 tuen
1396 709 1728 762 venundatus
1752 709 1850 763 sub
1871 719 2089 776 peccato

529 793 752 850 redemit
781 793 942 851 Israel
983 795 1054 848 ab
1095 796 1341 850 omnibus
1386 796 1748 864 iniquitatibus
1789 796 1935 865 ejus,
1977 799 2089 852 sive

527 885 737 954 propria
756 886 1069 953 cuiusquam
1117 888 1224 939 vita
1256 887 1578 952 commissis,
1609 888 1723 941 sive
1757 889 2087 958 originaliter

526 976 753 1030 tractis:
785 992 890 1031 non
931 978 1085 1033 enim
1124 991 1307 1052 parum
1349 978 1646 1032 divinarum
1692 979 2083 1061 Scripturarum

526 1065 830 1119 auctoritati
852 1067 1164 1134 veritatique
1192 1077 1491 1131 cesserunt,
1517 1070 1607 1135 qui
1647 1071 1748 1126 etsi
1797 1072 2084 1126 noluerunt

525 1153 718 1208 literis
739 1158 850 1210 suis
871 1165 1053 1225 aperte
1071 1157 1392 1225 exprimere,
1441 1160 1676 1228 parvulis
1713 1161 2080 1217 remissionem

525 1246 877 1299 necessariam
904 1255 1264 1316 peccatorum,
1314 1247 1727 1318 redemptionem
1777 1260 1950 1306 tamen
2000 1253 2080 1307 eis

522 1347 657 1402 opus
686 1349 803 1389 esse
817 1336 1044 1390 confessi
1064 1349 1186 1391 sunt
1202 1356 1216 1391 :
1234 1339 1337 1392 alio
1356 1339 1552 1409 quippe
1567 1340 1754 1402 verbo,
1778 1342 1938 1395 etiam
1964 1342 2080 1410 ipso

520 1420 896 1478 «Christiana
907 1425 1202 1482 eruditione
1217 1427 1552 1497 deprompta,
1566 1429 1696 1483 nilnil
1712 1429 1852 1484 aliud
1863 1432 2079 1487 omnino

519 1513 786 1570 dixerunt.
818 1515 927 1572 Nec
954 1517 1299 1574 dubitandum
1344 1530 1423 1575 est
1454 1522 1535 1576 eis
1554 1523 1645 1591 qui
1675 1522 1849 1576 divina
1881 1527 2074 1594 scripta

518 1603 755 1670 ﬁdeliter
798 1607 996 1676 legunt,
1031 1609 1258 1664 fideliter
1303 1611 1543 1680 audiunt,
1598 1612 1826 1668 ﬁdeliter
1873 1624 2073 1684 tenent,

514 1697 653 1764 quod
676 1697 743 1750 ab
763 1697 851 1752 illa
881 1710 1062 1766 ante,
1087 1712 1207 1769 qum
1240 1701 1387 1768 prius
1407 1703 1679 1758 voluntate
1703 1707 1906 1772 peccati
1935 1704 2069 1760 iacta

2193 543 2408 599 prepter
2425 534 2564 602 quod
2588 536 2732 601 facit,
2776 543 3020 606 tanquam
3075 542 3120 595 si
3170 541 3416 612 peierare
3472 546 3713 618 [pejerarc

2194 621 2344 687 nolit,
2374 631 2431 674 et
2457 623 2582 676 facit
2606 638 2724 676 cum
2756 627 2866 678 vult
2892 628 3088 694 vivere,
3133 631 3180 684 si
3209 635 3523 698 quisquam,
3557 636 3648 688 nisi
3668 637 3725 687 ie-

2192 709 2348 774 cerit,
2372 721 2595 764 mortem
2626 713 2874 766 minetur.
2907 714 3030 769 Vult
3058 732 3186 786 ergo
3215 719 3422 783 facere,
3459 723 3586 790 quia
3636 725 3726 777 valt

2189 794 2393 850 vivere.
2427 791 2494 851 Et
2521 795 2638 852 ideo
2659 813 2765 853 non
2785 802 3122 871 perseipsum
3146 808 3448 875 appetendo
3477 818 3541 862 ut
3562 809 3724 863 labem

2181 883 2345 953 iuret,
2369 886 2462 942 sed
2485 896 2542 941 ut
2587 888 2776 944 falsum
2803 880 3028 959 iurando
3056 896 3214 948 vivat.
3260 897 3421 963 Quod
3449 903 3493 952 si
3521 899 3591 953 ita
3631 913 3718 964 est,

2185 975 2364 1029 nescio
2394 983 2568 1029 utrum
2597 978 2803 1046 possint
2851 979 2953 1034 dici
2993 981 3090 1035 ista
3143 998 3357 1051 peccata
3411 989 3713 1051 nolentium,

2181 1063 2358 1131 qualia
2393 1063 2477 1121 hic
2495 1066 2745 1122 dicuntur
2764 1071 3042 1136 expianda.
3072 1071 3202 1126 Nam
3223 1076 3269 1129 si
3296 1077 3584 1146 diligenter
3605 1095 3716 1132 con-

2180 1151 2460 1218 sideretur,
2502 1155 2636 1211 forte
2663 1159 2830 1224 ipsum
2865 1173 3084 1228 peccare
3115 1177 3271 1217 nemo
3296 1167 3451 1230 velit;
3495 1169 3592 1222 sed
3614 1184 3718 1233 pro-

2181 1250 2300 1308 pter
2317 1243 2458 1298 aliud
2485 1246 2562 1311 lit,
2594 1248 2734 1316 quod
2783 1251 2890 1302 vult
2920 1249 3007 1318 qui
3041 1263 3243 1319 peccat.
3295 1257 3499 1310 Omnes
3548 1259 3719 1325 qtippe

2181 1327 2446 1397 homines,
2474 1334 2564 1402 qui
2594 1336 2822 1390 scientes
2852 1337 3049 1393 faciunt
3066 1341 3207 1408 quod
3233 1358 3338 1397 non
3366 1345 3511 1409 licet,
3541 1347 3717 1400 vellent

2181 1420 2394 1475 licere:
2442 1437 2610 1493 usque
2649 1425 2782 1479 adeo
2829 1427 3000 1495 ipsum
3050 1443 3272 1496 peccare
3326 1447 3482 1486 nemo
3536 1438 3716 1502 appetit

2181 1521 2398 1580 prapter
2450 1514 2552 1569 hoc
2595 1515 2792 1584 ipsum,
2843 1520 2937 1573 sed
2997 1531 3212 1588 propter
3249 1523 3376 1578 illud
3404 1527 3546 1592 quod
3576 1541 3633 1580 et
3659 1543 3714 1581 eo

2178 1604 2539 1672 consequitur.
2566 1605 2690 1661 Hac
2715 1607 2760 1661 si
2789 1609 2857 1660 ita
2887 1623 2945 1662 se
2973 1608 3187 1675 habent,
3223 1629 3328 1666 non
3360 1624 3484 1667 sunt
3513 1626 3707 1678 peccata

2177 1693 2489 1761 nolentium,
2533 1696 2634 1750 nisi
2690 1699 3063 1769 nescientium,
3110 1719 3228 1772 qua:
3273 1703 3647 1760 discernuntur
3686 1723 3707 1758 a

512 1787 599 1836 est
622 1795 748 1837 caro
777 1785 1002 1852 peccati,
1028 1785 1281 1855 deinceps
1310 1803 1402 1855 per
1447 1790 1838 1846 successionem
1892 1802 2056 1848 trans-

2172 1785 2400 1851 pcccatis
2429 1785 2738 1839 volentium.

515 1878 676 1926 eunte
731 1873 781 1926 in
807 1887 992 1929 omnes
1048 1876 1453 1946 transcriptione
1494 1878 1790 1946 iniquitatis
1833 1891 1888 1935 et
1916 1896 2058 1936 mor-

515 1962 603 2029 tis,
661 1976 786 2018 caro
840 1964 909 2018 sit
959 1976 1240 2034 propagata
1297 1969 1520 2036 peccati,
1572 1977 1790 2035 excepta
1836 1985 1937 2025 una
1990 1972 2064 2025 si-

511 2052 804 2107 militud'ne
851 2055 1027 2109 carnis
1070 2056 1293 2123 peccati,
1344 2071 1461 2127 qua:
1508 2066 1683 2112 tamen
1733 2073 1836 2112 non
1894 2070 2059 2124 esset,

511 2143 608 2203 nisi
652 2151 795 2198 esset
835 2158 966 2199 caro
1012 2147 1234 2213 peccati.
1299 2147 1372 2202 De
1432 2147 1606 2202 anima
1655 2164 1820 2215 vero,
1885 2160 2058 2205 utrum

507 2237 559 2283 et
581 2231 692 2299 ipsa
720 2232 906 2287 eodem
938 2233 1095 2289 modo
1122 2244 1428 2304 propagata,
1461 2245 1610 2291 reatu
1634 2237 1724 2304 qui
1745 2238 1794 2291 ei
1821 2237 2059 2292 dimitta-

506 2325 590 2375 tur
615 2322 866 2377 obstrieta
893 2324 962 2378 sit
994 2325 1188 2394 (neque
1215 2327 1354 2380 enim
1389 2341 1667 2394 possumus
1689 2327 1870 2384 dicere
1889 2329 2054 2384 solam

494 2421 713 2466 Carnem
741 2414 966 2481 parvuli,
1007 2428 1111 2468 non
1139 2415 1300 2470 etiam
1326 2418 1556 2470 animam
1590 2417 1828 2487 indigere
1879 2420 2052 2473 salva-

495 2500 630 2554 toris
657 2511 710 2555 et
740 2503 1093 2572 redempturis
1121 2505 1340 2573 auxilio,
1394 2506 1731 2575 alienamque
1757 2522 1876 2563 esse
1898 2508 1965 2563 ab
1992 2523 2053 2564 ea

495 2593 784 2656 gratiarum
811 2595 1018 2649 actione
1048 2610 1167 2664 qua:
1189 2596 1240 2650 in
1268 2596 1484 2665 psalmis
1507 2605 1610 2661 est,
1641 2596 1726 2651 ubi
1751 2597 1974 2666 legimus
1998 2606 2055 2653 et

491 2681 721 2737 dicimus
753 2701 764 2735 :
797 2683 1047 2752 Benedic,
1075 2682 1255 2740 anima
1282 2701 1419 2755 mea,
1457 2687 1700 2754 Domino,
1723 2698 1776 2740 et
1791 2687 1897 2740 noli
1917 2686 2052 2743 obli-

501 2769 631 2823 visci
660 2786 844 2828 omnes
871 2774 1246 2830 retributiones
1278 2777 1415 2842 ejus.
1450 2775 1538 2844 qui
1566 2775 1826 2845 propitius
1853 2775 1910 2829 ﬁt
1937 2791 2053 2831 om-

492 2859 648 2913 uibus
674 2861 1044 2930 iniquitatibus
1075 2865 1200 2929 tuis,
1225 2866 1313 2934 qui
1362 2875 1514 2919 sanat
1541 2879 1728 2920 omnes
1770 2865 2051 2932 languores

489 2958 632 3013 tuus,
666 2951 752 3020 qui
804 2954 1031 3008 redemit
1073 2955 1141 3009 de
1170 2956 1510 3025 corruptione
1541 2955 1704 3011 vitam
1751 2957 1953 3026 tuam);
1983 2972 2049 3012 an

490 3041 647 3094 etiam
678 3055 784 3094 non
805 3054 1086 3114 propagata
1109 3060 1175 3100 eo
1203 3047 1317 3111 ipso
1344 3060 1448 3114 quo
1473 3048 1619 3100 carni
1643 3047 1841 3114 peccati
1859 3061 2048 3117 aggra-

2638 1894 2861 1951 CAPUT
2885 1894 3242 1954 CCCXLVIII.

2167 1979 2330 2060 θείς
2357 1984 2786 2060 quod-scripturis
2815 1998 2908 2060 est,
2946 1985 3085 2060 _Non_
3121 1990 3402 2042 intericitur
3448 2004 3706 2060 patrsqm

2233 2050 2378 2126 Eliis,
2405 2063 2450 2104 et
2479 2050 2786 2126 decoqued
2809 2057 2902 2126 ait,
2937 2056 3172 2111 Reddam
3191 2071 3399 2126 peccata
3445 2050 3638 2126 iam»;
3661 2065 3705 2113 ia

2229 2117 2400 2186 ﬁlios;
2428 2137 2492 2174 ea
2512 2122 2641 2175 libro
2662 2117 3015 2190 'Qtttestiomnu
3049 2117 3442 2181 Deatereuontii.

2230 2226 2342 2281 Non
2363 2231 2654 2284 morientur
2678 2241 2854 2298 patres
2875 2248 2970 2302 pro
2989 2233 3132 2298 ﬁliis,
3155 2246 3211 2290 et
3239 2236 3334 2292 lilii
3365 2253 3471 2291 non
3492 2241 3701 2292 utet-ien-

2161 2327 2248 2374 tur
2269 2333 2369 2388 pro
2389 2320 2644 2388 patribus,
2669 2325 3026 2392 unusquisque
3053 2324 3154 2396 [in]
3169 2340 3266 2381 suo
3287 2338 3508 2395 peccato
3527 2331 3698 2382 morie-

2161 2415 2265 2460 tur.
2297 2405 2436 2463 Ecce
2467 2422 2573 2462 non
2604 2409 2775 2464 solum
2806 2413 3076 2480 propheta:
3107 2413 3209 2469 hoc
3235 2414 3504 2482 dixerunt,
3534 2433 3696 2472 verum

2161 2496 2322 2550 etiam
2353 2497 2433 2551 lea
2461 2495 2610 2560 dicit,
2649 2512 2745 2552 sua
2782 2501 2935 2565 culpa
2977 2516 3244 2570 quemque
3284 2505 3693 2566 interimendum,

2161 2597 2263 2637 non
2295 2586 2570 2653 autpatris
2592 2587 2675 2640 sui
2697 2595 2788 2641 aut
2816 2587 2914 2642 ﬁlii
2957 2590 3059 2642 sui.
3089 2591 3224 2655 Quid
3272 2602 3356 2646 est
3404 2608 3530 2660 ergo
3572 2595 3695 2662 quod

2155 2673 2293 2729 alibi
2310 2674 2506 2730 dicitur
2525 2675 2666 2730 Deus
2687 2676 2913 2732 reddens
2944 2675 3092 2748 [dicit
3115 2679 3272 2742 Deus,
3309 2680 3565 2750 Reddam]
3587 2696 3694 2748 pec-

2154 2775 2268 2819 cata
2287 2775 2493 2835 patrum
2515 2767 2566 2821 in
2589 2766 2724 2821 ﬁlios
2750 2767 2801 2821 in
2823 2770 3029 2822 tcrt'am
3045 2778 3098 2822 et
3111 2779 3357 2838 quartam
3375 2771 3696 2838 progeniem?

2154 2863 2233 2916 An
2281 2861 2350 2914 de
2397 2861 2518 2916 ﬁliis
2547 2862 2779 2915 nondum
2826 2863 2964 2916 natis
2989 2863 3116 2917 illud
3145 2865 3449 2934 intelligitur
3497 2877 3695 2931 propter

2152 2952 2409 3021 originale
2431 2962 2725 3021 peceatum,
2753 2953 2890 3022 quod
2913 2952 3071 3007 etiam
3100 2969 3163 3007 ex
3183 2955 3347 3007 Adam
3369 2957 3527 3008 traxit
3545 2969 3694 3023 genus

2156 3040 2485 3095 humanum?
2529 3041 2628 3096 llic
2669 3051 2845 3096 autem
2873 3043 2939 3095 de
2970 3041 3095 3095 ﬁliis
3131 3041 3238 3110 iam
3275 3045 3411 3096 natis
3445 3057 3520 3098 e~t
3571 3046 3692 3095 farta

489 3128 661 3182 vanda
681 3131 955 3192 miscetur,
983 3135 1090 3198 jam
1117 3133 1284 3203 ipsius
1314 3133 1512 3202 peccati
1536 3134 1848 3188 remissione
1874 3143 1930 3188 et
1955 3148 2048 3187 sua
2079 3147 2123 3208 ς
2153 3131 2446 3197 distinctio,
2478 3141 2534 3185 ut
2562 3132 2923 3201 unusquisque
2952 3132 3003 3186 in
3044 3147 3142 3186 suo
3190 3146 3404 3202 peccato
3434 3137 3690 3187 moriatur.

490 3217 854 3287 redemptione
869 3237 1000 3289 opus
1023 3222 1086 3275 ha
1095 3223 1354 3288 δεδι,οω
1368 3237 1463 3290 per
1477 3234 1738 3277 summam
1756 3222 2038 3290 pra-scien-

490 3309 614 3364 tiam
639 3309 930 3378 judieaute,
978 3313 1069 3381 qui
1111 3313 1447 3380 parvulorum
1490 3312 1560 3366 ab
1597 3313 1699 3366 isto
1739 3321 1889 3366 reatu
1937 3326 2042 3366 non

494 3413 793 3456 mereantur
815 3404 1041 3469 absolvi,
1061 3407 1219 3459 etiam
1249 3407 1336 3473 qui
1362 3406 1593 3458 nondum
1621 3405 1751 3468 nati,
1783 3403 1910 3456 nihil
1940 3402 2040 3455 ali-

487 3492 608 3547 cubi
633 3495 842 3562 propria
871 3510 964 3548 sua
995 3497 1099 3549 vita
1127 3506 1370 3566 egerunt,
1400 3497 1484 3551 vel
1512 3496 1656 3557 boni,
1691 3495 1770 3546 vel
1803 3493 1959 3557 mali;
1991 3501 2045 3546 et

486 3583 751 3650 quomodo
798 3580 976 3648 Deus,
1034 3587 1241 3639 etiamsi
1300 3601 1402 3638 non
1460 3585 1528 3639 de
1575 3585 1791 3638 traduce
1840 3584 2044 3666 animas

492 3682 656 3738 creat,
679 3690 782 3727 non
806 3675 876 3729 sit
901 3685 1076 3729 tamen
1099 3686 1282 3730 auctor
1311 3687 1488 3730 reatus
1535 3677 1790 3745 ejusdem,
1826 3683 2044 3742 propter

492 3777 640 3831 quem
672 3765 964 3831 redemptio
992 3767 1307 3818 sacramenti
1341 3765 1632 3819 necessaria
1663 3775 1741 3817 est
1771 3772 1822 3818 et
1853 3762 2042 3815 anima:

485 3850 684 3919 parvuli
713 3867 728 3904 :
759 3866 944 3920 magna
967 3853 1190 3922 qtttestio
1210 3862 1308 3914 est,
1341 3853 1602 3920 aliamque
1628 3853 2041 3916 disputationem

490 3938 771 4004 desiderat,
802 3954 866 3995 eo
890 3949 1089 4003 tamen,
1114 3951 1366 4010 quantum
1389 3941 1642 4003 arbitrer,
1675 3938 2042 3992 moderamine

491 4038 863 4096 temperatam,
923 4040 981 4084 ut
1028 4032 1194 4100 magis
1249 4031 1520 4097 inquisitio
1572 4040 1722 4084 cauta
1774 4029 2038 4090 laudetur,

491 4133 644 4186 quam
671 4120 995 4188 pra-cipitata
1032 4121 1452 4189 reprehendatur
1473 4118 1719 4172 assertio.
1775 4116 1870 4171 Ubi
1900 4118 2042 4171 enim

489 4208 556 4262 de
586 4223 645 4262 re
670 4209 1044 4264 obscurissima
1069 4211 1387 4278 disputatur,
1421 4225 1524 4263 non
1566 4208 1934 4275 adjuvantibus
1964 4207 2043 4260 di-

491 4298 731 4352 vinarum
772 4299 1141 4352 anetoritatum
1191 4301 1349 4353 certis
1401 4299 1660 4368 clarisque
1687 4297 2038 4360 documentis,

489 4387 740 4442 cohibere
768 4403 826 4442 se
855 4388 1016 4442 debet
1047 4389 1270 4441 humana
1303 4389 1661 4457 prmsumptio,
1688 4387 1817 4440 nihil
1845 4387 2042 4440 faciens

2154 3222 2266 3276 Non
2292 3223 2436 3278 enim
2458 3223 2618 3276 trahit
2640 3223 2832 3291 aliquid
2860 3233 3012 3277 extra
3035 3223 3118 3292 [ex
3151 3223 3348 3293 patre],
3373 3225 3458 3293 qui
3482 3226 3583 3291 jam
3609 3241 3690 3273 na-

2149 3321 2229 3364 tus
2250 3323 2383 3368 erat.
2415 3312 2624 3380 quando
2647 3321 2797 3379 pater
2825 3313 2939 3381 ejus
2963 3315 3230 3381 peccavit;
3276 3315 3368 3368 sed
3397 3330 3514 3367 etim
3541 3326 3590 3368 et
3620 3317 3685 3365 ibi

2146 3399 2292 3467 dicit,
2317 3399 2407 3454 liis
2435 3401 2521 3469 qui
2550 3403 2774 3455 oderunt
2813 3417 2921 3466 me,
2954 3403 3288 3457 manifestum
3309 3413 3392 3458 e~t
3427 3405 3579 3458 etiam
3623 3404 3680 3455 il-

2148 3489 2249 3542 lam
2280 3490 2635 3544 conditionem
2659 3504 2812 3558 posse
2833 3492 3046 3560 mutari,
3089 3492 3131 3545 si
3165 3493 3256 3546 ﬁlii
3285 3505 3550 3561 parentum
3570 3509 3682 3545 sint.

2146 3591 2262 3630 rum
2293 3579 2423 3630 facta
2455 3592 2556 3631 non
2587 3577 2783 3632 fuerint
2810 3578 3019 3632 imitati.
3054 3579 3185 3633 Nam
3210 3590 3262 3634 et
3284 3579 3409 3634 illud
3434 3596 3496 3635 ex
3527 3584 3676 3632 Ada-

2147 3665 2506 3732 temporaliter
2527 3665 2786 3731 redditur,
2813 3667 2932 3735 quia
2982 3682 3170 3723 omnes
3218 3680 3432 3736 prapter
3461 3671 3552 3722 Loc
3575 3685 3679 3722 tuo.

2146 3753 2377 3818 riuntur;
2401 3769 2504 3808 non
2523 3763 2698 3808 autem
2727 3757 2778 3808 in
2806 3765 3060 3810 :cternum
3103 3757 3185 3812 eis
3225 3759 3313 3825 qui
3363 3757 3550 3812 fuerint
3592 3774 3679 3825 per

2144 3844 2366 3912 gratiam
2392 3843 2698 3912 spiritaliter
2727 3848 3042 3914 regenerati,
3094 3848 3143 3900 in
3187 3863 3356 3917 eaque
3395 3865 3678 3916 permaneo

2147 3937 2253 3987 rint
2279 3948 2443 4002 usque
2464 3935 2515 3988 in
2539 3934 2724 3999 linem;
2747 3936 2987 4004 quamvis
3001 3944 3055 3990 ct
3074 3936 3198 3990 illud
3218 3939 3570 4008 meritoquaeri
3589 3953 3693 4004 pos-

2148 4025 2237 4089 sit,
2267 4024 2311 4078 si
2333 4022 2624 4078 redduntur
2671 4033 2883 4092 peccata
2935 4035 3140 4092 patrum
3172 4026 3225 4079 in
3283 4027 3440 4090 ﬁlios,
3486 4027 3559 4079 his
3609 4025 3687 4094 qui

2147 4113 2576 4178 oderuntDeum,
2606 4130 2702 4169 cur
2723 4116 2775 4169 in
2807 4120 3016 4170 tertiam
3045 4126 3100 4170 et
3130 4127 3372 4184 quartam
3409 4117 3680 4186 generatio-

2147 4219 2266 4258 nem
2291 4200 2446 4275 104
2469 4205 2549 4258 vel
2575 4207 2923 4273 praetermissa
2954 4210 3118 4275 prima
3136 4216 3189 4260 et
3213 4208 3464 4272 secunda,
3488 4207 3561 4260 vel
3583 4221 3675 4258 non

2142 4297 2298 4349 etiam
2329 4296 2380 4348 in
2425 4305 2643 4350 creteras
2672 4307 3014 4365 permanente
3059 4299 3329 4366 impietate
3374 4310 3428 4354 et
3455 4298 3679 4351 imitatio-

2145 4402 2210 4440 ne
2239 4386 2494 4440 malorum
2535 4395 2838 4454 parentum;
2871 4401 2938 4439 an
2969 4401 3060 4456 per
3083 4389 3224 4442 lttlnc
3248 4405 3539 4450 numerum,
3563 4402 3678 4453 quo-

490 4482 540 4534 in
588 4491 790 4550 partem
822 4485 1037 4537 alteram
1069 4485 1415 4549 declinando;
1450 4485 1547 4538 etsi
1592 4486 1730 4537 enim
1773 4484 2044 4553 quodlibet
2075 4506 2124 4565 Β
2148 4477 2286 4531 niam
2315 4477 2647 4542 septenarius
2678 4477 3007 4547 intelligitur,
3052 4479 3451 4535 universitatem
3494 4479 3676 4546 signiﬁ-

492 4573 678 4624 Itorum
749 4574 1190 4641 quemadmodum
1249 4575 1599 4628 demonstrari
1666 4583 1721 4627 et
1793 4574 2044 4640 explicari

491 4663 662 4729 possit
691 4663 925 4728 ignorem
951 4682 965 4729 ;
995 4666 1120 4719 illud
1162 4676 1336 4719 tamen
1358 4665 1538 4728 Credo,
1561 4665 1699 4732 quod
1733 4664 1891 4718 etiam
1925 4664 2047 4716 hinc

490 4752 786 4806 divinorum
815 4754 1144 4822 eloquiorum
1181 4756 1470 4808 clarissima
1494 4755 1780 4808 auctoritas
1809 4765 1970 4818 esset,
2000 4755 2044 4807 si

494 4843 651 4897 homo
681 4841 730 4894 id
759 4842 874 4897 sine
919 4844 1196 4912 dispendio
1242 4846 1516 4912 [ιτοιιιὶθετι
1570 4844 1759 4898 salutis
1803 4846 2046 4912 ignorare

493 4948 596 4988 non
628 4941 824 5001 posset.

974 5058 1193 5115 CAPUT
1239 5054 1565 5114 CCCXLVII.

498 5165 623 5236 Quir
642 5173 742 5226 sint
765 5183 967 5242 petente
994 5171 1305 5242 nolentium;
1333 5188 1394 5224 ex
1423 5173 1550 5223 libro
1584 5172 1932 5237 Qumstionum
1979 5171 2042 5222 li-

1051 5235 1126 5293 bri
1157 5239 1515 5293 Numerorum.

561 5353 711 5421 Quod
747 5355 1047 5422 prtecipitur
1075 5352 1342 5422 quomodo
1372 5353 1651 5416 expientur
1683 5362 1892 5419 peccata
1925 5368 2044 5418 qua:

497 5459 600 5497 non
627 5453 814 5511 sponte
838 5445 1262 5505 committuntur,
1307 5443 1499 5494 merito
1518 5444 1771 5505 quatitur
1798 5459 1910 5508 qua:
1943 5445 2045 5494 sint

494 5538 604 5596 ipsa
637 5541 851 5599 peccata
890 5533 1179 5583 nolentium
1214 5548 1227 5583 :
1263 5539 1436 5582 utrum
1469 5543 1586 5596 qua!
1625 5545 1650 5580 τι
1694 5532 2048 5582 nescientibus

494 5619 917 5681 committuntur,
949 5635 1014 5670 an
1045 5619 1200 5671 etiam
1233 5618 1398 5685 possit
1443 5627 1585 5669 recte
1615 5615 1717 5669 dici
1777 5629 2048 5682 peceatum

500 5722 614 5766 esse
647 5709 899 5773 uolentis,
929 5708 1072 5777 quo-.l
1102 5709 1274 5761 facere
1307 5707 1645 5775 compellitur
1677 5723 1688 5758 :
1723 5721 1838 5757 nam
1873 5716 1922 5757 et
1955 5708 2048 5758 huc

2148 4583 2269 4621 care
2287 4567 2468 4630 voluit,
2491 4575 2546 4620 et
2565 4568 2681 4621 ideo
2699 4583 2800 4622 non
2820 4569 2988 4636 ipsum
3012 4583 3116 4623 non
3141 4571 3314 4637 potius
3349 4570 3674 4638 septenarium

2149 4657 2346 4724 posuit,
2377 4667 2434 4710 ut
2460 4659 2660 4711 diceret
2685 4658 2735 4709 in
2763 4659 3036 4724 septimam
3081 4651 3496 4726 generationem,
3518 4671 3571 4709 ac
3608 4657 3674 4708 sic

2148 4747 2319 4799 omnis
2349 4746 2748 4815 intelligeretur,
2778 4748 2897 4814 quia
2925 4761 3135 4800 cau~ain
3169 4747 3498 4814 perfectionis
3537 4745 3674 4810 hujus

2148 4837 2354 4890 numeri
2387 4840 2484 4888 hoc
2512 4836 2669 4889 modo
2691 4838 2861 4903 potius
2890 4836 3169 4889 intimavit.
3193 4838 3315 4890 ldeo
3341 4851 3550 4903 namque
3572 4847 3670 4900 pcr-

2151 4923 2361 4976 Iiibetur
2390 4924 2672 4991 perlecms,
2701 4926 2820 4990 quia
2862 4939 2926 4976 ex
2957 4924 3038 4977 liis
3067 4923 3272 4978 duobus
3310 4934 3504 4978 constat
3535 4938 3547 4974 :
3577 4932 3670 4972 ter-

2151 5015 2298 5066 nario
2317 5013 2519 5067 scilicet
2540 5014 2708 5080 primo
2730 5012 2916 5079 impari
2943 5022 3072 5076 toto,
3098 5023 3152 5066 ct
3171 5016 3501 5081 quaternario
3523 5014 3672 5076 primo

2149 5103 2260 5172 pari
2292 5111 2423 5155 toto.
2455 5100 2605 5156 Unde
2627 5115 2743 5153 esse
2774 5109 2827 5152 et
2865 5100 2991 5153 illud
3038 5100 3403 5167 propheticum
3435 5097 3668 5150 existimo.

2148 5191 2284 5258 quod
2315 5189 2524 5243 assidue
2550 5189 2806 5254 repetitur
2829 5205 2839 5239 :
2869 5187 2920 5241 lu
2944 5189 3110 5240 tribus
3136 5198 3190 5241 et
3215 5200 3431 5255 quatuor
3458 5185 3666 5250 iuipieta-

2151 5281 2290 5333 tibus
2343 5294 2446 5331 non
2500 5278 2815 5330 aversabor:
2858 5291 2950 5343 rer
3002 5276 3141 5343 quod
3197 5275 3365 5328 voluit
3409 5273 3667 5340 impietatis

2150 5371 2419 5422 universas
2442 5369 2613 5436 potius
2647 5381 2802 5432 quam
2835 5377 2942 5418 tres
2967 5365 3049 5419 vel
3073 5375 3300 5434 quatuor
3331 5362 3548 5430 intelligi.

2665 5475 2889 5528 CAPUT
2923 5472 3234 5528 CCCXLIX.

2157 5569 2302 5633 Quod
2347 5567 2574 5632 exemplo
2608 5565 2809 5616 Domini
2844 5565 3132 5631 temporalis
3151 5562 3494 5616 contemnenda
3514 5555 3570 5605 sit
3599 5565 3669 5633 fl-

2225 5642 2302 5688 ltts
2348 5645 2393 5688 et
2438 5622 2520 5701 qui
2566 5635 2718 5702 Mum]
2766 5635 2886 5698 ﬁliis
2913 5622 3010 5705 J'ult
3059 5635 3370 5705 resurrectio_

2226 5717 2324 5759 ίαν.
2359 5705 2431 5756 ῑ·ιἸ
2451 5695 2516 5756 de
2543 5695 2838 5756 sustitti'utia
2859 5704 3081 5756 eiusdem
3107 5700 3225 5764 Job,
3256 5717 3311 5754 ac
3335 5701 3425 5763 ῥά(
3456 5695 3657 5745 θυαε-ιε
