3874 6226
182 336 317 397 lost

1380 344 1803 403 TIIESAI'BUS.
1845 344 1926 398 CA
1939 345 1993 397 Ρ.
2036 345 2222 401 CCCL.

3289 355 3422 413 1682

241 459 739 534 ςεΙιιιιιςιιεηῑιριπῃζὶ
769 474 868 534 non
903 458 1059 534 [uisse
1085 457 1342 534 parietem,
1371 462 1648 534 "quidam
1671 479 1750 515 vo-
1786 463 1826 514 Λ
1858 473 1973 526 qua:
2003 460 2053 512 in
2083 460 2301 512 domino
2331 472 2728 525 praeesserunt.
2757 462 2857 515 Joh
2878 479 3002 534 ergo
3043 467 3106 520 de
3130 468 3231 520 illis
3254 472 3383 534 patri
3410 506 3412 508 τ

243 527 394 579 lant.
431 527 513 579 Ex
535 528 664 580 libro
685 529 744 579 de
771 525 947 580 Gratia
979 525 1111 580 Novi
1141 527 1466 582 Testamenti.

242 635 490 691 Ionem
533 636 710 690 intulit
760 636 919 692 homo
963 636 1064 691 sibi
1097 637 1334 706 Filioque
1385 637 1647 703 hominis;
1675 641 1752 691 vi.

165 736 282 780 tam
361 741 502 780 vero
573 727 747 780 attulit
812 728 1010 781 homini
1079 730 1312 794 moriens
1365 738 1418 782 et
1474 745 1751 800 resurgens

169 815 351 868 Filius
417 816 683 881 hominis,
755 817 1095 884 opprobrium
1154 817 1420 872 hominum
1471 829 1525 873 et
1569 820 1748 890 abjec-

163 905 246 958 tio
297 906 487 972 plebis
540 921 704 974 usque
759 907 825 960 ad
879 914 1127 960 mortem.
1167 907 1276 961 Hoc
1320 909 1460 962 enim
1489 910 1652 963 voluit
1695 911 1747 965 in

161 1004 484 1062 conspectu
530 995 863 1050 inimicorum
892 997 1016 1064 pati,
1047 1011 1151 1066 quo
1177 1013 1298 1052 eum
1322 1007 1570 1066 tanquam
1600 1001 1752 1055 dere-

160 1083 367 1137 lictum
417 1096 699 1155 putarent,
742 1096 797 1140 ut
843 1088 1007 1157 gratia
1055 1089 1512 1144 commendaretur
1557 1090 1747 1146 Testa-

159 1177 344 1231 πιαιιί
380 1177 539 1242 Novi,
566 1193 664 1247 qua
693 1179 1018 1232 disceremus
1051 1172 1207 1232 aliam
1232 1194 1472 1248 quterere
1524 1179 1748 1235 felicita-

157 1274 308 1330 tem,
342 1282 472 1336 quae
499 1283 636 1320 nunc
675 1277 756 1321 est
788 1269 837 1321 in
870 1266 994 1332 ﬁde,
1026 1277 1207 1336 postea
1230 1284 1356 1324 vero
1402 1271 1504 1324 erit
1544 1270 1596 1324 in
1627 1285 1748 1338 spe-

156 1354 274 1410 cie.
307 1356 567 1422 Quandiu
587 1357 730 1411 enim
766 1371 949 1411 smnus
975 1358 1027 1411 in
1055 1373 1301 1426 corpore,
1331 1359 1406 1413 ait
1431 1360 1741 1428 Apostolus,

155 1445 586 1513 peregrinantur
603 1460 633 1498 a
653 1446 907 1510 Domino;
944 1463 1035 1514 per
1051 1445 1208 1501 ﬁdem
1225 1447 1366 1502 enim
1389 1449 1744 1517 ambulamus,

154 1550 274 1587 non
318 1550 426 1604 per
454 1537 716 1604 speciem;
747 1547 800 1590 et
841 1536 958 1590 ideo
989 1551 1129 1592 nunc
1176 1537 1229 1591 in
1261 1552 1377 1606 spe,
1408 1547 1535 1592 tunc
1576 1540 1627 1594 in
1661 1555 1738 1594 re.

156 1625 430 1696 Denique
471 1629 911 1682 resurrectionem
965 1643 1151 1693 suam,
1209 1643 1367 1696 quam
1413 1630 1562 1702 [non]
1610 1632 1746 1685 sicut

158 1723 429 1768 nostram
460 1717 510 1768 in
543 1717 754 1785 longum
799 1716 1000 1771 diﬁ’erri
1031 1717 1347 1785 oportebat,
1397 1728 1452 1771 ut
1486 1719 1538 1772 in
1565 1735 1744 1773 esemv

1856 547 1951 599 bus
1980 557 2095 601 erat
2123 548 2212 615 qui
2241 549 2688 612 exclamaverunt,
2717 559 2771 604 ct
2789 552 2924 605 salvi
2958 551 3080 615 lat-ti
3112 565 3253 608 sunt.
3281 558 3412 608 Cum

1853 638 1996 690 enim
2025 637 2184 700 dicit,
2227 640 2336 707 Ego
2392 649 2588 702 autem,
2641 641 2771 694 satis
2819 642 3050 696 insinuat
3093 660 3192 712 qua
3249 647 3414 698 salute

1849 727 1971 781 illos
2009 728 2184 782 salvus
2227 743 2344 783 esse
2387 729 2554 783 factos
2588 730 2715 783 velit
2759 729 2998 800 intelligi,
3050 733 3102 787 in
3154 748 3256 802 qua
3301 736 3412 802 ipse

1853 815 2029 882 utique
2076 816 2356 870 derelictus
2399 828 2512 878 est,
2541 833 2645 871 non
2686 833 2792 887 quo
2823 819 2895 874 illi
2924 835 2953 872 a
2983 824 3154 876 salute
3210 834 3407 878 :eterna

1853 904 2050 960 iuerint
2095 907 2277 971 alieni,
2324 908 2417 960 sed
2463 909 2513 960 in
2555 911 2765 962 (multo
2817 919 2939 962 tunc
2989 922 3124 974 erat,
3173 915 3316 980 quod
3360 916 3410 966 in

1848 993 2062 1049 Christo
2089 994 2259 1050 fuerat
2289 997 2647 1051 revelandum.
2687 997 2743 1050 lu
2775 998 2966 1054 Vetere
3004 1000 3198 1069 quippe
3223 1003 3411 1056 Testa-

1857 1093 2038 1140 mento
2085 1086 2321 1140 velamen
2360 1097 2444 1142 est
2490 1087 2631 1155 quod
2679 1097 2801 1142 tunc
2846 1089 3138 1155 auferetur;
3179 1106 3297 1145 cum
3348 1095 3411 1145 ;ι‹1

1848 1174 2118 1230 Christum
2143 1177 2366 1246 quisque
2393 1178 2515 1231 inde
2544 1165 2832 1241 transierit,
2856 1197 2959 1248 quo
2979 1183 3238 1237 erueiﬁso
3269 1187 3412 1237 vela-

1851 1284 1970 1323 men
1999 1271 2158 1325 etiam
2183 1271 2362 1338 templi
2389 1272 2616 1325 scissum
2640 1280 2740 1334 est,
2770 1280 2829 1324 ut
2850 1272 3236 1338 signiﬁcaretur
3265 1275 3406 1340 quod

1849 1358 2135 1426 Apostolus
2195 1358 2264 1411 de
2308 1357 2566 1412 velamine
2617 1357 2820 1412 Veteris
2872 1358 3199 1414 Testamenti
3246 1360 3410 1424 dixit,

1847 1449 2096 1518 quoniam
2126 1449 2176 1503 in
2205 1447 2418 1504 Christo
2447 1459 2756 1502 evacuatur.

2415 1577 2638 1632 CAPUT
2667 1575 2856 1632 CCCL.

1849 1665 1988 1733 Quid
2021 1666 2364 1719 adamandum
2409 1666 2509 1730 sit;
2546 1683 2607 1718 ea:
2652 1667 2780 1720 libro
2817 1668 3160 1733 Questiontun
3191 1683 3399 1725 untv.

153 1806 252 1872 plo
300 1805 489 1858 carnis
519 1807 631 1872 ejus
670 1807 995 1860 disceremus
1039 1807 1163 1876 quid
1209 1808 1261 1861 in
1303 1816 1480 1861 nostra
1528 1821 1723 1873 Sperart

1919 1796 2177 1861 Quoniam
2229 1791 2483 1866 quidquid
2528 1814 2632 1851 non
2681 1799 2809 1853 vivit
2854 1816 2957 1853 non
2988 1803 3193 1865 metuit,
3238 1820 3405 1871 neque

150 1894 523 1959 deberemus,
573 1895 744 1948 noluit
796 1897 984 1950 alienis
1033 1897 1418 1963 demonstrare,
1465 1898 1557 1951 sed
1603 1900 1731 1954 suis.

151 1981 383 2036 Alienis
403 1982 526 2037 dico
548 1999 649 2038 non
678 1994 884 2050 natura,
913 1985 1006 2038 sed
1035 1985 1182 2052 vitio,
1206 1987 1349 2053 quod
1374 2001 1584 2054 semper
1609 2002 1736 2042 con~

152 2080 241 2124 tra
275 2081 531 2127 naturam
567 2082 671 2127 est.
703 2075 939 2128 Mortuus
976 2085 1058 2129 est
1087 2090 1214 2143 ergo
1243 2074 1296 2128 in
1325 2085 1609 2146 conspectu
1643 2076 1738 2129 bo~

150 2162 404 2228 minum,
437 2165 724 2218 resurrexit
766 2165 818 2218 in
846 2174 1136 2231 conspectu
1165 2164 1388 2218 ﬁliorum
1435 2165 1728 2232 hominum,

149 2255 285 2321 quia
314 2270 468 2309 mors
507 2256 572 2310 sd
622 2257 885 2310 hominem
939 2256 1252 2324 pertinebat,
1295 2257 1613 2310 resurrectio
1666 2259 1732 2312 ad

151 2342 364 2399 Filium
396 2345 643 2399 hominis.
675 2345 824 2400 Sicut
847 2347 988 2409 enim
1019 2347 1072 2399 iu
1098 2345 1260 2400 Adam
1286 2359 1419 2399 omn
1443 2361 1471 2400 s
1500 2349 1733 2402 moriun-

152 2445 267 2499 tur,
301 2436 385 2491 sic
434 2437 486 2490 in
532 2436 745 2491 Christo
791 2451 978 2491 omnes
1009 2436 1426 2491 viviﬁcabuntur.
1459 2437 1526 2492 Ut
1567 2438 1732 2507 igitur

150 2528 419 2594 exemplo
456 2541 566 2581 suae
593 2528 766 2582 carnis
801 2528 1170 2582 exhortaretur
1207 2527 1389 2582 ﬁdeles
1428 2543 1552 2582 suos
1592 2538 1728 2583 tem-

151 2617 406 2677 poralem
441 2630 534 2682 pro
561 2624 757 2670 a-terna
785 2616 1034 2670 felicitate
1074 2626 1436 2681 contemnere,
1469 2631 1633 2686 usque
1660 2618 1725 2671 ad

151 2715 399 2760 mortem
451 2705 660 2775 pertulit
703 2717 1080 2776 persequentes
1125 2717 1284 2777 atque
1331 2710 1633 2775 saevientes,
1674 2722 1727 2764 et

150 2794 312 2861 quasi
345 2794 488 2848 victu
507 2803 561 2849 et
582 2809 839 2864 oppresso
863 2797 1092 2863 superbe
1123 2797 1424 2850 illudentes.
1445 2798 1595 2863 Quod
1621 2814 1728 2854 .an-

151 2892 266 2936 tem
296 2898 519 2938 carnem
547 2899 695 2938 suam
731 2886 1086 2950 resuscitavit,
1121 2895 1175 2938 et
1211 2883 1590 2952 discipulorum
1636 2902 1725 2940 as-

151 2973 407 3042 pectibus
451 2983 607 3042 atque
644 2975 1001 3029 contractibus
1046 2974 1305 3039 reddidit,
1337 2975 1520 3041 eisque
1548 2975 1727 3029 viden-

151 3061 306 3116 tibus
348 3064 584 3117 ascendit
625 3063 677 3117 in
725 3067 942 3132 cmlum,
983 3068 1126 3131 ipsos
1172 3064 1469 3128 aediﬁcavit,
1499 3073 1555 3119 et
1596 3066 1722 3133 quid

1848 1885 1950 1938 vita
1978 1887 2266 1940 carendum
2299 1892 2575 1956 quisquam
2620 1889 2960 1956 persuaserit,
2994 1900 3047 1943 nt
3077 1901 3216 1944 metu
3246 1895 3402 1944 etiam

1843 1990 2028 2030 carere
2069 1977 2351 2044 possimus.
2402 1976 2697 2030 Amandum
2734 1987 2816 2032 est
2869 1979 2984 2034 sine
3029 1991 3170 2034 metu
3202 1983 3399 2044 vivere,

1838 2065 1932 2118 sed
1958 2081 2159 2129 rursus,
2191 2069 2310 2135 quia
2343 2067 2445 2120 vita
2483 2079 2626 2121 metu
2669 2083 2878 2132 carens,
2919 2070 3102 2136 etiam,
3131 2068 3180 2125 si
3206 2072 3399 2127 intelli-

1835 2152 2009 2222 gentia
2035 2163 2244 2218 careat,
2276 2171 2378 2208 non
2407 2165 2487 2209 est
2514 2158 2826 2222 appetenda,
2849 2161 3128 2213 amandum
3169 2172 3250 2216 est
3281 2163 3396 2218 sine

1836 2252 1977 2296 metu
2001 2258 2118 2296 cum
2160 2245 2426 2297 intellectu
2475 2247 2674 2300 vivere.
2717 2247 2840 2301 ldne
2864 2249 3035 2304 solum
3065 2252 3393 2304 amandum?

1833 2347 1901 2385 an
1930 2347 2080 2386 amor
2115 2348 2324 2402 quoque
2350 2334 2468 2402 ipse
2489 2336 2747 2389 amandus
2771 2337 2888 2391 est?
2915 2340 2987 2393 Ita
3011 2354 3157 2404 vero,
3183 2343 3394 2408 quando

1834 2423 1949 2477 sine
1977 2423 2077 2478 hoc
2107 2424 2193 2477 illa
2229 2439 2332 2478 non
2372 2436 2646 2488 amantur;
2679 2427 2772 2481 sed
2801 2429 2844 2480 si
2890 2438 3105 2497 propter
3139 2430 3237 2482 alia
3276 2447 3392 2497 que

1832 2517 2054 2570 amanda
2084 2525 2205 2569 sunt
2233 2531 2380 2569 amor
2419 2527 2645 2583 amatur,
2676 2533 2778 2572 non
2810 2530 2954 2575 recte
2980 2521 3147 2575 amari
3176 2522 3389 2576 dlClllll’.

1830 2604 1968 2659 Nihil
1984 2608 2127 2660 enim
2148 2617 2227 2662 est
2247 2609 2386 2661 aliud
2404 2625 2603 2672 amare,
2619 2625 2772 2678 quam
2793 2620 3007 2681 propter
3024 2628 3083 2668 se
3101 2613 3266 2684 ipsam
3283 2630 3394 2670 rem

1828 2697 1878 2750 sl
1902 2712 2057 2764 quam
2083 2710 2350 2767 appetere.
2383 2699 2514 2753 Num
2538 2701 2696 2770 igitur
2725 2711 2939 2771 prepter
2962 2717 3021 2758 se
3042 2704 3212 2771 ipsum
3241 2721 3391 2759 amor

1827 2790 2150 2857 appetendos
2175 2802 2277 2856 est,
2295 2809 2435 2860 cum,
2457 2793 2665 2859 quando
2681 2793 2806 2846 deﬁt
2834 2795 2972 2863 quod
2993 2807 3296 2862 smatur,ea
3322 2799 3390 2851 sit

1830 2877 2122 2931 indubitata
2156 2881 2412 2934 miseria?
2446 2881 2661 2943 Deinde,
2695 2897 2813 2935 cum
2863 2899 3013 2936 amor
3054 2896 3226 2940 motus
3268 2889 3385 2956 qui-

1825 2969 1946 3022 dam
1974 2970 2060 3033 sit,
2090 2987 2259 3042 neque
2287 2974 2422 3024 ullus
2461 2974 2530 3026 sit
2561 2983 2732 3027 motus
2764 2973 2864 3028 nisi
2913 2976 2978 3028 ad
3010 2977 3234 3045 aliquid,
3264 2964 3387 3034 cum

1825 3059 2112 3126 quaerimus
2135 3061 2258 3127 quid
2287 3063 2568 3116 amandum
2598 3064 2687 3127 sit,
2722 3064 2845 3131 quid
2873 3064 2940 3117 sit
2969 3063 3096 3118 illud
3137 3066 3202 3119 ad
3247 3069 3387 3136 quod

149 3161 508 3221 exspectare,
539 3155 662 3222 quid
695 3155 986 3222 praedicare
1009 3155 1298 3219 deberent,
1331 3153 1796 3220 evidentissimaC
1829 3148 2029 3201 πηονετί
2061 3159 2301 3216 "Dorica!
2350 3153 2657 3219 qumimus.
2687 3153 2883 3218 Quan.
2923 3155 2966 3207 si
3002 3155 3260 3209 amandus
3306 3169 3396 3210 cst

149 3242 392 3296 veritate
423 3244 754 3296 monstravit.
793 3243 912 3297 Illos
940 3255 1114 3296 autem
1144 3259 1170 3296 a
1202 3245 1389 3312 quibus
1415 3254 1558 3298 unita
1591 3248 1725 3299 mala

149 3346 330 3404 usque
370 3333 435 3385 ad
479 3343 698 3388 mortem
732 3336 1040 3402 pertulerat,
1068 3338 1214 3404 quasi
1254 3337 1319 3389 de
1351 3337 1439 3389 illo
1476 3348 1724 3403 superato

148 3434 204 3478 ct
230 3423 503 3478 exstincto
547 3426 851 3494 gloriantes,
887 3428 938 3478 in
969 3441 1030 3480 ea
1059 3427 1306 3494 Opieione
1334 3427 1638 3494 dereliquit,
1672 3439 1728 3481 ut

148 3516 402 3584 quisquis
418 3530 600 3569 eorum
621 3517 790 3571 salute
803 3526 1000 3571 aeterna
1016 3519 1191 3572 salvus
1211 3519 1322 3570 ﬁeri
1343 3518 1520 3582 vellet,
1538 3519 1638 3572 hoc
1657 3521 1728 3574 de

148 3604 300 3658 illitrs
331 3605 524 3658 mortui
549 3607 934 3660 resurrectione
963 3607 1203 3662 crederet
1222 3646 1236 3668 .
1267 3608 1406 3676 quod
1439 3609 1489 3662 hi
1517 3610 1606 3677 qui
1638 3609 1720 3662 vi-

146 3695 348 3750 derunt
369 3733 385 3761 ,
417 3696 580 3763 signis
614 3697 1033 3750 contestantibus
1071 3698 1515 3764 praedicaverunt,
1547 3710 1596 3752 et
1630 3715 1724 3768 pro

146 3799 208 3838 ea
253 3784 634 3854 praedicatione
676 3786 868 3840 similia
916 3789 1116 3854 perpeti
1167 3802 1271 3840 non
1319 3787 1712 3844 dubitaverunt.

145 3875 488 3943 Quapropter
511 3875 668 3927 etiam
696 3875 943 3941 Jacobos,
973 3891 1110 3930 unus
1138 3892 1199 3930 ex
1228 3878 1482 3945 apostolis
1503 3878 1638 3946 ejus,
1666 3880 1714 3932 iu

147 3963 393 4032 Epistula
425 3978 538 4028 sua,
572 3979 690 4016 eum
717 3967 1089 4020 exhortaretur
1121 3966 1304 4020 ﬁdeles
1337 3968 1425 4035 qui
1454 3977 1570 4036 post
1601 3984 1718 4036 pas-

145 4052 362 4105 sionem
394 4059 449 4103 et
486 4053 924 4128 resurrectionem
953 4052 1150 4107 Christi
1180 4055 1351 4108 adhuc
1389 4057 1440 4108 in
1487 4057 1581 4108 ista
1613 4057 1715 4109 vita

143 4144 496 4206 tenebantur,
545 4145 993 4212 dispensationem
1032 4147 1350 4199 'l'estamenti
1385 4146 1587 4200 Veteris
1614 4147 1718 4199 Νο-

144 4233 310 4301 vique
357 4231 686 4298 distinguens
710 4251 721 4286 :
749 4234 1124 4290 Sustincntiam
1143 4276 1156 4297 ,
1185 4235 1374 4301 inquit,
1411 4236 1512 4289 Job
1541 4237 1710 4289 audis-

143 4323 237 4385 tis,
283 4327 341 4373 et
363 4319 516 4373 linem
544 4321 746 4374 Domini
772 4323 1006 4384 vidistis;
1039 4337 1104 4376 ne
1138 4323 1256 4375 ideo
1280 4325 1538 4390 patienter
1559 4327 1715 4378 susti-

141 4418 346 4463 nerent
387 4411 693 4476 temporalia
740 4411 897 4475 mala,
933 4422 987 4465 ut
1034 4411 1134 4464 sibi
1183 4413 1284 4465 hoc
1325 4416 1710 4479 restitueretur,

1828 3251 2000 3298 amor,
2030 3254 2132 3292 non
2182 3239 2360 3306 utique
2405 3240 2578 3295 omnis
2612 3243 2870 3295 amandus
2896 3251 2979 3297 est
3002 3259 3019 3298 :
3045 3252 3130 3298 est
3156 3246 3297 3297 enim
3335 3255 3386 3298 et

1829 3325 2014 3392 turpis,
2047 3341 2151 3394 quo
2187 3329 2396 3380 animus
2443 3343 2503 3382 se
2547 3329 2660 3397 ipso
2697 3331 2944 3383 interiora
2974 3340 3235 3396 sectatur;
3267 3347 3384 3401 qum

1828 3417 1994 3484 magis
2027 3419 2236 3485 proprie
2283 3419 2546 3486 Cupiditas
2591 3419 2803 3484 dicitur,
2852 3423 3082 3474 omnium
3133 3421 3383 3476 videliCet

1827 3509 2082 3561 malorum
2115 3509 2298 3572 radix;
2325 3521 2377 3564 et
2405 3511 2527 3564 ideo
2549 3526 2652 3563 non
2680 3512 2961 3565 amandum
2993 3523 3073 3566 est
3102 3515 3238 3582 quod
3270 3531 3382 3566 om-

1828 3602 1971 3653 neuti
2001 3609 2052 3652 et
2094 3600 2286 3653 [ruenti
2318 3600 2485 3654 amori
2516 3600 2710 3655 auferri
2745 3612 2937 3670 potest.
2970 3603 3132 3671 Cujus
3148 3619 3274 3673 ergo
3305 3609 3380 3656 rei

1824 3703 1974 3742 amor
2002 3690 2257 3742 amandus
2285 3700 2398 3753 est,
2424 3691 2522 3743 nisi
2550 3691 2665 3755 ejus
2692 3705 2810 3759 qua:
2852 3707 2954 3746 non
2999 3703 3169 3760 potest
3193 3695 3378 3748 deesse

1824 3782 1947 3834 dum
1972 3782 2209 3834 amatur?
2237 3781 2291 3834 Id
2321 3790 2402 3835 est
2454 3793 2630 3835 autem
2660 3783 2797 3851 quod
2830 3781 2961 3837 nihil
2989 3794 3070 3838 est
3107 3785 3247 3838 aliud
3291 3786 3378 3837 ha-

1820 3873 1965 3933 bere,
1997 3887 2151 3938 quam
2174 3872 2308 3924 sicut
2338 3873 2659 3926 noscendum
2685 3883 2764 3926 est
2793 3886 2969 3928 nosse.
3005 3873 3168 3928 Porro
3191 3889 3374 3926 aurum

1817 3972 1871 4015 et
1892 3977 2048 4014 omne
2072 3975 2267 4028 corpus
2297 3975 2402 4013 non
2433 3960 2532 4014 hoc
2554 3972 2635 4014 est
2670 3960 2872 4015 habere
2896 3962 3035 4029 quod
3063 3977 3241 4016 nosse.
3266 3962 3376 4016 Non

1819 4052 1993 4117 itaque
2015 4051 2296 4104 amandum
2317 4060 2423 4114 est;
2441 4059 2492 4105 et
2511 4051 2761 4120 quoniam
2783 4060 2957 4118 potest
2973 4051 3166 4119 aliquid
3190 4055 3374 4117 amari,

1816 4155 1912 4194 nec
1943 4141 2143 4202 haberi,
2171 4157 2272 4193 non
2306 4142 2474 4193 solum
2508 4157 2572 4195 ex
2605 4141 2687 4195 his
2713 4157 2828 4209 quae
2851 4141 3073 4195 amanda
3098 4158 3202 4196 non
3232 4155 3374 4208 sunt,

1817 4241 1872 4284 ot
1902 4233 2176 4300 pulchrum
2215 4231 2426 4299 aliquod
2458 4245 2670 4297 corpus,
2699 4230 2791 4284 sed
2835 4245 3020 4283 eorum
3051 4233 3208 4284 etiam
3257 4249 3372 4300 qum

1813 4323 2036 4374 amanda
2066 4332 2209 4386 sunt,
2242 4330 2298 4374 ut
2330 4322 2479 4374 beata
2509 4321 2643 4382 vita;
2686 4329 2739 4374 et
2768 4336 2950 4374 rursus
2984 4331 3153 4388 ροιρει
3178 4323 3370 4386 aliquid

1814 4411 1992 4464 haberl
2019 4426 2114 4464 nec
2141 4413 2327 4470 amari,
2363 4421 2417 4463 ut
2445 4412 2750 4477 compedes,
2772 4411 2889 4477 jure
2916 4411 3168 4477 quaeritur
3196 4423 3369 4464 utrum

141 4497 290 4566 quod
318 4498 584 4566 recepisse
609 4499 708 4554 Job
745 4502 986 4569 legimus.
1024 4502 1152 4555 Nam
1181 4513 1235 4557 et
1271 4503 1338 4556 ab
1369 4506 1459 4558 illo
1490 4508 1708 4562 volnt-rc
1744 4499 1786 4554 D
1815 4505 1977 4570 p-ussit
1999 4503 2256 4570 quispiam
2283 4502 2331 4554 id
2356 4503 2492 4569 quod
2514 4501 3368 4563 haberenibilestnisinosse,non

141 4601 308 4660 atque
340 4592 615 4658 putredine
641 4593 815 4647 salvus
847 4595 1036 4658 lactus,
1067 4606 1118 4649 et
1147 4597 1196 4650 ei
1223 4610 1410 4651 cuneta
1438 4615 1553 4666 qua:
1584 4604 1710 4653 ami-

139 4689 293 4736 scrat
338 4680 494 4748 dupla
543 4692 665 4736 sunt
711 4686 974 4738 restituta.
1003 4685 1100 4741 Ubi
1148 4688 1306 4740 etiam
1344 4694 1707 4745 commendata

137 4781 226 4825 est
258 4773 666 4826 resurrectionis
716 4775 882 4829 ﬁdes:
934 4791 1050 4829 nam
1096 4777 1189 4830 lilii
1222 4793 1323 4831 non
1381 4781 1432 4830 in
1462 4779 1698 4846 duplum,

138 4865 242 4919 καί
276 4863 490 4917 totidem
534 4866 745 4929 redditi,
775 4869 933 4922 etiam
982 4869 1101 4923 illos
1140 4885 1270 4938 quos
1320 4872 1568 4924 amiserat
1621 4889 1705 4927 rc-~

139 4961 487 5006 surrecturus
535 4955 985 5023 signiﬁcaverunt.
1042 4959 1128 5011 Sic
1183 4959 1276 5020 i;-si
1325 4975 1554 5027 quoque,
1604 4963 1702 5017 illis

139 5042 414 5112 prioribus
439 5043 630 5110 juncti,
664 5061 690 5097 a
725 5049 1059 5100 restitutione
1089 5048 1231 5114 dupli
1270 5066 1371 5100 non
1407 5051 1700 5103 invenircuo

140 5143 234 5185 tur
263 5133 440 5183 alieni.
471 5132 535 5185 Ut
565 5147 691 5198 ergo
721 5149 821 5185 non
855 5136 1011 5187 talem
1062 5139 1535 5206 remunerationem
1579 5155 1696 5204 spn-

140 5233 413 5280 rarcmus,
458 5220 669 5287 quando
702 5223 834 5274 mala
885 5225 1190 5290 temporalia
1243 5235 1563 5290 pateremur,
1598 5245 1698 5280 ηιιιι

137 5312 231 5363 nit.
280 5310 655 5364 Sustinentiani
705 5324 756 5365 et
804 5315 954 5367 linem
996 5314 1093 5366 Job
1120 5315 1382 5379 audistis;
1441 5318 1531 5369 sed
1587 5319 1699 5371 ait:

141 5401 522 5454 Sustinentiam
566 5401 664 5456 Job
691 5405 929 5466 audistis,
956 5414 1008 5458 et
1039 5404 1190 5458 ﬁnem
1227 5406 1430 5458 Domini
1465 5407 1697 5471 vidistis;

141 5497 410 5559 tamquam
442 5493 636 5545 diceret
670 5510 682 5545 :
719 5495 844 5546 Mala
877 5497 1181 5560 temporalia
1223 5498 1361 5550 sicut
1403 5496 1503 5549 tab
1533 5499 1696 5550 susti—

138 5589 284 5640 nete;
315 5582 411 5634 scd
443 5598 536 5649 pro
564 5583 658 5636 hac
688 5585 1017 5650 sustinentia,
1045 5601 1147 5636 non
1173 5587 1476 5653 temporalia
1512 5585 1695 5654 [bona]

134 5681 367 5738 δρα-ηις,
403 5688 520 5739 qua:
551 5672 621 5725 illi
650 5684 797 5727 aucta
831 5673 1119 5737 redierunt,
1152 5675 1243 5728 sed
1270 5685 1463 5730 a‘tcma
1497 5675 1688 5739 potius.

1813 4607 1991 4644 :uuare
2019 4609 2136 4645 cum
2176 4592 2380 4655 habeat,
2417 4591 2464 4643 id
2497 4599 2592 4651 est,
2630 4591 2856 4644 noverit.
2895 4591 2999 4645 Sed
3029 4607 3148 4645 cum
3181 4593 3362 4644 vidi-a-

1814 4697 1927 4733 lllllS
1969 4683 2244 4735 nonnullos
2280 4697 2381 4733 non
2423 4681 2492 4732 ob
2536 4680 2698 4744 aliud,
2739 4681 2882 4734 verbi
2932 4683 3119 4747 gratia,
3150 4682 3356 4736 discere

1812 4787 2080 4827 numeros.
2114 4771 2210 4823 nisi
2254 4782 2307 4823 ut
2344 4774 2527 4824 eadem
2577 4771 2848 4838 disciplina
2897 4775 3166 4838 pecuniosi
3207 4776 3268 4825 lia
3296 4790 3360 4832 ιι,

1806 4874 1892 4916 aut
1922 4861 2217 4914 hominibus
2249 4863 2521 4929 placeant,
2569 4875 2722 4926 quam
2754 4874 2875 4913 cum
2926 4861 3209 4914 didicerint
3236 4902 3249 4923 ,
3289 4865 3352 4915 ad

1804 4952 2043 5006 eumdem
2096 4953 2250 5004 ﬁnem
2307 4950 2554 5012 referant,
2596 4964 2752 5017 quem
2783 4950 2886 5003 sibi
2936 4965 3054 5003 cum
3095 4951 3356 5004 discerent

1806 5052 2228 5110 proposuerant;
2279 5057 2448 5108 neque
2500 5041 2657 5092 ullam
2721 5040 3049 5106 disciplinam
3100 5043 3234 5094 al.ud
3292 5053 3357 5094 snt

1806 5137 2000 5188 habere
2030 5149 2184 5198 quam
2235 5148 2416 5192 nosse;
2464 5132 2576 5184 ﬁeri
2607 5143 2775 5199 potest
2810 5143 2863 5183 nt
2915 5132 3104 5185 haheat
3134 5136 3356 5201 quisque

1805 5225 2022 5293 aliquid,
2048 5226 2187 5292 quod
2216 5224 2411 5276 habere
2435 5223 2533 5276 hoc
2561 5225 2630 5276 sit
2650 5224 2787 5289 quod
2819 5239 3004 5288 nosse;
3030 5240 3198 5291 neque
3220 5237 3354 5279 amet

1805 5328 2005 5382 tamen,
2039 5330 2336 5382 quanquam
2388 5315 2580 5366 bonum
2609 5315 2748 5380 quod
2803 5329 2906 5367 non
2953 5327 3159 5369 amatur
3204 5334 3352 5369 nemo

1807 5414 1981 5472 potest
2020 5405 2249 5471 perfecte
2282 5405 2474 5456 habere
2501 5403 2581 5455 vel
2614 5419 2789 5455 nosse.
2823 5403 2953 5467 Quis
2995 5405 3138 5458 enim
3184 5419 3350 5472 potest

1800 5506 1953 5544 nosse
1975 5502 2223 5558 quantum
2245 5493 2311 5542 sit
2335 5492 2524 5542 bonum
2545 5506 2647 5556 quo
2670 5508 2771 5544 non
2798 5493 3018 5545 fruitur?
3037 5493 3144 5546 Non
3175 5505 3350 5549 autem

1795 5584 2005 5644 fruitur,
2035 5583 2075 5634 si
2107 5598 2206 5633 non
2232 5582 2510 5633 amat.l\'ec
2546 5581 2701 5634 habet
2723 5581 2878 5649 igitur
2896 5584 3032 5649 quod
3064 5585 3343 5639 amandum

1795 5684 1894 5738 est,
1922 5690 2006 5741 qu.
2035 5690 2135 5726 non
2161 5681 2316 5735 uiuat,
2338 5671 2541 5724 etiamsi
2569 5685 2747 5725 amare
2772 5673 2930 5740 possit
2967 5671 3114 5740 105
3135 5674 3219 5741 qui
3245 5691 3344 5728 non
