3800 6236
81 367 189 420 1035

1183 359 1605 414 'l‘llllSHilllfS.
1651 359 1802 412 (λιιι.
1846 361 2079 414 CiZtIldl.

3101 372 3122 422 l
3136 371 3234 422 096

76 482 124 532 tit
147 480 267 544 quod
298 478 346 530 in
375 477 596 530 aliorum
632 475 898 526 hominum
929 482 1182 542 potestate
1212 483 1312 526 est.
1340 475 1435 537 Qui
1462 489 1588 540 ergo
1620 479 1658 529 Α
1691 475 2035 536 charitatem;
2068 473 2198 528 sicut
2229 475 2543 528 euim'radix
2598 479 2828 529 ouminm
2865 479 3114 532 malorum
3145 499 3234 534 ru-

75 573 278 623 imitatur
324 569 490 620 bonos
520 566 709 618 nullius
738 566 966 616 hominis
994 564 1190 632 appetit
1213 563 1453 624 laudem;
1500 563 1584 626 qui

73 664 231 726 lllhltts,
255 675 352 711 non
381 660 566 723 dignus
600 665 679 708 est
705 656 876 708 laude.
906 655 960 708 Si
990 664 1161 706 autem
1195 654 1400 718 placere
1422 651 1590 704 homi-

72 758 320 810 nibusuleo
349 756 444 816 vis,
467 763 518 806 ιιι
548 756 624 806 eis
649 755 816 821 prosis
834 755 894 805 ad
915 752 1240 815 diligendum
1267 752 1454 814 Deutn,
1482 764 1584 801 non

73 846 156 914 jam
184 845 293 907 hoc,
335 845 424 898 sed
454 845 592 896 aliud
621 845 796 911 cupis;
846 845 931 911 qui
964 854 1136 896 autem
1174 842 1379 910 placere
1424 842 1588 904 cupit,

72 935 393 987 necessarium
422 935 591 987 adlmc
645 936 800 986 habet
832 935 1096 995 timorem,
1140 933 1364 995 primum
1409 947 1474 982 ne.
1501 946 1590 984 oe-

68 1025 186 1077 culte
235 1025 494 1090 peccando
520 1025 655 1077 inter
686 1024 986 1090 hypocritas
1007 1037 1035 1074 a
1065 1024 1286 1076 Domino
1322 1033 1591 1087 compute-

70 1125 171 1176 tur;
210 1113 418 1177 deinde,
459 1114 501 1166 si
557 1114 843 1168 benefactis
890 1113 1101 1180 placere
1125 1113 1346 1179 appetit,
1377 1121 1430 1165 et
1455 1113 1591 1164 hanc

69 1205 338 1256 mercedem
389 1219 676 1270 aucupans,
705 1203 891 1268 perdat
911 1202 1050 1269 quod
1079 1203 1293 1254 daturus
1321 1213 1401 1255 est
1433 1203 1589 1255 Deus.

69 1290 158 1344 Sed
187 1291 382 1343 devicta
429 1291 522 1343 ista
573 1291 875 1358 cupiditate,
928 1291 1156 1344 cavenda
1202 1293 1443 1358 superLia
1476 1301 1588 1353 est,

66 1378 256 1432 difﬁcile
282 1382 420 1430 enim
463 1390 543 1433 est
585 1389 642 1432 ιιι
670 1380 911 1447 dignetur
945 1379 1237 1432 consociari
1268 1381 1591 1442 hominibus,

67 1469 140 1534 qui
160 1470 230 1522 eis
261 1469 464 1534 placere
491 1470 595 1538 jzun
629 1486 730 1520 non
759 1469 1044 1526 desiderat.
1076 1477 1128 1520 et
1161 1469 1370 1534 plenum
1393 1484 1449 1520 se
1482 1468 1592 1519 vir-

66 1557 241 1609 tutibus
269 1566 438 1624 putat.
467 1559 646 1624 Itaque
676 1558 845 1610 adhuc
871 1559 1193 1609 necessarius
1222 1570 1302 1609 est
1328 1558 1502 1620 timor,
1531 1574 1594 1610 ne

66 1645 172 1698 illud
193 1648 344 1698 etiam
368 1645 510 1712 quod
535 1645 736 1698 videtur
771 1646 983 1708 habere,
1015 1645 1282 1697 auferatur
1335 1646 1400 1698 ab
1429 1660 1512 1707 eo,
1543 1655 1594 1699 et

64 1738 283 1790 manibus
313 1753 373 1792 ac
407 1738 624 1805 ped-ibus
645 1738 817 1804 ligatis
839 1737 1072 1788 mittatur
1099 1736 1150 1787 in
1182 1737 1425 1789 tenebras
1446 1747 1602 1790 este--

1692 566 1900 631 piditas,
1932 566 2002 619 ita
2031 566 2173 616 radis
2223 567 2456 618 omnitttn
2487 567 2738 619 bonorum
2768 571 3016 622 Charitas.
3052 568 3237 624 Totam

1691 654 2102 722 magnitudinem
2145 665 2198 706 et
2223 656 2556 710 latitudinem
2587 657 2878 711 divinorum
2911 661 3239 728 elmptiorum

1661 756 1846 795 secura
1876 743 2112 811 possidet
2158 743 2409 807 citat-itas,
2446 746 2567 812 quia
2602 746 2761 798 Deum
2803 749 3210 816 proximumque

1689 831 1972 895 diligimus.
1999 834 2158 886 Docet
2184 835 2322 885 enim
2354 849 2449 887 nos
2477 837 2710 889 caelestis
2733 854 2868 889 ututs
2899 838 3159 906 Magister,
3186 850 3239 894 cl

1689 921 1845 975 dicit:
1863 922 2054 990 Diliges
2075 923 2349 973 Dominum
2377 923 2535 975 llcutn
2561 934 2701 975 tuum
2726 940 2790 978 ex
2816 935 2924 979 toto
2943 926 3104 980 corde
3129 939 3239 990 tuo,

1690 1017 1742 1061 ct
1769 1025 1830 1063 ex
1865 1018 1972 1062 tota
2001 1009 2174 1062 anima
2209 1020 2382 1072 tua,et
2409 1026 2472 1065 ex
2506 1022 2613 1065 tota
2644 1024 2820 1067 mente
2850 1024 3025 1080 tua,et
3052 1016 3242 1084 diliges

1694 1098 1992 1163 proximum
2043 1109 2186 1153 tutan
2242 1109 2488 1168 tanquam
2535 1102 2755 1166 teipsqu
2797 1120 2808 1153 :
2846 1106 2894 1157 in
2930 1105 3010 1157 his
3035 1107 3243 1160 duobus

1694 1188 1969 1253 przneeptis
2021 1197 2126 1240 tota
2157 1191 2234 1241 lex
2278 1191 2471 1256 pendet
2510 1202 2563 1244 et
2594 1195 2879 1258 prophetze.
2904 1193 2960 1246 Si
2983 1209 3107 1263 ergo
3138 1213 3243 1249 non

1693 1288 1841 1331 vat-at
1885 1294 2070 1332 omnes
2101 1282 2317 1349 paginas
2346 1293 2556 1335 sam-tas
2585 1286 2925 1350 perscrutari,
2946 1288 3122 1340 omnia
3154 1289 3239 1342 itt-

1692 1368 1903 1421 volucra
1927 1384 2227 1423 serntomun
2258 1372 2523 1438 evolvere,
2553 1376 2725 1427 omnia
2749 1376 3140 1442 Si'ripturarum
3163 1394 3245 1432 sc-

1692 1467 1834 1509 ereta
1860 1470 2166 1526 penetrare;
2195 1470 2315 1515 tene
2334 1463 2648 1517 charitatent
2673 1465 2756 1518 ubi
2782 1467 3008 1533 pendent
3031 1472 3206 1522 omnia
3229 1487 3242 1522 :

1694 1549 1763 1602 ita
1820 1551 2022 1604 tenebis
2074 1552 2211 1620 quod
2259 1552 2326 1605 ibi
2373 1553 2630 1617 didicisti;
2684 1558 2885 1608 tenebis
2916 1559 3073 1609 etiam
3105 1560 3243 1625 quod

1694 1641 1924 1694 nondum
1957 1643 2209 1697 didicisti.
2239 1645 2294 1696 Si
2340 1646 2479 1698 enim
2510 1647 2643 1698 nosti
2682 1647 3020 1714 t-baritatem,
3053 1652 3246 1715 aliquid

1696 1734 1857 1797 nosti,
1879 1733 2018 1787 unde
2046 1744 2098 1786 et
2137 1735 2261 1788 illud
2313 1736 2502 1802 pendet
2532 1737 2670 1799 qttod
2704 1737 2836 1790 forte
2859 1755 2960 1793 tton
2996 1741 3163 1803 nosti;
3195 1749 3247 1793 et

65 1829 231 1879 tiores.
255 1830 582 1893 ριιιιιιίψιστ
610 1827 697 1877 Dei
731 1827 887 1879 timor
917 1841 1017 1876 nou
1049 1825 1214 1877 solum
1240 1825 1472 1888 inc—boat,
1501 1825 1590 1877 sed
1627 1811 1670 1866 Π
1698 1822 1748 1874 in
1777 1838 1842 1874 eo
1886 1825 2026 1892 quod
2058 1825 2109 1877 in
2160 1823 2444 1888 Scripturis
2475 1825 2721 1895 intelligis
2748 1828 2972 1880 eharilas
3005 1839 3165 1896 patet,
3196 1840 3248 1882 et

63 1914 202 1967 etiam
250 1917 449 1983 perlicit
496 1916 812 1982 sapientem;
867 1916 907 1967 is
927 1925 1011 1968 est
1065 1917 1238 1968 autem
1269 1916 1356 1982 qui
1389 1931 1592 1968 summe

69 2005 206 2074 ιω
227 2004 398 2072 diligit
445 2005 604 2075 Deum
653 2015 701 2057 et
729 2004 1025 2071 proximum
1067 2013 1309 2070 tanquam
1340 2003 1590 2069 seipsutn.

62 2097 177 2159 Quae
218 2105 390 2147 autem
440 2097 488 2147 itt
532 2094 630 2147 hoc
675 2095 862 2146 itinere
893 2092 1117 2157 pericula
1150 2090 1594 2157 difficultati-sque

63 2184 344 2235 metuenda:
373 2185 494 2243 sint.
528 2194 581 2237 et
609 2183 796 2251 quibus
826 2180 1069 2235 remediis
1097 2182 1169 2234 uti
1199 2191 1457 2248 oporteat,
1492 2181 1591 2233 alia

61 2274 263 2337 quatstio
291 2284 393 2326 est.
568 2341 786 2394 CAPUT
816 2317 932 2390 ατ(
942 2339 1023 2392 L"

451 2431 629 2484 Sermo
651 2432 713 2482 dc
733 2430 883 2481 laudc
908 2429 1190 2480 charitalis.

125 2543 422 2595 Divinarum
443 2542 829 2607 Seripturarum
855 2539 1193 2606 multiplicem
1219 2540 1588 2591 ahumlantimn

59 2630 457 2698 lati~sitnamque
505 2631 817 2690 doctrinam,
843 2629 957 2681 sine
1006 2628 1110 2680 ullo
1139 2643 1320 2679 errore
1349 2642 1591 2690 compre-

59 2718 245 2783 hendit,
266 2729 322 2772 et
346 2721 460 2771 sine
487 2719 591 2771 ullo
615 2718 788 2769 labore
819 2717 1066 2780 custodit,
1088 2716 1239 2784 cujus
1264 2732 1356 2768 eor
1383 2717 1591 2782 plenum

55 2816 127 2860 est
152 2808 429 2872 charitate,
459 2807 664 2861 dicente
692 2806 943 2874 Apostolo
974 2823 985 2856 :
1010 2806 1282 2858 l’lenitudo
1313 2815 1486 2858 autem
1519 2807 1592 2859 le-

57 2895 127 2962 gis
177 2896 301 2967 [est]
327 2895 584 2959 cbaritas;
631 2904 685 2948 et
741 2896 846 2947 alio
877 2894 994 2947 loco
1025 2912 1037 2946 :
1071 2894 1215 2947 Finis
1255 2905 1433 2948 autem
1461 2911 1593 2962 prae-

54 2987 181 3053 eepti
202 2996 283 3040 est
311 2985 638 3049 charitas,de
656 2988 814 3038 corde
838 2993 1050 3053 pnro,et
1075 2985 1395 3038 εοιιεοίοιιιίιι
1435 2984 1589 3046 bima,

54 3088 102 3132 ct
127 3077 226 3133 fide
276 3093 380 3131 non
408 3078 546 3130 ficta.
575 3076 707 3143 Quid
736 3074 907 3145 [Quis]
937 3087 1017 3130 est
1045 3085 1220 3128 autem
1253 3076 1500 3142 przecepti
1534 3077 1591 3127 ll-

1696 1911 1747 1962 itt
1779 1926 1843 1964 eo
1865 1912 2002 1980 quod
2032 1928 2136 1965 non
2168 1914 2412 1978 intelligis
2429 1914 2656 1967 cltaritas
2687 1918 2828 1969 latet.
2863 1917 2949 1970 Ille
2979 1921 3151 1986 itaque
3173 1929 3246 1971 te-

1696 2008 1783 2051 net
1817 2010 1868 2052 et
1895 2002 2034 2068 quod
2085 2012 2224 2065 patet
2253 2011 2306 2054 et
2332 2005 2470 2070 quod
2523 2005 2649 2058 latet
2679 2007 2727 2058 in
2757 2007 2951 2061 divinis
2980 2012 3239 2062 sermoni-

1696 2088 1814 2152 bus,
1841 2091 1926 2156 qui
1980 2090 2285 2144 cltaritatem
2316 2101 2457 2146 tenet
2503 2095 2555 2146 in
2611 2095 2863 2148 moribus.
2891 2096 3240 2164 Quapmpter,

1697 2176 1904 2241 fratres,
1929 2181 2195 2231 sectamini
2221 2181 2549 2245 charitatem,
2573 2183 2722 2237 dulce
2744 2201 2802 2236 ae
2830 2186 3043 2240 salubre
3067 2187 3247 2239 vincu-

1697 2267 1800 2320 lum
1824 2268 2096 2334 mentium,
2117 2270 2234 2322 sine
2254 2286 2352 2338 qua
2372 2271 2526 2324 dives
2549 2287 2742 2338 pauper
2765 2283 2864 2336 est,
2887 2285 2938 2328 et
2960 2274 3124 2344 [cum]
3140 2292 3245 2343 qua

1693 2374 1890 2426 pauper
1918 2359 2063 2412 dives
2109 2368 2209 2413 cst.
2259 2361 2378 2414 ll;ec
2410 2361 2461 2414 itt
2514 2363 2915 2416 adversi'atihus
2946 2367 3152 2427 tolerat,
3187 2366 3240 2418 iu

1695 2449 2129 2514 prosperitatibus
2152 2451 2493 2515 tentperat,in
2522 2449 2666 2503 duris
2695 2452 3023 2517 passionibus
3066 2452 3237 2518 fortis,

1696 2540 1745 2590 in
1779 2537 1928 2590 bouis
1977 2539 2228 2604 operibus
2255 2540 2456 2602 hilaris,
2484 2540 2534 2592 in
2565 2542 2851 2594 tentatione
2879 2541 3161 2604 tutissima,
3194 2544 3244 2594 iu

1697 2629 2053 2697 hospitalitate
2096 2631 2370 2692 latissima,
2401 2631 2538 2683 inter
2559 2644 2709 2683 veros
2740 2631 2926 2683 fratres
2953 2631 3244 2702 lmtiss‘ttta,

1694 2719 1828 2770 inter
1847 2718 2008 2772 falsos
2025 2719 2428 2786 patientissima;
2446 2720 2633 2774 iuAhel
2649 2736 2740 2787 per
2753 2721 3061 2775 sacrificium
3074 2731 3244 2790 grata,

1697 2807 1746 2859 iu
1779 2807 1887 2860 Noe
1925 2823 2017 2875 per
2042 2807 2295 2860 diluvium
2339 2822 2548 2871 secura,
2583 2809 2634 2862 in
2675 2808 2899 2862 Abrahae
2947 2810 3246 2876 peregrina-

1694 2898 1834 2950 tione
1885 2897 2213 2960 lilelissima,
2239 2899 2291 2949 in
2339 2897 2514 2967 Moyse
2542 2896 2678 2950 inter
2705 2895 2926 2965 injurias
2949 2897 3240 2960 lenissima.

1695 2986 1745 3038 itt
1801 2979 1960 3038 David
2011 2988 2436 3040 tribulationibus
2490 2990 2947 3054 mansuetissima;
2994 2988 3047 3042 in
3079 2990 3254 3042 tribus

1694 3074 1872 3142 pueris
1920 3074 2141 3128 blandos
2188 3075 2332 3143 ignes
2363 3075 2669 3128 innocenter
2693 3085 2892 3144 speettt
2915 3118 2931 3146 ,
2960 3078 3010 3130 in
3037 3077 3244 3130 Macba-
3299 3062 3313 3070 ’

55 3167 258 3228 uis,uisi
285 3167 526 3234 prmcepti
559 3167 876 3230 adimpletio,
901 3177 952 3219 et
978 3165 1098 3232 quid
1118 3176 1198 3217 est
1229 3168 1473 3232 precepti
1501 3167 1591 3218 ad-
1620 3147 1665 3208 (ἶ
1699 3164 1825 3217 ὺπίε
1870 3177 2042 3216 srvos
2075 3163 2219 3230 ignes
2256 3165 2461 3217 fortiter
2488 3165 2708 3228 tolerat;
2740 3176 2882 3219 casta
2929 3167 2980 3220 ιιι
3005 3167 3246 3221 Susanna

53 3259 301 3325 impletin,
331 3257 428 3311 nisi
477 3257 606 3323 legis
660 3256 964 3322 plenitudo?
994 3255 1141 3322 Quod
1173 3270 1297 3320 ergo
1339 3255 1410 3306 ibi
1435 3255 1592 3319 dixit,

57 3349 322 3400 Plenitudo
368 3348 496 3415 legis
545 3343 670 3414 lest]
709 3346 956 3403 charitas,
992 3346 1086 3396 hoc
1114 3331 1272 3396 etiam
1305 3345 1389 3397 hic
1437 3345 1590 3411 dixit,

59 3437 193 3490 Finis
241 3436 487 3503 pra'cepti
534 3445 614 3488 est
640 3435 889 3486 cbaritas.
921 3432 1027 3486 Nec
1053 3433 1277 3485 dubitari
1305 3433 1411 3484 ullo
1437 3433 1594 3484 modo

54 3535 215 3591 potest
243 3527 385 3594 quod
437 3526 683 3592 templum
732 3523 822 3576 Dei
866 3524 933 3575 sit
964 3522 1120 3576 homo
1166 3524 1216 3575 in
1261 3537 1364 3587 quo
1392 3522 1593 3575 habitat

51 3617 306 3678 cbaritas;
333 3614 456 3668 dicit
483 3614 622 3668 enim
653 3623 704 3673 et
732 3611 960 3665 Joannes
987 3627 1000 3664 :
1036 3612 1168 3663 Deus
1197 3612 1432 3664 charitas
1488 3619 1590 3664 est.

55 3705 169 3758 llaec
195 3715 374 3758 autem
401 3704 638 3757 dicentes
659 3702 914 3768 Apostoli,
944 3712 996 3755 et
1027 3701 1177 3754 nobis
1201 3702 1474 3754 charitatis
1503 3717 1594 3753 ex-

51 3797 340 3850 cellentiam
362 3793 810 3853 commendantes.
829 3808 929 3846 non
956 3793 1133 3866 utique
1154 3792 1316 3856 aliud,
1339 3793 1436 3846 nisi
1455 3792 1590 3860 quod

50 3886 402 3946 i-omederant,
434 3893 672 3936 ructuare
708 3892 1003 3949 potuerunt.
1036 3881 1149 3948 Ipse
1179 3882 1372 3948 quippe
1409 3881 1593 3933 Domi-

51 3991 143 4026 nus
175 3989 401 4041 pascens
429 3988 521 4026 eos
545 3988 622 4026 vct
637 3973 704 4026 bo
725 3973 928 4036 salutis,
962 3971 1120 4023 verbo
1145 3968 1589 4039 charitatis,quod

48 4074 125 4116 est
152 4065 267 4132 ipsc
309 4063 454 4129 panis
484 4050 634 4114 vivus
661 4063 745 4130 qui
774 4063 840 4114 de
884 4061 1021 4114 (ια-10
1048 4061 1320 4113 descendat
1345 4077 1357 4110 :
1385 4062 1593 4113 Manda-

50 4163 176 4217 tum,
211 4151 401 4218 inquit,
434 4165 627 4203 uovum
668 4151 737 4202 do
767 4149 932 4210 vobis,
963 4158 1017 4200 ut
1038 4162 1128 4199 vos
1157 4148 1378 4200 invicem
1410 4149 1591 4215 diliga-

50 4243 148 4301 tis;
178 4251 233 4294 ct
285 4241 493 4303 iterum,
528 4240 580 4292 In
636 4238 734 4292 hoc
780 4239 947 4292 scient
984 4251 1166 4290 omnes
1198 4237 1317 4303 quia
1348 4238 1591 4306 discipuli

49 4333 146 4384 mei
172 4332 322 4394 estis,
348 4331 389 4382 si
416 4344 508 4383 vos
534 4329 751 4382 invicem
775 4328 1082 4381 dilexeritis.
1111 4328 1198 4380 llle
1227 4329 1364 4380 enim
1388 4332 1473 4396 qui
1505 4347 1588 4384 ve-

50 4421 122 4473 nit
173 4437 268 4488 per
313 4422 484 4473 crucis
535 4418 864 4481 irrisionem,
893 4419 1067 4470 carnis
1117 4417 1369 4484 perimere
1414 4434 1592 4471 corru-

1693 3269 1816 3323 erga
1864 3254 2032 3306 virum
2055 3256 2165 3335 ςκὶιι
2216 3254 2363 3306 Anna
2397 3264 2512 3321 post
2542 3255 2735 3317 virum,
2763 3253 2832 3307 in'
2870 3256 3029 3309 Maria
3057 3269 3247 3324 prteter

1695 3346 1894 3409 virum;
1919 3345 2081 3398 libera
2103 3346 2158 3397 in
2186 3346 2346 3398 Paulo
2367 3345 2431 3398 ad
2456 3345 2802 3412 urguendum,
2831 3347 3042 3400 humilis
3070 3349 3120 3401 in
3153 3348 3246 3402 l'e-

1697 3446 1776 3488 tro
1803 3435 1867 3488 ad
1895 3435 2249 3490 obcdiendum
2281 3478 2294 3498 ,
2319 3437 2540 3488 humana
2567 3438 2620 3488 in
2646 3437 2958 3490 Christianis
2987 3438 3054 3490 ad
3079 3443 3245 3495 conli-

1695 3525 1932 3586 tendum,
1960 3525 2140 3578 divina
2164 3526 2216 3578 in
2241 3525 2451 3578 Christo
2472 3525 2535 3577 ad
2566 3526 2965 3594 ignoscendum:
2991 3528 3094 3581 Sed
3122 3532 3248 3596 quid

1692 3629 1791 3682 ego
1818 3615 1883 3668 de
1911 3614 2167 3666 charitate
2215 3615 2383 3683 majm
2411 3623 2499 3667 aut
2541 3615 2755 3668 uberius
2802 3629 3016 3683 possum
3045 3617 3244 3678 dicere,

1693 3718 1846 3770 quam
1865 3717 1994 3771 quas
2009 3718 2099 3770 per
2110 3719 2170 3755 os
2183 3703 2219 3755 Α
2231 3704 2418 3771 postuli
2433 3703 2609 3757 laudes
2625 3705 2738 3772 ejus
2753 3705 2953 3756 intonat
2968 3705 3240 3768 Dominus,

1693 3794 2178 3863 superemineutem
2202 3795 2336 3845 viam
2361 3793 2769 3846 demonstrantis
2793 3804 2947 3861 atque
2970 3793 3196 3848 dicentis
3225 3811 3239 3848 :

1693 3883 1748 3935 Si
1795 3883 1988 3948 linguis
2020 3881 2288 3934 hominum
2339 3881 2558 3950 loquar,
2585 3891 2640 3936 ct
2663 3884 2987 3951 angelorum,
3015 3884 3246 3936 charita-

1695 3980 1798 4022 tem
1825 3981 2000 4021 autem
2027 3985 2128 4022 non
2153 3970 2394 4032 habeam,
2430 3971 2600 4023 laetus
2625 3986 2738 4023 sum
2777 3965 3118 4024 mramentuin
3151 3988 3240 4024 so-

1693 4071 1825 4108 nans
1850 4098 1862 4119 ,
1892 4067 1946 4109 et
1975 4057 2270 4126 cymbalum
2302 4057 2565 4122 tinniens;
2600 4067 2651 4110 et
2681 4059 2724 4111 si
2771 4058 3002 4111 habuero
3029 4060 3246 4126 prophe-

1693 4147 1838 4208 tiam,
1876 4154 1929 4198 ct
1950 4147 2121 4198 sciero
2166 4147 2342 4199 omnia
2367 4157 2716 4205 sacramenta.
2744 4156 2793 4200 et
2825 4162 3037 4200 omnem
3068 4152 3246 4200 scien-

1694 4234 1815 4285 tiam
1842 4249 1856 4296 ;
1888 4243 1942 4286 et
1971 4235 2015 4288 si
2061 4234 2295 4287 habuero
2347 4249 2558 4288 Omnem
2593 4236 2744 4289 tidem
2773 4279 2785 4299 ,
2838 4237 2906 4289 ita
2938 4245 2994 4289 ut
3040 4249 3246 4291 montes

1693 4325 2040 4388 transferam,
2088 4326 2397 4378 charitatem
2453 4336 2626 4378 autem
2670 4342 2769 4378 non
2829 4324 3068 4390 habeam,
3118 4330 3245 4382 nihil

1694 4416 1820 4468 tnihi
1848 4417 2079 4484 prodest.
2112 4417 2351 4471 Charitas
2373 4418 2704 4484 magnanima
2735 4425 2834 4478 est,
2870 4418 3094 4486 benigna
3125 4427 3241 4481 est;

51 4511 305 4576 ptionem,
334 4518 388 4562 et
431 4516 740 4562 vetustatem
773 4507 961 4560 vinculi
1007 4509 1192 4559 mortis
1229 4516 1421 4559 nostrze
1442 4548 1456 4570 ,
1483 4522 1592 4561 sua:
1623 4495 1669 4552 υ
1693 4509 1923 4560 eltaritas
1949 4522 2053 4560 non
2080 4507 2378 4570 :rmulatur,
2411 4522 2512 4559 non
2556 4507 2661 4574 agit
2684 4521 2984 4574 perperam,
3018 4524 3120 4559 non
3169 4508 3247 4560 in-

48 4601 229 4652 tnortis
278 4601 507 4651 novitate
554 4597 864 4658 dissolvere.
889 4599 1135 4650 mandato
1182 4613 1318 4651 novo
1348 4597 1468 4651 fecit
1498 4601 1591 4651 ho-

49 4692 240 4743 minem
282 4705 496 4741 novunt.
532 4689 634 4741 lies
671 4689 813 4740 enim
842 4698 992 4741 vetus
1013 4699 1123 4740 erat
1157 4699 1209 4739 ιιι
1240 4691 1397 4740 homo
1421 4708 1591 4744 murc-

49 4789 223 4841 retur;
267 4778 404 4844 quod
437 4793 500 4828 tte
528 4791 734 4842 semper
755 4776 945 4829 valeret
997 4776 1048 4829 in
1078 4777 1310 4840 homine,
1345 4794 1427 4832 res
1459 4796 1589 4832 nova

48 4873 180 4925 facta
221 4879 336 4934 est,
367 4881 421 4922 ιιι
474 4871 608 4922 Deus
654 4881 963 4922 moreretur.
1011 4869 1112 4923 Sed
1166 4870 1286 4935 quia
1330 4871 1383 4921 iu
1432 4886 1592 4923 carne

50 4974 288 5015 mortuus
316 4972 417 5024 est,
449 4976 552 5013 non
585 4961 635 5012 in
663 4960 953 5021 divinitate,
982 4975 1072 5025 per
1110 4961 1480 5026 sempiternam
1511 4962 1590 5014 vi-

47 5064 149 5104 tam
176 5051 469 5104 divinitatis
494 5064 595 5101 non
638 5049 871 5115 permisit
899 5063 1018 5101 esse
1043 5051 1422 5116 sempiternum
1453 5052 1590 5104 inte—

53 5143 211 5194 ritunt
240 5140 436 5194 carnis.
471 5140 668 5200 Itaque,
692 5141 828 5192 sicut
854 5139 978 5190 dicit
1005 5139 1287 5204 Apostolus
1316 5155 1329 5188 :
1363 5139 1592 5191 Mortuus

45 5242 121 5282 t'sl
151 5241 367 5298 pmpter
392 5230 580 5281 delicta
606 5238 782 5281 nostra
801 5267 816 5292 ,
846 5238 897 5279 et
926 5227 1218 5280 resurrexit
1247 5238 1458 5293 propter
1479 5229 1590 5294 jus-

46 5321 389 5370 titicationem
440 5327 693 5368 nostram.
720 5315 814 5379 Qui
837 5328 960 5380 ergo
989 5325 1170 5366 contra
1199 5317 1383 5367 mortis
1414 5326 1591 5367 vetus-

46 5418 206 5460 tatem
257 5406 430 5458 attulit
476 5406 920 5461 vilmuovitatem.
953 5405 1062 5468 ipse
1080 5415 1268 5456 contra
1303 5414 1450 5456 vetns
1473 5419 1591 5472 pee-

45 5507 218 5548 catnm
247 5496 464 5562 opponit
502 5509 693 5546 norunt
719 5491 1040 5545 mandatuut.
1071 5493 1400 5559 Quapropter
1442 5498 1586 5560 qués-

43 5589 160 5654 quis
191 5599 340 5638 vetus
381 5598 650 5654 pet-ratum
682 5585 757 5636 vis
777 5584 1146 5649 exstinguere,
1182 5585 1433 5635 mandatu
1462 5601 1591 5635 novi:

43 5679 320 5748 cmiingue
342 5679 699 5749 cuyiditatcm,
724 5675 878 5729 etiam
908 5674 1134 5742 plectere
1167 5675 1239 5745 [et
1257 5677 1593 5742 anqdettetrl

1697 4595 1880 4657 flatur,
1909 4610 2013 4647 non
2068 4595 2465 4654 tlehoncstatur,
2501 4611 2602 4647 non
2625 4595 2808 4660 qua-rit
2839 4609 2953 4661 qua:
2981 4609 3073 4646 sua
3099 4606 3246 4657 sunt,

1697 4672 2072 4746 non-irritatur,
2107 4701 2207 4736 non
2241 4685 2431 4750 eugitat
2457 4684 2666 4744 malum,
2695 4697 2796 4735 nou
2845 4684 3040 4749 gaudet
3085 4698 3245 4750 super

1694 4775 1986 4842 iniquitate,
2015 4775 2305 4840 congaudet
2333 4784 2506 4825 autent
2550 4774 2776 4825 veritati.
2817 4775 3000 4826 ()tnuia
3031 4775 3241 4838 tolerat,

1695 4866 1871 4922 omnia
1900 4866 2087 4925 credit,
2119 4868 2293 4917 omnia
2337 4874 2532 4929 sperat,
2565 4865 2739 4917 omnia
2769 4865 2986 4927 Suffrrt;
3015 4865 3242 4919 cltaiitas

1695 4970 1960 5027 nunquam
1986 4955 2144 5007 cadit.
2198 4958 2399 5019 Quanta
2453 4965 2529 5006 est
2558 4954 2679 5006 ista?
2707 4955 2890 5007 Anima
2925 4955 3240 5018 litterarum,

1695 5046 1984 5112 prophetiae
2028 5047 2210 5096 virtus.
2263 5053 2708 5096 Sarratneutorum
2762 5045 2903 5096 salus
2937 5085 2950 5106 ,
3007 5045 3243 5097 scientia:

1691 5113 2118 5192 sulidamentutn,
2161 5131 2276 5184 fidei
2309 5133 2526 5190 fructus,
2553 5131 2747 5182 divitiae
2795 5147 3106 5198 pauperum,
3138 5134 3241 5182 vita

1685 5214 2049 5264 morientium!
2096 5213 2229 5278 Quid
2263 5225 2366 5267 tam
2409 5219 2799 5285 magnanimum
2829 5238 2983 5291 quam
3025 5240 3117 5291 pro
3144 5243 3240 5278 nn-

1682 5301 1782 5367 piis
1803 5301 1973 5353 mori?
2000 5302 2123 5369 quid
2155 5311 2258 5355 tam
2283 5305 2562 5374 benignum
2593 5323 2747 5376 quam
2771 5322 2824 5364 et
2847 5314 3088 5368 inimicos
3118 5315 3240 5369 ddi-

1678 5393 1839 5458 gere?
1859 5392 1981 5446 Sola
2029 5405 2107 5447 est
2131 5411 2286 5461 quam
2316 5398 2536 5454 felicitas
2588 5416 2682 5452 sua
2713 5419 2819 5454 non
2846 5407 3079 5468 extollit,
3111 5412 3236 5476 quia

1678 5500 1780 5536 ηοη
1825 5481 2070 5548 ὶιιηθιίιτς
2104 5487 2214 5539 ⁸01³
2266 5500 2346 5540 t‘Sl
2400 5505 2554 5555 quam
2604 5495 2931 5548 Conscientia
2965 5500 3097 5548 mala
3131 5515 3234 5552 non

1679 5576 1876 5642 pungit,
1909 5578 2026 5642 quia
2057 5595 2159 5630 nun
2187 5581 2290 5644 agit
2335 5597 2630 5649 perperam.
2658 5585 2800 5641 Inter
2846 5592 3125 5656 opprobria
3150 5612 3232 5642 se-

1675 5681 1799 5721 cut‘a
1853 5677 1958 5729 (ει,
1984 5667 2120 5723 inter
2167 5669 2230 5723 οι]
2256 5685 2282 5722 a
2317 5673 2548 5728 bcuclit‘a
2580 5687 2680 5746 ut,
2713 5682 2841 5734 inter
2890 5682 2991 5734 ita:
3025 5683 3228 5750 placida
