3874 6226
145 277 306 352 ttcs'

1403 280 1562 338 VlTA
1599 279 1658 337 S.
1697 278 2038 336 SEVEBIM.

3237 270 3372 327 ιιτο

154 421 280 464 rem
307 443 325 477 ,
372 417 492 476 qua:
548 403 718 459 donec
767 400 823 456 in
863 405 970 456 tuas
1011 395 1421 455 eonstructionis
1478 392 1713 454 libellum
1740 398 1792 460 Α
1817 389 2088 461 fugitivum
2111 397 2283 466 putas,
2312 403 2437 459 para
2465 388 2558 452 tibi
2584 388 2828 461 pretium,
2855 385 2995 457 quod
3022 399 3117 456 pro
3137 398 3224 477 tuo
3244 399 3369 477 pag.

144 499 383 553 transire
409 500 732 573 mereantur,
759 505 1090 562 nequaquam
1119 489 1353 545 animum
1381 492 1712 546 recenseatis

143 585 445 642 olendant.
479 582 735 654 Quisquis
769 579 912 638 enim
954 578 1022 636 ad
1050 577 1462 636 construendam
1495 576 1715 641 domum

146 676 509 733 architectum
538 670 778 742 requirit,
803 669 1155 727 necessariam
1185 667 1412 724 sollicite
1439 666 1714 729 materiam

143 774 422 846 prmparet
444 784 459 825 ;
484 767 623 835 quod
654 764 699 818 si
726 763 894 829 moles
921 761 994 816 ad
1017 760 1184 817 instar
1211 760 1474 831 parietum
1505 757 1717 846 impolil-

144 860 218 917 tis
247 864 630 927 componatur,
648 854 851 910 artiﬁce
881 852 1146 918 tardante,
1169 849 1428 920 lapidibus
1450 861 1657 917 nunqua

143 950 452 1006 aediﬁcasse
477 931 729 1004 dicendus
753 954 854 1012 est,
886 945 975 1001 ubi
1010 944 1158 1003 nulla
1185 942 1424 1013 magistri
1453 951 1716 997 structura

146 1054 378 1109 prorsus
401 1038 696 1106 intraverit,
721 1035 866 1090 nulla
888 1035 991 1094 rite
1016 1032 1372 1102 subjiciuntur
1397 1030 1718 1086 fundamenti

146 1129 454 1182 munimina
487 1127 602 1182 :sic
629 1138 728 1196 ego
754 1136 986 1194 quoque,
1019 1120 1308 1191 pretiosam
1337 1120 1613 1176 mateﬁam
1639 1117 1721 1171 in-

147 1221 316 1288 genio
347 1228 561 1284 vestro,
591 1215 848 1270 vilissima
872 1211 1267 1282 compositione
1292 1208 1384 1265 vix
1409 1222 1721 1279 praeparans

147 1323 271 1364 non
299 1309 474 1378 putari
503 1306 672 1362 debeo
699 1301 1082 1373 conscripsisse
1100 1301 1242 1372 quod
1263 1299 1440 1370 cupio,
1463 1298 1551 1355 ubi
1581 1298 1721 1352 nulla

144 1399 452 1469 disciplina:
506 1395 740 1458 liberalis
792 1395 1143 1460 constructio,
1174 1392 1354 1450 nullus
1390 1389 1723 1462 grammatici

144 1491 414 1547 culminis
430 1490 593 1545 decor
620 1487 820 1551 existit.
869 1486 1042 1541 Habet
1082 1484 1240 1557 plane
1283 1491 1487 1539 certum
1531 1480 1719 1535 funda-

146 1593 396 1637 mentum
435 1580 599 1636 solius
639 1579 798 1644 ﬁdei,
829 1590 934 1648 quo
966 1585 1207 1635 sanctum
1254 1573 1424 1628 virum
1469 1568 1722 1625 mirandis

148 1680 380 1727 constat
401 1670 660 1726 claruisse
690 1667 998 1731 virtutibus,
1030 1665 1174 1736 quod
1203 1678 1298 1733 per
1324 1677 1512 1718 manus
1532 1662 1723 1732 linguas

1817 480 1909 546 sis,
1941 495 2062 536 cum
2111 477 2262 534 fuero
2292 480 2595 557 requisitus,
2636 479 2848 540 offerre.
2890 478 2983 539 His
3027 476 3194 546 talia'
3223 475 3368 553 serio

1815 569 2103 641 subjiciens
2131 583 2252 623 mox
2283 567 2456 636 :Quid
2483 568 2726 638 prodest,
2755 569 2954 640 inquit,
2983 582 3138 626 servo.
3168 566 3261 628 Dei
3293 567 3373 637 si-

1815 659 2081 733 gnificatio
2104 659 2206 714 loci
2221 702 2236 728 ,
2260 658 2341 723 vel
2364 658 2582 735 generis
2602 659 2714 724 sui,
2737 671 2857 716 cum
2887 658 3053 732 possit
3071 657 3124 716 id
3148 656 3391 720 tacende-

1815 751 2048 825 sanctius
2074 750 2246 806 vitare
2266 750 2596 828 jactantiam,
2617 757 2802 820 utpote
2838 749 3132 828 sinistram,
3159 764 3265 822 qua
3280 763 3387 826 ne:

1773 859 1776 862 ν
1817 843 2040 914 sciente,
2069 841 2228 914 cupio
2280 854 2418 913 opus
2459 841 2658 905 bonum
2695 839 2912 904 Cltristo
2956 841 3188 906 donante
3215 842 3379 910 perii.

1816 946 1960 998 cere,
1988 947 2095 1005 quo
2134 945 2348 992 merear
2382 930 2626 990 dexteras
2659 930 2837 999 socius
2878 929 2993 1003 ﬁeri
3035 940 3091 992 et
3127 945 3396 1003 superna:-

1819 1022 2001 1091 patriae
2025 1022 2156 1078 civis
2176 1020 2410 1081 ascribi?
2431 1020 2599 1090 Quam
2631 1020 2680 1076 si
2708 1035 2792 1088 me
2815 1020 3090 1093 indignum
3116 1007 3377 1094 veraciter

1819 1110 2126 1168 desiderare
2153 1111 2434 1181 cognoscis
2453 1150 2468 1176 ,
2499 1109 2624 1181 quid
2666 1117 2720 1165 te
2760 1123 2978 1176 necesse
3003 1118 3086 1176 est
3109 1116 3380 1172 terrenam

1819 1215 2157 1270 cognoscere,
2189 1186 2347 1271 quam
2375 1200 2642 1273 requiris?
2671 1200 3050 1267 Verumtamen
3087 1199 3233 1265 scito;
3253 1195 3384 1282 quia,

1823 1291 1985 1357 Deus,
2011 1291 2103 1362 qui
2131 1301 2184 1348 te
2201 1291 2535 1351 sacerdotem
2562 1290 2676 1346 ﬁeri
2703 1289 2971 1363 praestitit,
3002 1289 3119 1360 ipse
3142 1303 3228 1354 me
3251 1277 3389 1359 quo-

1821 1396 1925 1452 que
1978 1382 2393 1453 periclitantibus
2432 1380 2848 1442 ltis‘bominibus
2892 1380 3152 1451 interesse
3181 1391 3409 1456 pm"

1823 1475 1919 1543 pit.
1954 1474 2018 1528 Et
2049 1473 2138 1529 tali
2161 1480 2497 1530 memoratus
2528 1473 2812 1546 presbyter
2843 1470 3190 1553 responsione
3216 1470 3411 1553 conti-.-

1820 1563 1954 1629 euit,
1983 1578 2083 1620 nec
2125 1563 2404 1635 quisquam
2448 1569 2575 1618 ante
2609 1561 2696 1618 vel
2737 1569 2916 1634 postea
2955 1549 3170 1624 beatum
3208 1549 3415 1626 virum.
3485 1604 3492 1608 ς

1825 1669 1988 1723 super
2013 1654 2111 1711 hac
2132 1661 2285 1724 parte
2314 1653 2614 1723 percontari
2658 1653 3018 1727 praesumpsit.
3049 1636 3282 1732 [goqth
3305 1658 3390 1720 tr

149 1770 262 1814 tua
293 1758 468 1814 oifero
495 1756 884 1820 collocandum,
910 1753 978 1810 de
1005 1732 1276 1823 tui-operis
1299 1751 1506 1821 fastigio
1544 1750 1725 1813 laudes
1755 1783 1801 1841 Β
1827 1757 1950 1798 men
1978 1742 2147 1811 ipsius
2166 1742 2189 1773 ι
2236 1741 2531 1838 testabatur
2558 1740 2829 1808 hominem
2871 1732 3091 1822 omnino
3125 1740 3344 1808 latinum
3365 1755 3386 1792 :
3411 1757 3417 1762 '

149 1848 372 1902 Christo
401 1847 608 1903 debitas
637 1845 963 1900 redditurus.
1825 1846 1984 1904 quem
2017 1838 2227 1886 constat
2254 1830 2322 1886 ad
2350 1829 2638 1900 quamdam
2660 1829 2902 1901 Orientis
2917 1827 3258 1902 solitudinem
3289 1824 3422 1892 fer--

148 1848 372 1902 Christo
401 1847 608 1903 debitas
637 1845 963 1900 redditurus.

223 1939 284 1994 3.
327 1937 418 1992 llla
464 1950 677 2007 quoque
722 1949 908 2005 precor
946 1934 1200 1988 virtutum
1239 1930 1494 1988 beneﬁcia
1521 1930 1722 1985 sanita-

149 2036 381 2099 tumque
409 2027 666 2093 remedia,
695 2041 815 2096 qua:
839 2026 922 2081 vel
972 2024 1290 2091 initinere,
1333 2023 1418 2079 vel
1458 2021 1544 2083 hic
1586 2021 1732 2090 apud

149 2117 404 2186 ejusdem
429 2115 723 2172 beatissimi
743 2115 913 2170 Patris
935 2115 1245 2175 memoriam
1274 2113 1450 2169 divina
1469 2119 1592 2170 sunt
1612 2125 1726 2185 per-

149 2216 275 2261 acta
307 2207 526 2272 virtute,
558 2204 794 2276 digneris
822 2203 1143 2269 adnectere;
1172 2217 1293 2281 qua:
1319 2203 1569 2272 quoniam
1599 2199 1726 2255 ﬁde-

149 2299 218 2352 l.s
267 2298 493 2367 portitor
547 2295 684 2350 filius
728 2302 905 2350 vester
948 2293 1258 2363 Deogratias
1305 2293 1502 2363 Optime
1544 2293 1722 2360 norit,

161 2389 337 2444 verbo
364 2387 799 2444 commendamus
841 2384 1156 2453 intimanda,
1189 2395 1463 2457 sperantes
1502 2397 1598 2440 nos
1633 2383 1728 2439 ba-

152 2480 261 2547 juli
295 2494 489 2536 nomen
528 2479 686 2539 etiam
727 2477 794 2533 de
823 2479 896 2534 tui
940 2479 1117 2548 operis
1163 2477 1493 2547 perfectione
1529 2474 1728 2550 jugiter

151 2587 283 2626 esse
310 2570 577 2636 dicturos;
611 2579 671 2625 ut
696 2569 787 2625 Dei
816 2566 1162 2625 ﬁdelissimus
1186 2568 1419 2634 famulus
1439 2568 1597 2623 tantis
1620 2566 1730 2622 vir-

154 2659 370 2714 tutibus
401 2658 686 2730 opulentus
709 2699 724 2726 ,
753 2659 892 2715 sicut
936 2658 1001 2713 ad
1031 2668 1334 2714 sanctorum
1365 2659 1587 2729 gloriam
1615 2659 1729 2714 suis

155 2766 257 2819 per
286 2751 485 2806 Christi
527 2750 754 2820 gratiam
801 2750 1005 2806 meritis
1031 2748 1296 2814 evehitur,
1337 2750 1416 2804 sic
1440 2749 1505 2804 ad
1542 2748 1729 2804 huma-

153 2858 284 2897 nam
311 2843 621 2897 mcmoriam
656 2843 760 2896 tuis
791 2842 984 2901 litteris
1003 2850 1369 2898 consecretur.
1397 2842 1540 2911 Sane
1562 2842 1728 2911 patria

155 2933 227 2988 de
257 2948 362 3004 qua
393 2932 489 2987 fuit
517 2933 773 2989 oriundus
803 2933 1031 2989 fortasse
1060 2936 1373 2996 necessario
1402 2948 1432 2988 a
1462 2931 1616 2988 nobis
1645 2948 1728 2988 re-

153 3021 413 3091 quiritur,
439 3034 493 3077 ut
525 3023 676 3089 inde,
702 3024 837 3079 sicut
864 3023 1028 3078 moris
1060 3032 1162 3091 est,
1200 3024 1436 3080 terenda
1475 3020 1729 3077 vitm'su—

158 3121 341 3206 matur
365 3113 669 3206 exordium.
701 3113 777 3168 De
805 3128 906 3183 qua
935 3113 1060 3169 licet
1086 3129 1168 3167 me
1196 3104 1726 3206 fatearnullum‘evi-
1754 3142 1799 3206 ο

153 3203 296 3257 deus
324 3201 524 3261 habere
550 3202 952 3272 documentum,
984 3213 1160 3257 tamen
1191 3202 1317 3272 quid
1361 3201 1485 3257 hinc
1527 3200 1731 3257 haben-

158 3294 314 3366 dum,
347 3302 403 3349 et
429 3308 460 3348 a
489 3300 540 3349 te
567 3294 929 3363 cognoverim,
958 3307 1062 3347 non
1091 3292 1296 3347 tacebo.

231 3384 290 3437 4.
329 3383 462 3438 Cum
493 3384 643 3438 tnulti
675 3383 833 3454 igitur
852 3383 1157 3439 sacerdotes
1192 3392 1247 3438 et
1272 3383 1575 3452 spirituales
1603 3383 1727 3450 viri,

158 3486 265 3528 nec
298 3487 404 3527 non
433 3484 488 3528 et
513 3473 633 3527 laici
663 3473 869 3528 nobiles
897 3480 952 3527 et
973 3472 1204 3542 religiosi
1231 3475 1316 3527 vel
1339 3473 1623 3543 indigenae,
1649 3473 1731 3528 vel

165 3563 238 3617 de
270 3561 573 3631 longinquis
598 3563 664 3616 ad
688 3577 806 3616 eum
836 3561 1143 3632 regionibus
1164 3561 1512 3632 confluentes,
1537 3565 1733 3634 saepius

163 3655 480 3710 hmsitarent
503 3653 641 3709 inter
683 3669 742 3710 se
785 3663 1116 3725 quzerentes,
1146 3654 1298 3724 cujus
1328 3655 1557 3710 nationis
1589 3664 1736 3713 esset

166 3746 270 3807 vir,
306 3759 467 3812 quem
511 3744 670 3798 tantis
709 3753 994 3799 cernerent
1040 3743 1243 3814 fulgere
1284 3745 1564 3799 virtutibus
1589 3788 1604 3814 ,
1637 3761 1735 3801 nec

162 3834 308 3888 ullus
357 3833 563 3902 penitus
611 3833 677 3887 ab
723 3848 793 3888 eo
834 3833 1056 3888 auderet
1097 3833 1411 3902 inquirere;
1478 3836 1731 3888 tandem‘

164 3921 472 3976 Pirmenins
497 3922 713 3997 quidam
745 3922 1028 3992 presbyter
1054 3921 1240 3986 ltalizc,
1269 3922 1464 3977 nobilis
1493 3932 1544 3978 et
1571 3925 1734 3981 totius

161 4010 500 4064 auctoritatis
529 4011 626 4074 vir,
646 4011 732 4078 qui
758 4011 823 4064 ad
862 4025 984 4064 eum
1013 4009 1324 4082 confugerat
1351 4018 1588 4082 tempore
1629 4028 1734 4083 quo

165 4099 464 4167 patricius'
492 4101 708 4155 Orestes
749 4101 931 4170 inique
966 4111 1268 4171 peremptus
1294 4111 1394 4168 est,
1426 4103 1732 4159 interfecto-

165 4191 424 4266 resmejus
466 4198 748 4254 metuens,
799 4194 866 4245 co
905 4192 1043 4261 quod
1092 4191 1353 4247 interfecti
1400 4194 1544 4248 velut
1588 4204 1736 4263 pater

166 4280 335 4336 fuisse
381 4281 676 4347 diceretur;
728 4293 845 4350 post
886 4267 1089 4339 'multos
1139 4285 1316 4354 itaque
1368 4283 1736 4342 familiaritatis

167 4373 382 4440 adeptas
410 4371 544 4434 dies,
573 4374 744 4441 erupit
771 4373 920 4441 quasi
945 4389 1039 4442 pro
1064 4376 1328 4440 omnibus,
1360 4387 1412 4429 et
1442 4377 1510 4429 ita
1551 4379 1733 4431 scisci-

1828 1935 1956 1977 vore
1984 1919 2320 1991 perfectioris
2353 1922 2477 1976 vita
2514 1919 2682 1975 fuisse
2707 1918 3000 1991 profectum
3025 1935 3041 1984 ;
3067 1926 3229 1988 atque
3247 1907 3389 1990 inde

1828 2019 1948 2080 post
1989 2008 2099 2064 ad'
2146 2008 2323 2064 Norici
2366 2008 2610 2079 Bipensis
2645 2007 2862 2084 oppida,
2907 2006 3402 2085 Pannoniassuper

1827 2103 1952 2156 riori
1998 2102 2194 2167 vicina,
2225 2114 2342 2170 quae
2377 2087 2727 2161 barbarorum
2764 2099 2967 2166 crebris
3011 2092 3392 2170 premebantur

1831 2193 2176 2263 incursibus,
2206 2191 2389 2246 divina
2432 2192 2764 2262 compulsum
2783 2176 3135 2256 .rrevelatione
3153 2174 3386 2263 venisse,

1827 2283 1964 2344 sicut
1990 2283 2102 2353 ipse
2122 2283 2157 2313 ι
2182 2296 2340 2338 causa
2365 2286 2674 2350 secretiore,
2701 2292 2950 2354 tanquam
2977 2281 3046 2337 de
3066 2281 3172 2348 alio
3197 2281 3380 2351 loque-

1769 2376 1776 2382 '
1831 2379 1997 2439 retur,
2031 2371 2173 2428 ferre
2220 2373 2408 2428 solitus
2449 2382 2587 2447 erat,
2632 2372 2917 2442 nonnullas
2955 2371 3188 2435 Orientis
3230 2367 3391 2439 nrbes

1830 2464 2133 2533 nominans,
2159 2473 2214 2525 et
2238 2466 2445 2520 itineris
2469 2463 2720 2524 immensi
2741 2463 2974 2534 pericula
2993 2477 3053 2523 se
3074 2461 3406 2528 mirabiliter-

1832 2554 2086 2618 transisse
2114 2552 2439 2626 signiﬁcans.
2487 2552 2614 2609 Haec
2653 2555 2813 2626 igitur
2837 2553 2951 2620 sola
2974 2593 2988 2621 ,
3026 2567 3144 2623 quas
3191 2548 3410 2626 retuli,

1829 2645 2036 2723 quoties
2100 2643 2167 2699 de
2209 2630 2268 2699 B'.
2313 2643 2554 2703 Severini
2613 2644 2781 2728 patria
2841 2657 3018 2698 sermo
3075 2651 3224 2709 ortus
3275 2626 3396 2707 est,

1830 2734 1988 2788 etiam
2031 2733 2146 2803 ipso
2188 2733 2498 2803 superstite,
2527 2729 2741 2805 semper
2775 2733 2981 2805 audivi.
3022 2730 3221 2791 Indicia
3262 2745 3390 2795 veru

1833 2821 2094 2878 mirabilis
2123 2823 2244 2878 vita:
2282 2822 2397 2893 ejus
2430 2823 2552 2878 huic
2573 2804 2814 2896 epistola:
2844 2823 3128 2896 conjuncta
3160 2821 3420 2891 praelatis-

1831 2912 2076 2983 capitulis
2099 2913 2600 2973 commemoratorio
2628 2912 2906 2978 recensita,
2930 2911 3077 2977 ﬁent,
3105 2911 3160 2967 ut
3178 2906 3394 2981 rogavi,

1832 3003 2161 3058 libri‘vestri
2217 3004 2524 3075 magisterio
2566 3004 2813 3059 clariora.
2856 3002 3114 3078 Superest
3172 3009 3230 3054 ut
3275 3000 3416 3075 eius»
3477 3062 3484 3077 ‘

1831 3094 2162 3149 orationibus
2196 3103 2314 3149 tuas
2357 3093 2568 3152 sociare
2597 3109 2702 3148 non
2747 3093 2995 3157 desinas,
3022 3103 3075 3147 et
3110 3089 3414 3166 indulgeri--

1834 3183 1959 3238 tiam
1988 3184 2116 3239 mihi
2142 3198 2368 3253 poscere
2395 3199 2500 3238 non
2531 3184 2777 3239 desistas.
3287 3192 3290 3195 '

1955 3316 2420 3461 'Ineipif
2455 3352 2457 3355 ·
2496 3315 2761 3461 Vitta
2831 3302 3202 3461 sancti

1951 3452 1966 3510 ‘
2226 3452 2269 3466 ἡ
2333 3452 2890 3560 Severini.

2348 3631 2574 3688 CAPUT
2614 3632 2896 3696 PRIMUM.

1839 3747 2060 3802 Sanctus
2109 3746 2381 3800 Severinus
2414 3746 2469 3805 in
2493 3743 2714 3816 hNorico
2767 3745 2908 3816 ταινία
2945 3745 3218 3816 praedicit;
3250 3746 3397 3808 ιαρο.

2367 3811 2598 3866 rentibus
2626 3815 2872 3868 subvenit.
2946 3811 2956 3816 ⁷
3198 3811 3202 3812 ί
3242 3821 3254 3836 ’

1906 3930 1958 3983 7.
1987 3927 2248 3995 Tempore
2297 3939 2402 3993 quo
2432 3922 2450 3954 ’
2491 3923 2656 3980 Attila
2680 3938 2773 3980 rex
2799 3923 3106 3991 Hunnorum
3124 3925 3420 4002 ddunmus»

1835 4029 1939 4086 est,
1970 4028 2194 4087 utraque
2229 4015 2522 4081 Pannonia,
2550 4026 2850 4084 cteteraque
2869 4017 3096 4070 confinia
3136 4018 3157 4049 ⁸
3176 4017 3412 4080 Danubii

1837 4108 1999 4164 rebus
2037 4107 2392 4160 turbabantur
2434 4103 2717 4176 ambiguis,
2744 4119 2806 4159 ac
2841 4105 3066 4173 primum
3105 4088 3249 4162 inter
3268 4109 3404 4163 ﬁlios

1836 4200 1954 4268 ejus
1981 4198 2050 4253 de
2096 4196 2388 4258 obtinendo
2428 4210 2594 4276 regno
2631 4210 2816 4267 magna
2847 4206 2967 4252 sunt
3007 4207 3191 4254 exorta
3229 4209 3405 4254 ωειλ-

1842 4293 2005 4356 mina,
2037 4290 2125 4359 qui
2169 4288 2358 4342 morbo
2389 4287 2578 4357 iniquae
2609 4287 2982 4341 dominationis
3020 4288 3208 4355 inflati,
3239 4299 3408 4344 mate-

1840 4386 1972 4439 riam
2021 4384 2101 4436 sai
2154 4381 2372 4436 sceleris
2410 4389 2682 4448 accepere
2711 4378 2875 4450 patris
2921 4380 3212 4435 interitum.
3257 4381 3404 4435 Tune

167 4467 316 4513 tatus
345 4468 428 4512 est
457 4459 637 4515 dicens
666 4479 676 4512 :
704 4461 923 4516 Domine
965 4474 1176 4526 sancte.
1218 4463 1284 4517 de
1315 4480 1415 4530 qua
1467 4468 1726 4542 provincia

1842 4477 2020 4543 itaque
2057 4472 2424 4527 sanctissimus
2455 4470 2542 4524 liei
2587 4469 2814 4523 famulus
2859 4469 3147 4526 Severinus
3186 4471 3252 4534 de
3285 4487 3406 4540 par-

169 4549 315 4604 Dens
347 4550 427 4603 liis
456 4551 756 4619 regionibus
788 4553 890 4607 tale
913 4553 1087 4607 lumen
1110 4552 1309 4609 donare
1337 4555 1580 4624 dignatus
1607 4559 1736 4612 est?
1772 4549 1806 4570 ⁷
1845 4563 1984 4616 tibus
2013 4561 2244 4616 Orientis
2271 4559 2577 4620 adveniens.
2614 4559 2663 4612 itt
2706 4558 2910 4613 vicin's
2937 4559 3110 4613 Norici
3160 4560 3406 4635 Ripcnsis

159 4634 268 4694 Cui
302 4641 384 4694 vir
424 4640 519 4695 Dei
565 4641 732 4696 faceta
777 4645 1000 4712 primum
1042 4645 1306 4702 hilaritate
1345 4650 1768 4716 respondit:Si'

264 4784 280 4814 ⁸
307 4779 438 4834 Belf.
473 4779 800 4850 Pygmenius.
840 4781 1096 4838 Brauner.
1134 4782 1446 4837 Primenins.

246 4853 269 4884 ¹
308 4851 404 4904 Hic
462 4852 581 4922 Dux,
624 4852 846 4905 militum
893 4867 921 4904 a
973 4853 1116 4907 Julio
1156 4854 1358 4919 Nepote
1407 4856 1732 4922 lmperatore

172 4930 422 4984 creatus,
454 4921 709 4974 adversus
749 4936 868 4974 eum
915 4921 1230 4986 rebellavit,
1264 4921 1534 4987 filiumque
1578 4940 1732 4978 suum

173 4990 624 5060 Mumyllum,iqui
665 5000 717 5044 et
747 4993 1087 5058 Augustulus,
1133 4990 1308 5060 pridie
1353 4993 1576 5048 Kalend.
1620 4994 1732 5046 No-

173 5059 352 5113 vemb.
384 5059 487 5112 475
513 5059 886 5128 imperatorem
917 5059 1208 5116 constituit.
1239 5061 1480 5116 Odoacer
1508 5063 1577 5116 ab
1600 5064 1732 5117 Ore-

173 5132 273 5183 stis
317 5129 527 5199 mmulis
562 5130 849 5187 advocatus
887 5130 939 5184 in
987 5131 1208 5196 Italiam,
1254 5147 1374 5186 eum
1411 5133 1731 5199 fratremque

172 5201 295 5270 ejus
319 5197 542 5252 Paulum
564 5201 775 5270 occidit,
808 5203 1156 5269 Augustulum
1197 5202 1453 5270 relegavit
1491 5203 1542 5255 in
1574 5197 1728 5258 Cain-

175 5269 413 5339 paniam,
443 5283 531 5322 an.
565 5269 688 5333 476.
717 5271 970 5326 Basilisco
996 5273 1038 5326 ll
1079 5280 1134 5326 et
1162 5269 1381 5327 Armate
1404 5274 1556 5327 Coss.

245 5339 266 5368 ⁸
311 5336 566 5393 Baronius
586 5343 751 5394 senior
776 5340 917 5394 letzit.

351 5353 566 5393 aI'OIIIIIS
586 5357 751 5394 senior
776 5353 917 5394 tetztt.

249 5354 266 5368 -
311 5354 566 5393 uarontus
586 5357 751 5394 senior
776 5354 917 5408 tegit.

249 5407 272 5440 ⁸
312 5408 486 5482 Editio
511 5410 872 5482 llen._Canisii_
891 5411 976 5464 hic
1003 5411 1253 5478 interjicit
1274 5411 1588 5477 Africanum,
1614 5428 1733 5482 qua:

178 5493 279 5532 vox
324 5479 505 5531 aberat
549 5496 578 5533 a
619 5480 716 5535 Ms.
757 5479 992 5536 Belfortii
1025 5491 1080 5538 et
1122 5482 1366 5543 Baronii,
1396 5499 1492 5536 nec
1527 5479 1735 5536 videtur

182 5546 501 5620 necessaria.
549 5551 846 5606 liraunerus
886 5550 1169 5606 Romanum
1217 5553 1511 5620 ευερίεηιιιιο
1549 5568 1564 5605 :
1598 5552 1737 5618 favet

184 5617 459 5671 Barnnius.
490 5621 663 5686 Africa
694 5624 966 5674 oriundum
987 5622 1165 5677 scribit
1192 5617 1500 5687 Aventinus,
1527 5632 1581 5676 ut
1607 5617 1736 5675 dixi-

188 5702 239 5741 ιιι
246 5701 323 5740 US.

1843 4662 1900 4710 et
1942 4653 2330 4708 Pannoniorum
2373 4649 2644 4721 partibus,
2689 4650 2828 4719 quod
2871 4651 3144 4719 {Asturls
3193 4654 3406 4721 dicitur,

1916 4788 1937 4818 ⁸
1977 4787 2223 4840 Noricum
2257 4783 2490 4850 “ipense
2529 4793 2634 4849 est,
2670 4785 2923 4854 quidquid
2953 4784 3020 4836 ab
3053 4784 3224 4849 (Enn,
3255 4787 3403 4842 [tlte-

1841 4858 2032 4910 tiarum
2062 4853 2720 4925 etVindeliciaiterntino,
2750 4853 2827 4908 ad
2852 4856 3124 4914 Pannoues
3154 4872 3322 4925 usque
3347 4860 3398 4912 itt
3453 4856 3464 4866 '

1843 4925 2064 4979 Danubii
2095 4923 2211 4994 ripa
2235 4925 2393 4994 jacet.
2424 4923 2617 4977 Vclser.
2658 4926 2726 4977 ad
2748 4942 2864 4994 cap.

1912 4996 1932 5027 ⁵
1971 4993 2190 5055 Baron.,
2219 4993 2409 5049 clauso
2428 5006 2699 5049 sermone.

1910 5065 1928 5094 ⁷
1959 5067 2111 5118 Anno
2140 5061 2266 5119 454.

1908 5134 1929 5165 ⁸
1959 5133 2214 5199 Quorum,
2272 5139 2332 5187 ut
2368 5131 2664 5187 Jornandes
2703 5133 2769 5186 de
2821 5134 2998 5188 Rebus
3025 5133 3246 5196 Geticis,
3279 5147 3403 5200 cap.

1836 5202 1925 5262 50.
1951 5204 2156 5265 scribit,
2184 5218 2275 5272 per
2314 5201 2569 5256 licentiam
2619 5203 2840 5256 libidinis
2875 5216 2998 5271 pene
3036 5205 3255 5272 populus
3286 5205 3404 5271 fuit.

1833 5272 1998 5341 Major
2044 5283 2166 5325 natu
2192 5271 2343 5326 Eflac
2389 5273 2683 5334 dicebatur,
2713 5273 2913 5326 Citabas
2957 5271 3107 5338 aliis;
3152 5275 3238 5327 ltie
3283 5289 3402 5326 cum

1834 5343 2108 5396 Aladarico
2140 5341 2301 5406 fratre
2341 5344 2521 5411 praelia
2558 5345 2886 5397 memorabili
2926 5357 3263 5412 congressus.
3293 5359 3402 5411 qua

1839 5413 2144 5536 lliunngrutn
2218 5418 2435 5468 omnino
2498 5413 2676 5466 fracta:
2731 5414 2891 5469 vires.
2952 5413 3155 5470 Velser.
3207 5412 3304 5467 lib.
3363 5427 3400 5465 ta

1888 5497 1963 5534 cr.
2035 5498 2139 5536 otc.

1888 5497 1963 5534 Cl'.
1989 5497 2139 5537 [5010.

1907 5555 1926 5584 ⁹
1965 5551 2351 5619 Sur.,l3aron.,
2391 5553 2541 5616 Ilar.,
2575 5553 2821 5607 (.‘ustmis.
2843 5553 3053 5617 Larius,
3083 5551 3321 5611 (Iastmts,
3349 5557 3404 5602 et

1844 5621 2093 5686 Casturis,
2124 5622 2174 5675 itl
2203 5631 2304 5685 est,
2345 5631 2401 5674 ttt
2437 5623 2529 5681 ait,
2562 5622 2886 5692 tinxtrt's'Aug
2923 5626 3033 5688 stis,
3055 5619 3239 5692 audaci
3278 5635 3409 5670 ruu-

1839 5692 2068 5761 jct'l'tttt,
2102 5703 2153 5744 ιιι
2187 5693 2341 5746 νυιιε
2374 5708 2432 5746 ιιι
2464 5706 2666 5746 censet.
2701 5687 2931 5749 l’elr.il«:
2965 5695 3078 5749 Νῖιι.
3107 5702 3160 5748 et
3191 5687 3411 5743 ιταταο
