3874 6226
489 286 615 341 "7|

1753 274 1911 334 Vtra
1948 273 2007 332 s.
2049 242 2397 328 serantur.

3585 271 3711 326 “79.

488 396 682 466 oppido
710 393 1033 457 morabatur,
1059 389 1246 445 vivens
1270 357 1414 458 juxta
1441 387 1805 458 evangelicam
1829 396 2046 459 aposto-
2070 382 2123 442 Δ
2148 390 2307 437 terra
2333 391 2503 450 motu,
2545 381 2618 438 ita
2665 392 2790 438 sunt
2818 380 3028 440 barbari
3066 380 3396 439 intrinsecus
3423 379 3710 438 habitantes

491 492 752 560 lic‘amque
772 485 1093 549 doctrinam,
1115 482 1259 537 omni
1293 481 1491 550 pietate
1512 493 1567 538 et
1590 483 1834 538 castitate
1859 479 2050 552 pradi-

489 590 595 647 tus,
623 581 675 634 in
703 577 1038 644 confessione
1068 576 1345 631 catholica
1379 575 1502 630 ﬁdei
1529 575 1830 641 venerabile
1855 588 2051 643 propo-

487 673 641 728 situm
663 669 860 723 sanctis
885 667 1134 736 oreribns
1163 664 1511 738 adimplebat.
1538 665 1672 720 Dum
1698 680 1828 736 ergo
1856 663 2050 718 talibus

483 756 750 818 exercitiis
776 760 1057 815 roboratus
1103 758 1332 825 palmam
1371 771 1622 826 superna:
1649 756 1942 810 vocationis
1968 756 2049 809 in-

487 867 652 909 nocue
672 859 1005 921 sequeretur,
1027 849 1252 920 quadam
1282 848 1372 905 die
1392 849 1458 902 ad
1483 848 1763 904 ecclesiam
1788 848 2050 916 processit

480 958 547 1000 ex
577 958 726 997 more
750 960 763 995 :
791 951 914 996 tunc
960 941 1293 1013 presbytero,
1324 941 1472 994 clero
1500 947 1552 994 et
1591 937 1794 993 civibus
1825 936 2048 1006 requisi-

487 1034 578 1100 tis,
607 1033 770 1100 cmpit
817 1041 923 1086 tota
956 1032 1146 1087 mentis
1185 1031 1481 1086 humilitate
1529 1029 1819 1100 pradicere
1847 1039 1904 1083 ut
1950 1029 2046 1082 ho-

484 1125 647 1178 stium
693 1123 915 1178 ins'dias
960 1123 1296 1177 imminentes
1351 1121 1681 1177 orationibus
1724 1137 1790 1175 ac
1829 1119 2047 1190 jejuuiis

485 1223 541 1269 ct
597 1213 977 1268 misericordias
1030 1213 1292 1268 fructibus
1350 1212 1669 1268 inhiberent.
1724 1212 1831 1266 Sed
1882 1212 2070 1266 animi‘

483 1313 820 1360 contumaces
859 1317 922 1357 ac
951 1303 1230 1357 desideriis
1266 1304 1566 1358 carnalibus
1606 1301 1864 1366 inclinati,
1905 1318 2045 1370 pra:-

467 1395 710 1451 -diccntis
739 1396 951 1451 oracula
1003 1394 1336 1450 inﬁdelitatis
1371 1409 1480 1448 sua:
1506 1394 1814 1448 discrimine
1855 1392 2044 1461 proba-

484 1495 692 1541 verunt.
726 1485 974 1540 Famulus
1014 1494 1191 1540 autem
1229 1484 1321 1541 Dei
1362 1499 1610 1539 reversus
1644 1483 1709 1539 ad
1755 1483 2042 1551 hospitium

482 1587 588 1643 quo
615 1573 683 1631 ab
706 1574 948 1631 ecclesia:
994 1573 1165 1630 fuerat
1198 1574 1418 1628 custode
1469 1583 1771 1640 susceptus,
1811 1574 1951 1627 diem
1990 1582 2046 1629 et

487 1663 672 1718 horam
717 1662 1041 1718 imminentis
1069 1654 1272 1719 excidii.
1309 1663 1561 1733 prodens,
1611 1664 1684 1718 De
1720 1664 2039 1729 contumaci,

2151 471 2417 539 exterriti,
2451 479 2511 526 ut
2554 481 2734 540 portas
2761 471 2866 527 sibi
2909 473 3181 527 Romanos
3213 481 3469 542 cogerent
3509 475 3709 540 aperire

2150 561 2428 616 velociter.
2503 563 2774 617 Exeuntes
2851 561 3010 630 igitur
3055 565 3077 595 '
3117 564 3301 618 cuncti
3361 559 3703 631 diﬂugernat,

2147 653 2477 706 aestimantes
2520 665 2580 705 se
2615 666 2774 721 quam
2821 652 3116 707 vicinorum
3167 655 3404 710 hostium
3447 653 3708 710 obsidione

2151 742 2398 808 vallatus,
2426 750 2687 813 auctoque
2714 751 2921 798 terrore
2949 731 3233 812 divinitus,
3254 754 3309 800 et
3338 745 3504 801 noctis
3530 760 3700 800 errore

2148 835 2379 902 confusi,
2403 836 2602 891 mutuis
2626 851 2686 891 se
2715 836 2908 907 gladiis
2929 833 3309 892 conciderunt.
3334 837 3449 893 Tali
3470 852 3596 906 ergo
3621 838 3707 891 ad-

2153 928 2402 982 versariis
2429 926 2794 982 internecione
2825 926 3177 995 consumptis,
3218 926 3402 982 divino
3432 927 3580 998 plebs
3600 941 3704 981 ser-

2148 1029 2266 1072 vata
2303 1019 2573 1088 praesidio,
2606 1034 2702 1088 per
2731 1029 2972 1073 sanetum
3003 1019 3176 1073 virum
3215 1019 3383 1072 armis
3403 1019 3582 1073 didicit
3623 1033 3707 1088 pu-

2148 1124 2316 1178 gnare
2338 1111 2669 1165 cmlestibus.

2219 1200 2275 1253 9.
2319 1200 2522 1254 Eodem
2597 1209 2837 1270 tempore
2892 1201 3163 1255 civitatem
3224 1201 3437 1256 nomine
3470 1203 3490 1232 ³
3534 1201 3704 1254 Favis-

2149 1296 2231 1349 nis
2275 1309 2414 1349 saeva
2445 1293 2614 1349 fama
2639 1306 2977 1365 oppresserat
3011 1314 3026 1349 :
3056 1297 3212 1364 hujus
3240 1295 3568 1352 habitatores
3602 1296 3710 1351 nni-

2158 1399 2278 1439 cum
2315 1384 2418 1438 sibi
2450 1384 2743 1439 remedium
2769 1385 2935 1440 aﬂ'ore
2977 1386 3343 1455 crediderunt,
3373 1387 3418 1442 si
3441 1402 3501 1442 ex
3533 1402 3706 1456 supra-

2147 1475 2291 1531 dicto
2312 1474 2509 1545 oppido
2545 1473 2862 1544 Comagenis
2886 1477 3154 1552 hominem
3189 1477 3280 1532 Dei
3309 1477 3569 1548 religiosis
3599 1494 3703 1547 prc-

2145 1566 2298 1622 cibus
2328 1567 2632 1622 invitarent.
2673 1567 2818 1634 Quos
2840 1567 2929 1623 ille
2957 1567 3022 1622 ad
3043 1583 3102 1624 se
3131 1578 3351 1623 ventum
3395 1571 3470 1623 ire
3511 1585 3705 1637 praeo-

2147 1671 2327 1724 scens,
2355 1672 2475 1710 cum
2518 1656 2793 1729 ha'sitaret
2825 1667 3000 1712 utrum
3030 1666 3276 1728 pergeret
3299 1674 3418 1713 cum
3442 1661 3524 1714 eis
3551 1675 3703 1714 necne

486 1753 582 1838 ait,
613 1753 806 1825 oppido
833 1762 885 1808 et
915 1755 1068 1808 citius
1109 1751 1344 1822 perituro
1375 1753 1597 1809 festinus
1639 1754 1892 1809 abscedo.
1921 1754 2048 1809 Inde
2083 1755 2119 1810 li
2150 1765 2182 1803 a
2227 1749 2452 1803 Domino
2488 1757 2545 1801 ut
2579 1763 2699 1803 cum
2747 1748 2828 1804 eis
2879 1761 3123 1819 pergeret
3173 1760 3557 1804 commonetur.
3600 1750 3703 1817 Quo

488 1843 555 1897 ad
625 1842 917 1912 proximum
987 1844 1128 1914 quod
1180 1846 1195 1875 ¹
1246 1845 1617 1914 Commagenis
1685 1843 2065 1912 appellabatur

488 1935 737 2004 oppidum
799 1935 1101 1990 declinavit.
1163 1936 1274 1990 lloe
1330 1935 1672 1988 barbarorum
1732 1935 2053 2000 int:insecus

489 2026 915 2087 consistentium,
965 2027 1052 2094 qui
1101 2039 1219 2077 cum
1275 2025 1528 2078 Romanis
1577 2024 1751 2079 ftedus
1799 2024 2046 2086 inierant,

488 2115 734 2170 custodia
756 2115 1067 2170 servabatur
1106 2114 1426 2178 aretissima,
1457 2113 1691 2180 nullique
1722 2112 2051 2182 ingrediendi

487 2212 578 2258 aut
619 2204 924 2270 egrediendi
973 2203 1142 2257 facilis
1193 2203 1399 2256 licentia
1443 2202 1808 2270 prmstabatur.
1853 2203 1894 2255 A
1935 2188 2053 2272 qui-

491 2295 589 2348 bus
634 2304 806 2347 tamen
867 2293 957 2346 Dei
1017 2292 1264 2358 famulus,
1303 2306 1423 2347 cum
1481 2299 1624 2346 esset
1681 2292 1912 2360 ignotus,
1957 2305 2054 2345 nec

490 2387 838 2452 interrogatus
862 2392 964 2452 est,
997 2398 1094 2438 nec
1122 2384 1383 2451 repuisus.
1414 2382 1594 2459 Itaque
1637 2396 1757 2436 mox
1784 2383 2055 2450 ingressus

491 2473 798 2537 ecclesiam,
847 2483 1068 2526 cunctos
1113 2473 1181 2526 de
1219 2472 1389 2526 salute
1436 2473 1645 2539 propria
1685 2472 2053 2540 deSperantes,

490 2562 688 2633 jejunio
731 2572 786 2618 et
831 2562 1158 2617 oratiooibus
1199 2570 1358 2632 atque
1412 2561 1769 2630 elcemosynis
1816 2562 2058 2616 hortatur

493 2653 708 2719 armari,
742 2669 1043 2723 proponens
1073 2654 1305 2722 antiquae
1349 2653 1535 2708 salutis
1563 2654 1826 2722 exempla,
1865 2653 2057 2722 quibus

494 2742 670 2796 divina
725 2740 982 2809 protectio
1034 2742 1286 2810 pepulum
1331 2756 1483 2794 suum
1532 2751 1717 2796 contra
1756 2741 2058 2810 opinionem

492 2833 726 2887 omnium
794 2832 1109 2887 mirabiliter
1177 2832 1480 2889 liberasset.
1533 2829 1771 2901 Cumque
1833 2832 2058 2887 salutem

495 2923 746 2977 omnium
798 2925 849 2976 in
915 2924 1029 2991 ipso
1074 2921 1399 2976 discriminis
1451 2921 1681 2976 articulo
1727 2921 2078 2992 promittenti,

493 3013 712 3069 credere
765 3014 1086 3077 dubitatent,
1138 3028 1324 3079 senex,
1371 3013 1459 3082 qui
1508 3011 1706 3067 dudum
1756 3014 1810 3067 in
1849 3012 2060 3068 Asteris

2153 1856 2272 1895 cum
2292 1841 2555 1906 venisset,
2584 1839 2748 1908 coepit
2776 1838 2978 1893 civibus
3005 1840 3235 1894 suadere
3262 1840 3440 1894 dicens
3465 1859 3478 1892 :
3511 1841 3698 1893 Poteri-

2154 1931 2220 1984 tis
2244 1931 2574 2000 pmnitentim
2604 1929 2862 1984 fructibus
2893 1943 2922 1982 a
2965 1939 3108 1984 tanta
3147 1931 3303 1985 lamis
3335 1933 3559 2000 pernicie
3587 1934 3702 1984 [ibe

2153 2022 2281 2074 rari.
2311 2021 2413 2087 Qui
2441 2030 2563 2076 cum
2596 2020 2794 2074 talibus
2825 2019 3144 2088 proficerent
3173 2023 3446 2087 institutis,
3478 2023 3702 2076 beatissi-

2153 2123 2273 2162 mus
2323 2108 2618 2164 Severinus
2659 2107 2842 2163 divina
2892 2109 3220 2165 rerelatione
3257 2111 3501 2180 cognovit
3534 2126 3700 2179 quatu-

2153 2198 2275 2252 dam
2333 2183 2546 2252 viduam
2609 2199 2828 2253 nomine
2884 2199 3162 2254 Proculam
3231 2200 3409 2270 fruges
3464 2203 3701 2268 plurimas

2155 2287 2470 2363 occultasse,
2496 2301 2653 2356 quam
2679 2287 2990 2356 productam
3020 2290 3071 2342 in
3109 2289 3345 2343 medium
3368 2290 3532 2360 arguit
3559 2292 3698 2344 rebe-

2157 2389 2383 2434 menter.
2414 2379 2540 2446 Cur,
2574 2378 2764 2447 inquit,
2794 2396 2827 2433 n
2865 2380 3137 2435 bilissimis
3163 2392 3279 2435 orta
3311 2382 3584 2444 natalibus,
3620 2397 3702 2434 cu-

2159 2471 2394 2540 piditatis
2417 2479 2470 2525 te
2495 2471 2703 2540 praebes
2723 2471 2994 2537 ancillam,
3023 2478 3080 2525 et
3107 2482 3292 2526 exstas
3316 2473 3544 2527 avaritia:
3573 2488 3702 2524 nian-

2157 2562 2377 2632 cipium,
2408 2576 2526 2630 qua:
2551 2568 2654 2627 est,
2697 2560 2923 2616 docente
2960 2561 3241 2630 Apostolo,
3290 2561 3512 2615 servitus
3555 2561 3700 2614 idola-

2159 2654 2314 2708 rum?
2342 2652 2481 2707 Ecce
2508 2651 2736 2706 Domino
2762 2651 2977 2707 famulis
3003 2652 3117 2707 suis
3146 2653 3556 2708 misericorditer
3583 2666 3702 2716 con-

2160 2745 2392 2809 sulente,
2427 2753 2481 2797 tu
2509 2741 2636 2811 quid
2665 2741 2734 2811 de
2765 2742 2906 2798 male
2935 2743 3101 2809 partis
3146 2741 3313 2796 facias
3354 2756 3459 2797 non
3484 2742 3698 2803 habebis,

2162 2835 2263 2890 nisi
2293 2833 2431 2888 forte
2451 2833 2727 2903 .l'rumenta
2755 2832 2860 2887 dici
2897 2833 3157 2903 denegata
3188 2833 3244 2888 in
3277 2833 3501 2888 Danubii
3530 2833 3702 2886 ﬂuenta

2165 2923 2474 2992 projiciens,
2529 2922 2915 2976 humanitatem
2966 2922 3203 2990 piscibus
3249 2923 3522 2986 exhibeas,
3567 2935 3701 2990 quam

2163 3014 2469 3068 hominibus
2521 3014 2816 3083 denegasti.
2859 3013 3218 3080 Quamobrem
3264 3014 3480 3069 subveni
3509 3014 3595 3067 tibi
3630 3028 3706 3080 po-

495 3105 626 3157 tziuti
678 3104 902 3172 hospiti.-
953 3115 1233 3172 susceptor
1279 3104 1579 3167 exstiterat,
1624 3104 1790 3169 veni',
1831 3111 1990 3172 atque
2029 3119 2060 3158 a
2091 3108 2136 3169 C
2167 3105 2272 3159 tius
2310 3119 2470 3173 quam
2499 3104 2844 3171 pauperibus,
2874 3117 2943 3156 ex
2974 3103 3058 3157 his
3085 3118 3205 3172 qua
3224 3104 3400 3157 adhuc
3430 3114 3479 3157 te
3502 3103 3705 3156 atinas

498 3205 770 3261 portarum
800 3195 1108 3249 custodibus
1145 3195 1369 3249 sollicita
1415 3193 1830 3262 interrogatione
1857 3192 2064 3248 discus-

496 3301 618 3352 sus,
676 3287 945 3342 interitum
996 3288 1078 3341 sui
1125 3285 1307 3355 Oppidi
1357 3286 1538 3341 habitu
1598 3286 1865 3354 verboque
1914 3301 2067 3339 mon-

495 3375 704 3441 stravit,
730 3375 988 3444 adjicicns
1031 3376 1218 3430 eadem
1248 3375 1336 3430 die
1364 3391 1463 3445 qua
1511 3375 1727 3444 quidam
1773 3374 1934 3428 homo
1968 3374 2065 3429 Dei

500 3466 824 3535 prmdixerat
872 3467 1217 3521 barbarorum
1264 3468 1559 3522 vastatione
1605 3467 1768 3522 fuisse
1807 3467 2064 3522 deletum.

502 3557 619 3618 Quo
645 3553 827 3607 audito
862 3554 1076 3609 solliriti
1105 3555 1508 3623 responderunt
1537 3573 1547 3607 :
1577 3557 1806 3610 Putasne
1850 3557 1962 3623 ipse
1987 3564 2069 3610 est

500 3646 592 3710 qui
630 3645 926 3712 desperatis
967 3645 1125 3699 rebus
1165 3644 1256 3699 Dei
1303 3645 1456 3699 nobis
1487 3646 1722 3699 subsidia
1763 3646 2070 3713 pollicetur?

501 3735 618 3788 Mox
657 3734 816 3804 igitur
850 3732 904 3788 in
947 3736 1171 3790 ecclesia
1221 3737 1492 3813 recognfto
1540 3735 1632 3789 D-zi
1666 3737 1883 3801 famulo,
1908 3752 2071 3791 senex

500 3827 618 3894 ejus
647 3826 869 3897 pedibus
911 3835 1207 3896 prostratus
1245 3828 1442 3892 aiebat,
1481 3827 1646 3892 ipsius
1672 3842 1733 3883 se
1760 3829 1967 3882 meritis
2011 3829 2073 3883 li-

506 3919 768 3984 bcratum,
797 3933 864 3974 ne
905 3933 1025 3973 cum
1075 3917 1283 3973 crteris
1326 3917 1644 3990 oppidaneis
1689 3918 1893 3973 subiret
1930 3920 2075 3973 exci-

504 4011 670 4063 dium.

575 4099 630 4152 8.
664 4099 763 4154 llis
790 4099 987 4155 auditis
1029 4101 1351 4155 habitatores
1381 4101 1559 4170 oppidi
1591 4106 1869 4158 memorazi
1902 4105 2077 4160 incre-

507 4189 717 4244 dulitati
747 4191 953 4245 veniam
987 4191 1335 4258 postulantes,
1378 4192 1597 4247 monitis
1626 4193 1725 4247 viri
1759 4195 1848 4248 Dei
1878 4197 2078 4250 sanctis

508 4281 758 4349 operibus
782 4293 1092 4352 paruerunt,
1116 4281 1435 4355 jejuniisque
1463 4284 1623 4338 dediti
1649 4286 1705 4338 in
1727 4286 1952 4342 ecclesia
1984 4303 2078 4357 per

512 4370 744 4428 triduum
797 4375 1138 4446 congregati,
1191 4385 1363 4430 errata
1427 4377 1695 4443 pnterita
1750 4379 2080 4447 castigabant

511 4463 794 4531 gemitibus
823 4473 877 4518 et
906 4465 1170 4519 lamentis.
1205 4465 1298 4520 Die
1327 4476 1506 4520 autem
1555 4467 1734 4535 tertia,
1763 4484 1886 4524 cum
1915 4471 2079 4523 sacri-
2114 4457 2161 4514 Ῑ)

515 4555 619 4609 ticii
661 4558 947 4622 vespertini
995 4558 1302 4614 solemnitas
1351 4559 1681 4628 impleretur,
1731 4560 1868 4614 facto
1904 4563 2083 4617 subizo

513 4695 743 4756 Asteris;
792 4694 841 4746 in
872 4692 1062 4746 Notitia
1107 4692 1313 4758 Imperii
1349 4696 1447 4748 sub
1476 4693 1614 4748 duce
1645 4697 1930 4750 Pannonia:
1968 4696 1992 4747 i
2025 4707 2080 4749 et

511 4766 685 4820 Norici
723 4764 964 4830 ltipensis
994 4771 1173 4816 exstat
1203 4765 1437 4817 Austuris
1463 4780 1481 4816 :
1506 4766 1737 4819 Urtelius
1765 4766 1954 4818 Astura
1985 4782 2081 4818 vo-

511 4848 616 4889 cat.
657 4832 941 4888 Aventinus
991 4834 1078 4884 lib.
1123 4849 1154 4884 Il
1204 4835 1416 4894 Annal.,
1464 4835 1707 4888 Asturam
1739 4837 1982 4901 oppidum
2026 4838 2079 4889 in

511 4906 729 4973 conﬁnio
768 4902 946 4973 Νοήςὶ
991 4901 1222 4973 Ripeuais
1253 4912 1297 4954 et
1332 4903 1611 4958 Pannonius
1641 4907 1812 4973 periit,
1858 4906 1939 4959 his
1978 4908 2082 4958 sei-

515 4971 638 5029 licet
681 4971 917 5026 Sevei-ini
971 4971 1316 5040 temporibus.
1356 4971 1706 5040 Cuspinian‘us
1755 4978 1806 5028 in
1853 4977 2081 5029 Austris:

520 5042 798 5110 Descript.,
833 5043 883 5095 in
923 5042 1034 5093 Vita
1067 5041 1125 5096 S.
1159 5039 1475 5094 Culotnanui
1513 5047 1622 5098 ruit
1648 5045 1906 5098 Stckerow
1939 5061 2079 5099 ϐεεν.

515 5114 715 5169 Cnidus
745 5111 1049 5165 Paneiroius
1079 5112 1374 5165 Comment.
1417 5114 1466 5164 in
1508 5113 1669 5168 Notit.
1715 5116 1872 5180 ltnp.,
1913 5130 1965 5166 c.
1991 5118 2082 5180 δί,

520 5185 698 5252 Mysia:
745 5181 992 5249 oppidum
1047 5183 1190 5252 facit.
1231 5180 1506 5246 Stephano
1543 5184 1725 5239 Aratus
1759 5187 1982 5247 dictum,
2029 5197 2087 5239 ut

514 5251 606 5307 ait.
659 5252 787 5306 Eant
839 5265 1018 5306 vocem
1067 5254 1118 5304 in
1163 5251 1434 5318 Stephani
1482 5270 1585 5306 non
1631 5269 1942 5320 reperimus,
1986 5256 2081 5308 sed

514 5323 713 5446 ἶισυῇα
748 5332 798 5374 et
824 5320 1048 5396 νΔσυρον
1076 5322 1346 5375 civitatem
1391 5322 1568 5392 Mysia:
1615 5322 1860 5377 Asiatica:
1899 5339 2082 5379 versus

567 5409 656 5446 1³0³
699 5407 802 5443 em.

519 5396 802 5449 Troadem.

626 5466 642 5495 ¹
688 5464 873 5518 Petrus
941 5462 1007 5516 de
1051 5462 1169 5517 Nat.
1213 5461 1586 5530 Commagenis.
1634 5463 1834 5517 Yelser.
1892 5465 2076 5516 Coma-

522 5536 681 5602 genis,
728 5542 845 5600 puta
876 5533 1092 5602 castris,
1140 5532 1448 5596 Comagenas
1497 5535 1658 5586 habet
1687 5536 1981 5587 Antoninus
2029 5538 2078 5587 itt

525 5597 812 5670 itinerario.
860 5601 1208 5668 CuSpinianns
1267 5603 1550 5670 Kaumberg
1597 5605 1699 5656 dici
1748 5606 1852 5666 ait,
1897 5604 2082 5656 Latius

532 5663 839 5740 Rotenburg,
903 5663 1011 5728 Hoc
1038 5673 1287 5741 oppidum
1320 5663 1595 5728 Ferrarius
1626 5684 1749 5728 tunc
1779 5663 1956 5729 ho'5tili
1989 5678 2079 5728 ob—

2167 3192 2383 3247 Cltristo
2439 3191 2710 3246 esuriente
2758 3205 2997 3246 servare.
3045 3190 3252 3256 Quibus
3298 3191 3488 3245 auditis
3542 3203 3706 3256 magno

2168 3282 2361 3338 mulier
2404 3297 2601 3350 pavore
2675 3282 2996 3349 perterrita,
3046 3282 3213 3349 erepit
3257 3291 3467 3335 servata
3511 3281 3706 3332 libenter

2165 3388 2390 3444 erogare
2438 3373 2786 3443 pauperibus.
2837 3373 3002 3442 Igitur
3048 3389 3153 3427 non
3201 3373 3372 3427 multo
3418 3383 3533 3442 post
3586 3381 3704 3426 rates

2169 3467 2409 3537 plurimm
2451 3465 2520 3518 de
2570 3465 2810 3532 partibus
2849 3463 3196 3528 Rhaetiarum,
3231 3465 3495 3517 mercibus
3530 3471 3706 3514 onusta:

2169 3572 2329 3624 quam
2364 3554 2627 3622 plurimis,
2673 3553 2941 3621 insperate
2970 3553 3215 3607 videntur
3257 3553 3311 3606 in
3340 3555 3511 3607 littore
3562 3553 3689 3606 DJIII

2171 3646 2281 3710 bii,
2364 3659 2482 3712 qua:
2563 3644 2742 3697 inultis
2795 3642 2986 3696 diebus
3040 3657 3219 3696 crassa
3269 3643 3291 3673 ⁸
3343 3643 3437 3696 Eni
3504 3640 3708 3694 numinis

2179 3737 2344 3807 glacie
2410 3735 2617 3789 fuerant
2656 3735 2677 3765 '
2705 3733 2998 3800 congelatas
3025 3753 3040 3787 :
3070 3749 3189 3804 qua:
3225 3734 3318 3788 Dei
3347 3735 3562 3803 imperio
3606 3746 3708 3784 mox

2173 3827 2384 3893 solum,
2434 3826 2674 3880 ciborum
2716 3827 2899 3893 copias
2940 3823 3083 3878 fame
3135 3823 3493 3878 laborantibus
3535 3822 3710 3876 detule-

2175 3919 2322 3974 runt.
2355 3917 2505 3971 Tunc
2537 3925 2817 3984 cmperunt
2846 3930 3036 3970 omnes
3065 3915 3233 3970 Deum
3279 3917 3525 3984 insperati
3566 3929 3711 3969 reme-

2175 4012 2248 4065 dii
2299 4012 2602 4080 largitorein
2650 4011 2955 4065 continuata
3008 4008 3300 4064 devotione
3352 4008 3588 4078 laudare,
3637 4003 3708 4072 qui

2139 4097 2319 4159 ’malo
2365 4103 2632 4156 diuturnze
2683 4100 2838 4155 famis
2868 4099 3090 4154 interire
3115 4100 3473 4163 crediderant,
3520 4100 3709 4151 latentes

2179 4208 2325 4250 rates
2369 4169 2524 4260 est“
2571 4193 2872 4262 legitimum
2913 4203 3132 4260 tempus
3174 4207 3202 4244 a
3253 4191 3440 4261 glaciei
3487 4189 3709 4245 resolutas

2181 4289 2377 4357 frigore
2405 4285 2550 4341 servi
2582 4283 2676 4338 Dei
2713 4283 2959 4353 precibus
2989 4283 3293 4338 advenisse.

2803 4372 3027 4430 CAPUT
3065 4373 3141 4428 IL:

2391 4468 2664 4520 Victoriam
2691 4467 2895 4535 aliaque
2919 4467 3154 4538 pradicit
3177 4476 3269 4519 aut
3291 4467 3538 4533 impetrat.

2261 4563 2346 4617 ii).
2383 4565 2482 4619 Per
2511 4559 2650 4614 idem
2678 4566 2887 4628 tempus
2923 4558 3192 4626 inopinata
3241 4557 3565 4627 surreptione
3599 4564 3704 4622 prt-

2186 4696 2393 4749 sidione
2435 4695 2663 4747 cinctqu
2713 4691 2875 4746 fuisse
2921 4689 3138 4755 scribit;
3191 4703 3489 4760 perperam,
3527 4696 3578 4741 ut
3616 4684 3708 4739 hinc

2192 4773 2418 4910 minii}.
2464 4831 2593 4910 De".
2633 4832 2845 4910 Conciti:
2871 4833 3171 4910 Bratttiertts
3381 4830 3475 4908 hos
3499 4827 3708 4881 barbaros

2189 4904 2440 4968 reliquias
2470 4903 2631 4955 fuisse
2659 4903 2927 4956 exercitus
2957 4901 3154 4966 Attilae,
3185 4899 3272 4952 alii
3308 4899 3477 4953 Boios.
3678 4961 3688 4971 _

2255 4974 2278 5003 ³
2305 4972 2521 5027 Cusuiu.
2583 4969 2823 5025 Flar'abis
2878 4969 3094 5023 Gothico
3134 4970 3377 5022 vocabulo
3409 4969 3585 5020 dictum
3609 4976 3710 5016 strt-

2255 4974 2278 5003 ³
2305 4973 2521 5034 Cuspiu.
2583 4973 2823 5025 Flar'abis
2878 4973 3094 5023 Gothico
3134 4973 3377 5022 vocabulo
3409 4973 3585 5020 dictum
3609 4976 3710 5016 strt-

2189 5043 2286 5107 bit,
2319 5053 2373 5096 ut
2424 5041 2654 5108 Botulus,
2684 5056 2798 5110 qua
2827 5057 2961 5094 nunc
3008 5040 3243 5110 Butauiu.
3280 5039 3542 5110 Velserus,
3570 5034 3710 5110 Csars

2193 5105 2429 5166 Fabiana
2459 5128 2488 5164 a
2533 5105 2754 5166 cohorte
2801 5111 3039 5166 [ortassis
3076 5109 3239 5164 Fabia
3285 5119 3378 5162 aut
3421 5107 3643 5161 Fabiana.
3675 5105 3704 5151 Α

2188 5182 2469 5246 Fabianis,
2517 5182 2770 5236 truncatis
2816 5181 3069 5235 extremis
3116 5180 3368 5247 utrinque
3422 5176 3632 5248 syllabvg.
3667 5179 3708 5222 ει

2190 5255 2234 5307 A
2263 5257 2313 5306 in
2349 5255 2388 5306 Ε
2420 5242 2618 5304 mutata
2647 5251 2906 5304 defletum
2943 5249 3118 5313 Wien,
3140 5265 3240 5318 qua
3274 5242 3406 5302 alias
3437 5242 3705 5318 Ῡίῃόᾠριθ.

2192 5323 2421 5378 Anstrim
2443 5337 2582 5376 nunc
2610 5322 2939 5389 metropolis.
2963 5315 3224 5389 Georgius
3249 5320 3476 5380 Drunus,
3501 5317 3550 5370 in
3577 5315 3709 5389 “36°

2192 5404 2274 5447 tt‘o
2324 5395 2534 5446 urbium
2585 5391 2636 5462 id
2671 5379 3014 5462 non-probat,
3061 5379 3154 5462 sed
3180 5390 3259 5462 nil
3305 5379 3706 5462 certius

2257 5464 2278 5492 ⁸
2307 5462 2527 5528 Quidam
2553 5461 2697 5525 /Eui,
2725 5450 2915 5516 melius
2941 5460 3093 5515 (Eni.
3127 5461 3343 5514 Rhmtos
3383 5475 3411 5511 a

2187 5516 2428 5601 sting‘uii,
2473 5544 2525 5586 et
2553 5534 2618 5586 ad
2642 5516 2834 5585 Batava
2878 5533 3134 5588 miscetur
3169 5528 3428 5586 Danubio.
3461 5525 3606 5587 ναις..
3632 5516 3708 5572 ³⁸³⁵·

2191 5605 2318 5658 Beli.
2356 5603 2537 5660 Rheni,
2577 5602 2845 5658 mendose.

2246 5674 2281 5703 -δ
2307 5674 2387 5729 AI.
2419 5671 2694 5743 Cottigaaz.
