3874 6226
189 291 346 347 H73

1471 292 1626 347 VlTA
1665 293 1722 348 S.
1762 294 2099 350 SEVElllNI.

3306 299 3440 354 HN
3505 353 3511 360 ,

183 407 376 461 dones
416 404 626 458 barbari
681 417 1008 472 quzeeunquc
1058 408 1205 455 extra
1257 414 1435 456 muros
1497 402 1768 458 hominum
1800 411 1846 468 Α
1877 407 2014 460 tium
2039 407 2176 460 haud
2205 408 2382 486 procul
2407 424 2433 460 a
2461 410 2674 475 civitate
2701 409 3159 476 construerctmbi
3187 412 3437 478 plurimos

183 495 576 562 pecudumque
608 501 912 560 repererunt
941 492 1139 546 duxere
1163 493 1384 561 captiva.
1439 491 1629 562 Sicque
1657 495 1771 563 plu-

181 601 286 640 res
350 587 419 641 de
454 587 661 639 civibus
705 583 771 636 ad
826 583 995 636 virum
1037 583 1126 638 Dei
1177 598 1297 637 cum
1335 583 1581 653 laerytnis
1640 600 1767 638 con-

179 675 430 732 ﬂuentes
459 678 617 730 illatze
657 673 977 730 calamitatis
999 676 1220 730 exitium
1255 676 1570 742 retulerunt,
1613 679 1771 732 simul

181 770 548 824 ostendentes
600 769 790 822 iudicia
832 769 1120 824 recentium
1164 769 1486 836 rapinarum.
1519 769 1615 824 ltie
1645 785 1771 824 vero

187 862 580 917 Hamertinum
614 870 950 931 percontatus
979 870 1078 915 est.
1111 860 1260 914 Tunc
1288 862 1302 890 ¹
1332 859 1623 914 Tribunum
1644 863 1663 891 ³
1684 860 1771 929 qui

184 962 328 1020 post
352 953 629 1005 ordinatus
667 962 748 1006 est
777 952 1088 1020 Episcopus,
1139 959 1312 1004 utrum
1346 950 1549 1014 aliquos
1589 965 1770 1005 secum

187 1042 433 1096 haberet
461 1053 728 1107 armatos,
771 1057 892 1095 cum
922 1041 1112 1109 quibus
1153 1038 1478 1092 latrunculos
1517 1053 1770 1107 sequere-

185 1139 288 1184 tur
321 1129 623 1184 instantius.
655 1130 754 1196 Qui
779 1127 1051 1198 respondit
1082 1145 1093 1179 :
1127 1128 1319 1182 Milites
1351 1127 1560 1196 quidem
1604 1128 1772 1183 habeo

186 1220 578 1289 paucissimos,
619 1228 671 1273 et
713 1219 834 1272 ideo
865 1232 970 1271 non
1012 1217 1181 1271 audeo
1211 1231 1329 1270 cum
1360 1225 1501 1268 tanta
1542 1215 1770 1272 hostium

184 1312 552 1366 multitudine
577 1311 885 1380 conﬂigere.
931 1309 1084 1375 Quod
1115 1310 1160 1364 si
1209 1319 1293 1362 tua
1326 1310 1595 1363 veneratio
1637 1325 1774 1378 prm-

190 1406 360 1472 cipit,
393 1407 636 1474 quamvis
681 1404 934 1459 auxilium
976 1404 1127 1458 nobis
1155 1405 1292 1460 desit
1333 1419 1623 1469 armorum,
1654 1420 1773 1461 ere-

185 1493 384 1549 dimus
416 1503 504 1549 tua
540 1511 635 1548 nos
665 1494 776 1550 tleri
804 1496 1044 1548 oratione
1069 1495 1317 1549 victores.
1343 1495 1408 1549 Et
1427 1496 1518 1550 Dei
1541 1492 1772 1552 famulus

188 1585 276 1637 ait
310 1601 324 1636 :
353 1582 575 1639 Etiamsi
604 1585 838 1640 inermes
867 1593 990 1639 seat
1014 1585 1229 1649 milites,
1259 1601 1399 1640 nunc
1428 1601 1491 1639 ex
1525 1585 1770 1643 hostibus

186 1675 557 1730 armabantur
589 1693 603 1727 :
635 1691 733 1730 nec
768 1678 909 1730 enim
959 1689 1210 1729 numerus
1248 1683 1341 1728 aut
1380 1673 1632 1730 fortitudo
1677 1680 1774 1733 Itu-

1883 508 2070 553 sancto
2125 499 2290 567 coepit
2352 499 2641 555 informare
2693 503 3002 570 proposito,
3068 499 3220 554 factis
3274 503 3435 570 magis

1875 602 2032 656 quam
2063 587 2240 640 verbis
2263 587 2464 642 animas
2498 591 2768 644 instruens
2800 590 3124 644 auditorum.
3169 590 3284 659 ipse
3315 605 3438 642 vero

1872 679 1936 732 ad
1977 692 2067 732 sec
2098 686 2241 732 etum
2274 676 2653 744 habitaculum,
2699 681 2837 749 quod
2871 681 2891 713 '
2921 682 3148 750 Purgum
3187 680 3440 748 Oppidum

1873 767 2174 834 appellatur
2229 767 2296 819 ab
2337 767 2564 830 accolis,
2605 770 2838 838 quinque
2877 783 2905 824 a
2947 770 3191 824 Favianis
3241 770 3444 824 distans

1875 857 2160 922 milliariis,
2194 859 2389 926 saepius
2417 858 2737 924 secedebat,
2771 866 2829 912 ut
2863 860 3131 913 hominum
3179 860 3443 914 declinata

1874 948 2197 1022 frequentia,
2229 963 2347 1015 qua:
2372 949 2436 1001 ad
2467 962 2586 1002 eum
2615 949 2796 1003 venire
2815 960 3183 1015 consueverat,
3205 951 3445 1005 oratione

1874 1039 2129 1093 continua
2175 1037 2283 1093 Deo
2316 1035 2556 1106 protinus
2589 1037 2895 1093 inhaereret.
2954 1038 3059 1094 Sed
3090 1049 3288 1108 quanto
3328 1037 3445 1092 soli-

1876 1129 2109 1182 tudinem
2143 1128 2380 1183 incolere
2407 1126 2672 1196 cupiebat,
2716 1136 2861 1182 tanto
2886 1129 3127 1184 crebrius
3157 1129 3440 1184 revelatio-

1874 1215 2024 1270 nibus
2053 1215 2388 1282 monebatur,
2413 1230 2478 1269 ne
2502 1214 2842 1283 przrsentiam
2870 1229 3018 1269 suam
3046 1216 3253 1285 populis
3282 1216 3444 1270 deue-

1873 1319 2020 1379 garet
2069 1309 2310 1364 afﬂictis.
2359 1307 2679 1364 Proflciebat
2715 1311 2891 1378 itaque
2932 1324 3023 1378 per
3060 1309 3294 1379 singulos
3333 1309 3448 1362 dies

1875 1400 1988 1470 ejus
2033 1402 2321 1468 meritum,
2379 1400 2760 1469 crescebatque
2809 1399 2949 1454 fama
2998 1401 3246 1454 virtutum
3275 1438 3288 1463 ,
3345 1415 3443 1468 qua

1874 1491 2028 1562 longe
2055 1493 2264 1564 lateque
2293 1494 2620 1560 discurrens,
2646 1493 2880 1549 celestis
2905 1494 3092 1563 gratiae
3123 1493 3172 1546 iu
3202 1506 3266 1548 eo
3295 1491 3444 1560 signa

1874 1585 2160 1653 pandebat.
2209 1585 2458 1641 Nesciunt
2516 1587 2658 1640 enim
2716 1586 2886 1641 latere
2933 1599 3053 1654 quae
3103 1584 3240 1640 bona
3297 1591 3441 1648 sunt,

1875 1689 2018 1740 cum.
2059 1676 2209 1746 juxta
2246 1681 2563 1733 sententiam
2595 1678 2908 1748 Salvatoris,
2938 1691 3038 1731 nec
3080 1676 3293 1729 lucerna
3343 1677 3443 1728 sub

196 1779 371 1817 niana
418 1765 726 1832 requiritur,
767 1764 855 1817 ubi
890 1774 1248 1834 propugnator
1291 1764 1427 1820 Deus
1473 1779 1564 1833 per
1598 1770 1774 1822 omnia
1806 1760 1851 1820 Β
1881 1764 2056 1817 modio
2098 1767 2326 1835 contegi,
2373 1783 2468 1822 nec
2517 1768 2570 1821 in
2621 1776 2801 1820 monte
2851 1765 3023 1834 posita
3068 1764 3252 1819 civitas
3283 1764 3447 1831 possit

191 1856 623 1924 comprobatur:
654 1863 856 1909 tantum
875 1854 926 1908 in
949 1858 1163 1910 nomine
1196 1856 1285 1911 Dei
1318 1871 1477 1928 perge
1501 1858 1774 1924 velociter,

195 1959 374 2014 perge
434 1943 692 2010 ﬁdenter,
746 1959 865 1998 nam
909 1945 1131 2002 Domino
1178 1946 1598 2001 misericorditer
1629 1961 1774 2014 pra:-

193 2044 395 2102 ouute,
415 2035 605 2091 deb'tis
627 2037 849 2104 quisque
871 2034 1190 2090 fortissrmus
1211 2037 1505 2105 apparebit;
1522 2036 1779 2092 Dominus

203 2141 314 2196 pro
352 2126 504 2182 vobis
550 2127 836 2195 pugnabit,
897 2135 949 2181 et
1000 2140 1093 2182 vos
1142 2126 1406 2183 tacebitis.
1464 2125 1606 2182 Vade
1652 2143 1779 2196 ergo

199 2217 465 2283 festinus,
507 2215 609 2272 hoc
641 2232 800 2271 unum
829 2226 956 2271 ante
983 2218 1159 2272 omnia
1185 2226 1493 2273 servaturus
1523 2228 1578 2272 ut
1601 2219 1667 2271 ad
1695 2233 1780 2273 me

201 2322 354 2379 s,uos
373 2322 439 2363 ex
463 2307 703 2362 barbaris
724 2309 931 2376 ceperis
953 2309 1209 2377 perducas
1230 2311 1539 2366 incolumes.
1564 2312 1776 2366 Exeun-

205 2408 301 2453 tea
331 2398 492 2468 igitur
521 2398 573 2451 in
601 2398 836 2453 secundo
880 2398 1128 2452 milliario
1166 2413 1328 2469 super
1357 2401 1535 2454 rivum.
1556 2403 1647 2469 qui
1681 2418 1776 2456 vo-

200 2496 367 2543 catur
389 2487 412 2519 ³
433 2487 669 2542 Dicuntia
690 2487 973 2557 prtedietos
1005 2488 1240 2544 latrones
1268 2490 1565 2555 inveniunt,
1591 2493 1782 2562 quibus

201 2579 262 2634 in
309 2575 488 2648 fugam
523 2586 741 2646 repente
769 2577 1066 2642 conversis,
1098 2593 1242 2632 arma
1275 2580 1510 2632 omnium
1552 2581 1781 2636 sustule-

200 2679 375 2734 runt;
419 2678 641 2723 caeteros
662 2681 788 2723 vero
812 2667 1015 2723 vinctos
1043 2667 1110 2723 ad
1141 2667 1231 2723 Dei
1262 2667 1539 2734 famulum,
1565 2677 1629 2723 ut.
1650 2685 1780 2739 prte-

199 2768 454 2830 eeperat,
481 2758 816 2812 adduxerunt
836 2757 1098 2827 captivos.
1147 2758 1291 2827 Quos
1317 2745 1588 2814 absolutos
1611 2759 1784 2814 vincu-

203 2849 313 2914 lis,
362 2847 485 2903 eibo
522 2858 756 2918 potaque
797 2845 1059 2914 refectos,
1105 2848 1288 2917 paucis
1323 2848 1651 2918 alloquitur:
1685 2846 1782 2917 lte,

205 2949 268 2995 et
297 2939 490 2995 vestris
518 2938 826 2994 denuntiate
856 2937 1241 3008 complicibus,
1268 2953 1336 2994 ne
1355 2939 1608 2995 aviditate
1647 2955 1784 3010 prte-

202 3027 375 3082 dandi
414 3026 554 3081 ultra
597 3026 700 3080 huc
729 3026 962 3080 audeant
994 3028 1377 3096 propinquare;
1429 3041 1550 3082 nam
1596 3028 1778 3083 statim

1878 1851 2151 1906 abscondi.
2186 1852 2325 1908 inter
2350 1865 2540 1909 czetera
2567 1856 2705 1910 enim
2730 1853 2988 1922 magnalia
3017 1868 3134 1922 qua:
3161 1853 3229 1906 illi
3261 1853 3443 1907 Salva-

1882 1947 1963 1992 tor
1993 1937 2305 2008 indulserat,
2348 1945 2673 2012 przecipuum
2705 1943 3040 2014 abstinentiae
3079 1957 3270 1997 munus
3300 1943 3440 1996 acci.

1883 2033 2059 2100 piens,
2114 2048 2328 2090 carnem
2385 2051 2535 2089 suam
2587 2035 2830 2105 plurimis
2873 2034 3188 2104 subjugabat
3223 2034 3444 2097 inediis.

1879 2123 2074 2177 docens
2096 2138 2313 2194 corpus,
2343 2125 2485 2194 quod
2509 2126 2641 2180 cibis
2662 2123 3132 2181 abundantioribns
3155 2124 3439 2178 enutritur.

1879 2213 2070 2267 animae
2100 2213 2370 2268 interitum
2420 2214 2657 2284 protinus
2710 2209 3018 2269 allaturum.
3068 2212 3442 2268 Calceainento

1879 2302 2024 2356 nullo
2054 2303 2265 2371 penitus
2289 2304 2526 2371 indutus,
2561 2307 2631 2358 ita
2655 2303 2827 2358 media
2860 2304 3069 2375 hyeme,
3101 2316 3219 2370 qua:
3249 2302 3302 2356 iu
3334 2301 3440 2356 illis

1882 2393 2188 2463 regionibus
2240 2393 2468 2448 saeviore
2505 2394 2625 2462 gelu
2680 2393 2972 2462 torpescit,.
3009 2390 3166 2446 nudis
3221 2389 3443 2458 pedibus

1883 2497 2093 2553 semper
2139 2483 2410 2539 ambulare
2460 2493 2782 2548 contentus,
2843 2481 3110 2552 singulare
3165 2480 3438 2551 patientia:

1884 2574 2041 2628 dabat
2100 2574 2375 2629 iudicium.
2441 2575 2520 2629 Ad
2583 2575 2733 2643 cujus
2799 2573 3178 2628 immanitatem
3235 2572 3453 2642 frigoris

1883 2665 2358 2735 comprobandum,
2416 2674 2604 2720 testem
2637 2673 2848 2720 constat
2873 2678 2992 2721 esse
3026 2664 3339 2726 Danubium,
3373 2663 3446 2716 ita

1883 2750 2026 2824 saepe
2053 2756 2264 2826 glaciali
2313 2757 2584 2812 nimietate
2613 2766 2944 2822 concretum,
2997 2763 3054 2817 ut
3081 2756 3238 2810 etiam
3271 2755 3446 2824 plausg

1886 2848 1985 2902 tris
2014 2847 2242 2903 solidum
2277 2849 2552 2903 transitum
2582 2846 2965 2906 subministrat.
3000 2846 3096 2912 Qui
3129 2857 3302 2900 tamen
3332 2845 3447 2898 tali-

1884 2939 1983 2994 bus
2012 2955 2106 3009 per
2144 2939 2236 2994 Dei
2265 2940 2487 3010 gratiam
2515 2937 2794 3010 virtutibus
2821 2933 3136 3012 sublimatus
3157 2976 3171 3001 ,
3205 2934 3444 2991 intimam

1885 3029 2234 3085 bumifitatem
2259 3029 2520 3084 fatebatur
2547 3029 2731 3084 dicens
2758 3044 2772 3081 :
2802 3024 2880 3084 Na
2908 3020 3105 3099 putetis
3136 3026 3241 3081 mei
3273 3025 3447 3080 meriti

203 3116 450 3173 ctelestis
486 3118 730 3172 vindicta:
775 3117 975 3187 judicio
1016 3119 1323 3187 punientur,
1381 3117 1489 3173 Deo
1528 3134 1624 3188 pro
1668 3120 1778 3175 suis
1806 3125 1851 3186 C
1885 3137 2005 3179 esse
2040 3121 2182 3191 quod
2212 3121 2462 3185 cernitis,
2493 3131 2687 3175 vestra
2730 3127 2814 3175 est
2852 3118 3025 3189 potius
3050 3118 3237 3174 salutis
3265 3132 3445 3173 exem-

203 3205 428 3264 famulis
459 3207 773 3276 dimicanle,
806 3221 936 3278 quos
963 3208 1033 3262 ita
1063 3209 1335 3262 consuevit
1371 3208 1548 3263 divina
1581 3209 1773 3265 virtute

202 3307 514 3368 protegere,
540 3308 596 3352 ut
623 3299 724 3352 tela
755 3299 984 3352 hostium
1011 3312 1116 3352 non
1146 3297 1224 3351 eis
1269 3297 1500 3351 inferant
1528 3299 1783 3366 vulnera,

201 3389 304 3445 sed
339 3402 484 3444 arma
516 3388 690 3459 potius
714 3387 1146 3442 subministrent.
1176 3387 1417 3443 Dimissis
1445 3389 1622 3459 itaque
1654 3388 1778 3443 bar-

204 3480 377 3546 baris,
408 3479 523 3548 ipse
550 3481 616 3534 de
642 3478 839 3534 Christi
888 3478 1156 3533 miraculis
1184 3479 1497 3548 gratulatur,
1537 3479 1602 3534 de
1625 3480 1777 3549 cujus

206 3568 642 3624 miserationibus
695 3568 956 3638 promittit
1014 3583 1284 3636 nunquam
1338 3571 1471 3626 illud
1526 3571 1774 3641 oppidum

205 3659 441 3716 hostiqu
471 3660 674 3730 praedas
698 3659 919 3713 ulterius
941 3669 1306 3728 experturum,
1331 3663 1375 3716 si
1398 3663 1542 3717 cives
1573 3646 1775 3717 tantum

203 3751 278 3807 ab
324 3765 489 3821 opere
530 3750 626 3806 Dei
674 3765 772 3805 nec
827 3764 1082 3820 prospera
1127 3765 1227 3806 nec
1273 3751 1496 3807 adversa
1538 3754 1777 3808 retrahe-

203 3848 349 3896 rent.
373 3885 382 3894 .
1298 3906 1307 3909 _

281 3932 369 3984 ll.
404 3918 605 3985 Deinde
633 3931 691 3984 Β.
722 3930 1009 3984 Severinus
1042 3931 1093 3983 in
1121 3929 1293 3984 locum
1323 3931 1660 3987 remotiorem
1691 3947 1778 3988 se-

202 4021 408 4076 cedens
428 4021 518 4088 qui
541 4018 562 4050 δ
589 4021 654 4073 ad
685 4020 882 4074 Vincas
910 4021 1215 4084 vocabatur,
1254 4021 1444 4077 cellula
1472 4038 1634 4089 parva
1660 4040 1779 4081 cou-

205 4118 412 4174 tentus,
444 4109 509 4163 ad
543 4110 846 4178 praedictum
875 4109 1125 4179 Oppidum
1150 4099 1389 4166 remeare
1415 4112 1595 4167 divina
1625 4127 1775 4168 reve-

204 4200 406 4254 latione
422 4199 793 4268 compellitur;
819 4201 889 4252 ita
914 4209 969 4252 ut
993 4201 1232 4266 quamvis
1254 4215 1373 4256 eum
1396 4203 1543 4270 quies
1566 4203 1772 4257 cellula:

202 4291 522 4355 delectaret,
554 4289 648 4344 Dei
672 4298 844 4342 tamen
873 4288 1036 4357 jussis
1060 4291 1433 4358 obtemperans
1452 4329 1466 4354 ,
1502 4300 1770 4346 monaste-

1882 3212 2048 3281 plum.
2091 3210 2275 3265 Cesset
2316 3210 2422 3279 jam
2463 3209 2690 3263 humana
2741 3209 3035 3274 temeritas,
3085 3206 3331 3262 elationis
3357 3223 3456 3261 sti--

1884 3300 2158 3371 pereilium
2207 3299 2617 3368 comprimatur,
2663 3307 2720 3351 ut
2761 3297 2955 3365 aliquid
3001 3297 3124 3352 boui
3155 3296 3448 3367 possimus,

1882 3389 2165 3460 eligimur,
2224 3388 2431 3454 dicente
2486 3387 2743 3457 Apostolo
2774 3405 2786 3440 :
2823 3387 2924 3455 Qui
2984 3388 3132 3459 elegit
3189 3403 3278 3441 nos
3327 3399 3442 3440 ante

1884 3478 2294 3533 constitutionem
2344 3476 2547 3542 mundi,
2596 3485 2650 3530 ut
2677 3493 2894 3532 essemus
2921 3478 3084 3531 sancti
3128 3485 3177 3531 et
3205 3479 3454 3530 immacu-

1885 3572 1975 3624 lati
2003 3572 2054 3623 in
2079 3577 2344 3638 conspectu
2381 3571 2515 3640 ejus.
2554 3568 2714 3624 Orate
2743 3570 2850 3623 imo
2884 3583 2978 3638 pro
3005 3585 3108 3634 me,
3161 3580 3217 3624 ut
3247 3585 3348 3625 nun
3379 3575 3444 3627 ad

1884 3655 2348 3714 condemnationis
2403 3659 2719 3724 cumulum,
2776 3659 2872 3713 sed
2933 3662 2997 3714 ad
3051 3660 3446 3729 justificatiouis

1885 3760 2249 3818 augmentum,
2301 3746 2593 3802 Salvatoris
2626 3746 2754 3802 mihi
2793 3747 2932 3803 dona
2983 3749 3278 3818 proficiant.
3326 3753 3449 3807 time

1881 3847 1935 3894 et
1983 3838 2065 3890 his
2094 3837 2291 3892 similia
2319 3837 2536 3913 solebat
2580 3836 2823 3906 proferre
2872 3853 2991 3891 cum
3027 3838 3263 3905 ﬂetibus,
3314 3842 3445 3894 miru

1881 3930 2132 3985 erudiens
2156 3929 2397 3985 homines
2427 3929 2735 3983 humilitatis
2755 3931 3020 3998 exemplo,
3053 3931 3201 3999 cujus
3232 3933 3441 3986 virtutis

1879 4019 2220 4076 fundamento
2249 4021 2506 4085 munitus,
2556 4028 2700 4074 tanta
2729 4020 2894 4076 divini
2923 4021 3158 4087 muneris
3201 4023 3438 4077 claritate

1877 4112 2107 4180 fulgebat
2131 4149 2147 4175 ,
2196 4120 2253 4164 ut
2281 4111 2384 4180 ipsi
2406 4125 2616 4180 quoque
2645 4107 2830 4172 hostes
2859 4110 3095 4166 bmtiei
3123 4115 3438 4167 reverentis-

1875 4199 2023 4254 simis
2051 4213 2170 4254 eum
2199 4192 2390 4260 ofﬁciis
2429 4199 2772 4272 honorarent.
3141 4206 3143 4208 ’

1948 4290 2033 4346 12.
2079 4288 2104 4323 ⁸
2149 4291 2418 4363 [iugorum
2463 4293 2509 4348 si
2549 4293 2760 4363 quidem
2809 4310 2921 4362 rex,
2984 4310 3198 4352 nomine
3240 4296 3412 4352 Flacci

277 4437 294 4467 ¹
320 4433 601 4488 Praesident
631 4429 757 4485 facit
779 4431 1068 4486 Aventinus
1095 4448 1106 4482 :
1131 4429 1398 4500 improbat
1423 4433 1614 4486 merito
1637 4432 1766 4487 Vel-
1799 4434 1845 4492 ι)
1875 4431 2149 4486 Ferrarius
2180 4433 2284 4488 hoc
2313 4430 2698 4486 monasterium
2730 4428 2790 4485 S.
2824 4429 3066 4485 Seuerino
3095 4445 3124 4484 a
3171 4431 3434 4500 [iugorum

335 4521 382 4558 S.

335 4521 382 4558 s.

200 4521 550 4628 sczuAberant
568 4575 680 4628 haec
705 4588 732 4624 a
755 4570 934 4641 codice
960 4571 1119 4625 Surii.
1141 4570 1383 4641 Velserns
1403 4571 1665 4641 glossema
1693 4587 1773 4627 su~

202 4647 465 4714 spicalur,
489 4643 628 4711 quod
654 4643 840 4698 eodem
865 4640 975 4714 fere
1002 4649 1237 4714 tempore
1253 4639 1532 4714 Mamertus
1558 4643 1770 4698 Vienna

201 4712 390 4770 Gallia:
440 4715 718 4778 episcopus
764 4712 956 4780 vixerit
1003 4713 1069 4762 de
1117 4723 1221 4778 quo
1270 4726 1308 4764 tt
1360 4713 1476 4765 Maii
1527 4727 1766 4780 agemus.
1824 4724 1826 4726 ·

203 4782 570 4838 Mamertinum
623 4782 840 4836 Vienna:
900 4778 1128 4833 Austrite
1167 4781 1406 4850 primum
1457 4778 1764 4850 epistmpum

203 4853 343 4908 eruit
365 4851 907 4922 Laziiusg'eterisque
930 4848 1178 4902 Chronici
1211 4851 1311 4905 lide
1341 4848 1654 4922 conﬁrmat,
1676 4866 1766 4919 pa.

202 4939 320 4977 rum
345 4921 532 4982 solide.
561 4919 779 4974 Velsero
795 4918 990 4987 judice.

274 4993 295 5022 ³
329 4991 452 5044 Sur.
503 4990 778 5059 Taguntia.
799 4986 935 5061 B_e_|f.
966 4986 1241 5061 Gyguntio.
1298 4989 1488 5046 Rader.
1521 4990 1769 5061 Jaguntia

199 5075 295 5116 seu
339 5057 596 5113 (licentia.
628 5061 793 5114 Staib.
827 5057 990 5122 Tigun
1015 5060 1112 5110 ius.

274 5131 296 5161 ⁸
326 5129 455 5183 Belf.
484 5131 564 5182 Ad
587 5128 800 5182 luncas.
826 5128 983 5180 Cellie
1029 5128 1217 5181 rudera
1249 5130 1297 5180 in
1325 5143 1456 5198 pago
1502 5129 1764 5198 Siferr’uga

200 5209 414 5254 exstare
437 5207 661 5253 testatur
685 5199 872 5251 Lazius
897 5205 949 5249 et
977 5211 1106 5264 pago
1150 5212 1342 5250 nomen
1369 5217 1399 5251 e
1432 5214 1487 5252 se
1517 5216 1542 5250 a
1571 5199 1630 5254 S.
1665 5199 1762 5252 Se-

201 5271 395 5323 uerino.
450 5268 808 5334 Cuspinianus
835 5267 986 5318 lSIhic
1016 5269 1211 5331 villam,
1245 5268 1332 5320 ubi
1360 5271 1509 5321 ce‘lie
1535 5269 1763 5322 Severini

201 5340 442 5406 vestigia,
465 5338 536 5390 ob
555 5338 670 5406 ejus
693 5334 1001 5406 memoriam
1025 5339 1217 5406 emisse
1242 5354 1296 5390 se
1327 5347 1568 5392 testatur.
1596 5339 1764 5392 Distat

201 5405 398 5476 magno
446 5405 654 5460 milliari
701 5423 730 5457 a
770 5405 994 5476 Vienna.
1049 5405 1117 5476 At
1148 5409 1543 5476 fnumasterium
1593 5409 1762 5476 majus

201 5474 362 5532 fuisse
382 5479 455 5531 ait
479 5477 660 5530 Lazius
692 5476 742 5529 in
769 5474 886 5527 loco
915 5476 1002 5542 qui
1021 5475 1306 5544 lleyligsfat
1337 5477 1552 5542 dicitur,
1585 5477 1634 5530 id
1659 5474 1764 5541 est,

202 5551 342 5601 locus
369 5557 571 5600 sanctus
597 5585 612 5610 ,
644 5561 672 5598 a
721 5553 1022 5598 sanctorum
1052 5546 1206 5598 isthic
1249 5546 1590 5601 habitatione.
1639 5548 1763 5600 inde

203 5630 328 5670 saxa
356 5617 577 5669 abstulit
604 5615 659 5670 S.
707 5614 1004 5680 Leopoltlus
1035 5615 1098 5666 ad
1147 5616 1430 5675 Neuburuii
1463 5616 1761 5672 claustralis

204 5685 626 5751 mditlcatiuncm,
657 5696 708 5738 ut
743 5685 807 5740 15
835 5684 1086 5740 Novemb.
1115 5687 1164 5739 in
1197 5685 1312 5754 ejus
1347 5687 1457 5749 Vita
1503 5687 1760 5742 dicemus.

1877 4516 2003 4569 rege
2026 4511 2391 4557 constructum
2414 4502 2619 4556 scribit.

1946 4588 1970 4622 ⁸
2024 4589 2402 4658 Burckensdorf
2455 4589 2843 4658 interpretatur
2891 4588 3247 4656 Cuspiuiauus
3293 4591 3430 4645 :sed

1872 4659 2014 4730 quod
2062 4659 2419 4730 Flaceithcum
2453 4657 2718 4730 [iugorum
2766 4673 2945 4730 regem
2980 4659 3137 4712 isthic
3157 4659 3234 4730 ait
3283 4661 3433 4713 habi-

1873 4727 2039 4792 tasse,
2076 4743 2180 4783 non
2213 4729 2418 4796 probat.
2451 4727 2734 4781 Staibanus
2771 4727 3124 4798 et’t'lngenius
3155 4729 3239 4782 hic
3271 4733 3318 4782 in
3348 4744 3435 4782 Su-

1871 4798 2146 4866 litudinem
2195 4798 2395 4853 abiisse
2433 4804 2674 4852 sanetum
2743 4796 2981 4853 scribunt
3033 4796 3264 4868 Burgum
3320 4800 3434 4854 dic-

1871 4877 1996 4922 tam.
2358 4897 2364 4904 -

1943 4955 2115 5029 '_Sur.
2166 4956 2466 5029 Regiorum,
2500 4959 2640 5029 quod
2691 4959 2858 5028 magis
2894 4959 3092 5029 arridet
3130 4958 3366 5029 Velsern.
3398 4958 3436 5014 li

1870 5027 2140 5098 regionem
2189 5026 2418 5082 coluisse
2465 5026 2866 5098 vi‘:eutur,qirze
2895 5026 3089 5082 Viadro
3135 5043 3198 5092 ac
3243 5028 3431 5095 Vipera

1871 5096 2175 5152 fluminibus
2203 5098 2511 5152 continetur
2556 5100 2608 5153 in
2658 5096 2983 5153 l‘oueranim
3021 5098 3213 5151 ducatu
3248 5117 3259 5150 :
3293 5101 3433 5153 unde

1870 5169 2120 5237 profecta:
2168 5167 2411 5236 quaedam
2465 5183 2649 5224 eorum
2705 5169 2870 5232 copim
2923 5179 3085 5237 prope
3133 5167 3430 5222 Danubium

1867 5234 2244 5293 consederunt.
2271 5239 2465 5293 Paulus
2496 5240 2707 5292 Diacon.
2750 5237 2842 5290 tib.
2872 5251 2886 5289 t
2921 5239 2988 5290 de
3016 5235 3190 5291 Gestis
3223 5240 3431 5306 Longo-

1868 5308 2019 5363 bard-
2057 5307 2311 5360 ditionem
2337 5324 2493 5377 quam
2537 5305 3102 5377 Feletheus‘llugorutn
3149 5323 3240 5361 rex
3289 5305 3433 5361 inen-

1868 5378 2032 5446 iebat,
2051 5394 2222 5444 quam,
2248 5375 2436 5444 inquit,
2459 5395 2490 5430 a
2520 5376 2700 5432 Norici
2720 5375 2905 5446 ﬁnibus
2921 5375 3188 5430 Danubius
3209 5388 3433 5443 separat,

1866 5445 2025 5505 vocat
2047 5447 2326 5514 Rugii/md,
2366 5463 2480 5517 qua:
2504 5447 2686 5517 Latino
2717 5445 2924 5517 eloquio
2958 5447 3217 5517 [fugarunt
3245 5459 3432 5517 _patr.a

1866 5519 2072 5574 dicitur.
2095 5513 2334 5572 Raderus
2357 5513 2502 5584 putat
2528 5531 2554 5568 a
2572 5513 2758 5570 Gothis
2788 5513 3113 5580 infestatuiu,
3143 5515 3205 5570 ob
3231 5513 3435 5568 Oceano

1865 5594 2160 5661 profugum,
2184 5602 2275 5642 eas
2304 5601 2424 5640 oras
2453 5586 2706 5661 insedisse
2726 5600 2896 5661 {lcum
2923 5596 3104 5661 contra
3138 5588 3188 5640 in
3218 5586 3280 5639 iis
3303 5586 3430 5652 ipsis

1865 5653 1994 5727 oris,
2020 5653 2189 5714 'belio
2231 5657 2523 5725 occupatis,
2547 5669 2576 5708 a
2621 5653 2809 5710 Gothis
2844 5654 3028 5710 vicinis
3081 5666 3432 5725 premeretur.
