3874 6226
138 319 290 374 H77

1462 311 1621 368 VITA
1656 313 1714 368 S.
1754 314 2099 370 SISVEBINI.

3271 293 3400 383 ms

128 431 468 488 necessitate
496 430 847 498 compelletur
891 429 1104 498 explere
1148 429 1288 498 quod
1337 443 1495 497 prava
1527 430 1713 484 volun-
1745 433 1788 490 Α
1823 445 2038 501 possum
2077 429 2317 484 invenire
2344 429 2616 485 hominem
2647 432 2738 502 qui
2779 448 2863 489 me
2888 433 2952 488 ad
2985 434 3155 490 virum
3184 435 3275 492 Dei
3307 455 3400 494 cu-

95 552 104 618 ι
130 532 252 578 tate
283 524 549 593 despexit.
586 521 751 576 Velox
783 523 960 591 itaque
984 528 1168 590 secuta
1185 522 1458 590 correptio
1481 523 1715 577 animum

132 615 438 681 prostravit
467 612 803 682 arrogantis:
840 611 1095 681 quosdam
1117 613 1258 667 enim
1279 613 1526 667 auriflces
1556 614 1570 643 '
1595 612 1719 667 bar-

129 705 315 760 baros
340 747 355 772 ,
385 719 483 775 pro
538 702 858 758 fabricandis
897 703 1167 773 regalibus
1211 704 1542 758 ornamentis
1570 703 1720 759 clau-

131 806 294 853 serat
316 803 460 852 arcta
505 795 768 850 custodia.
818 793 898 849 Ad
947 794 1044 849 bos
1090 795 1230 848 filius
1274 795 1552 849 memorati
1577 796 1718 865 regis

131 885 436 940 admodum
467 883 737 954 parvulos,
767 884 982 939 nomine
1023 882 1329 938 Fridericus
1353 923 1369 949 ,
1414 884 1602 938 eodem
1632 885 1717 938 die

131 992 250 1045 quo
300 976 481 1046 regina
529 988 743 1030 servum
790 974 882 1029 Dei
913 982 1305 1042 contempserat
1352 974 1537 1040 puerili
1571 984 1716 1029 tnotu

130 1067 394 1120 concitus
441 1065 696 1120 introii-it.
748 1064 900 1119 Tune
941 1065 1190 1118 auritices
1243 1063 1459 1118 infantis
1516 1064 1718 1130 pectori

129 1158 382 1227 gladium
405 1155 704 1224 imposuere
726 1154 960 1209 dicentes
983 1153 1121 1223 quod
1147 1154 1192 1207 si
1216 1154 1333 1222 quis
1362 1153 1428 1205 ad
1457 1167 1550 1207 eos
1597 1153 1720 1207 abs-

131 1262 250 1315 que
279 1246 567 1315 juramenti
597 1245 620 1276 ⁸
667 1245 884 1314 prteflso
913 1244 1114 1314 ingredi
1158 1251 1442 1297 conaretur
1465 1281 1482 1307 ,
1525 1259 1719 1309 parvu-

135 1338 257 1391 lum
311 1335 512 1407 regium
559 1334 804 1407 primitus
859 1336 1247 1402 transligerent,
1298 1343 1350 1388 et
1400 1333 1717 1400 semetipsos

134 1439 332 1499 postea
382 1429 734 1494 trucidarent;
769 1429 965 1497 quippe
1011 1441 1132 1483 cum
1181 1427 1282 1481 sibi
1315 1425 1511 1480 nullam
1566 1441 1714 1494 spem

135 1525 268 1576 vita:
301 1522 692 1591 promitterent,
725 1521 974 1575 macerati
1003 1521 1269 1574 diuturnis
1298 1520 1596 1589 ergastulis.
1627 1520 1719 1573 llis

133 1613 347 1667 auditis
400 1613 582 1682 regina
625 1613 856 1668 crudelis
909 1622 964 1668 et
1011 1612 1208 1680 impia,
1257 1613 1490 1666 vestibus
1535 1611 1717 1664 dolore

130 1701 463 1765 conscissis,
495 1702 618 1755 talia
641 1700 898 1756 clamabat
927 1719 940 1753 :
965 1700 1009 1755 0
1030 1716 1184 1755 serve
1215 1701 1304 1753 Dei
1333 1699 1608 1760 Severine,
1640 1699 1718 1753 sic

1824 521 1909 590 jus
1937 523 2130 591 ubique
2175 521 2312 576 fama
2356 521 2687 591 dilfuuditur,
2733 541 2834 593 qua
2877 527 3106 585 voluerit
3149 531 3400 587 mercede

1821 610 2224 679 perducatidiu
2253 619 2334 665 est
2358 611 2497 665 enim
2519 613 2659 682 quod
2686 613 2828 682 ipsos
2857 625 3068 672 sanctos
3098 629 3384 691 martyres,

1819 716 2044 772 quorum
2085 701 2340 770 reliquias
2370 703 2508 766 fere,
2530 704 2842 772 suppliciter
2865 708 3170 776 interpello,
3213 719 3269 765 ut
3301 711 3394 766 tali

1822 795 2125 850 ministerio
2163 795 2377 849 tandem
2408 795 2691 864 aliquando
2731 800 2910 852 solvar
2950 801 3217 872 indignus,
3248 804 3393 873 quod

1818 904 1988 958 usque
2026 903 2130 942 non
2179 889 2458 944 temeraria
2505 891 2957 958 prarstimptionc,
3000 892 3093 947 sed
3147 894 3392 964 religiosa

1820 980 2137 1034 necessitate
2175 979 2425 1033 sustinui.
2456 978 2606 1032 Tunc
2649 979 2864 1034 nuntius
2893 980 3118 1036 hominis
3142 983 3234 1037 Dei
3276 984 3392 1053 ejus

1817 1067 1966 1121 illum
1987 1069 2286 1136 aspectibus
2311 1069 2669 1133 prtesentavit,
2702 1067 2790 1137 qui
2817 1068 2997 1123 debito
3032 1069 3053 1100 δ
3082 1082 3386 1127 sanctorum

1819 1156 2058 1211 Gervasii
2088 1167 2140 1211 et
2173 1156 2401 1211 Protasii
2433 1166 2724 1228 martyrum
2752 1158 3002 1227 reliquias
3035 1158 3240 1213 honore
3270 1174 3391 1214 sus-

1821 1248 2024 1316 cipiens
2079 1247 2131 1300 in
2163 1246 2404 1314 basilica,
2442 1262 2598 1316 quam
2634 1246 2686 1300 iu
2717 1248 3040 1302 monasterio
3081 1260 3391 1304 construxe-

1820 1349 1924 1404 rat,
1957 1338 2236 1393 collocavit
2275 1337 2454 1392 officio
2486 1323 2846 1393 sacerdotum.
2875 1337 2991 1404 Quo
3021 1339 3071 1393 iu
3105 1339 3222 1392 loco
3253 1353 3394 1390 inar-

1819 1441 1993 1499 tyrum
2025 1429 2367 1498 congregavit
2409 1430 2708 1482 sanctuaria
2756 1429 3123 1496 plurimorum,
3155 1443 3273 1497 qua:
3311 1436 3392 1481 ta-

1819 1535 1939 1575 men
1976 1531 2246 1587 prteeunte
2275 1533 2489 1586 semper
2511 1519 2837 1572 revelatione
2864 1517 3180 1588 promeruit,
3214 1518 3390 1573 sciens

1820 1609 2183 1664 adversarium
2208 1622 2352 1677 saepe
2380 1610 2668 1676 subrepere
2695 1609 2794 1661 sub
2823 1607 3036 1662 nomine
3066 1608 3387 1662 sanctitatis.

1892 1701 1978 1753 l7.
2025 1701 2318 1767 Episcopus
2356 1713 2565 1768 quoque
2592 1700 2847 1752 honorem
2879 1707 2936 1752 ut
2964 1700 3263 1767 susciperet
3287 1712 3386 1766 po-

135 1804 165 1847 a
197 1794 316 1850 Deo
349 1803 440 1849 tuo
463 1794 622 1848 illata:
651 1792 986 1846 vindicantur
1013 1789 1221 1859 injuriae
1249 1789 1272 1842 7
1301 1789 1446 1842 lianc
1470 1789 1571 1843 mei
1593 1803 1720 1843 cou-
1751 1783 1797 1842 Β
1823 1789 2103 1856 stulatus',
2135 1791 2392 1859 praeﬁnita
2440 1791 2790 1858 responsione
2835 1790 3115 1854 conclusit,
3141 1790 3389 1844 sufficere
3426 1796 3440 1808 °

136 1893 384 1954 temptes
406 1885 656 1938 ultionem
711 1876 893 1938 eﬂ'osis
924 1883 1170 1951 precibus
1223 1882 1539 1950 postulasti,
1581 1892 1638 1937 ut
1668 1885 1721 1938 in

139 1988 266 2031 mea
304 1975 504 2030 viscera
533 1973 868 2030 vindicares?
899 1973 1077 2042 Itaque
1102 1972 1380 2041 multiplici
1403 1975 1722 2044 contritione

137 2079 206 2125 ac
235 2069 531 2126 miserabili
579 2068 962 2123 lamentatione
991 2065 1322 2131 discurrens,
1354 2063 1618 2120 fatebatur
1661 2080 1721 2121 se

139 2174 242 2230 pro
283 2159 491 2214 scelere
515 2164 850 2227 contemptus
878 2197 894 2223 ,
926 2157 1065 2224 quod
1110 2155 1163 2210 in
1194 2170 1405 2209 servum
1437 2155 1530 2210 Dei
1575 2167 1722 2210 com-

137 2253 389 2315 miserat,
425 2249 592 2321 plagte
622 2249 894 2318 prresentis
921 2248 1120 2301 ultione
1151 2247 1390 2317 percelli,
1415 2247 1721 2302 confestim-

139 2355 251 2410 que
296 2339 517 2394 directis
542 2336 810 2407 equitibus
856 2334 1063 2390 veniam
1094 2335 1345 2403 petitura,
1373 2345 1427 2390 et
1456 2335 1721 2390 Romanos

143 2444 286 2498 quos
331 2442 395 2484 ea
423 2428 511 2483 die
537 2429 732 2481 tulerat
755 2466 770 2490 ,
818 2438 915 2494 pro
941 2425 1134 2494 quibus
1163 2434 1439 2495 rogantem
1483 2435 1722 2481 contem-

143 2529 330 2588 pserat
357 2517 652 2574 transmisit
680 2556 696 2580 ,
725 2525 782 2570 et
831 2515 1076 2568 aurifices
1109 2515 1348 2583 protinus
1393 2515 1721 2584 accipientes

145 2615 551 2665 sacramentum
579 2620 646 2662 ac
689 2605 1018 2662 dimittentes
1048 2603 1362 2657 infamatum
1389 2644 1404 2670 ,
1451 2607 1649 2674 pariter
1669 2612 1722 2658 et

145 2705 253 2774 ipsi
282 2701 490 2758 dimissi
521 2707 666 2754 sunt.
690 2698 781 2753 llis
809 2695 1004 2750 auditis
1031 2696 1491 2750 reverentissimus
1519 2693 1718 2749 Christi

147 2805 346 2849 servus
374 2792 574 2864 gratias
614 2790 853 2846 Creatori
884 2787 1158 2844 referebat
1193 2787 1504 2853 immensas,
1534 2786 1624 2856 qui
1649 2785 1722 2840 ob

144 2885 250 2940 hoc
285 2884 550 2940 interdum
577 2882 755 2938 dilIert
781 2892 902 2935 vota
934 2881 1229 2951 petentium
1257 2889 1314 2933 ut
1355 2879 1480 2942 fide,
1524 2893 1620 2948 spe
1666 2886 1721 2933 et

143 2976 412 3030 charitate
435 2984 710 3030 crescente
732 3012 749 3040 ,
779 2971 906 3026 dum
946 2972 1149 3025 minora
1194 2978 1443 3038 petuntur
1471 3009 1487 3035 ,
1519 2969 1720 3038 majora

145 3066 435 3123 concedat.
468 3065 526 3120 Id
580 3079 808 3134 namque
853 3064 960 3134 egit
1006 3064 1175 3117 virtus
1219 3063 1610 3130 Omnipotcntis
1655 3074 1719 3114 ac

149 3155 454 3211 Salvatoris
483 3195 499 3220 ,
546 3165 606 3208 ut
649 3125 775 3209 dum
824 3125 1019 3210 liberos
1067 3165 1210 3207 sa-va
1255 3125 1447 3207 mulier
1493 3152 1719 3220 subjecit
1745 3125 1792 3196 ο

147 3245 442 3312 servituti,
490 3245 783 3299 servientes
840 3253 1121 3313 cogeretur
1190 3243 1412 3298 reddere
1464 3241 1716 3296 libertati.

149 3334 358 3402 Quibus
389 3334 705 3388 mirabiliter
735 3331 1050 3402 impetratis,
1085 3336 1264 3402 reg'aa
1292 3333 1468 3386 statim
1499 3331 1564 3385 ad
1607 3346 1722 3386 scr-

151 3439 279 3482 vum
310 3425 404 3481 Dei
452 3437 742 3494 preperans
791 3439 910 3480 cum
956 3424 1148 3477 marito
1178 3464 1193 3488 ,
1241 3432 1500 3477 monstrat
1528 3423 1718 3484 filium.

151 3531 311 3591 quem
343 3520 611 3574 fatebatur
636 3518 776 3572 illius
805 3517 1134 3572 orationibus
1162 3518 1229 3570 de
1270 3517 1456 3569 mortis
1487 3515 1722 3579 confinio

152 3616 463 3680 liberatum,
495 3611 810 3681 promittens
842 3625 900 3665 se
926 3611 1043 3682 ejus
1067 3625 1397 3679 nequaquam
1436 3609 1570 3663 ultra
1602 3610 1722 3678 jus-

155 3703 401 3761 siunibus
441 3702 677 3757 obviare.

225 3815 316 3869 lli.
358 3812 541 3883 Magna
586 3792 794 3884 quoque
839 3810 928 3867 Dei
979 3811 1172 3865 famqu
1216 3811 1508 3880 prophetia:
1552 3809 1721 3880 gratia

155 3905 402 3973 pradito,
434 3905 484 3957 in
531 3902 852 3958 redimendis
888 3911 1004 3954 erat
1033 3900 1255 3968 capivis
1297 3901 1574 3953 industria.
1604 3901 1722 3955 Stu-

144 3988 372 4049 .diosins
395 3993 590 4049 etenim
621 3991 896 4046 insistebat
914 3991 1261 4046 barbarorum
1288 3989 1490 4045 ditione
1508 3998 1724 4046 vexatos

157 4083 403 4152 genuina:
450 4081 735 4137 restituere
778 4080 1029 4134 libertati.
1080 4078 1285 4135 Interea
1339 4079 1552 4149 quidam
1603 4094 1722 4134 cum

155 4176 384 4246 conjuge
422 4174 706 4241 liberisque
742 4172 1038 4240 redempta,
1085 4173 1336 4242 pracepit
1380 4172 1721 4229 transvadere

163 4263 487 4333 Danubium,
523 4273 582 4317 ut
612 4263 876 4318 hominem
907 4263 1140 4333 ignotum
1165 4262 1220 4317 in
1241 4266 1265 4296 ⁸
1292 4263 1540 4317 nundinis
1573 4278 1723 4333 quie-

161 4365 308 4412 reret
361 4353 744 4420 barbarorum,
784 4366 941 4421 quem
989 4351 1042 4406 iu
1092 4359 1296 4406 tantum
1340 4351 1518 4406 divina
1573 4367 1724 4408 reve-

1823 1881 1920 1934 sibi
1968 1881 2149 1934 dicens
2179 1879 2317 1949 quod
2357 1878 2646 1934 solitudine
2689 1877 2984 1932 desiderata
3016 1879 3270 1947 privatus,
3319 1877 3386 1930 ad

1822 1972 1965 2026 illam
1993 1972 2246 2026 divinitus
2274 1969 2506 2024 venisset
2538 1970 2882 2039 provinciam,
2917 1975 2973 2022 ut
3015 1968 3180 2022 turbis
3222 1967 3390 2020 tribu-

1823 2065 2044 2119 Iantium
2068 2062 2434 2128 frequentibus
2455 2061 2756 2115 interesset.
2785 2059 3015 2113 Daturus
3046 2059 3388 2112 nihilominus

1821 2155 2094 2210 monachis
2135 2153 2396 2216 formam,
2441 2151 2722 2206 sollicitior
2745 2151 3062 2204 admonebat
3107 2150 3382 2203 beatorum

1822 2257 2030 2318 patrum
2057 2246 2297 2316 vestigiis
2332 2245 2613 2309 inhtnrere,
2647 2243 2836 2313 quibus
2879 2251 3076 2296 sanctte
3100 2253 3388 2296 conversa-

1822 2339 1980 2395 tionis
2007 2337 2390 2407 scquireretur
2421 2336 2722 2400 instructio,
2760 2335 3218 2402 adhibendamque
3258 2346 3387 2400 ope-

1820 2443 1934 2484 ram
1963 2443 2030 2483 ne
2056 2428 2102 2482 is
2134 2428 2222 2496 qui
2255 2434 2502 2495 parentes
2529 2426 2744 2495 reliquit
2789 2433 2842 2480 et
2870 2425 3142 2489 stcculum,
3181 2435 3388 2491 pompas

1823 2519 2097 2573 stccularis
2142 2517 2422 2572 illecebras
2465 2525 2757 2572 retrorsum
2798 2513 3131 2582 respiciendo
3167 2519 3389 2580 cuperet

1821 2623 1952 2680 quas
2010 2608 2286 2669 vitaverat,
2341 2616 2396 2662 et
2444 2605 2514 2660 ob
2560 2607 2660 2660 hoc
2705 2604 2886 2659 uxoris
2920 2603 3050 2656 Loth
3084 2602 3385 2669 exemplum

1828 2697 2068 2752 terribile
2109 2695 2459 2767 preponebat.
2505 2693 2834 2750 Memorabat
2872 2691 3033 2747 etiam
3079 2690 3268 2746 timore
3300 2689 3392 2744 Dei

1822 2787 2194 2844 mortificanda
2221 2801 2341 2841 esse
2363 2785 2628 2840 incentiva
2664 2783 2968 2848 libidinum,
3005 2796 3106 2854 nec
3132 2781 3286 2834 aliter
3309 2794 3394 2832 su-

1822 2878 2059 2949 peranda
2104 2877 2400 2946 corporalis
2431 2873 2802 2931 delectationis
2850 2873 3079 2928 asseruit
3123 2870 3391 2933 incendia,

1823 2967 1925 3028 nisi
1958 2966 2186 3020 fuissent
2230 2980 2325 3035 per
2355 2964 2452 3020 Dei
2485 2965 2708 3035 gratiam
2749 2963 3100 3032 lacrymarum
3129 2960 3273 3015 fonte
3310 2974 3394 3014 re-

1823 3057 2037 3113 uineta.

2427 3141 2655 3199 CAPUT
2690 3140 2782 3197 IV.

1928 3259 2170 3328 Captivos
2199 3269 2244 3312 et
2272 3259 2494 3328 afﬂictos
2512 3259 2692 3327 juvat;
2728 3256 3000 3325 sacrilegos
3026 3253 3278 3307 emendat.

1899 3371 1987 3426 l8.
2031 3371 2252 3438 Quidam
2285 3385 2434 3435 vero,
2467 3369 2679 3424 nomine
2700 3367 2928 3432 Maurus,
2955 3367 3186 3420 basilica:
3207 3380 3392 3419 mona-

1822 3462 1970 3518 sterii
2008 3460 2108 3515 fuit
2134 3460 2383 3525 atdituus,
2417 3472 2572 3528 quem
2622 3459 2807 3511 beatus
2834 3457 3122 3511 Severinus
3150 3456 3390 3510 redeme-

1823 3565 1904 3608 rat
1929 3555 1996 3609 de
2027 3553 2272 3607 manibus
2314 3553 2684 3608 barbarorum.
2732 3550 2863 3603 Huic
2886 3549 3109 3615 quadam
3144 3546 3234 3599 die
3263 3561 3390 3614 prte-

1823 3646 1963 3713 cepit
1994 3645 2072 3698 vir
2121 3645 2212 3698 Dei
2240 3643 2466 3698 dicens:
2493 3642 2636 3696 Cave
2683 3656 2751 3696 nc
2797 3640 2956 3693 hodie
2987 3635 3394 3705 transgrediaris

1823 3733 2049 3798 alicubi;
2098 3732 2334 3800 alioquin
2391 3730 2684 3785 imminenti
2733 3727 2963 3798 periculo
3017 3741 3121 3781 non
3163 3725 3393 3778 carebis.

1825 3823 1927 3878 llic
1969 3835 2097 3891 ergo
2125 3830 2309 3875 contra
2342 3827 2666 3887 praeceptum
2718 3817 2845 3870 tanti
2881 3816 3090 3880 Patris,
3122 3813 3395 3867 saecularis

1823 3912 2102 3982 cujusdam
2151 3910 2385 3966 hominis
2428 3924 2705 3977 persuasu,
2732 3907 2951 3961 meridie
2992 3905 3058 3958 ad
3095 3901 3392 3972 colligenda

1824 4016 1979 4070 poma
2009 4002 2060 4054 in
2089 3999 2324 4054 seetindo
2362 4014 2391 4051 a
2423 3998 2666 4052 Favianis
2695 3996 2943 4051 milliario
2971 4007 3238 4062 egressus,
3267 4004 3387 4044 mox

1823 4105 1854 4145 a
1887 4091 2128 4145 barbaris
2157 4087 2397 4145 Danubio
2426 4097 2758 4143 transvectus
2787 4094 2869 4140 est
2891 4099 3012 4138 cum
3049 4099 3147 4137 suo
3170 4096 3358 4150 persua

1828 4195 1951 4237 sore
1979 4181 2234 4250 captivus.
2266 4178 2324 4233 1n
2356 4178 2443 4233 illa
2477 4177 2608 4232 liora
2637 4178 2719 4231 vir
2762 4176 2856 4230 Dei
2876 4175 2999 4228 dum
3029 4174 3080 4226 in
3099 4172 3288 4226 cellula
3314 4173 3388 4223 le-

1826 4283 1996 4345 geret,
2037 4273 2218 4327 clauso
2260 4281 2482 4339 repente
2507 4269 2714 4334 codice,
2746 4269 3008 4330 Maurum,
3041 4266 3136 4328 ait,
3166 4263 3273 4318 cito
3301 4277 3388 4316 re-

1824 4362 2019 4433 quirite
2044 4380 2058 4414 :
2083 4377 2190 4432 quo
2217 4375 2476 4430 nusquam
2509 4369 2746 4428 reperto,
2791 4357 2903 4424 Ipse
2928 4355 3242 4424 quantocius
3267 4351 3386 4403 Istri

158 4443 361 4502 latione
387 4444 667 4511 didicerat,
693 4451 752 4496 ut
775 4444 934 4498 etiam
963 4443 1112 4511 signa
1137 4450 1352 4496 stature
1376 4441 1720 4511 capillorum-

1830 4454 2018 4509 lluenta
2057 4463 2457 4521 praetermeans,
2499 4449 2731 4513 latrones
2777 4453 3117 4517 properanter
3145 4441 3386 4507 insequi-

156 4550 259 4604 que
283 4535 542 4601 colorem,
575 4534 750 4589 vultus
786 4531 900 4603 ejus
927 4547 990 4587 ac
1014 4533 1180 4587 vestis
1209 4532 1417 4588 habitus
1438 4533 1716 4600 indicaret,

155 4635 208 4680 ct
236 4625 291 4682 in
336 4640 440 4695 qua
480 4633 629 4694 parte
672 4623 1027 4679 nundinarum
1071 4629 1379 4692 reperturus
1425 4638 1544 4679 eum
1587 4625 1722 4681 foret

158 4716 488 4781 ostenderet,
535 4715 736 4791 addens
777 4723 834 4769 ut
873 4713 1128 4783 quidquid
1171 4725 1383 4784 reperta
1431 4716 1479 4770 ei
1518 4708 1724 4772 diceret

161 4814 412 4874 persnas,
435 4819 680 4862 reversus
704 4804 805 4860 sibi
848 4805 1104 4859 maturius
1132 4805 1422 4862 intimaret.
1449 4799 1722 4864 Profectus

160 4897 339 4968 itaque
369 4905 584 4963 cuncta,
611 4895 748 4950 sicut
783 4895 866 4950 vir
896 4894 990 4949 Dei
1011 4896 1348 4962 pradiserat,
1379 4899 1599 4953 miratus
1635 4900 1718 4952 in-

160 4993 325 5045 venit.
369 4991 416 5045 Is
439 5004 564 5060 ergo
587 4989 654 5046 ab
697 4988 882 5044 eodem
925 4989 1140 5045 homine
1156 5005 1314 5059 qustu
1358 4989 1620 5060 reperisse
1661 4996 1752 5047 se

162 5085 490 5149 mirabatur,
535 5083 890 5154 interrogatus
934 5081 1133 5137 audivit
1178 5082 1389 5138 dicente
1439 5083 1717 5140 :Putasne

230 5263 244 5292 ⁸
272 5258 564 5329 Aventinus
602 5257 757 5313 solita
811 5257 1128 5329 temeritate.
1185 5259 1432 5328 Aurilices
1481 5271 1529 5314 et
1573 5260 1728 5329 Phry-

163 5333 331 5398 gioues
359 5328 615 5383 Rontauos
657 5336 840 5392 vocat;
871 5343 966 5398 pro
995 5327 1076 5380 his
1110 5327 1475 5386 intercessisse
1513 5327 1726 5386 Severi-

164 5395 283 5452 num
305 5399 401 5460 ait.
425 5400 612 5469 morbo
635 5405 889 5452 tentatum
912 5395 1050 5452 Giste
1078 5398 1266 5464 filium,
1288 5410 1528 5454 sanatum
1553 5401 1722 5469 preci-

167 5469 261 5522 bus
291 5465 552 5524 Severini.

232 5541 252 5570 ⁸
272 5537 400 5592 belf.
425 5536 697 5606 etﬁBaron.
728 5537 986 5606 ρητδὶάὶο.

233 5609 252 5638 ⁸
276 5609 450 5661 Monet
476 5605 836 5660 Velserus'hic
865 5623 968 5659 non
1000 5607 1190 5671 publici
1221 5615 1484 5662 mercatus
1516 5608 1710 5675 locum,

167 5677 254 5732 scd
285 5682 454 5733 v‘cutu
481 5689 744 5746 ptganum
787 5676 1026 5744 inteiligi,
1057 5687 1339 5747 utrumque
1373 5678 1559 5732 eadem
1589 5679 1718 5733 Ger-

1827 4550 1932 4606 tur,
1960 4555 2095 4609 quos
2119 4538 2342 4608 vulgus‘
2370 4539 2653 4595 Seamaros
2679 4533 3005 4603 appellabat.
3034 4530 3195 4596 Cujus
3222 4539 3388 4579 vene-

1827 4634 2044 4688 randam
2087 4631 2427 4702 praesentiam
2474 4643 2580 4684 non
2631 4630 2881 4693 ferentes,
2932 4621 3199 4692 supplices
3255 4630 3389 4686 quos

1827 4732 2082 4792 ceperant
2112 4721 2390 4776 reddidere
2415 4720 2678 4788 captivos.

1897 4812 1985 4867 l9.
2024 4813 2154 4868 Cum
2185 4812 2357 4867 adhuc
2395 4811 2571 4866 Norici
2603 4806 2847 4878 Ilipensis
2892 4801 3083 4873 oppida
3111 4795 3384 4865 superiora

1827 4911 2152 4970 constarent,
2186 4910 2242 4956 et
2267 4915 2403 4971 pene
2447 4900 2650 4954 nullum
2689 4896 2964 4952 castellum
2995 4893 3332 4947 barbarorum
3361 4887 3381 4917 '

1827 4998 2018 5051 vitaret
2074 4995 2344 5056 incursus,
2385 5003 2492 5048 tam
2544 4989 2892 5046 celeberrima
2937 4983 3102 5040 sancti
3146 4977 3386 5033 Severini

1825 5087 2079 5156 ﬂagrabat
2099 5085 2280 5156 opinio
2298 5121 2316 5152 ,
2341 5092 2402 5140 ut
2433 5083 2681 5140 certatim
2706 5095 2828 5136 eum
2855 5077 2922 5134 ad
2941 5091 3001 5131 se
3022 5070 3237 5129 castella
3273 5069 3387 5125 sia-

1838 5261 2043 5315 mauica
2076 5277 2206 5317 voce
2244 5262 2417 5318 lferkt
2476 5261 2673 5317 ederri.

1903 5331 1925 5361 δ
1943 5332 2202 5386 tloluntur
2229 5331 2295 5386 l9
2316 5332 2482 5387 Junii.

1902 5400 1924 5431 ⁸
1944 5400 2159 5455 Staiban
2187 5410 2245 5455 ct
2271 5401 2538 5472 Eugenius
2561 5400 2639 5472 ab
2655 5398 2892 5472 Odoacre
2915 5397 2966 5452 ei
2994 5398 3230 5453 oblatum
3265 5399 3382 5469 epi-

1835 5479 2110 5532 scoiiatnm
2141 5468 2402 5524 scribunt.
2429 5471 2561 5536 Quis
2591 5469 2642 5521 id
2673 5468 2866 5521 traditi

1902 5539 1922 5568 ⁸
1953 5538 2082 5591 Bell.
2131 5539 2417 5593 Scomeras.
2454 5539 2695 5593 Vclscrus
2725 5551 2829 5590 non
2859 5538 3060 5607 gentis,
3100 5539 3192 5591 sed
3221 5540 3375 5591 latro.

1836 5608 1960 5662 nieii
1992 5623 2181 5660 nomen
2204 5623 2322 5662 esse
2346 5608 2548 5662 scribit.

1900 5678 1918 5707 ⁷
1940 5678 2061 5731 Sor.
2096 5675 2348 5745 lunam,
2375 5693 2476 5733 nec
2501 5676 2714 5732 omnim
2743 5675 2958 5730 damnat
2991 5675 3254 5731 Vela-erus.
