3874 6226
506 312 640 366 “79

1805 292 1959 348 VITA
1999 289 2056 345 S.
2096 285 2432 342 SEVERINI.

3598 281 3614 328 l
3633 280 3711 332 18⁸)

425 460 429 464 .
505 427 623 497 gula
681 437 776 492 pro
824 419 934 473 suis
979 413 1358 469 munitionibus
1406 409 1721 471 invitarent,
1775 403 2056 459 credentes
2087 402 2135 460 Α
2162 398 2454 458 vetiturus,
2488 409 2556 450 ne
2583 394 2756 446 divina
2801 394 3031 461 amplius
3063 391 3358 460 indignatio
3397 405 3710 460 provocetur.

505 490 642 585 quod
673 490 786 580 ejus
813 509 1091 576 prmeutia
1125 505 1252 558 nihil
1282 504 1362 557 eis
1384 501 1592 556 adversi
1621 499 1878 553 eveniret.
1906 490 2056 559 Quod

505 622 607 661 non
637 605 751 658 sine
780 601 947 671 gratia
991 598 1151 651 divini
1185 596 1429 650 muneris
1466 593 1744 662 agebatur,
1777 598 1831 642 ut
1871 599 2057 638 omnes

503 695 618 764 ejus
646 690 883 753 monitis,
912 689 1062 758 quasi
1108 685 1414 742 coelestibus
1444 688 1770 740 terrerentur
1805 675 2056 764 oraculis,

503 762 852 850 exemploque
895 779 1033 832 illius
1087 777 1242 831 battis
1288 774 1535 844 cperibus
1593 767 1946 825 erudirentur.
2005 762 2058 815 lu

502 872 776 925 castellum
802 881 1029 937 quoque,
1062 868 1144 921 eui
1184 866 1330 918 erat1
1358 860 1579 917 cucullis
1608 855 1941 915 vocabulum,
1968 851 2061 906 de-

505 959 807 1015 votionibus
833 959 1134 1013 accolarum
1166 956 1246 1006 vir
1270 961 1484 1008 sanctus
1505 955 1722 1002 venerat
1750 944 2058 1004 advocatus,

505 1049 594 1105 ubi
615 1049 807 1103 factum
837 1048 1040 1117 grande
1076 1044 1386 1098 miraculum
1412 1053 1614 1108 nequeo
1651 1031 2058 1102 reticere:un

511 1152 685 1196 tamen
711 1143 730 1171 ¹
763 1138 1010 1193 Marciani
1042 1146 1159 1205 post
1187 1132 1481 1204 presbyteri
1511 1129 1706 1190 nostri,
1733 1125 1886 1194 cujus
1919 1127 2063 1192 ejus-

506 1233 626 1287 dem
661 1231 762 1284 loci
805 1228 1064 1297 stupenda
1110 1223 1362 1279 miracula
1408 1221 1664 1276 relatione
1691 1215 2058 1283 cognovimus.

509 1323 639 1376 Pars
682 1320 839 1390 igitur
868 1318 1037 1387 plebis
1068 1314 1119 1367 in
1165 1312 1392 1381 quodam
1435 1310 1550 1362 loco
1581 1304 1823 1360 nefandis
1861 1299 2071 1356 sacrifi-

510 1411 605 1467 eiis
657 1410 965 1464 inhaerebat.
1000 1405 1114 1470 Quo
1161 1401 1444 1468 sacrilegio
1486 1404 1781 1464 comperto,
1821 1392 1902 1445 vir
1945 1391 2064 1455 Dei,

512 1499 693 1553 multis
733 1497 938 1564 plebem
978 1489 1312 1546 sermonibus
1351 1487 1636 1547 allocutus,
1662 1479 1923 1551 jejunium
1972 1477 2065 1531 tri-

507 1590 736 1643 duanum
781 1601 872 1656 per
902 1583 1265 1652 presbyterum
1309 1578 1410 1631 loci
1455 1576 1624 1629 suasit
1654 1573 1835 1638 indici,
1880 1586 1942 1624 ac
1974 1585 2067 1640 per

507 1681 741 1752 singulas
767 1678 954 1733 domos
1004 1686 1188 1728 cereos
1235 1670 1428 1723 afferre
1462 1665 1730 1735 praecepit,
1782 1679 1916 1732 quos
1943 1676 2068 1731 pro-

2163 485 2269 539 Nec
2292 499 2440 538 mora
2467 501 2481 548 ;
2511 497 2639 552 ergo
2685 483 2934 537 omnibus
2975 484 3028 537 in
3052 483 3333 538 ecclesiam
3377 487 3712 551 congregatis.

2161 573 2520 642 unusquisque
2559 573 2612 625 in
2654 572 2844 627 ordine
2873 588 2968 626 suo
3012 575 3267 642 psallebat
3307 587 3371 626 ex
3406 588 3568 625 more.
3595 576 3706 625 0m.

2161 665 2245 719 nis
2276 676 2406 718 aetas
2443 672 2497 717 et
2524 676 2685 716 sexus
2709 678 2824 731 qua:
2857 667 3013 716 etiam
3048 680 3180 719 voce
3207 679 3310 718 non
3339 673 3576 732 poterat,
3606 679 3711 730 prc-

2161 770 2277 809 cem
2327 753 2436 808 Deo
2483 752 2696 807 ﬂetibus
2723 752 3014 818 offerebat;
3074 755 3428 824 eleemosyna:
3467 754 3578 807 fieri
3623 769 3706 806 nos

2162 846 2464 909 cessabant,
2498 844 2749 913 quidquid
2778 845 3039 898 buturum
3056 860 3276 914 operum
3301 859 3534 914 presens
3548 858 3706 896 ncces-

2163 940 2292 992 sitas
2311 935 2577 1005 exigebat,
2608 937 2748 990 sicut
2789 934 2885 990 Dei
2914 935 3142 990 famulus
3173 947 3516 1005 prmceperat,
3549 937 3712 1004 iurp'e—

2164 1030 2339 1084 batur.
2370 1028 2628 1084 Omnibus
2654 1041 2784 1096 ergo
2813 1025 3179 1095 hujuscemodi
3225 1027 3412 1082 studiis
3438 1028 3710 1090 occupari=,

2164 1119 2377 1190 quidam
2428 1117 2795 1187 pauperrimus
2823 1131 2955 1187 opus
2988 1118 3080 1172 Dei
3109 1126 3342 1186 emptum
3367 1119 3633 1180 deserens,
3655 1118 3710 1170 ad

2166 1224 2346 1278 agrum
2369 1223 2597 1276 propria:
2612 1207 2806 1276 segetis
2828 1207 3118 1262 invisenda:
3140 1223 3446 1276 causa,qu:e
3467 1223 3711 1276 perparra

2166 1297 2307 1353 inter
2355 1297 2578 1352 aliorum
2630 1306 2744 1351 sata
2799 1295 3034 1365 jaeebat,
3067 1312 3314 1368 egressus
3357 1310 3466 1362 est,
3516 1307 3711 1365 totaque

2166 1390 2356 1444 anxius
2376 1390 2463 1445 die
2493 1392 2814 1446 locustarum
2843 1393 3036 1446 nubem
3070 1392 3463 1461 impendentem
3486 1404 3587 1458 qua
3626 1405 3708 1456 po-

2171 1481 2267 1535 tuit
2288 1481 2592 1536 exturbavit
2614 1481 2892 1547 industria,
2931 1497 3160 1551 moxque
3185 1481 3461 1536 ecclesiam
3482 1496 3711 1535 commu-

2171 1569 2442 1624 nicaturus
2474 1571 2721 1636 intravit;
2755 1571 2847 1625 sed
2877 1581 3112 1640 segetem
3143 1571 3259 1639 ejus
3287 1572 3550 1639 exiguam,
3588 1572 3711 1622 nsul-

2177 1661 2243 1714 tis
2310 1661 2604 1715 vicinorum
2663 1661 3042 1716 circumdatam
3090 1661 3369 1732 frugibus.
3415 1663 3712 1716 locustarum

510 1748 619 1842 pria
659 1786 813 1827 manu
866 1767 1226 1836 unusquisque
1273 1761 1563 1830 parietibus
1590 1757 1757 1812 afﬂin
1801 1753 2062 1810 eccleaire.
2097 1763 2144 1823 Β
2171 1748 2404 1803 densitas
2425 1749 2932 1816 devoravit.Quibus
2953 1765 3015 1805 ea
3036 1760 3192 1804 nocte
3221 1752 3288 1805 ab
3323 1751 3424 1805 illis
3470 1751 3653 1805 ﬁnibus
3696 1751 3713 1780 ⁸

511 1841 660 1917 Tunc
691 1859 936 1928 psalterio
963 1871 1029 1915 ex
1060 1867 1208 1907 more
1235 1853 1477 1912 decurso,
1510 1848 1573 1901 ad
1605 1847 1787 1901 horam
1819 1841 2069 1898 sacrificii

514 1949 874 2018 presbyterum
900 1955 953 1999 et
973 1943 1253 1996 diaconum
1278 1940 1356 1993 vir
1376 1937 1468 1991 Dei
1495 1936 1806 1990 adhortatus
1829 1942 1930 1997 est,
1963 1939 2071 1985 tota

514 2038 689 2094 cordis
710 2036 979 2090 alacritate
1007 2047 1187 2086 secum
1209 2042 1544 2084 communem
1577 2025 1856 2079 Dominum
1880 2023 2070 2091 depre-

512 2125 643 2191 cari,
689 2137 949 2192 quatenus
989 2122 1068 2192 ad
1118 2119 1403 2185 sacrilegos
1456 2113 1836 2168 discernendos
1890 2111 2067 2163 lumen

510 2228 620 2266 suae
648 2190 965 2283 cognitmnis
988 2190 1336 2264 .ostcnderet.
1380 2205 1560 2274 Itaque
1598 2217 1719 2259 cum
1759 2199 1939 2254 multis
1971 2200 2071 2252 lar--

513 2302 744 2370 gissimis
787 2301 1015 2364 ﬂetibus,
1060 2311 1285 2366 cumque
1329 2294 1448 2347 ﬂxis
1493 2292 1713 2363 genibus
1737 2299 2067 2360 precaretur,

516 2407 637 2462 pars
663 2391 889 2446 maxima
914 2403 1188 2444 cereorum
1215 2400 1349 2456 quos
1372 2384 1557 2438 fideles
1583 2381 1870 2436 attulerant
1894 2378 2069 2433 subito

514 2491 596 2536 est
619 2496 838 2536 accensa
862 2481 1130 2543 divinitus,
1163 2477 1367 2546 reliqua
1393 2488 1521 2528 vero
1543 2487 1725 2527 eorum
1755 2473 1846 2540 qui
1878 2469 2069 2540 praedi-

515 2574 616 2627 ctis
642 2571 936 2640 sacrilegiis
964 2567 1142 2623 infecti
1168 2567 1378 2621 fuerant
1410 2564 1756 2632 volentesque
1785 2563 1946 2616 latere
1977 2551 2071 2615 be-

520 2672 790 2734 gavcrant,
847 2664 1125 2716 inaccensa
1156 2660 1466 2730 permansit.
1515 2657 1663 2711 Tune
1707 2670 1834 2727 ergo
1859 2656 1946 2725 qui
1975 2669 2070 2710 eos

519 2760 805 2820 posuerant
833 2750 1011 2804 divino
1039 2748 1296 2802 declarari
1324 2745 1588 2808 examine,
1624 2744 1864 2813 protinus
1893 2747 2070 2796 excla-

519 2835 723 2896 mantes
749 2847 950 2894 secreta
978 2837 1207 2908 pectoris
1226 2833 1673 2890 satisfactiouibus
1701 2832 2066 2902 prodiderunt,

467 2921 471 2927 ’
518 2939 572 2985 et
608 2944 824 2984 suorum
871 2927 1176 2984 testimonio
1222 2938 1498 2980 cereorum
1547 2921 1820 2978 manifesta
1858 2922 2071 2976 confes-

515 3018 667 3072 sione
710 3016 883 3086 cuncti
930 3015 1138 3083 propria
1185 3009 1459 3078 sacrilegia
1506 3004 1852 3061 testabantur.
1882 3005 1927 3062 0
1953 3005 2068 3062 cle-

2173 1839 2441 1894 esterritis
2481 1840 2703 1908 imperio
2727 1840 2930 1905 divino,
2963 1841 3242 1909 probatum
3272 1849 3356 1896 est
3374 1854 3616 1910 quantum
3647 1854 3715 1892 ra-

2171 1933 2274 1986 leat
2307 1930 2476 2001 fidelis
2507 1932 2699 1986 oratio.
2727 1931 2882 1986 Mane
2909 1933 3100 2000 quippe
3115 1931 3284 1984 sancti
3310 1932 3483 1999 aperis
3507 1943 3714 1986 temera-

2171 2036 2255 2080 ter
2282 2035 2437 2094 atque
2458 2033 2809 2094 contemptor,
2835 2037 3018 2099 rursus
3034 2022 3100 2077 ad
3114 2038 3297 2092 agrum
3318 2037 3464 2076 suurn
3481 2022 3618 2076 male
3633 2033 3710 2076 se-

2171 2129 2328 2170 curus
2357 2116 2660 2185 eg-ediens,
2699 2130 2820 2170 eum
2853 2115 3176 2170 locustarum
3226 2116 3460 2183 pernicie
3496 2113 3713 2168 funditus

2173 2205 2382 2260 invenit
2404 2206 2674 2271 abrasum,
2700 2213 2754 2260 et
2780 2205 3017 2262 ornnium
3039 2206 3450 2274 circumquaque
3495 2205 3710 2258 sationes

2170 2280 2404 2368 integras
2426 2297 2775 2352 vehementer
2801 2293 3090 2363 admirans,
3135 2296 3203 2351 ad
3231 2298 3500 2352 castellum
3533 2300 3711 2350 lamen-

2172 2396 2285 2442 tosa
2314 2385 2687 2442 vociferatione
2713 2389 3025 2453 revertitur;
3054 2402 3282 2457 cumque
3329 2387 3382 2442 id
3426 2389 3559 2454 quad
3589 2388 3711 2440 acci-

2170 2476 2326 2531 derat
2358 2476 2679 2540 indicasset,
2710 2479 2777 2531 ad
2825 2476 3189 2545 hujuscemodi
3241 2478 3516 2531 videndum
3559 2481 3710 2531 cuncti

2172 2568 2351 2622 exiere
2404 2567 2740 2631 miraculum,
2793 2567 2883 2621 ubi
2926 2570 3076 2636 quasi
3106 2568 3172 2620 ad
3203 2569 3394 2621 lineam
3443 2574 3709 2637 regularem

2171 2642 2499 2711 contumacis
2539 2656 2773 2712 hominis
2801 2667 3035 2725 segetem
3083 2659 3401 2712 locustarum
3431 2674 3625 2712 morsus
3650 2673 3721 2712 os—

2176 2745 2478 2800 tenderant.
2511 2745 2662 2803 Tunc
2681 2747 2914 2803 orunium
2946 2748 3182 2817 vestigiis
3213 2749 3538 2817 provolutus,
3570 2751 3712 2802 inter-

2174 2835 2511 2890 cessionibus
2536 2851 2722 2892 eorum
2768 2837 2950 2893 delicti
2979 2838 3062 2894 sui
3089 2839 3298 2892 veniam
3330 2838 3443 2892 fusa
3485 2837 3717 2892 lamenta-

2171 2926 2321 2981 tione
2343 2927 2613 2994 poscebat.
2647 2927 2726 2985 Ob
2757 2943 2912 2997 quam
2956 2944 3067 2984 rem
3116 2928 3366 2984 monendi
3408 2928 3710 2985 occasionem

2177 3015 2339 3071 homo
2367 3016 2460 3072 Dei
2489 3020 2787 3088 reperiens,
2814 3019 3041 3076 docebat
3071 3022 3345 3076 universos
3398 3030 3454 3076 ut
3497 3021 3713 3088 omnip-

516 3120 669 3160 mens
728 3104 959 3174 putentia
1021 3099 1315 3155 Creatoris!
1375 3111 1562 3152 cereos
1616 3095 1926 3166 animosque
1989 3095 2444 3168 ἱη-αιοηιξυοο
2465 3107 2997 3177 ἀίδεθιιθηιοδθάίτει
3030 3111 3444 3180 ςυίυείωροτίίς
3471 3111 3712 3177 amem“-

519 3195 816 3260 ﬂammans,
848 3205 1098 3246 accensus
1127 3188 1262 3258 ignis
1291 3187 1340 3239 in
1362 3184 1531 3239 eercis
1564 3183 1770 3238 refulsit
1791 3191 1846 3237 et
1875 3183 1926 3236 in
1948 3195 2073 3237 sen-

523 3284 690 3338 sibus.
727 3282 959 3336 \'isrbilis
989 3283 1072 3334 lux
1101 3278 1333 3348 liquabat
1360 3290 1509 3330 ceras
1537 3274 1590 3328 in
1620 3273 1877 3339 ﬂammas,
1904 3287 1969 3330 ac
1993 3272 2072 3329 in-

518 3372 740 3428 visibilis
771 3373 927 3428 corda
957 3373 1230 3428 fatentium
1261 3371 1499 3427 solvebat
1537 3371 1590 3425 in
1635 3373 1919 3442 lacrymas.
1945 3372 2075 3438 Quis

518 3461 701 3517 credat
722 3464 948 3533 amplius
976 3477 1069 3517 eos
1097 3478 1229 3532 quos
1259 3462 1551 3530 sacrilegus
1576 3476 1728 3515 error
1757 3462 2072 3529 involverat,

521 3559 706 3618 postea
749 3553 1004 3609 claruisse
1031 3555 1184 3609 bonis
1217 3554 1486 3622 operibus,
1529 3567 1686 3621 quam
1723 3566 1816 3608 eos
1850 3567 2074 3621 quorum

523 3635 667 3694 cerei
697 3638 902 3694 fuerant
926 3643 1133 3696 accensi
1161 3643 1451 3695 divinitus?

587 3730 678 3784 20.
711 3732 829 3785 Alio
844 3747 1026 3786 rursus
1047 3741 1284 3800 tempore
1310 3734 1362 3786 in
1386 3732 1575 3788 finibus
1592 3735 1829 3803 ejusdem
1849 3735 2076 3800 castelli,

517 3828 739 3876 locustae
766 3819 968 3889 frugum
996 3822 1412 3889 eousurnptrices
1461 3824 1688 3891 copiosre
1738 3823 2073 3889 insederant,

519 3911 688 3966 noxiis
736 3911 1000 3966 morsibus
1044 3920 1230 3966 cuncta
1274 3922 1561 3968 vastantes.
1616 3914 1726 3967 Tali
1771 3930 1898 3983 ergo
1928 3927 2076 3984 peste

516 4001 743 4069 perculsi
785 4017 910 4055 mox
960 4002 1250 4070 presbyteri
1301 4003 1885 4073 caeteriquemansores
1915 4018 2073 4059 sanc-

449 4129 453 4133 .
517 4100 626 4144 tum
654 4091 961 4147 Severinan
981 4091 1202 4147 summis
1223 4094 1468 4161 precibus
1496 4094 1761 4158 adierunt,
1792 4095 2031 4152 dicentes
2057 4116 2069 4150 :

474 4230 477 4231 ν
515 4178 585 4234 Ut
614 4189 772 4234 tantae
799 4181 964 4250 plaga:
1010 4182 1279 4238 auferatur
1308 4177 1581 4250 atrocitas,
1615 4187 1912 4240 orationum
1959 4197 2076 4242 tua-

516 4281 632 4319 rum
662 4276 872 4336 experta
891 4270 1135 4338 suffragia
1166 4273 1494 4340 postulamus
1513 4288 1632 4341 qua:
1659 4289 1848 4342 magno
1873 4277 2069 4331 dudum

518 4355 768 4410 miraculo
788 4357 838 4411 in
857 4359 1091 4412 accensis
1103 4362 1272 4414 cereis
1295 4353 1515 4414 multum
1530 4363 1665 4430 apud
1689 4363 1964 4420 Dominum
1979 4381 2070 4421 va-

2174 3207 2291 3250 rant
2320 3205 2376 3252 et
2404 3197 2641 3254 locustae.
2671 3200 2876 3271 Pauper
2903 3217 3030 3286 ιγεο
3059 3202 3348 3270 praedictus
3378 3201 3612 3256 ﬂebiliter
3650 3201 3714 3251 al-

2173 3287 2403 3354 legebat,
2427 3303 2585 3358 posse
2610 3304 2669 3346 se
2692 3291 2954 3345 mandatis
2978 3291 3199 3347 obedire
3224 3292 3290 3345 de
3319 3303 3507 3345 cetera
3523 3331 3538 3355 ,
3567 3291 3607 3343 si
3627 3289 3713 3341 ulla

2175 3389 2301 3446 spes
2329 3393 2432 3446 qua
2460 3380 2662 3436 viveret
2691 3380 2792 3435 sibi
2819 3382 3187 3436 remansisset.
3221 3381 3369 3436 Tunc
3389 3395 3513 3450 ergo
3538 3381 3608 3431 vir
3636 3377 3715 3430 οτι

2175 3477 2399 3524 czeteros
2425 3469 2707 3534 allocutus,
2737 3471 2941 3526 Justnm
2968 3480 3070 3536 est,
3103 3471 3294 3539 inquit,
3330 3480 3386 3524 ut
3409 3472 3494 3540 qui
3527 3466 3714 3537 proprio

2175 3559 2450 3628 supplicio
2467 3560 2778 3616 humilitatis
2807 3561 2955 3617 vobis
2975 3574 3026 3616 et
3055 3561 3372 3617 obedientite
3393 3561 3537 3616 dedit
3555 3571 3713 3612 exem-

2179 3647 2344 3714 plum,
2395 3647 2712 3705 liberalitate
2755 3661 2930 3705 vestra
2983 3652 3106 3706 anni
3163 3650 3439 3718 praesentis
3489 3649 3714 3702 alimenta

2179 3742 2457 3811 percipiat.
2485 3743 2779 3798 Collatione
2808 3745 2985 3815 itaque
3010 3744 3244 3800 fidelium
3274 3754 3549 3812 correptus
3578 3741 3711 3794 homo

2178 3834 2551 3900 pauperrimus
2575 3843 2632 3890 et
2650 3835 2865 3900 ditatus,
2885 3838 3069 3891 didicit
3094 3848 3348 3906 quantum
3375 3835 3620 3900 distendit
3649 3833 3712 3885 ia-

2177 3922 2461 3978 credulitas
2487 3922 2700 3991 inferat,
2747 3937 3112 3996 quantumque
3152 3928 3389 3983 beneficii
3439 3927 3545 3982 suis
3570 3925 3713 3980 culto-

2178 4013 2330 4068 ribus
2351 4013 2528 4069 diviua
2559 4015 2796 4072 conferat
2827 4018 3054 4087 largitio.

2804 4149 3028 4208 CAPUT
3059 4150 3117 4204 V.

2603 4260 2762 4316 Varia
2788 4263 2893 4316 alia
2923 4263 3024 4316 edit
3055 4262 3321 4317 miracula.

2248 4368 2336 4425 2t.
2371 4371 2500 4428 item
2531 4371 2679 4441 juxta
2728 4373 2981 4443 Oppidum
3026 4373 3164 4441 quod
3198 4373 3217 4402 ⁵
3245 4372 3376 4428 Juba
3422 4373 3704 4442 appellatur.

517 4445 625 4498 lere
638 4449 1034 4514 conspeximus.
1063 4449 1206 4516 Quos
1234 4451 1321 4504 ille
1337 4452 1635 4520 religiosius
1663 4455 2071 4520 allocutus,Non
2104 4442 2153 4500 ι)
2184 4474 2304 4514 cum
2334 4461 2560 4531 quadam
2591 4461 2680 4516 die
2728 4442 2986 4517 intrantes
3029 4463 3300 4516 basilicam
3321 4501 3335 4526 ,
3384 4464 3575 4516 aestatis
3602 4471 3707 4514 tern-

520 4532 739 4599 legistis,
759 4535 850 4599 ait,
868 4536 992 4604 quid
1004 4537 1288 4600 auctoritas
1300 4538 1473 4592 divina
1493 4543 1726 4608 peceanti
1743 4547 1932 4613 populo
1945 4561 2079 4616 prte-

518 4622 716 4689 eeperit
763 4637 856 4689 per
885 4625 1224 4692 prophetam,
1255 4625 1436 4680 dicens
1469 4643 1482 4680 :
1518 4627 1873 4687 Convertimini
1895 4636 1963 4687 ad
1998 4653 2076 4690 me

517 4711 570 4763 in
600 4719 706 4763 toto
721 4713 872 4765 corde
900 4723 1085 4780 vestro,
1113 4715 1164 4767 in
1187 4717 1388 4785 jejunio
1409 4728 1454 4771 et
1473 4721 1632 4787 ﬂetu?
1654 4723 1717 4775 Et
1739 4734 1855 4792 post
1881 4741 2076 4794 pauca:

518 4801 864 4869 Snnctiﬁcate,
900 4801 1087 4873 inquit,
1123 4807 1398 4874 jejunium,
1431 4820 1599 4863 uocate
1636 4825 1835 4881 cretum,
1867 4833 2076 4888 congre-

517 4900 633 4960 gata
668 4892 932 4961 populum,
982 4895 1294 4962 sanctiﬁcata
1323 4895 1623 4965 Ecclesium,
1661 4913 1712 4955 et
1740 4914 1928 4960 caetera
1954 4923 2072 4979 qua

517 4989 826 5049 sequuntur.
858 4982 1225 5052 llaecexplete,
1263 4995 1318 5037 ut
1341 4985 1510 5056 dignis
1539 4989 1786 5057 operibus
1816 4995 2070 5052 malitiam

521 5074 795 5138 praesentis
826 5075 1076 5144 temporis
1103 5075 1255 5128 facile
1294 5077 1529 5131 evadatis
1561 5094 1575 5132 :
1609 5081 1781 5136 nullus
1825 5100 1852 5136 a
1894 5100 1979 5140 me
2007 5087 2071 5142 ad

518 5174 700 5229 agrum
751 5174 930 5231 exeat,
975 5166 1127 5233 quasi
1174 5165 1401 5220 humana
1449 5166 1802 5226 sollicitudine
1848 5173 2074 5232 locustas

593 5301 611 5375 ξ
637 5299 760 5375 §ur.
775 5298 1016 5375 Cocullt’s.
1044 5302 1157 5375 Pet.
1182 5303 1392 5375 de‘Nat.
1423 5303 1651 5375 Cocullo,
1676 5304 1797 5358 Laz.
1821 5305 2070 5375 Catullus,

518 5371 606 5447 qui
636 5370 853 5448 T_ulna_r_u
875 5371 1037 5448 hodie
1065 5373 1165 5425 dici
1197 5373 1501 5448 arbitratur.
1534 5372 1771 5427 Staibau.
1803 5383 1858 5434 et
1899 5370 2071 5448 Euge;

519 5441 637 5493 nius
671 5441 767 5510 hoc
786 5439 1040 5510 ‘Ij‘abianis
1067 5452 1270 5508 gestv-m
1293 5443 1552 5510 scribunt.

586 5511 605 5540 ³
639 5508 721 5562 ΑΙ.
760 5507 1031 5578 ῨΜαῙοταηὶ
1075 5507 1127 5564 et
1158 5511 1455 5578 Maioriani.
1496 5507 1691 5566 Merito
1734 5517 2070 5578 reprehendit

518 5578 732 5631 Laziuur
758 5577 1003 5631 VelSerus
1026 5622 1040 5639 ,
1075 5584 1211 5645 quod
1247 5577 1365 5635 hinc
1406 5577 1970 5636 asserat-Marcianum
2002 5603 2065 5641 ex

518 5646 774 5701 monacho
800 5648 1029 5703 ccenobii
1059 5649 1240 5705 Sancti
1264 5651 1502 5706 Severini
1528 5649 1930 5708 Fabianensiunt
1957 5658 2067 5725 cpi-

2183 4567 2312 4622 pore
2341 4552 2733 4609 solemnitatem
2757 4569 2977 4624 vespere
3002 4554 3279 4618 reddituri,
3310 4553 3376 4608 ad
3404 4551 3704 4608 accendenda

2180 4642 2459 4698 luminaria
2488 4643 2662 4713 ignem
2692 4644 2914 4700 minime
2940 4645 3287 4713 reperissent,
3321 4645 3576 4701 ﬂammam
3603 4655 3705 4696 co-

2179 4731 2351 4788 cussis
2401 4746 2468 4787 ex
2513 4747 2662 4788 more
2709 4733 2973 4803 lapidibus
3025 4735 3220 4789 elicere
3269 4735 3621 4805 nequiverunt.
3661 4731 3703 4783 in

2181 4829 2382 4874 tantum
2411 4821 2667 4878 alterutra
2697 4821 2824 4878 ferri
2853 4838 2915 4877 ac
2944 4833 3104 4892 petra
3133 4825 3412 4880 collisione
3442 4824 3699 4878 lardath

2179 4919 2236 4963 ut
2283 4919 2488 4979 tempus
2528 4914 2844 4980 vespertinae
2876 4912 3226 4968 solemnitatis
3269 4914 3528 4969 efﬂueret.
3558 4909 3701 4966 Atrir

2177 5000 2266 5055 Dei
2289 4993 2511 5070 genibus
2534 5001 2677 5055 humi
2706 5001 2824 5054 fixis
2845 5002 3032 5056 orabat
3053 5004 3327 5058 attentius.
3359 5003 3469 5056 Mox
3498 5002 3638 5073 igitur
3653 4999 3694 5049 in

2176 5100 2464 5159 conspectu
2492 5091 2649 5145 trium
2688 5080 3061 5158 spiritualium,
3092 5095 3182 5160 qui
3225 5094 3446 5147 aderant
3485 5103 3614 5156 tunc,
3641 5091 3700 5140 Ii-

2166 5196 2385 5247 .rorum,
2421 5195 2629 5248 cereus,
2661 5195 2814 5250 quem
2846 5181 2984 5237 idem
3012 5183 3298 5237 Severinus
3328 5197 3543 5239 sanctus
3569 5195 3696 5238 ruas

2180 5329 2399 5415 scopam
2431 5315 2672 5415 matrima
2693 5323 2809 5396 post
2836 5314 3201 5398 ﬂamertinum
3227 5318 3584 5370 constitutum.
3675 5350 3679 5356 -

2247 5381 2398 5438 ‘illv.
2431 5381 2562 5438 Beli.
2594 5381 2963 5437 exterminatis.

2247 5453 2269 5484 δ
2301 5454 2396 5507 bis.
2450 5453 2604 5518 Bclf.,
2648 5452 2835 5507 Juaao.
2892 5454 3095 5517 Larius,
3147 5452 3342 5508 luvare
3380 5465 3434 5512 et
3469 5453 3697 5508 hastili!

2179 5523 2616 5589 inter-pretantur,
2640 5523 2972 5592 improbante
3002 5523 3242 5579 Velsero.
3286 5525 3400 5582 Pet.
3440 5526 3508 5582 de
3531 5523 3636 5580 Nat.
3655 5525 3702 5572 εί

2173 5593 2339 5648 Staib.
2378 5590 2606 5648 deviare.
