  <div class='ocr_page' id='page_1' title='image "/cluster/home/n/w/nwhite01/storage/ocr_20150623/61-62/uva.x000827102/1178.png"; bbox 0 0 3874 6226; ppageno 0'>
   <div class='ocr_carea' id='block_1_1' title="bbox 146 326 273 384">
    <p class='ocr_par' dir='ltr' id='par_1_1' title="bbox 146 326 273 384">
     <span class='ocr_line' id='line_1_1' title="bbox 146 326 273 384; baseline -0.031 0"><span class='ocrx_word' id='word_1_1' title='bbox 146 326 273 384; x_wconf 72' lang='lat' dir='ltr'><strong>HS!</strong></span> 
     </span>
    </p>
   </div>
   <div class='ocr_carea' id='block_1_2' title="bbox 1441 321 2068 394">
    <p class='ocr_par' dir='ltr' id='par_1_2' title="bbox 1441 321 2068 394">
     <span class='ocr_line' id='line_1_2' title="bbox 1441 321 2068 394; baseline 0.003 -19"><span class='ocrx_word' id='word_1_2' title='bbox 1441 322 1596 380; x_wconf 73' lang='lat' dir='ltr'><strong>VITA</strong></span> <span class='ocrx_word' id='word_1_3' title='bbox 1636 321 1693 378; x_wconf 89' lang='lat' dir='ltr'><strong>s.</strong></span> <span class='ocrx_word' id='word_1_4' title='bbox 1735 322 2068 394; x_wconf 78' lang='lat' dir='ltr'><strong>SE\’ERINI.</strong></span> 
     </span>
    </p>
   </div>
   <div class='ocr_carea' id='block_1_3' title="bbox 3241 328 3374 384">
    <p class='ocr_par' dir='ltr' id='par_1_3' title="bbox 3241 328 3374 384">
     <span class='ocr_line' id='line_1_3' title="bbox 3241 328 3374 384; baseline 0.03 -4"><span class='ocrx_word' id='word_1_5' title='bbox 3241 328 3374 384; x_wconf 73' lang='lat'><strong>“82</strong></span> 
     </span>
    </p>
   </div>
   <div class='ocr_carea' id='block_1_4' title="bbox 71 429 3373 505">
    <p class='ocr_par' dir='ltr' id='par_1_4' title="bbox 71 429 3373 505">
     <span class='ocr_line' id='line_1_4' title="bbox 71 429 3373 505; baseline 0.001 -11"><span class='ocrx_word' id='word_1_6' title='bbox 71 458 76 470; x_wconf 69' lang='grc' dir='ltr'><strong>ι</strong></span> <span class='ocrx_word' id='word_1_7' title='bbox 141 437 357 505; x_wconf 76' lang='lat' dir='ltr'><strong>tenebat</strong></span> <span class='ocrx_word' id='word_1_8' title='bbox 388 451 646 492; x_wconf 79' lang='lat' dir='ltr'><strong>accensus</strong></span> <span class='ocrx_word' id='word_1_9' title='bbox 666 443 769 491; x_wconf 85' lang='lat' dir='ltr'><strong>est.</strong></span> <span class='ocrx_word' id='word_1_10' title='bbox 801 431 1161 501; x_wconf 70' lang='lat' dir='ltr'><strong>Quc&#39;ucente,</strong></span> <span class='ocrx_word' id='word_1_11' title='bbox 1185 429 1450 485; x_wconf 80' lang='lat' dir='ltr'><strong>sacriﬁcio</strong></span> <span class='ocrx_word' id='word_1_12' title='bbox 1480 447 1698 501; x_wconf 85' lang='lat' dir='ltr'><strong>vesper-</strong></span> <span class='ocrx_word' id='word_1_13' title='bbox 1731 437 1780 495; x_wconf 75' lang='grc' dir='ltr'><strong>Α</strong></span> <span class='ocrx_word' id='word_1_14' title='bbox 1808 433 2197 501; x_wconf 70' lang='lat' dir='ltr'><strong>pavimentum;</strong></span> <span class='ocrx_word' id='word_1_15' title='bbox 2246 449 2365 486; x_wconf 91' lang='lat' dir='ltr'><strong>nam</strong></span> <span class='ocrx_word' id='word_1_16' title='bbox 2398 436 2640 492; x_wconf 76' lang='lat' dir='ltr'><strong>videbitis</strong></span> <span class='ocrx_word' id='word_1_17' title='bbox 2684 438 2896 491; x_wconf 83' lang='lat' dir='ltr'><strong>autudu&#39;</strong></span> <span class='ocrx_word' id='word_1_18' title='bbox 2921 439 3134 493; x_wconf 89' lang='lat' dir='ltr'><strong>ﬂuvium</strong></span> <span class='ocrx_word' id='word_1_19' title='bbox 3165 444 3373 497; x_wconf 79' lang='lat' dir='ltr'><strong>ecetesti</strong></span> 
     </span>
    </p>
   </div>
   <div class='ocr_carea' id='block_1_5' title="bbox 145 520 1705 602">
    <p class='ocr_par' dir='ltr' id='par_1_5' title="bbox 145 520 1705 602">
     <span class='ocr_line' id='line_1_5' title="bbox 145 520 1705 602; baseline -0.005 -20"><span class='ocrx_word' id='word_1_20' title='bbox 145 529 242 582; x_wconf 86' lang='lat' dir='ltr'><strong>tini</strong></span> <span class='ocrx_word' id='word_1_21' title='bbox 271 528 524 597; x_wconf 88' lang='lat' dir='ltr'><strong>temporis</strong></span> <span class='ocrx_word' id='word_1_22' title='bbox 546 542 609 580; x_wconf 89' lang='lat' dir='ltr'><strong>ex</strong></span> <span class='ocrx_word' id='word_1_23' title='bbox 649 538 802 578; x_wconf 91' lang='lat' dir='ltr'><strong>more</strong></span> <span class='ocrx_word' id='word_1_24' title='bbox 828 523 1090 602; x_wconf 78' lang='lat' dir='ltr'><strong>suppleto,</strong></span> <span class='ocrx_word' id='word_1_25' title='bbox 1119 522 1301 590; x_wconf 71' lang='lat' dir='ltr'><strong>gratiae</strong></span> <span class='ocrx_word' id='word_1_26' title='bbox 1330 522 1437 575; x_wconf 88' lang='lat' dir='ltr'><strong>Deo</strong></span> <span class='ocrx_word' id='word_1_27' title='bbox 1467 520 1705 576; x_wconf 89' lang='lat' dir='ltr'><strong>referun-</strong></span> 
     </span>
    </p>
   </div>
   <div class='ocr_carea' id='block_1_6' title="bbox 134 613 1709 683">
    <p class='ocr_par' dir='ltr' id='par_1_6' title="bbox 134 613 1709 683">
     <span class='ocr_line' id='line_1_6' title="bbox 134 613 1709 683; baseline -0.004 -8"><span class='ocrx_word' id='word_1_28' title='bbox 134 628 229 675; x_wconf 81' lang='lat' dir='ltr'><strong>‘tur</strong></span> <span class='ocrx_word' id='word_1_29' title='bbox 258 621 312 674; x_wconf 93' lang='lat' dir='ltr'><strong>in</strong></span> <span class='ocrx_word' id='word_1_30' title='bbox 353 620 621 673; x_wconf 86' lang='lat' dir='ltr'><strong>omnibus.</strong></span> <span class='ocrx_word' id='word_1_31' title='bbox 653 615 805 683; x_wconf 85' lang='lat' dir='ltr'><strong>Quod</strong></span> <span class='ocrx_word' id='word_1_32' title='bbox 851 614 1081 683; x_wconf 90' lang='lat' dir='ltr'><strong>factum,</strong></span> <span class='ocrx_word' id='word_1_33' title='bbox 1130 615 1250 668; x_wconf 90' lang='lat' dir='ltr'><strong>licet</strong></span> <span class='ocrx_word' id='word_1_34' title='bbox 1280 613 1362 666; x_wconf 88' lang='lat' dir='ltr'><strong>vir</strong></span> <span class='ocrx_word' id='word_1_35' title='bbox 1387 622 1709 669; x_wconf 88' lang='lat' dir='ltr'><strong>memoratus</strong></span> 
     </span>
    </p>
   </div>
   <div class='ocr_carea' id='block_1_7' title="bbox 144 691 1710 776">
    <p class='ocr_par' dir='ltr' id='par_1_7' title="bbox 144 691 1710 776">
     <span class='ocr_line' id='line_1_7' title="bbox 144 691 1710 776; baseline -0.004 -14"><span class='ocrx_word' id='word_1_36' title='bbox 144 708 243 762; x_wconf 82' lang='lat' dir='ltr'><strong>bus</strong></span> <span class='ocrx_word' id='word_1_37' title='bbox 267 707 363 776; x_wconf 89' lang='lat' dir='ltr'><strong>qui</strong></span> <span class='ocrx_word' id='word_1_38' title='bbox 393 706 514 759; x_wconf 91' lang='lat' dir='ltr'><strong>hinc</strong></span> <span class='ocrx_word' id='word_1_39' title='bbox 542 704 833 759; x_wconf 70' lang='lat' dir='ltr'><strong>interfuere</strong></span> <span class='ocrx_word' id='word_1_40' title='bbox 862 704 1114 757; x_wconf 89' lang='lat' dir='ltr'><strong>miraculo</strong></span> <span class='ocrx_word' id='word_1_41' title='bbox 1145 702 1319 756; x_wconf 87' lang='lat' dir='ltr'><strong>celare</strong></span> <span class='ocrx_word' id='word_1_42' title='bbox 1341 691 1613 766; x_wconf 18' lang='lat' dir='ltr'><strong>voluerit,“</strong></span> <span class='ocrx_word' id='word_1_43' title='bbox 1635 703 1710 756; x_wconf 90' lang='lat' dir='ltr'><strong>si-</strong></span> 
     </span>
    </p>
   </div>
   <div class='ocr_carea' id='block_1_8' title="bbox 141 792 1715 870">
    <p class='ocr_par' dir='ltr' id='par_1_8' title="bbox 141 792 1715 870">
     <span class='ocr_line' id='line_1_8' title="bbox 141 792 1715 870; baseline -0.003 -19"><span class='ocrx_word' id='word_1_44' title='bbox 141 805 317 870; x_wconf 75' lang='lat' dir='ltr'><strong>eratet</strong></span> <span class='ocrx_word' id='word_1_45' title='bbox 345 796 509 849; x_wconf 84' lang='lat' dir='ltr'><strong>multa</strong></span> <span class='ocrx_word' id='word_1_46' title='bbox 549 793 834 862; x_wconf 68' lang='lat' dir='ltr'><strong>magnolia,</strong></span> <span class='ocrx_word' id='word_1_47' title='bbox 883 809 1002 863; x_wconf 70' lang='lat' dir='ltr'><strong>quae</strong></span> <span class='ocrx_word' id='word_1_48' title='bbox 1046 808 1137 862; x_wconf 91' lang='lat' dir='ltr'><strong>per</strong></span> <span class='ocrx_word' id='word_1_49' title='bbox 1168 794 1316 848; x_wconf 91' lang='lat' dir='ltr'><strong>illum</strong></span> <span class='ocrx_word' id='word_1_50' title='bbox 1363 792 1558 846; x_wconf 86' lang='lat' dir='ltr'><strong>divinis</strong></span> <span class='ocrx_word' id='word_1_51' title='bbox 1588 803 1715 847; x_wconf 89' lang='lat' dir='ltr'><strong>sunt</strong></span> 
     </span>
    </p>
   </div>
   <div class='ocr_carea' id='block_1_9' title="bbox 143 883 1714 949">
    <p class='ocr_par' dir='ltr' id='par_1_9' title="bbox 143 883 1714 949">
     <span class='ocr_line' id='line_1_9' title="bbox 143 883 1714 949; baseline -0.004 -7"><span class='ocrx_word' id='word_1_52' title='bbox 143 886 426 942; x_wconf 82' lang='lat' dir='ltr'><strong>effectibus</strong></span> <span class='ocrx_word' id='word_1_53' title='bbox 472 884 771 949; x_wconf 78' lang='lat' dir='ltr'><strong>celebrati,</strong></span> <span class='ocrx_word' id='word_1_54' title='bbox 827 884 1042 940; x_wconf 74' lang='lat' dir='ltr'><strong>claritas</strong></span> <span class='ocrx_word' id='word_1_55' title='bbox 1083 893 1258 937; x_wconf 90' lang='lat' dir='ltr'><strong>tamen</strong></span> <span class='ocrx_word' id='word_1_56' title='bbox 1297 891 1458 936; x_wconf 64' lang='lat' dir='ltr'><strong>tantae</strong></span> <span class='ocrx_word' id='word_1_57' title='bbox 1506 883 1714 936; x_wconf 89' lang='lat' dir='ltr'><strong>virtutis</strong></span> 
     </span>
    </p>
   </div>
   <div class='ocr_carea' id='block_1_10' title="bbox 143 971 1712 1042">
    <p class='ocr_par' dir='ltr' id='par_1_10' title="bbox 143 971 1712 1042">
     <span class='ocr_line' id='line_1_10' title="bbox 143 971 1712 1042; baseline -0.004 -12"><span class='ocrx_word' id='word_1_58' title='bbox 143 974 405 1030; x_wconf 86' lang='lat' dir='ltr'><strong>occultari</strong></span> <span class='ocrx_word' id='word_1_59' title='bbox 436 988 541 1028; x_wconf 87' lang='lat' dir='ltr'><strong>non</strong></span> <span class='ocrx_word' id='word_1_60' title='bbox 575 974 765 1041; x_wconf 89' lang='lat' dir='ltr'><strong>potuit,</strong></span> <span class='ocrx_word' id='word_1_61' title='bbox 798 974 893 1028; x_wconf 88' lang='lat' dir='ltr'><strong>sed</strong></span> <span class='ocrx_word' id='word_1_62' title='bbox 920 973 984 1027; x_wconf 85' lang='lat' dir='ltr'><strong>ad</strong></span> <span class='ocrx_word' id='word_1_63' title='bbox 1015 986 1257 1042; x_wconf 90' lang='lat' dir='ltr'><strong>magnam</strong></span> <span class='ocrx_word' id='word_1_64' title='bbox 1297 981 1521 1026; x_wconf 66' lang='lat' dir='ltr'><strong>creteros</strong></span> <span class='ocrx_word' id='word_1_65' title='bbox 1553 971 1712 1025; x_wconf 89' lang='lat' dir='ltr'><strong>ﬂdern</strong></span> 
     </span>
    </p>
   </div>
   <div class='ocr_carea' id='block_1_11' title="bbox 143 1064 757 1121">
    <p class='ocr_par' dir='ltr' id='par_1_11' title="bbox 143 1064 757 1121">
     <span class='ocr_line' id='line_1_11' title="bbox 143 1064 757 1121; baseline -0.002 0"><span class='ocrx_word' id='word_1_66' title='bbox 143 1067 474 1121; x_wconf 73' lang='lat' dir='ltr'><strong>excellenter</strong></span> <span class='ocrx_word' id='word_1_67' title='bbox 497 1064 757 1120; x_wconf 77' lang='lat' dir='ltr'><strong>accendit.</strong></span> 
     </span>
    </p>
   </div>
   <div class='ocr_carea' id='block_1_12' title="bbox 215 1152 1716 1227">
    <p class='ocr_par' dir='ltr' id='par_1_12' title="bbox 215 1152 1716 1227">
     <span class='ocr_line' id='line_1_12' title="bbox 215 1152 1716 1227; baseline -0.003 -15"><span class='ocrx_word' id='word_1_68' title='bbox 215 1157 310 1212; x_wconf 71' lang='lat'><strong>22.</strong></span> <span class='ocrx_word' id='word_1_69' title='bbox 354 1156 560 1210; x_wconf 85' lang='lat' dir='ltr'><strong>Accidit</strong></span> <span class='ocrx_word' id='word_1_70' title='bbox 590 1156 748 1210; x_wconf 89' lang='lat' dir='ltr'><strong>etiam</strong></span> <span class='ocrx_word' id='word_1_71' title='bbox 779 1156 1016 1227; x_wconf 80' lang='lat' dir='ltr'><strong>ejusdem</strong></span> <span class='ocrx_word' id='word_1_72' title='bbox 1059 1154 1160 1210; x_wconf 83' lang='lat' dir='ltr'><strong>loci</strong></span> <span class='ocrx_word' id='word_1_73' title='bbox 1202 1153 1483 1223; x_wconf 84' lang='lat' dir='ltr'><strong>quamdam</strong></span> <span class='ocrx_word' id='word_1_74' title='bbox 1528 1152 1716 1207; x_wconf 90' lang='lat' dir='ltr'><strong>mulie-</strong></span> 
     </span>
    </p>
   </div>
   <div class='ocr_carea' id='block_1_13' title="bbox 148 1243 1713 1315">
    <p class='ocr_par' dir='ltr' id='par_1_13' title="bbox 148 1243 1713 1315">
     <span class='ocr_line' id='line_1_13' title="bbox 148 1243 1713 1315; baseline -0.004 -12"><span class='ocrx_word' id='word_1_75' title='bbox 148 1262 261 1303; x_wconf 87' lang='lat' dir='ltr'><strong>rem</strong></span> <span class='ocrx_word' id='word_1_76' title='bbox 310 1247 517 1302; x_wconf 87' lang='lat' dir='ltr'><strong>diutino</strong></span> <span class='ocrx_word' id='word_1_77' title='bbox 553 1245 806 1315; x_wconf 82' lang='lat' dir='ltr'><strong>languore</strong></span> <span class='ocrx_word' id='word_1_78' title='bbox 855 1255 1090 1300; x_wconf 77' lang='lat' dir='ltr'><strong>vexatam</strong></span> <span class='ocrx_word' id='word_1_79' title='bbox 1142 1245 1323 1312; x_wconf 80' lang='lat' dir='ltr'><strong>jacere</strong></span> <span class='ocrx_word' id='word_1_80' title='bbox 1371 1243 1713 1307; x_wconf 86' lang='lat' dir='ltr'><strong>seminecem,</strong></span> 
     </span>
    </p>
   </div>
   <div class='ocr_carea' id='block_1_14' title="bbox 151 1333 1716 1405">
    <p class='ocr_par' dir='ltr' id='par_1_14' title="bbox 151 1333 1716 1405">
     <span class='ocr_line' id='line_1_14' title="bbox 151 1333 1716 1405; baseline -0.001 -16"><span class='ocrx_word' id='word_1_81' title='bbox 151 1335 426 1404; x_wconf 76' lang='lat' dir='ltr'><strong>exsequiis</strong></span> <span class='ocrx_word' id='word_1_82' title='bbox 445 1336 556 1403; x_wconf 83' lang='lat' dir='ltr'><strong>jam</strong></span> <span class='ocrx_word' id='word_1_83' title='bbox 577 1337 773 1405; x_wconf 83' lang='lat' dir='ltr'><strong>paratis</strong></span> <span class='ocrx_word' id='word_1_84' title='bbox 800 1353 813 1401; x_wconf 91' lang='lat'><strong>;</strong></span> <span class='ocrx_word' id='word_1_85' title='bbox 854 1335 1006 1404; x_wconf 81' lang='lat' dir='ltr'><strong>cujus</strong></span> <span class='ocrx_word' id='word_1_86' title='bbox 1028 1333 1250 1404; x_wconf 77' lang='lat' dir='ltr'><strong>proximi</strong></span> <span class='ocrx_word' id='word_1_87' title='bbox 1284 1344 1476 1388; x_wconf 62' lang='lat' dir='ltr'><strong>maesto</strong></span> <span class='ocrx_word' id='word_1_88' title='bbox 1505 1333 1716 1388; x_wconf 88' lang='lat' dir='ltr'><strong>silentio</strong></span> 
     </span>
    </p>
   </div>
   <div class='ocr_carea' id='block_1_15' title="bbox 149 1424 1718 1494">
    <p class='ocr_par' dir='ltr' id='par_1_15' title="bbox 149 1424 1718 1494">
     <span class='ocr_line' id='line_1_15' title="bbox 149 1424 1718 1494; baseline -0.001 -18"><span class='ocrx_word' id='word_1_89' title='bbox 149 1440 313 1480; x_wconf 82' lang='lat' dir='ltr'><strong>voces</strong></span> <span class='ocrx_word' id='word_1_90' title='bbox 346 1424 595 1480; x_wconf 85' lang='lat' dir='ltr'><strong>funereas</strong></span> <span class='ocrx_word' id='word_1_91' title='bbox 623 1425 850 1494; x_wconf 89' lang='lat' dir='ltr'><strong>quodam</strong></span> <span class='ocrx_word' id='word_1_92' title='bbox 883 1424 1005 1479; x_wconf 86' lang='lat' dir='ltr'><strong>fidei</strong></span> <span class='ocrx_word' id='word_1_93' title='bbox 1031 1425 1264 1478; x_wconf 85' lang='lat' dir='ltr'><strong>clamore</strong></span> <span class='ocrx_word' id='word_1_94' title='bbox 1306 1433 1635 1490; x_wconf 89' lang='lat' dir='ltr'><strong>presserunt,</strong></span> <span class='ocrx_word' id='word_1_95' title='bbox 1665 1432 1718 1476; x_wconf 94' lang='lat' dir='ltr'><strong>et</strong></span> 
     </span>
    </p>
   </div>
   <div class='ocr_carea' id='block_1_16' title="bbox 147 1512 1717 1581">
    <p class='ocr_par' dir='ltr' id='par_1_16' title="bbox 147 1512 1717 1581">
     <span class='ocr_line' id='line_1_16' title="bbox 147 1512 1717 1581; baseline -0.001 -14"><span class='ocrx_word' id='word_1_96' title='bbox 147 1524 279 1570; x_wconf 85' lang='lat' dir='ltr'><strong>ante</strong></span> <span class='ocrx_word' id='word_1_97' title='bbox 332 1517 529 1569; x_wconf 91' lang='lat' dir='ltr'><strong>ostium</strong></span> <span class='ocrx_word' id='word_1_98' title='bbox 578 1515 786 1570; x_wconf 66' lang='lat' dir='ltr'><strong>cellula:</strong></span> <span class='ocrx_word' id='word_1_99' title='bbox 829 1512 996 1568; x_wconf 81' lang='lat' dir='ltr'><strong>sancti</strong></span> <span class='ocrx_word' id='word_1_100' title='bbox 1027 1512 1136 1567; x_wconf 59' lang='lat' dir='ltr'><strong>Viri</strong></span> <span class='ocrx_word' id='word_1_101' title='bbox 1182 1526 1377 1581; x_wconf 90' lang='lat' dir='ltr'><strong>corpus</strong></span> <span class='ocrx_word' id='word_1_102' title='bbox 1417 1512 1526 1581; x_wconf 85' lang='lat' dir='ltr'><strong>jam</strong></span> <span class='ocrx_word' id='word_1_103' title='bbox 1583 1526 1717 1578; x_wconf 90' lang='lat' dir='ltr'><strong>pene</strong></span> 
     </span>
    </p>
   </div>
   <div class='ocr_carea' id='block_1_17' title="bbox 147 1603 1716 1676">
    <p class='ocr_par' dir='ltr' id='par_1_17' title="bbox 147 1603 1716 1676">
     <span class='ocr_line' id='line_1_17' title="bbox 147 1603 1716 1676; baseline -0.003 -16"><span class='ocrx_word' id='word_1_104' title='bbox 147 1607 402 1662; x_wconf 86' lang='lat' dir='ltr'><strong>exanime</strong></span> <span class='ocrx_word' id='word_1_105' title='bbox 426 1607 742 1676; x_wconf 79' lang='lat' dir='ltr'><strong>deposuere.</strong></span> <span class='ocrx_word' id='word_1_106' title='bbox 797 1605 988 1659; x_wconf 84' lang='lat' dir='ltr'><strong>Videas</strong></span> <span class='ocrx_word' id='word_1_107' title='bbox 1013 1619 1138 1670; x_wconf 78' lang='lat' dir='ltr'><strong>ergo</strong></span> <span class='ocrx_word' id='word_1_108' title='bbox 1166 1603 1323 1656; x_wconf 89' lang='lat' dir='ltr'><strong>homo</strong></span> <span class='ocrx_word' id='word_1_109' title='bbox 1356 1603 1447 1656; x_wconf 90' lang='lat' dir='ltr'><strong>Dei</strong></span> <span class='ocrx_word' id='word_1_110' title='bbox 1477 1604 1716 1656; x_wconf 89' lang='lat' dir='ltr'><strong>clausum</strong></span> 
     </span>
    </p>
   </div>
   <div class='ocr_carea' id='block_1_18' title="bbox 149 1692 1722 1762">
    <p class='ocr_par' dir='ltr' id='par_1_18' title="bbox 149 1692 1722 1762">
     <span class='ocr_line' id='line_1_18' title="bbox 149 1692 1722 1762; baseline -0.003 -13"><span class='ocrx_word' id='word_1_111' title='bbox 149 1696 358 1749; x_wconf 84' lang='lat' dir='ltr'><strong>aditum</strong></span> <span class='ocrx_word' id='word_1_112' title='bbox 386 1695 719 1762; x_wconf 77' lang='lat' dir='ltr'><strong>oppositione</strong></span> <span class='ocrx_word' id='word_1_113' title='bbox 747 1695 945 1756; x_wconf 87' lang='lat' dir='ltr'><strong>lectuli,</strong></span> <span class='ocrx_word' id='word_1_114' title='bbox 989 1695 1061 1745; x_wconf 89' lang='lat' dir='ltr'><strong>ait</strong></span> <span class='ocrx_word' id='word_1_115' title='bbox 1089 1694 1155 1745; x_wconf 88' lang='lat' dir='ltr'><strong>ad</strong></span> <span class='ocrx_word' id='word_1_116' title='bbox 1186 1708 1278 1745; x_wconf 91' lang='lat' dir='ltr'><strong>eos</strong></span> <span class='ocrx_word' id='word_1_117' title='bbox 1305 1712 1318 1743; x_wconf 92' lang='lat'>:</span> <span class='ocrx_word' id='word_1_118' title='bbox 1345 1692 1608 1758; x_wconf 75' lang='lat' dir='ltr'><strong>Quidnam</strong></span> <span class='ocrx_word' id='word_1_119' title='bbox 1641 1700 1722 1745; x_wconf 89' lang='lat' dir='ltr'><strong>est</strong></span> 
     </span>
    </p>
   </div>
   <div class='ocr_carea' id='block_1_19' title="bbox 1808 523 3376 599">
    <p class='ocr_par' dir='ltr' id='par_1_19' title="bbox 1808 523 3376 599">
     <span class='ocr_line' id='line_1_19' title="bbox 1808 523 3376 599; baseline 0.006 -23"><span class='ocrx_word' id='word_1_120' title='bbox 1808 523 2049 592; x_wconf 87' lang='lat' dir='ltr'><strong>jussione</strong></span> <span class='ocrx_word' id='word_1_121' title='bbox 2099 523 2444 590; x_wconf 89' lang='lat' dir='ltr'><strong>prohibitum.</strong></span> <span class='ocrx_word' id='word_1_122' title='bbox 2505 527 2813 580; x_wconf 86' lang='lat' dir='ltr'><strong>Pavimcnto</strong></span> <span class='ocrx_word' id='word_1_123' title='bbox 2864 529 3045 598; x_wconf 80' lang='lat' dir='ltr'><strong>itaque</strong></span> <span class='ocrx_word' id='word_1_124' title='bbox 3104 529 3376 599; x_wconf 83' lang='lat' dir='ltr'><strong>perfecto,</strong></span> 
     </span>
    </p>
   </div>
   <div class='ocr_carea' id='block_1_20' title="bbox 1812 612 3376 688">
    <p class='ocr_par' dir='ltr' id='par_1_20' title="bbox 1812 612 3376 688">
     <span class='ocr_line' id='line_1_20' title="bbox 1812 612 3376 688; baseline 0.007 -24"><span class='ocrx_word' id='word_1_125' title='bbox 1812 612 1926 678; x_wconf 90' lang='lat' dir='ltr'><strong>ipse</strong></span> <span class='ocrx_word' id='word_1_126' title='bbox 1950 612 2030 665; x_wconf 84' lang='lat' dir='ltr'><strong>vir</strong></span> <span class='ocrx_word' id='word_1_127' title='bbox 2057 612 2149 665; x_wconf 89' lang='lat' dir='ltr'><strong>Dei</strong></span> <span class='ocrx_word' id='word_1_128' title='bbox 2181 623 2396 680; x_wconf 89' lang='lat' dir='ltr'><strong>accepta</strong></span> <span class='ocrx_word' id='word_1_129' title='bbox 2426 615 2596 667; x_wconf 89' lang='lat' dir='ltr'><strong>securi</strong></span> <span class='ocrx_word' id='word_1_130' title='bbox 2620 614 2799 670; x_wconf 87' lang='lat' dir='ltr'><strong>subter</strong></span> <span class='ocrx_word' id='word_1_131' title='bbox 2820 619 3169 683; x_wconf 84' lang='lat' dir='ltr'><strong>descendens,</strong></span> <span class='ocrx_word' id='word_1_132' title='bbox 3196 629 3376 688; x_wconf 71' lang='lat' dir='ltr'><strong>postea</strong></span> 
     </span>
    </p>
   </div>
   <div class='ocr_carea' id='block_1_21' title="bbox 1813 701 3366 778">
    <p class='ocr_par' dir='ltr' id='par_1_21' title="bbox 1813 701 3366 778">
     <span class='ocr_line' id='line_1_21' title="bbox 1813 701 3366 778; baseline 0.006 -24"><span class='ocrx_word' id='word_1_133' title='bbox 1813 701 1952 755; x_wconf 89' lang='lat' dir='ltr'><strong>facta</strong></span> <span class='ocrx_word' id='word_1_134' title='bbox 1992 704 2232 755; x_wconf 91' lang='lat' dir='ltr'><strong>oratione</strong></span> <span class='ocrx_word' id='word_1_135' title='bbox 2265 703 2556 770; x_wconf 88' lang='lat' dir='ltr'><strong>percussit,</strong></span> <span class='ocrx_word' id='word_1_136' title='bbox 2601 701 2760 773; x_wconf 83' lang='lat' dir='ltr'><strong>atque</strong></span> <span class='ocrx_word' id='word_1_137' title='bbox 2798 705 2863 759; x_wconf 89' lang='lat' dir='ltr'><strong>ad</strong></span> <span class='ocrx_word' id='word_1_138' title='bbox 2894 724 3082 774; x_wconf 83' lang='lat' dir='ltr'><strong>aquam</strong></span> <span class='ocrx_word' id='word_1_139' title='bbox 3112 707 3366 778; x_wconf 83' lang='lat' dir='ltr'><strong>ﬂuminis,</strong></span> 
     </span>
    </p>
   </div>
   <div class='ocr_carea' id='block_1_22' title="bbox 1813 784 3371 863">
    <p class='ocr_par' dir='ltr' id='par_1_22' title="bbox 1813 784 3371 863">
     <span class='ocr_line' id='line_1_22' title="bbox 1813 784 3371 863; baseline 0.006 -19"><span class='ocrx_word' id='word_1_140' title='bbox 1813 791 2130 846; x_wconf 57' lang='lat' dir='ltr'><strong>venerandae</strong></span> <span class='ocrx_word' id='word_1_141' title='bbox 2158 793 2333 846; x_wconf 87' lang='lat' dir='ltr'><strong>crucis</strong></span> <span class='ocrx_word' id='word_1_142' title='bbox 2365 784 2620 861; x_wconf 81' lang='lat' dir='ltr'><strong>expresso</strong></span> <span class='ocrx_word' id='word_1_143' title='bbox 2646 795 2939 863; x_wconf 87' lang='lat' dir='ltr'><strong>signaculo,</strong></span> <span class='ocrx_word' id='word_1_144' title='bbox 2969 796 3098 848; x_wconf 66' lang='lat' dir='ltr'><strong>dixit</strong></span> <span class='ocrx_word' id='word_1_145' title='bbox 3126 813 3139 849; x_wconf 93' lang='lat'><strong>:</strong></span> <span class='ocrx_word' id='word_1_146' title='bbox 3171 797 3284 852; x_wconf 79' lang='lat' dir='ltr'><strong>Non</strong></span> <span class='ocrx_word' id='word_1_147' title='bbox 3316 806 3371 854; x_wconf 87' lang='lat' dir='ltr'><strong>te</strong></span> 
     </span>
    </p>
   </div>
   <div class='ocr_carea' id='block_1_23' title="bbox 1815 881 3375 957">
    <p class='ocr_par' dir='ltr' id='par_1_23' title="bbox 1815 881 3375 957">
     <span class='ocr_line' id='line_1_23' title="bbox 1815 881 3375 957; baseline 0.006 -25"><span class='ocrx_word' id='word_1_148' title='bbox 1815 881 1954 936; x_wconf 86' lang='lat' dir='ltr'><strong>sinat</strong></span> <span class='ocrx_word' id='word_1_149' title='bbox 2009 881 2266 935; x_wconf 90' lang='lat' dir='ltr'><strong>Dominus</strong></span> <span class='ocrx_word' id='word_1_150' title='bbox 2319 896 2470 937; x_wconf 89' lang='lat' dir='ltr'><strong>meus</strong></span> <span class='ocrx_word' id='word_1_151' title='bbox 2516 882 2671 937; x_wconf 88' lang='lat' dir='ltr'><strong>.lesus</strong></span> <span class='ocrx_word' id='word_1_152' title='bbox 2719 883 2962 951; x_wconf 86' lang='lat' dir='ltr'><strong>Christus</strong></span> <span class='ocrx_word' id='word_1_153' title='bbox 3015 885 3116 940; x_wconf 90' lang='lat' dir='ltr'><strong>hoc</strong></span> <span class='ocrx_word' id='word_1_154' title='bbox 3166 886 3375 957; x_wconf 86' lang='lat' dir='ltr'><strong>signum</strong></span> 
     </span>
    </p>
   </div>
   <div class='ocr_carea' id='block_1_24' title="bbox 1815 971 3378 1048">
    <p class='ocr_par' dir='ltr' id='par_1_24' title="bbox 1815 971 3378 1048">
     <span class='ocr_line' id='line_1_24' title="bbox 1815 971 3378 1048; baseline 0.004 -23"><span class='ocrx_word' id='word_1_155' title='bbox 1815 971 1990 1025; x_wconf 89' lang='lat' dir='ltr'><strong>crucis</strong></span> <span class='ocrx_word' id='word_1_156' title='bbox 2037 972 2318 1026; x_wconf 81' lang='lat' dir='ltr'><strong>excedere.</strong></span> <span class='ocrx_word' id='word_1_157' title='bbox 2375 973 2451 1026; x_wconf 82' lang='lat' dir='ltr'><strong>Ex</strong></span> <span class='ocrx_word' id='word_1_158' title='bbox 2505 974 2596 1027; x_wconf 87' lang='lat' dir='ltr'><strong>illo</strong></span> <span class='ocrx_word' id='word_1_159' title='bbox 2645 974 2822 1048; x_wconf 84' lang='lat' dir='ltr'><strong>itaque</strong></span> <span class='ocrx_word' id='word_1_160' title='bbox 2874 983 3108 1043; x_wconf 86' lang='lat' dir='ltr'><strong>tempore</strong></span> <span class='ocrx_word' id='word_1_161' title='bbox 3155 991 3274 1031; x_wconf 92' lang='lat' dir='ltr'><strong>cum</strong></span> <span class='ocrx_word' id='word_1_162' title='bbox 3309 992 3378 1033; x_wconf 89' lang='lat' dir='ltr'><strong>ex</strong></span> 
     </span>
    </p>
   </div>
   <div class='ocr_carea' id='block_1_25' title="bbox 1818 1062 3380 1133">
    <p class='ocr_par' dir='ltr' id='par_1_25' title="bbox 1818 1062 3380 1133">
     <span class='ocr_line' id='line_1_25' title="bbox 1818 1062 3380 1133; baseline 0.003 -17"><span class='ocrx_word' id='word_1_163' title='bbox 1818 1077 1966 1117; x_wconf 89' lang='lat' dir='ltr'><strong>more</strong></span> <span class='ocrx_word' id='word_1_164' title='bbox 2011 1062 2196 1117; x_wconf 89' lang='lat' dir='ltr'><strong>ﬂuvius</strong></span> <span class='ocrx_word' id='word_1_165' title='bbox 2223 1066 2480 1118; x_wconf 81' lang='lat' dir='ltr'><strong>crevisset</strong></span> <span class='ocrx_word' id='word_1_166' title='bbox 2508 1065 2558 1118; x_wconf 91' lang='lat' dir='ltr'><strong>in</strong></span> <span class='ocrx_word' id='word_1_167' title='bbox 2588 1065 2828 1118; x_wconf 90' lang='lat' dir='ltr'><strong>cumulos</strong></span> <span class='ocrx_word' id='word_1_168' title='bbox 2856 1065 3215 1133; x_wconf 83' lang='lat' dir='ltr'><strong>ambissetque</strong></span> <span class='ocrx_word' id='word_1_169' title='bbox 3250 1067 3380 1121; x_wconf 83' lang='lat' dir='ltr'><strong>vici-</strong></span> 
     </span>
    </p>
   </div>
   <div class='ocr_carea' id='block_1_26' title="bbox 1819 1154 3373 1222">
    <p class='ocr_par' dir='ltr' id='par_1_26' title="bbox 1819 1154 3373 1222">
     <span class='ocr_line' id='line_1_26' title="bbox 1819 1154 3373 1222; baseline 0.002 -16"><span class='ocrx_word' id='word_1_170' title='bbox 1819 1154 1962 1206; x_wconf 87' lang='lat' dir='ltr'><strong>niam</strong></span> <span class='ocrx_word' id='word_1_171' title='bbox 1991 1168 2147 1221; x_wconf 90' lang='lat' dir='ltr'><strong>quam</strong></span> <span class='ocrx_word' id='word_1_172' title='bbox 2174 1154 2400 1217; x_wconf 82' lang='lat' dir='ltr'><strong>solebat,</strong></span> <span class='ocrx_word' id='word_1_173' title='bbox 2422 1157 2489 1207; x_wconf 92' lang='lat' dir='ltr'><strong>ita</strong></span> <span class='ocrx_word' id='word_1_174' title='bbox 2521 1157 2690 1222; x_wconf 76' lang='lat' dir='ltr'><strong>spatiis</strong></span> <span class='ocrx_word' id='word_1_175' title='bbox 2727 1157 2967 1210; x_wconf 60' lang='lat' dir='ltr'><strong>ecclesirc</strong></span> <span class='ocrx_word' id='word_1_176' title='bbox 2993 1164 3107 1209; x_wconf 88' lang='lat' dir='ltr'><strong>erat</strong></span> <span class='ocrx_word' id='word_1_177' title='bbox 3139 1155 3373 1221; x_wconf 86' lang='lat' dir='ltr'><strong>inferior,</strong></span> 
     </span>
    </p>
   </div>
   <div class='ocr_carea' id='block_1_27' title="bbox 1821 1245 3382 1314">
    <p class='ocr_par' dir='ltr' id='par_1_27' title="bbox 1821 1245 3382 1314">
     <span class='ocr_line' id='line_1_27' title="bbox 1821 1245 3382 1314; baseline 0.001 -17"><span class='ocrx_word' id='word_1_178' title='bbox 1821 1254 1877 1298; x_wconf 93' lang='lat' dir='ltr'><strong>ut</strong></span> <span class='ocrx_word' id='word_1_179' title='bbox 1930 1259 2196 1312; x_wconf 84' lang='lat' dir='ltr'><strong>nunquam</strong></span> <span class='ocrx_word' id='word_1_180' title='bbox 2247 1246 2416 1297; x_wconf 79' lang='lat' dir='ltr'><strong>sancti</strong></span> <span class='ocrx_word' id='word_1_181' title='bbox 2455 1245 2673 1313; x_wconf 66' lang='lat' dir='ltr'><strong>patibuli</strong></span> <span class='ocrx_word' id='word_1_182' title='bbox 2725 1245 3052 1313; x_wconf 78' lang='lat' dir='ltr'><strong>signaculum</strong></span> <span class='ocrx_word' id='word_1_183' title='bbox 3093 1245 3235 1314; x_wconf 88' lang='lat' dir='ltr'><strong>quod</strong></span> <span class='ocrx_word' id='word_1_184' title='bbox 3283 1245 3382 1299; x_wconf 91' lang='lat' dir='ltr'><strong>iut-</strong></span> 
     </span>
    </p>
   </div>
   <div class='ocr_carea' id='block_1_28' title="bbox 1829 1335 2998 1404">
    <p class='ocr_par' dir='ltr' id='par_1_28' title="bbox 1829 1335 2998 1404">
     <span class='ocr_line' id='line_1_28' title="bbox 1829 1335 2998 1404; baseline 0 -16"><span class='ocrx_word' id='word_1_185' title='bbox 1829 1343 2096 1404; x_wconf 89' lang='lat' dir='ltr'><strong>presserat</strong></span> <span class='ocrx_word' id='word_1_186' title='bbox 2125 1335 2283 1388; x_wconf 90' lang='lat' dir='ltr'><strong>homo</strong></span> <span class='ocrx_word' id='word_1_187' title='bbox 2310 1335 2425 1397; x_wconf 90' lang='lat' dir='ltr'><strong>Dei,</strong></span> <span class='ocrx_word' id='word_1_188' title='bbox 2461 1350 2674 1404; x_wconf 83' lang='lat' dir='ltr'><strong>prorsus</strong></span> <span class='ocrx_word' id='word_1_189' title='bbox 2701 1335 2998 1390; x_wconf 87' lang='lat' dir='ltr'><strong>excederet.</strong></span> 
     </span>
    </p>
   </div>
   <div class='ocr_carea' id='block_1_29' title="bbox 1887 1424 3383 1496">
    <p class='ocr_par' dir='ltr' id='par_1_29' title="bbox 1887 1424 3383 1496">
     <span class='ocr_line' id='line_1_29' title="bbox 1887 1424 3383 1496; baseline -0.001 -16"><span class='ocrx_word' id='word_1_190' title='bbox 1887 1426 1977 1480; x_wconf 69' lang='grc'><strong>24.</strong></span> <span class='ocrx_word' id='word_1_191' title='bbox 2027 1424 2237 1478; x_wconf 82' lang='lat' dir='ltr'><strong>Accidit</strong></span> <span class='ocrx_word' id='word_1_192' title='bbox 2267 1437 2441 1479; x_wconf 91' lang='lat' dir='ltr'><strong>autem</strong></span> <span class='ocrx_word' id='word_1_193' title='bbox 2470 1435 2526 1479; x_wconf 92' lang='lat' dir='ltr'><strong>ut</strong></span> <span class='ocrx_word' id='word_1_194' title='bbox 2568 1425 2816 1481; x_wconf 78' lang='lat' dir='ltr'><strong>castelli&#39;</strong></span> <span class='ocrx_word' id='word_1_195' title='bbox 2849 1427 3124 1496; x_wconf 86' lang='lat' dir='ltr'><strong>presbyter</strong></span> <span class='ocrx_word' id='word_1_196' title='bbox 3171 1440 3383 1480; x_wconf 89' lang='lat' dir='ltr'><strong>memo-</strong></span> 
     </span>
    </p>
   </div>
   <div class='ocr_carea' id='block_1_30' title="bbox 1822 1518 3442 1591">
    <p class='ocr_par' dir='ltr' id='par_1_30' title="bbox 1822 1518 3442 1591">
     <span class='ocr_line' id='line_1_30' title="bbox 1822 1518 3442 1591; baseline -0.001 -20"><span class='ocrx_word' id='word_1_197' title='bbox 1822 1521 1919 1572; x_wconf 90' lang='lat' dir='ltr'><strong>rati</strong></span> <span class='ocrx_word' id='word_1_198' title='bbox 1967 1518 2254 1571; x_wconf 87' lang='lat' dir='ltr'><strong>admodum</strong></span> <span class='ocrx_word' id='word_1_199' title='bbox 2281 1518 2619 1583; x_wconf 80' lang='lat' dir='ltr'><strong>venerabilis,</strong></span> <span class='ocrx_word' id='word_1_200' title='bbox 2672 1519 2905 1575; x_wconf 85' lang='lat' dir='ltr'><strong>Silvinus</strong></span> <span class='ocrx_word' id='word_1_201' title='bbox 2935 1519 3171 1584; x_wconf 78' lang='lat' dir='ltr'><strong>nomine,</strong></span> <span class='ocrx_word' id='word_1_202' title='bbox 3206 1533 3385 1571; x_wconf 88' lang='lat' dir='ltr'><strong>more-</strong></span> <span class='ocrx_word' id='word_1_203' title='bbox 3437 1587 3442 1591; x_wconf 7' lang='grc' dir='ltr'><strong>ἡ</strong></span> 
     </span>
    </p>
   </div>
   <div class='ocr_carea' id='block_1_31' title="bbox 1822 1609 3380 1678">
    <p class='ocr_par' dir='ltr' id='par_1_31' title="bbox 1822 1609 3380 1678">
     <span class='ocr_line' id='line_1_31' title="bbox 1822 1609 3380 1678; baseline -0.003 -14"><span class='ocrx_word' id='word_1_204' title='bbox 1822 1619 2007 1674; x_wconf 88' lang='lat' dir='ltr'><strong>retur;</strong></span> <span class='ocrx_word' id='word_1_205' title='bbox 2060 1620 2106 1662; x_wconf 88' lang='lat' dir='ltr'><strong>et</strong></span> <span class='ocrx_word' id='word_1_206' title='bbox 2157 1624 2276 1662; x_wconf 91' lang='lat' dir='ltr'><strong>cum</strong></span> <span class='ocrx_word' id='word_1_207' title='bbox 2326 1612 2378 1663; x_wconf 90' lang='lat' dir='ltr'><strong>irt</strong></span> <span class='ocrx_word' id='word_1_208' title='bbox 2428 1611 2652 1663; x_wconf 61' lang='lat' dir='ltr'><strong>ecclesia</strong></span> <span class='ocrx_word' id='word_1_209' title='bbox 2707 1609 2905 1664; x_wconf 74' lang='lat' dir='ltr'><strong>feretro</strong></span> <span class='ocrx_word' id='word_1_210' title='bbox 2954 1610 3126 1678; x_wconf 88' lang='lat' dir='ltr'><strong>posito</strong></span> <span class='ocrx_word' id='word_1_211' title='bbox 3172 1618 3380 1662; x_wconf 87' lang='lat' dir='ltr'><strong>noctem</strong></span> 
     </span>
    </p>
   </div>
   <div class='ocr_carea' id='block_1_32' title="bbox 1825 1698 3386 1767">
    <p class='ocr_par' dir='ltr' id='par_1_32' title="bbox 1825 1698 3386 1767">
     <span class='ocr_line' id='line_1_32' title="bbox 1825 1698 3386 1767; baseline -0.001 -16"><span class='ocrx_word' id='word_1_212' title='bbox 1825 1699 2110 1767; x_wconf 85' lang='lat' dir='ltr'><strong>psallentes</strong></span> <span class='ocrx_word' id='word_1_213' title='bbox 2150 1698 2426 1752; x_wconf 89' lang='lat' dir='ltr'><strong>duxissent</strong></span> <span class='ocrx_word' id='word_1_214' title='bbox 2454 1714 2520 1752; x_wconf 91' lang='lat' dir='ltr'><strong>ex</strong></span> <span class='ocrx_word' id='word_1_215' title='bbox 2561 1715 2707 1752; x_wconf 88' lang='lat' dir='ltr'><strong>more</strong></span> <span class='ocrx_word' id='word_1_216' title='bbox 2739 1700 3068 1766; x_wconf 75' lang='lat' dir='ltr'><strong>pervigilem,</strong></span> <span class='ocrx_word' id='word_1_217' title='bbox 3097 1699 3204 1767; x_wconf 66' lang='lat' dir='ltr'><strong>jam</strong></span> <span class='ocrx_word' id='word_1_218' title='bbox 3237 1712 3386 1751; x_wconf 85' lang='lat' dir='ltr'><strong>cres-</strong></span> 
     </span>
    </p>
   </div>
   <div class='ocr_carea' id='block_1_33' title="bbox 148 1779 3392 1855">
    <p class='ocr_par' dir='ltr' id='par_1_33' title="bbox 148 1779 3392 1855">
     <span class='ocr_line' id='line_1_33' title="bbox 148 1779 3392 1855; baseline 0.001 -18"><span class='ocrx_word' id='word_1_219' title='bbox 148 1782 297 1851; x_wconf 85' lang='lat' dir='ltr'><strong>quod</strong></span> <span class='ocrx_word' id='word_1_220' title='bbox 351 1780 526 1835; x_wconf 87' lang='lat' dir='ltr'><strong>facere</strong></span> <span class='ocrx_word' id='word_1_221' title='bbox 575 1779 858 1833; x_wconf 85' lang='lat' dir='ltr'><strong>voluistis?</strong></span> <span class='ocrx_word' id='word_1_222' title='bbox 900 1779 1305 1848; x_wconf 78' lang='lat' dir='ltr'><strong>Responderunt</strong></span> <span class='ocrx_word' id='word_1_223' title='bbox 1331 1795 1344 1831; x_wconf 88' lang='lat'>:</span> <span class='ocrx_word' id='word_1_224' title='bbox 1374 1779 1438 1834; x_wconf 91' lang='lat' dir='ltr'><strong>Ut</strong></span> <span class='ocrx_word' id='word_1_225' title='bbox 1482 1781 1722 1833; x_wconf 91' lang='lat' dir='ltr'><strong>oratione</strong></span> <span class='ocrx_word' id='word_1_226' title='bbox 1754 1792 1800 1849; x_wconf 82' lang='grc' dir='ltr'>Β</span> <span class='ocrx_word' id='word_1_227' title='bbox 1828 1795 1982 1840; x_wconf 90' lang='lat' dir='ltr'><strong>cente</strong></span> <span class='ocrx_word' id='word_1_228' title='bbox 2008 1787 2264 1850; x_wconf 86' lang='lat' dir='ltr'><strong>diluculo,</strong></span> <span class='ocrx_word' id='word_1_229' title='bbox 2298 1788 2500 1854; x_wconf 61' lang='lat' dir='ltr'><strong>rugavit</strong></span> <span class='ocrx_word' id='word_1_230' title='bbox 2527 1788 2609 1839; x_wconf 86' lang='lat' dir='ltr'><strong>vir</strong></span> <span class='ocrx_word' id='word_1_231' title='bbox 2638 1788 2732 1840; x_wconf 88' lang='lat' dir='ltr'><strong>Dei</strong></span> <span class='ocrx_word' id='word_1_232' title='bbox 2764 1786 2931 1840; x_wconf 87' lang='lat' dir='ltr'><strong>fessos</strong></span> <span class='ocrx_word' id='word_1_233' title='bbox 2972 1787 3306 1855; x_wconf 82' lang='lat' dir='ltr'><strong>presbyteros</strong></span> <span class='ocrx_word' id='word_1_234' title='bbox 3337 1799 3392 1841; x_wconf 90' lang='lat' dir='ltr'><strong>et</strong></span> 
     </span>
    </p>
   </div>
   <div class='ocr_carea' id='block_1_34' title="bbox 152 1870 1720 1940">
    <p class='ocr_par' dir='ltr' id='par_1_34' title="bbox 152 1870 1720 1940">
     <span class='ocr_line' id='line_1_34' title="bbox 152 1870 1720 1940; baseline -0.004 -13"><span class='ocrx_word' id='word_1_235' title='bbox 152 1884 246 1928; x_wconf 88' lang='lat' dir='ltr'><strong>tua</strong></span> <span class='ocrx_word' id='word_1_236' title='bbox 273 1873 400 1926; x_wconf 71' lang='lat' dir='ltr'><strong>vita:</strong></span> <span class='ocrx_word' id='word_1_237' title='bbox 430 1870 683 1926; x_wconf 83' lang='lat' dir='ltr'><strong>reddatur</strong></span> <span class='ocrx_word' id='word_1_238' title='bbox 707 1870 984 1925; x_wconf 69' lang='lat' dir='ltr'><strong>exanimis.</strong></span> <span class='ocrx_word' id='word_1_239' title='bbox 1027 1870 1176 1925; x_wconf 86' lang='lat' dir='ltr'><strong>Tunc</strong></span> <span class='ocrx_word' id='word_1_240' title='bbox 1213 1872 1323 1940; x_wconf 92' lang='lat' dir='ltr'><strong>ipse</strong></span> <span class='ocrx_word' id='word_1_241' title='bbox 1351 1871 1720 1940; x_wconf 82' lang='lat' dir='ltr'><strong>lacryrnabun-</strong></span> 
     </span>
    </p>
   </div>
   <div class='ocr_carea' id='block_1_35' title="bbox 153 1961 1726 2031">
    <p class='ocr_par' dir='ltr' id='par_1_35' title="bbox 153 1961 1726 2031">
     <span class='ocr_line' id='line_1_35' title="bbox 153 1961 1726 2031; baseline -0.001 -16"><span class='ocrx_word' id='word_1_242' title='bbox 153 1964 259 2016; x_wconf 84' lang='lat' dir='ltr'><strong>dus</strong></span> <span class='ocrx_word' id='word_1_243' title='bbox 287 1962 597 2017; x_wconf 86' lang='lat' dir='ltr'><strong>exclamans</strong></span> <span class='ocrx_word' id='word_1_244' title='bbox 627 1961 699 2014; x_wconf 86' lang='lat' dir='ltr'><strong>ait</strong></span> <span class='ocrx_word' id='word_1_245' title='bbox 731 1978 744 2012; x_wconf 88' lang='lat'><strong>:</strong></span> <span class='ocrx_word' id='word_1_246' title='bbox 777 1961 911 2027; x_wconf 87' lang='lat' dir='ltr'><strong>Quid</strong></span> <span class='ocrx_word' id='word_1_247' title='bbox 941 1975 967 2011; x_wconf 91' lang='lat' dir='ltr'><strong>a</strong></span> <span class='ocrx_word' id='word_1_248' title='bbox 995 1975 1158 2031; x_wconf 87' lang='lat' dir='ltr'><strong>parvo</strong></span> <span class='ocrx_word' id='word_1_249' title='bbox 1188 1974 1377 2029; x_wconf 88' lang='lat' dir='ltr'><strong>magna</strong></span> <span class='ocrx_word' id='word_1_250' title='bbox 1403 1961 1726 2029; x_wconf 75' lang='lat' dir='ltr'><strong>deposritis?</strong></span> 
     </span>
    </p>
   </div>
   <div class='ocr_carea' id='block_1_36' title="bbox 152 2052 1724 2121">
    <p class='ocr_par' dir='ltr' id='par_1_36' title="bbox 152 2052 1724 2121">
     <span class='ocr_line' id='line_1_36' title="bbox 152 2052 1724 2121; baseline 0.001 -14"><span class='ocrx_word' id='word_1_251' title='bbox 152 2052 440 2121; x_wconf 74' lang='lat' dir='ltr'><strong>Cognosco</strong></span> <span class='ocrx_word' id='word_1_252' title='bbox 470 2068 555 2106; x_wconf 89' lang='lat' dir='ltr'><strong>me</strong></span> <span class='ocrx_word' id='word_1_253' title='bbox 587 2065 805 2121; x_wconf 87' lang='lat' dir='ltr'><strong>prorsus</strong></span> <span class='ocrx_word' id='word_1_254' title='bbox 835 2052 1124 2120; x_wconf 88' lang='lat' dir='ltr'><strong>indignum,</strong></span> <span class='ocrx_word' id='word_1_255' title='bbox 1171 2053 1370 2106; x_wconf 89' lang='lat' dir='ltr'><strong>utinam</strong></span> <span class='ocrx_word' id='word_1_256' title='bbox 1401 2067 1609 2107; x_wconf 88' lang='lat' dir='ltr'><strong>merear</strong></span> <span class='ocrx_word' id='word_1_257' title='bbox 1634 2069 1724 2108; x_wconf 82' lang='lat' dir='ltr'><strong>ve-</strong></span> 
     </span>
    </p>
   </div>
   <div class='ocr_carea' id='block_1_37' title="bbox 153 2143 1720 2213">
    <p class='ocr_par' dir='ltr' id='par_1_37' title="bbox 153 2143 1720 2213">
     <span class='ocr_line' id='line_1_37' title="bbox 153 2143 1720 2213; baseline 0 -17"><span class='ocrx_word' id='word_1_258' title='bbox 153 2145 303 2198; x_wconf 87' lang='lat' dir='ltr'><strong>niam</strong></span> <span class='ocrx_word' id='word_1_259' title='bbox 340 2157 438 2213; x_wconf 82' lang='lat' dir='ltr'><strong>pro</strong></span> <span class='ocrx_word' id='word_1_260' title='bbox 460 2144 594 2197; x_wconf 90' lang='lat' dir='ltr'><strong>meis</strong></span> <span class='ocrx_word' id='word_1_261' title='bbox 633 2144 870 2198; x_wconf 87' lang='lat' dir='ltr'><strong>invenire</strong></span> <span class='ocrx_word' id='word_1_262' title='bbox 897 2144 1163 2211; x_wconf 87' lang='lat' dir='ltr'><strong>peccatis!</strong></span> <span class='ocrx_word' id='word_1_263' title='bbox 1199 2143 1261 2197; x_wconf 87' lang='lat' dir='ltr'><strong>Et</strong></span> <span class='ocrx_word' id='word_1_264' title='bbox 1295 2145 1392 2211; x_wconf 90' lang='lat' dir='ltr'><strong>illi,</strong></span> <span class='ocrx_word' id='word_1_265' title='bbox 1421 2144 1720 2210; x_wconf 80' lang='lat' dir='ltr'><strong>Credimus,</strong></span> 
     </span>
    </p>
   </div>
   <div class='ocr_carea' id='block_1_38' title="bbox 154 2233 1724 2304">
    <p class='ocr_par' dir='ltr' id='par_1_38' title="bbox 154 2233 1724 2304">
     <span class='ocr_line' id='line_1_38' title="bbox 154 2233 1724 2304; baseline 0.001 -16"><span class='ocrx_word' id='word_1_266' title='bbox 154 2235 426 2304; x_wconf 83' lang='lat' dir='ltr'><strong>inquiunt,</strong></span> <span class='ocrx_word' id='word_1_267' title='bbox 475 2233 615 2302; x_wconf 92' lang='lat' dir='ltr'><strong>quod</strong></span> <span class='ocrx_word' id='word_1_268' title='bbox 656 2236 699 2286; x_wconf 89' lang='lat' dir='ltr'><strong>si</strong></span> <span class='ocrx_word' id='word_1_269' title='bbox 726 2236 964 2288; x_wconf 88' lang='lat' dir='ltr'><strong>oraveris</strong></span> <span class='ocrx_word' id='word_1_270' title='bbox 1005 2235 1292 2290; x_wconf 87' lang='lat' dir='ltr'><strong>reviviscit.</strong></span> <span class='ocrx_word' id='word_1_271' title='bbox 1331 2235 1482 2290; x_wconf 84' lang='lat' dir='ltr'><strong>Tunc</strong></span> <span class='ocrx_word' id='word_1_272' title='bbox 1509 2245 1724 2290; x_wconf 89' lang='lat' dir='ltr'><strong>sanctus</strong></span> 
     </span>
    </p>
   </div>
   <div class='ocr_carea' id='block_1_39' title="bbox 154 2323 1729 2395">
    <p class='ocr_par' dir='ltr' id='par_1_39' title="bbox 154 2323 1729 2395">
     <span class='ocr_line' id='line_1_39' title="bbox 154 2323 1729 2395; baseline -0.002 -14"><span class='ocrx_word' id='word_1_273' title='bbox 154 2326 479 2390; x_wconf 85' lang='lat' dir='ltr'><strong>Severinus,</strong></span> <span class='ocrx_word' id='word_1_274' title='bbox 511 2323 642 2378; x_wconf 86' lang='lat' dir='ltr'><strong>fusis</strong></span> <span class='ocrx_word' id='word_1_275' title='bbox 674 2324 816 2378; x_wconf 89' lang='lat' dir='ltr'><strong>illico</strong></span> <span class='ocrx_word' id='word_1_276' title='bbox 843 2325 1111 2395; x_wconf 87' lang='lat' dir='ltr'><strong>lacrymis,</strong></span> <span class='ocrx_word' id='word_1_277' title='bbox 1143 2330 1195 2378; x_wconf 92' lang='lat' dir='ltr'><strong>in</strong></span> <span class='ocrx_word' id='word_1_278' title='bbox 1224 2326 1464 2380; x_wconf 89' lang='lat' dir='ltr'><strong>oratione</strong></span> <span class='ocrx_word' id='word_1_279' title='bbox 1495 2335 1729 2394; x_wconf 81' lang='lat' dir='ltr'><strong>prostra-</strong></span> 
     </span>
    </p>
   </div>
   <div class='ocr_carea' id='block_1_40' title="bbox 157 2417 1728 2485">
    <p class='ocr_par' dir='ltr' id='par_1_40' title="bbox 157 2417 1728 2485">
     <span class='ocr_line' id='line_1_40' title="bbox 157 2417 1728 2485; baseline -0.002 -12"><span class='ocrx_word' id='word_1_280' title='bbox 157 2430 249 2473; x_wconf 88' lang='lat' dir='ltr'><strong>tus</strong></span> <span class='ocrx_word' id='word_1_281' title='bbox 289 2427 393 2483; x_wconf 86' lang='lat' dir='ltr'><strong>est,</strong></span> <span class='ocrx_word' id='word_1_282' title='bbox 439 2425 495 2472; x_wconf 91' lang='lat' dir='ltr'><strong>et</strong></span> <span class='ocrx_word' id='word_1_283' title='bbox 542 2417 768 2470; x_wconf 88' lang='lat' dir='ltr'><strong>muliere</strong></span> <span class='ocrx_word' id='word_1_284' title='bbox 800 2418 1040 2484; x_wconf 89' lang='lat' dir='ltr'><strong>protinus</strong></span> <span class='ocrx_word' id='word_1_285' title='bbox 1090 2426 1420 2485; x_wconf 89' lang='lat' dir='ltr'><strong>resurgente,</strong></span> <span class='ocrx_word' id='word_1_286' title='bbox 1467 2419 1728 2471; x_wconf 89' lang='lat' dir='ltr'><strong>allocutus</strong></span> 
     </span>
    </p>
   </div>
   <div class='ocr_carea' id='block_1_41' title="bbox 157 2508 1729 2579">
    <p class='ocr_par' dir='ltr' id='par_1_41' title="bbox 157 2508 1729 2579">
     <span class='ocr_line' id='line_1_41' title="bbox 157 2508 1729 2579; baseline -0.002 -15"><span class='ocrx_word' id='word_1_287' title='bbox 157 2520 243 2565; x_wconf 85' lang='lat' dir='ltr'><strong>est</strong></span> <span class='ocrx_word' id='word_1_288' title='bbox 271 2523 371 2564; x_wconf 86' lang='lat' dir='ltr'><strong>eos</strong></span> <span class='ocrx_word' id='word_1_289' title='bbox 402 2527 416 2561; x_wconf 89' lang='lat'><strong>:</strong></span> <span class='ocrx_word' id='word_1_290' title='bbox 447 2508 620 2563; x_wconf 78' lang='lat' dir='ltr'><strong>Nolite</strong></span> <span class='ocrx_word' id='word_1_291' title='bbox 651 2509 938 2577; x_wconf 89' lang='lat' dir='ltr'><strong>quidquam</strong></span> <span class='ocrx_word' id='word_1_292' title='bbox 980 2509 1168 2563; x_wconf 89' lang='lat' dir='ltr'><strong>borum</strong></span> <span class='ocrx_word' id='word_1_293' title='bbox 1201 2512 1334 2564; x_wconf 91' lang='lat' dir='ltr'><strong>meis</strong></span> <span class='ocrx_word' id='word_1_294' title='bbox 1361 2511 1610 2579; x_wconf 88' lang='lat' dir='ltr'><strong>operibus</strong></span> <span class='ocrx_word' id='word_1_295' title='bbox 1636 2525 1729 2578; x_wconf 87' lang='lat' dir='ltr'><strong>ap-</strong></span> 
     </span>
    </p>
   </div>
   <div class='ocr_carea' id='block_1_42' title="bbox 159 2600 1728 2670">
    <p class='ocr_par' dir='ltr' id='par_1_42' title="bbox 159 2600 1728 2670">
     <span class='ocr_line' id='line_1_42' title="bbox 159 2600 1728 2670; baseline 0.003 -16"><span class='ocrx_word' id='word_1_296' title='bbox 159 2600 568 2669; x_wconf 71' lang='lat' dir='ltr'><strong>plicare,.&#39;,hanc</strong></span> <span class='ocrx_word' id='word_1_297' title='bbox 594 2600 734 2654; x_wconf 91' lang='lat' dir='ltr'><strong>enim</strong></span> <span class='ocrx_word' id='word_1_298' title='bbox 763 2601 984 2670; x_wconf 75' lang='lat' dir='ltr'><strong>gratiam</strong></span> <span class='ocrx_word' id='word_1_299' title='bbox 1019 2600 1142 2655; x_wconf 85' lang='lat' dir='ltr'><strong>fidei</strong></span> <span class='ocrx_word' id='word_1_300' title='bbox 1172 2613 1358 2656; x_wconf 77' lang='lat' dir='ltr'><strong>vesrra:</strong></span> <span class='ocrx_word' id='word_1_301' title='bbox 1379 2600 1556 2656; x_wconf 83' lang='lat' dir='ltr'><strong>fervor</strong></span> <span class='ocrx_word' id='word_1_302' title='bbox 1582 2617 1728 2658; x_wconf 81' lang='lat' dir='ltr'><strong>errre-</strong></span> 
     </span>
    </p>
   </div>
   <div class='ocr_carea' id='block_1_43' title="bbox 157 2692 1731 2762">
    <p class='ocr_par' dir='ltr' id='par_1_43' title="bbox 157 2692 1731 2762">
     <span class='ocr_line' id='line_1_43' title="bbox 157 2692 1731 2762; baseline 0.001 -15"><span class='ocrx_word' id='word_1_303' title='bbox 157 2693 300 2759; x_wconf 82' lang='lat' dir='ltr'><strong>ruit;</strong></span> <span class='ocrx_word' id='word_1_304' title='bbox 335 2701 390 2747; x_wconf 90' lang='lat' dir='ltr'><strong>et</strong></span> <span class='ocrx_word' id='word_1_305' title='bbox 436 2693 537 2747; x_wconf 89' lang='lat' dir='ltr'><strong>hoc</strong></span> <span class='ocrx_word' id='word_1_306' title='bbox 585 2694 644 2746; x_wconf 90' lang='lat' dir='ltr'><strong>fit</strong></span> <span class='ocrx_word' id='word_1_307' title='bbox 673 2692 728 2746; x_wconf 92' lang='lat' dir='ltr'><strong>in</strong></span> <span class='ocrx_word' id='word_1_308' title='bbox 773 2692 951 2747; x_wconf 90' lang='lat' dir='ltr'><strong>multis</strong></span> <span class='ocrx_word' id='word_1_309' title='bbox 1002 2693 1134 2748; x_wconf 92' lang='lat' dir='ltr'><strong>locis</strong></span> <span class='ocrx_word' id='word_1_310' title='bbox 1161 2703 1214 2748; x_wconf 91' lang='lat' dir='ltr'><strong>et</strong></span> <span class='ocrx_word' id='word_1_311' title='bbox 1253 2697 1520 2762; x_wconf 78' lang='lat' dir='ltr'><strong>gentibus,</strong></span> <span class='ocrx_word' id='word_1_312' title='bbox 1553 2703 1610 2749; x_wconf 92' lang='lat' dir='ltr'><strong>ut</strong></span> <span class='ocrx_word' id='word_1_313' title='bbox 1640 2711 1731 2748; x_wconf 84' lang='lat' dir='ltr'><strong>eo-</strong></span> 
     </span>
    </p>
   </div>
   <div class='ocr_carea' id='block_1_44' title="bbox 157 2781 1730 2851">
    <p class='ocr_par' dir='ltr' id='par_1_44' title="bbox 157 2781 1730 2851">
     <span class='ocr_line' id='line_1_44' title="bbox 157 2781 1730 2851; baseline 0.001 -15"><span class='ocrx_word' id='word_1_314' title='bbox 157 2791 454 2851; x_wconf 83' lang='lat' dir='ltr'><strong>gnoseatur</strong></span> <span class='ocrx_word' id='word_1_315' title='bbox 481 2782 622 2851; x_wconf 93' lang='lat' dir='ltr'><strong>quod</strong></span> <span class='ocrx_word' id='word_1_316' title='bbox 651 2796 786 2835; x_wconf 92' lang='lat' dir='ltr'><strong>unus</strong></span> <span class='ocrx_word' id='word_1_317' title='bbox 825 2782 895 2836; x_wconf 92' lang='lat' dir='ltr'><strong>sit</strong></span> <span class='ocrx_word' id='word_1_318' title='bbox 934 2781 1092 2846; x_wconf 88' lang='lat' dir='ltr'><strong>Deus,</strong></span> <span class='ocrx_word' id='word_1_319' title='bbox 1129 2782 1326 2837; x_wconf 81' lang='lat' dir='ltr'><strong>faciens</strong></span> <span class='ocrx_word' id='word_1_320' title='bbox 1358 2784 1408 2836; x_wconf 91' lang='lat' dir='ltr'><strong>in</strong></span> <span class='ocrx_word' id='word_1_321' title='bbox 1430 2785 1567 2839; x_wconf 74' lang='lat' dir='ltr'><strong>cmlo</strong></span> <span class='ocrx_word' id='word_1_322' title='bbox 1596 2794 1649 2838; x_wconf 89' lang='lat' dir='ltr'><strong>et</strong></span> <span class='ocrx_word' id='word_1_323' title='bbox 1677 2785 1730 2838; x_wconf 94' lang='lat' dir='ltr'><strong>in</strong></span> 
     </span>
    </p>
   </div>
   <div class='ocr_carea' id='block_1_45' title="bbox 159 2869 1730 2939">
    <p class='ocr_par' dir='ltr' id='par_1_45' title="bbox 159 2869 1730 2939">
     <span class='ocr_line' id='line_1_45' title="bbox 159 2869 1730 2939; baseline 0.004 -16"><span class='ocrx_word' id='word_1_324' title='bbox 159 2882 312 2925; x_wconf 86' lang='lat' dir='ltr'><strong>terra</strong></span> <span class='ocrx_word' id='word_1_325' title='bbox 343 2869 601 2939; x_wconf 87' lang='lat' dir='ltr'><strong>prodigia,</strong></span> <span class='ocrx_word' id='word_1_326' title='bbox 635 2872 872 2924; x_wconf 89' lang='lat' dir='ltr'><strong>excitans</strong></span> <span class='ocrx_word' id='word_1_327' title='bbox 898 2872 1133 2939; x_wconf 89' lang='lat' dir='ltr'><strong>perditos</strong></span> <span class='ocrx_word' id='word_1_328' title='bbox 1165 2872 1215 2925; x_wconf 91' lang='lat' dir='ltr'><strong>in</strong></span> <span class='ocrx_word' id='word_1_329' title='bbox 1244 2872 1466 2927; x_wconf 90' lang='lat' dir='ltr'><strong>salutem</strong></span> <span class='ocrx_word' id='word_1_330' title='bbox 1502 2882 1556 2926; x_wconf 90' lang='lat' dir='ltr'><strong>et</strong></span> <span class='ocrx_word' id='word_1_331' title='bbox 1580 2890 1730 2928; x_wconf 89' lang='lat' dir='ltr'><strong>mor-</strong></span> 
     </span>
    </p>
   </div>
   <div class='ocr_carea' id='block_1_46' title="bbox 160 2962 1727 3035">
    <p class='ocr_par' dir='ltr' id='par_1_46' title="bbox 160 2962 1727 3035">
     <span class='ocr_line' id='line_1_46' title="bbox 160 2962 1727 3035; baseline 0.001 -18"><span class='ocrx_word' id='word_1_332' title='bbox 160 2973 286 3018; x_wconf 84' lang='lat' dir='ltr'><strong>tuos</strong></span> <span class='ocrx_word' id='word_1_333' title='bbox 311 2962 438 3017; x_wconf 64' lang='lat' dir='ltr'><strong>vitae</strong></span> <span class='ocrx_word' id='word_1_334' title='bbox 468 2963 777 3017; x_wconf 89' lang='lat' dir='ltr'><strong>restituens.</strong></span> <span class='ocrx_word' id='word_1_335' title='bbox 820 2964 1008 3017; x_wconf 80' lang='lat' dir='ltr'><strong>Mulier</strong></span> <span class='ocrx_word' id='word_1_336' title='bbox 1044 2979 1168 3018; x_wconf 89' lang='lat' dir='ltr'><strong>vero</strong></span> <span class='ocrx_word' id='word_1_337' title='bbox 1199 2966 1422 3018; x_wconf 81' lang='lat' dir='ltr'><strong>sanitate</strong></span> <span class='ocrx_word' id='word_1_338' title='bbox 1456 2962 1727 3035; x_wconf 83' lang='lat' dir='ltr'><strong>percepta,</strong></span> 
     </span>
    </p>
   </div>
   <div class='ocr_carea' id='block_1_47' title="bbox 159 3052 1730 3125">
    <p class='ocr_par' dir='ltr' id='par_1_47' title="bbox 159 3052 1730 3125">
     <span class='ocr_line' id='line_1_47' title="bbox 159 3052 1730 3125; baseline 0.002 -18"><span class='ocrx_word' id='word_1_339' title='bbox 159 3067 302 3122; x_wconf 80' lang='lat' dir='ltr'><strong>Opus</strong></span> <span class='ocrx_word' id='word_1_340' title='bbox 328 3053 347 3083; x_wconf 83' lang='grc'>³</span> <span class='ocrx_word' id='word_1_341' title='bbox 369 3052 548 3120; x_wconf 89' lang='lat' dir='ltr'><strong>agrale</strong></span> <span class='ocrx_word' id='word_1_342' title='bbox 585 3053 672 3106; x_wconf 90' lang='lat' dir='ltr'><strong>die</strong></span> <span class='ocrx_word' id='word_1_343' title='bbox 702 3054 860 3107; x_wconf 91' lang='lat' dir='ltr'><strong>tertio</strong></span> <span class='ocrx_word' id='word_1_344' title='bbox 883 3053 1029 3121; x_wconf 81' lang='lat' dir='ltr'><strong>juxta</strong></span> <span class='ocrx_word' id='word_1_345' title='bbox 1061 3069 1259 3108; x_wconf 88' lang='lat' dir='ltr'><strong>morem</strong></span> <span class='ocrx_word' id='word_1_346' title='bbox 1291 3057 1575 3123; x_wconf 73' lang='lat' dir='ltr'><strong>provincia:</strong></span> <span class='ocrx_word' id='word_1_347' title='bbox 1610 3071 1730 3125; x_wconf 84' lang='lat' dir='ltr'><strong>pro-</strong></span> 
     </span>
    </p>
   </div>
   <div class='ocr_carea' id='block_1_48' title="bbox 163 3141 1050 3212">
    <p class='ocr_par' dir='ltr' id='par_1_48' title="bbox 163 3141 1050 3212">
     <span class='ocr_line' id='line_1_48' title="bbox 163 3141 1050 3212; baseline 0.003 -20"><span class='ocrx_word' id='word_1_348' title='bbox 163 3158 216 3212; x_wconf 83' lang='lat' dir='ltr'><strong>pr</strong></span> <span class='ocrx_word' id='word_1_349' title='bbox 232 3143 304 3196; x_wconf 86' lang='lat' dir='ltr'><strong>iis</strong></span> <span class='ocrx_word' id='word_1_350' title='bbox 327 3141 491 3207; x_wconf 49' lang='lat' dir='ltr'><strong>cmpit</strong></span> <span class='ocrx_word' id='word_1_351' title='bbox 512 3143 755 3196; x_wconf 87' lang='lat' dir='ltr'><strong>manibus</strong></span> <span class='ocrx_word' id='word_1_352' title='bbox 783 3157 1050 3197; x_wconf 88' lang='lat' dir='ltr'><strong>exercere.</strong></span> 
     </span>
    </p>
   </div>
   <div class='ocr_carea' id='block_1_49' title="bbox 229 3233 1729 3303">
    <p class='ocr_par' dir='ltr' id='par_1_49' title="bbox 229 3233 1729 3303">
     <span class='ocr_line' id='line_1_49' title="bbox 229 3233 1729 3303; baseline 0.004 -14"><span class='ocrx_word' id='word_1_353' title='bbox 229 3233 365 3295; x_wconf 76' lang='lat'><strong>,25.’</strong></span> <span class='ocrx_word' id='word_1_354' title='bbox 386 3234 664 3300; x_wconf 86' lang='lat' dir='ltr'><strong>Quintanis</strong></span> <span class='ocrx_word' id='word_1_355' title='bbox 697 3235 1059 3303; x_wconf 85' lang='lat' dir='ltr'><strong>appellabatur</strong></span> <span class='ocrx_word' id='word_1_356' title='bbox 1090 3238 1111 3268; x_wconf 84' lang='grc'><em>³</em></span> <span class='ocrx_word' id='word_1_357' title='bbox 1139 3239 1486 3294; x_wconf 85' lang='lat' dir='ltr'><strong>secundarum</strong></span> <span class='ocrx_word' id='word_1_358' title='bbox 1507 3239 1729 3295; x_wconf 81' lang='lat' dir='ltr'><strong>munici-</strong></span> 
     </span>
    </p>
   </div>
   <div class='ocr_carea' id='block_1_50' title="bbox 165 3324 1729 3396">
    <p class='ocr_par' dir='ltr' id='par_1_50' title="bbox 165 3324 1729 3396">
     <span class='ocr_line' id='line_1_50' title="bbox 165 3324 1729 3396; baseline 0.002 -16"><span class='ocrx_word' id='word_1_359' title='bbox 165 3326 318 3393; x_wconf 88' lang='lat' dir='ltr'><strong>pium</strong></span> <span class='ocrx_word' id='word_1_360' title='bbox 352 3324 673 3378; x_wconf 74' lang='lat' dir='ltr'><strong>Rbaetiarum</strong></span> <span class='ocrx_word' id='word_1_361' title='bbox 703 3339 863 3392; x_wconf 88' lang='lat' dir='ltr'><strong>super</strong></span> <span class='ocrx_word' id='word_1_362' title='bbox 908 3327 1073 3394; x_wconf 88' lang='lat' dir='ltr'><strong>ripam</strong></span> <span class='ocrx_word' id='word_1_363' title='bbox 1108 3326 1330 3381; x_wconf 87' lang='lat' dir='ltr'><strong>Danubii</strong></span> <span class='ocrx_word' id='word_1_364' title='bbox 1374 3329 1560 3396; x_wconf 90' lang='lat' dir='ltr'><strong>situm,</strong></span> <span class='ocrx_word' id='word_1_365' title='bbox 1607 3328 1729 3383; x_wconf 87' lang='lat' dir='ltr'><strong>huic</strong></span> 
     </span>
    </p>
   </div>
   <div class='ocr_carea' id='block_1_51' title="bbox 161 3403 1726 3487">
    <p class='ocr_par' dir='ltr' id='par_1_51' title="bbox 161 3403 1726 3487">
     <span class='ocr_line' id='line_1_51' title="bbox 161 3403 1726 3487; baseline 0.002 -17"><span class='ocrx_word' id='word_1_366' title='bbox 161 3430 233 3470; x_wconf 86' lang='lat' dir='ltr'><strong>ex</strong></span> <span class='ocrx_word' id='word_1_367' title='bbox 257 3415 361 3468; x_wconf 86' lang='lat' dir='ltr'><strong>alia</strong></span> <span class='ocrx_word' id='word_1_368' title='bbox 393 3424 541 3480; x_wconf 88' lang='lat' dir='ltr'><strong>parte</strong></span> <span class='ocrx_word' id='word_1_369' title='bbox 587 3430 778 3484; x_wconf 84' lang='lat' dir='ltr'><strong>parvus</strong></span> <span class='ocrx_word' id='word_1_370' title='bbox 818 3415 1006 3470; x_wconf 88' lang='lat' dir='ltr'><strong>ﬂuvius</strong></span> <span class='ocrx_word' id='word_1_371' title='bbox 1029 3415 1048 3447; x_wconf 72' lang='lat'><strong>‘</strong></span> <span class='ocrx_word' id='word_1_372' title='bbox 1078 3403 1300 3472; x_wconf 86' lang='lat' dir='ltr'><strong>Businca</strong></span> <span class='ocrx_word' id='word_1_373' title='bbox 1348 3419 1562 3472; x_wconf 88' lang='lat' dir='ltr'><strong>nomine</strong></span> <span class='ocrx_word' id='word_1_374' title='bbox 1605 3435 1726 3487; x_wconf 83' lang='lat' dir='ltr'><strong>pro-</strong></span> 
     </span>
    </p>
   </div>
   <div class='ocr_carea' id='block_1_52' title="bbox 164 3501 1731 3576">
    <p class='ocr_par' dir='ltr' id='par_1_52' title="bbox 164 3501 1731 3576">
     <span class='ocr_line' id='line_1_52' title="bbox 164 3501 1731 3576; baseline 0.004 -21"><span class='ocrx_word' id='word_1_375' title='bbox 164 3502 481 3572; x_wconf 84' lang='lat' dir='ltr'><strong>pinquabat.</strong></span> <span class='ocrx_word' id='word_1_376' title='bbox 504 3503 550 3555; x_wconf 88' lang='lat' dir='ltr'><strong>ls</strong></span> <span class='ocrx_word' id='word_1_377' title='bbox 573 3501 757 3557; x_wconf 88' lang='lat' dir='ltr'><strong>crebra</strong></span> <span class='ocrx_word' id='word_1_378' title='bbox 785 3503 1127 3558; x_wconf 87' lang='lat' dir='ltr'><strong>inundatione</strong></span> <span class='ocrx_word' id='word_1_379' title='bbox 1154 3506 1372 3559; x_wconf 86' lang='lat' dir='ltr'><strong>Danubii</strong></span> <span class='ocrx_word' id='word_1_380' title='bbox 1403 3509 1731 3576; x_wconf 89' lang='lat' dir='ltr'><strong>superﬂuen-</strong></span> 
     </span>
    </p>
   </div>
   <div class='ocr_carea' id='block_1_53' title="bbox 166 3597 1731 3665">
    <p class='ocr_par' dir='ltr' id='par_1_53' title="bbox 166 3597 1731 3665">
     <span class='ocr_line' id='line_1_53' title="bbox 166 3597 1731 3665; baseline 0 -15"><span class='ocrx_word' id='word_1_381' title='bbox 166 3598 242 3650; x_wconf 87' lang='lat' dir='ltr'><strong>tis</strong></span> <span class='ocrx_word' id='word_1_382' title='bbox 289 3609 658 3661; x_wconf 84' lang='lat' dir='ltr'><strong>exscrescens,</strong></span> <span class='ocrx_word' id='word_1_383' title='bbox 711 3597 964 3650; x_wconf 90' lang='lat' dir='ltr'><strong>nonnulla</strong></span> <span class='ocrx_word' id='word_1_384' title='bbox 1011 3597 1212 3650; x_wconf 27' lang='lat' dir='ltr'><strong>castelli</strong></span> <span class='ocrx_word' id='word_1_385' title='bbox 1271 3599 1460 3664; x_wconf 81' lang='lat' dir='ltr'><strong>spatia,</strong></span> <span class='ocrx_word' id='word_1_386' title='bbox 1512 3600 1631 3665; x_wconf 85' lang='lat' dir='ltr'><strong>quia</strong></span> <span class='ocrx_word' id='word_1_387' title='bbox 1679 3601 1731 3650; x_wconf 93' lang='lat' dir='ltr'><strong>in</strong></span> 
     </span>
    </p>
   </div>
   <div class='ocr_carea' id='block_1_54' title="bbox 168 3683 1732 3755">
    <p class='ocr_par' dir='ltr' id='par_1_54' title="bbox 168 3683 1732 3755">
     <span class='ocr_line' id='line_1_54' title="bbox 168 3683 1732 3755; baseline 0.002 -17"><span class='ocrx_word' id='word_1_388' title='bbox 168 3687 336 3755; x_wconf 81' lang='lat' dir='ltr'><strong>plano</strong></span> <span class='ocrx_word' id='word_1_389' title='bbox 355 3683 629 3741; x_wconf 85' lang='lat' dir='ltr'><strong>fundatum</strong></span> <span class='ocrx_word' id='word_1_390' title='bbox 651 3693 786 3749; x_wconf 87' lang='lat' dir='ltr'><strong>erat,</strong></span> <span class='ocrx_word' id='word_1_391' title='bbox 802 3687 1090 3754; x_wconf 82' lang='lat' dir='ltr'><strong>Occupabat</strong></span> <span class='ocrx_word' id='word_1_392' title='bbox 1110 3705 1122 3750; x_wconf 89' lang='lat'><strong>;</strong></span> <span class='ocrx_word' id='word_1_393' title='bbox 1145 3688 1425 3740; x_wconf 83' lang='lat' dir='ltr'><strong>ecclesiam</strong></span> <span class='ocrx_word' id='word_1_394' title='bbox 1450 3689 1608 3741; x_wconf 89' lang='lat' dir='ltr'><strong>etiam</strong></span> <span class='ocrx_word' id='word_1_395' title='bbox 1635 3688 1732 3741; x_wconf 92' lang='lat' dir='ltr'><strong>loci</strong></span> 
     </span>
    </p>
   </div>
   <div class='ocr_carea' id='block_1_55' title="bbox 164 3778 1736 3847">
    <p class='ocr_par' dir='ltr' id='par_1_55' title="bbox 164 3778 1736 3847">
     <span class='ocr_line' id='line_1_55' title="bbox 164 3778 1736 3847; baseline -0.001 -16"><span class='ocrx_word' id='word_1_396' title='bbox 164 3778 290 3847; x_wconf 76' lang='lat' dir='ltr'><strong>ejus</strong></span> <span class='ocrx_word' id='word_1_397' title='bbox 330 3791 610 3832; x_wconf 88' lang='lat' dir='ltr'><strong>mansores</strong></span> <span class='ocrx_word' id='word_1_398' title='bbox 650 3785 798 3831; x_wconf 80' lang='lat' dir='ltr'><strong>extra</strong></span> <span class='ocrx_word' id='word_1_399' title='bbox 831 3792 1011 3831; x_wconf 89' lang='lat' dir='ltr'><strong>muros</strong></span> <span class='ocrx_word' id='word_1_400' title='bbox 1040 3793 1103 3831; x_wconf 82' lang='lat' dir='ltr'><strong>ex</strong></span> <span class='ocrx_word' id='word_1_401' title='bbox 1147 3779 1297 3846; x_wconf 81' lang='lat' dir='ltr'><strong>lignis</strong></span> <span class='ocrx_word' id='word_1_402' title='bbox 1337 3778 1569 3831; x_wconf 91' lang='lat' dir='ltr'><strong>habuere</strong></span> <span class='ocrx_word' id='word_1_403' title='bbox 1609 3793 1736 3831; x_wconf 89' lang='lat' dir='ltr'><strong>con-</strong></span> 
     </span>
    </p>
   </div>
   <div class='ocr_carea' id='block_1_56' title="bbox 167 3867 1734 3934">
    <p class='ocr_par' dir='ltr' id='par_1_56' title="bbox 167 3867 1734 3934">
     <span class='ocr_line' id='line_1_56' title="bbox 167 3867 1734 3934; baseline -0.001 -11"><span class='ocrx_word' id='word_1_404' title='bbox 167 3876 456 3932; x_wconf 84' lang='lat' dir='ltr'><strong>structam,</strong></span> <span class='ocrx_word' id='word_1_405' title='bbox 487 3883 604 3934; x_wconf 79' lang='lat' dir='ltr'><strong>ane</strong></span> <span class='ocrx_word' id='word_1_406' title='bbox 637 3867 862 3933; x_wconf 91' lang='lat' dir='ltr'><strong>pendula</strong></span> <span class='ocrx_word' id='word_1_407' title='bbox 891 3867 1202 3921; x_wconf 73' lang='lat' dir='ltr'><strong>extensione</strong></span> <span class='ocrx_word' id='word_1_408' title='bbox 1229 3877 1493 3934; x_wconf 88' lang='lat' dir='ltr'><strong>porrecta,</strong></span> <span class='ocrx_word' id='word_1_409' title='bbox 1543 3867 1734 3921; x_wconf 83' lang='lat' dir='ltr'><strong>defixis</strong></span> 
     </span>
    </p>
   </div>
   <div class='ocr_carea' id='block_1_57' title="bbox 169 3957 1735 4024">
    <p class='ocr_par' dir='ltr' id='par_1_57' title="bbox 169 3957 1735 4024">
     <span class='ocr_line' id='line_1_57' title="bbox 169 3957 1735 4024; baseline -0.003 -10"><span class='ocrx_word' id='word_1_410' title='bbox 169 3961 229 4014; x_wconf 90' lang='lat' dir='ltr'><strong>in</strong></span> <span class='ocrx_word' id='word_1_411' title='bbox 262 3960 432 4012; x_wconf 90' lang='lat' dir='ltr'><strong>altum</strong></span> <span class='ocrx_word' id='word_1_412' title='bbox 464 3958 732 4024; x_wconf 86' lang='lat' dir='ltr'><strong>stipitibus</strong></span> <span class='ocrx_word' id='word_1_413' title='bbox 759 3957 1152 4010; x_wconf 75' lang='lat' dir='ltr'><strong>sustentabatur</strong></span> <span class='ocrx_word' id='word_1_414' title='bbox 1189 3969 1241 4010; x_wconf 85' lang='lat' dir='ltr'><strong>et</strong></span> <span class='ocrx_word' id='word_1_415' title='bbox 1269 3957 1519 4023; x_wconf 89' lang='lat' dir='ltr'><strong>surculis,</strong></span> <span class='ocrx_word' id='word_1_416' title='bbox 1557 3957 1641 4010; x_wconf 91' lang='lat' dir='ltr'><strong>cui</strong></span> <span class='ocrx_word' id='word_1_417' title='bbox 1668 3957 1735 4010; x_wconf 87' lang='lat' dir='ltr'><strong>ad</strong></span> 
     </span>
    </p>
   </div>
   <div class='ocr_carea' id='block_1_58' title="bbox 169 4046 1734 4116">
    <p class='ocr_par' dir='ltr' id='par_1_58' title="bbox 169 4046 1734 4116">
     <span class='ocr_line' id='line_1_58' title="bbox 169 4046 1734 4116; baseline 0.001 -17"><span class='ocrx_word' id='word_1_418' title='bbox 169 4050 349 4102; x_wconf 78' lang='lat' dir='ltr'><strong>vicem</strong></span> <span class='ocrx_word' id='word_1_419' title='bbox 372 4046 470 4100; x_wconf 88' lang='lat' dir='ltr'><strong>soli</strong></span> <span class='ocrx_word' id='word_1_420' title='bbox 500 4046 794 4100; x_wconf 90' lang='lat' dir='ltr'><strong>tabularum</strong></span> <span class='ocrx_word' id='word_1_421' title='bbox 825 4056 938 4099; x_wconf 85' lang='lat' dir='ltr'><strong>erat</strong></span> <span class='ocrx_word' id='word_1_422' title='bbox 962 4047 1196 4114; x_wconf 75' lang='lat' dir='ltr'><strong>lzevigata</strong></span> <span class='ocrx_word' id='word_1_423' title='bbox 1227 4047 1554 4114; x_wconf 71' lang='lat' dir='ltr'><strong>coniunctio,</strong></span> <span class='ocrx_word' id='word_1_424' title='bbox 1577 4062 1734 4116; x_wconf 87' lang='lat' dir='ltr'><strong>quam</strong></span> 
     </span>
    </p>
   </div>
   <div class='ocr_carea' id='block_1_59' title="bbox 167 4135 1739 4206">
    <p class='ocr_par' dir='ltr' id='par_1_59' title="bbox 167 4135 1739 4206">
     <span class='ocr_line' id='line_1_59' title="bbox 167 4135 1739 4206; baseline -0.001 -15"><span class='ocrx_word' id='word_1_425' title='bbox 167 4137 386 4206; x_wconf 80' lang='lat' dir='ltr'><strong>quoties</strong></span> <span class='ocrx_word' id='word_1_426' title='bbox 417 4136 559 4204; x_wconf 85' lang='lat' dir='ltr'><strong>ripas</strong></span> <span class='ocrx_word' id='word_1_427' title='bbox 587 4136 923 4199; x_wconf 85' lang='lat' dir='ltr'><strong>excessisset,</strong></span> <span class='ocrx_word' id='word_1_428' title='bbox 969 4150 1102 4205; x_wconf 90' lang='lat' dir='ltr'><strong>aqua</strong></span> <span class='ocrx_word' id='word_1_429' title='bbox 1133 4135 1463 4205; x_wconf 88' lang='lat' dir='ltr'><strong>superﬂuens</strong></span> <span class='ocrx_word' id='word_1_430' title='bbox 1508 4151 1739 4206; x_wconf 82' lang='lat' dir='ltr'><strong>occupa-</strong></span> 
     </span>
    </p>
   </div>
   <div class='ocr_carea' id='block_1_60' title="bbox 167 4224 1739 4292">
    <p class='ocr_par' dir='ltr' id='par_1_60' title="bbox 167 4224 1739 4292">
     <span class='ocr_line' id='line_1_60' title="bbox 167 4224 1739 4292; baseline -0.001 -11"><span class='ocrx_word' id='word_1_431' title='bbox 167 4227 290 4282; x_wconf 82' lang='lat' dir='ltr'><strong>bat.</strong></span> <span class='ocrx_word' id='word_1_432' title='bbox 339 4224 778 4292; x_wconf 89' lang='lat' dir='ltr'><strong>Quintanensium</strong></span> <span class='ocrx_word' id='word_1_433' title='bbox 831 4225 1004 4291; x_wconf 83' lang='lat' dir='ltr'><strong>itaque</strong></span> <span class='ocrx_word' id='word_1_434' title='bbox 1050 4225 1150 4278; x_wconf 86' lang='lat' dir='ltr'><strong>fide</strong></span> <span class='ocrx_word' id='word_1_435' title='bbox 1190 4234 1405 4278; x_wconf 86' lang='lat' dir='ltr'><strong>sanctus</strong></span> <span class='ocrx_word' id='word_1_436' title='bbox 1454 4225 1739 4280; x_wconf 89' lang='lat' dir='ltr'><strong>Severinus</strong></span> 
     </span>
    </p>
   </div>
   <div class='ocr_carea' id='block_1_61' title="bbox 168 4313 1767 4389">
    <p class='ocr_par' dir='ltr' id='par_1_61' title="bbox 168 4313 1767 4389">
     <span class='ocr_line' id='line_1_61' title="bbox 168 4313 1767 4389; baseline -0.002 -18"><span class='ocrx_word' id='word_1_437' title='bbox 168 4316 305 4371; x_wconf 86' lang='lat' dir='ltr'><strong>illuc</strong></span> <span class='ocrx_word' id='word_1_438' title='bbox 331 4314 505 4369; x_wconf 89' lang='lat' dir='ltr'><strong>fuerat</strong></span> <span class='ocrx_word' id='word_1_439' title='bbox 529 4313 800 4377; x_wconf 85' lang='lat' dir='ltr'><strong>invitatus,</strong></span> <span class='ocrx_word' id='word_1_440' title='bbox 832 4313 922 4365; x_wconf 89' lang='lat' dir='ltr'><strong>ubi</strong></span> <span class='ocrx_word' id='word_1_441' title='bbox 951 4327 1069 4366; x_wconf 88' lang='lat' dir='ltr'><strong>cum</strong></span> <span class='ocrx_word' id='word_1_442' title='bbox 1108 4322 1344 4380; x_wconf 87' lang='lat' dir='ltr'><strong>tempore</strong></span> <span class='ocrx_word' id='word_1_443' title='bbox 1373 4313 1628 4385; x_wconf 78' lang='lat' dir='ltr'><strong>siccitatis</strong></span> <span class='ocrx_word' id='word_1_444' title='bbox 1652 4328 1740 4368; x_wconf 84' lang='lat' dir='ltr'><strong>ve-</strong></span> <span class='ocrx_word' id='word_1_445' title='bbox 1764 4386 1767 4389; x_wconf 90' lang='lat'><em>_</em></span> 
     </span>
    </p>
   </div>
   <div class='ocr_carea' id='block_1_62' title="bbox 167 4402 1741 4471">
    <p class='ocr_par' dir='ltr' id='par_1_62' title="bbox 167 4402 1741 4471">
     <span class='ocr_line' id='line_1_62' title="bbox 167 4402 1741 4471; baseline -0.004 -9"><span class='ocrx_word' id='word_1_446' title='bbox 167 4407 365 4471; x_wconf 79' lang='lat' dir='ltr'><strong>uisset,</strong></span> <span class='ocrx_word' id='word_1_447' title='bbox 417 4403 777 4471; x_wconf 82' lang='lat' dir='ltr'><strong>interrogabat</strong></span> <span class='ocrx_word' id='word_1_448' title='bbox 813 4415 906 4456; x_wconf 90' lang='lat' dir='ltr'><strong>cur</strong></span> <span class='ocrx_word' id='word_1_449' title='bbox 935 4402 1160 4455; x_wconf 88' lang='lat' dir='ltr'><strong>tabulata</strong></span> <span class='ocrx_word' id='word_1_450' title='bbox 1193 4403 1403 4455; x_wconf 86' lang='lat' dir='ltr'><strong>nudatis</strong></span> <span class='ocrx_word' id='word_1_451' title='bbox 1432 4403 1741 4456; x_wconf 85' lang='lat' dir='ltr'><strong>obstaculo-</strong></span> 
     </span>
    </p>
   </div>
   <div class='ocr_carea' id='block_1_63' title="bbox 1830 1875 3385 1946">
    <p class='ocr_par' dir='ltr' id='par_1_63' title="bbox 1830 1875 3385 1946">
     <span class='ocr_line' id='line_1_63' title="bbox 1830 1875 3385 1946; baseline 0 -16"><span class='ocrx_word' id='word_1_452' title='bbox 1830 1875 2080 1930; x_wconf 90' lang='lat' dir='ltr'><strong>diaconos</strong></span> <span class='ocrx_word' id='word_1_453' title='bbox 2109 1876 2385 1930; x_wconf 88' lang='lat' dir='ltr'><strong>universos</strong></span> <span class='ocrx_word' id='word_1_454' title='bbox 2412 1890 2696 1946; x_wconf 82' lang='lat' dir='ltr'><strong>parumper</strong></span> <span class='ocrx_word' id='word_1_455' title='bbox 2717 1876 3027 1938; x_wconf 83' lang='lat' dir='ltr'><strong>abscedere,</strong></span> <span class='ocrx_word' id='word_1_456' title='bbox 3073 1885 3129 1930; x_wconf 90' lang='lat' dir='ltr'><strong>ut</strong></span> <span class='ocrx_word' id='word_1_457' title='bbox 3161 1886 3279 1945; x_wconf 76' lang='lat' dir='ltr'><strong>pOal</strong></span> <span class='ocrx_word' id='word_1_458' title='bbox 3307 1879 3385 1930; x_wconf 87' lang='lat' dir='ltr'><strong>la-</strong></span> 
     </span>
    </p>
   </div>
   <div class='ocr_carea' id='block_1_64' title="bbox 1828 1963 3395 2034">
    <p class='ocr_par' dir='ltr' id='par_1_64' title="bbox 1828 1963 3395 2034">
     <span class='ocr_line' id='line_1_64' title="bbox 1828 1963 3395 2034; baseline 0.001 -16"><span class='ocrx_word' id='word_1_459' title='bbox 1828 1964 2009 2019; x_wconf 89' lang='lat' dir='ltr'><strong>borem</strong></span> <span class='ocrx_word' id='word_1_460' title='bbox 2051 1964 2348 2032; x_wconf 77' lang='lat' dir='ltr'><strong>vigiliarum</strong></span> <span class='ocrx_word' id='word_1_461' title='bbox 2407 1979 2597 2019; x_wconf 85' lang='lat' dir='ltr'><strong>somno</strong></span> <span class='ocrx_word' id='word_1_462' title='bbox 2643 1979 2702 2018; x_wconf 89' lang='lat' dir='ltr'><strong>se</strong></span> <span class='ocrx_word' id='word_1_463' title='bbox 2751 1963 3132 2034; x_wconf 88' lang='lat' dir='ltr'><strong>aliquantulum</strong></span> <span class='ocrx_word' id='word_1_464' title='bbox 3187 1981 3395 2020; x_wconf 85' lang='lat' dir='ltr'><strong>recrea-</strong></span> 
     </span>
    </p>
   </div>
   <div class='ocr_carea' id='block_1_65' title="bbox 1826 2056 3390 2124">
    <p class='ocr_par' dir='ltr' id='par_1_65' title="bbox 1826 2056 3390 2124">
     <span class='ocr_line' id='line_1_65' title="bbox 1826 2056 3390 2124; baseline -0.001 -14"><span class='ocrx_word' id='word_1_465' title='bbox 1826 2068 1965 2110; x_wconf 90' lang='lat' dir='ltr'><strong>rent.</strong></span> <span class='ocrx_word' id='word_1_466' title='bbox 2019 2057 2217 2121; x_wconf 87' lang='lat' dir='ltr'><strong>Quibus</strong></span> <span class='ocrx_word' id='word_1_467' title='bbox 2245 2057 2474 2124; x_wconf 78' lang='lat' dir='ltr'><strong>egressis</strong></span> <span class='ocrx_word' id='word_1_468' title='bbox 2495 2097 2510 2120; x_wconf 92' lang='lat'><strong>,</strong></span> <span class='ocrx_word' id='word_1_469' title='bbox 2566 2056 2725 2111; x_wconf 90' lang='lat' dir='ltr'><strong>homo</strong></span> <span class='ocrx_word' id='word_1_470' title='bbox 2750 2056 2841 2110; x_wconf 90' lang='lat' dir='ltr'><strong>Dei</strong></span> <span class='ocrx_word' id='word_1_471' title='bbox 2870 2058 3167 2121; x_wconf 82' lang='lat' dir='ltr'><strong>ostiarium,</strong></span> <span class='ocrx_word' id='word_1_472' title='bbox 3199 2056 3390 2110; x_wconf 72' lang='lat' dir='ltr'><strong>blater-</strong></span> 
     </span>
    </p>
   </div>
   <div class='ocr_carea' id='block_1_66' title="bbox 1827 2135 3386 2212">
    <p class='ocr_par' dir='ltr' id='par_1_66' title="bbox 1827 2135 3386 2212">
     <span class='ocr_line' id='line_1_66' title="bbox 1827 2135 3386 2212; baseline 0 -16"><span class='ocrx_word' id='word_1_473' title='bbox 1827 2159 1951 2197; x_wconf 91' lang='lat' dir='ltr'><strong>nnm</strong></span> <span class='ocrx_word' id='word_1_474' title='bbox 2008 2144 2221 2198; x_wconf 92' lang='lat' dir='ltr'><strong>nomine</strong></span> <span class='ocrx_word' id='word_1_475' title='bbox 2268 2144 2556 2212; x_wconf 79' lang='lat' dir='ltr'><strong>interrogat</strong></span> <span class='ocrx_word' id='word_1_476' title='bbox 2608 2152 2781 2198; x_wconf 86' lang='lat' dir='ltr'><strong>utrum</strong></span> <span class='ocrx_word' id='word_1_477' title='bbox 2819 2135 3033 2208; x_wconf 74' lang='lat' dir='ltr'><strong>omnes,</strong></span> <span class='ocrx_word' id='word_1_478' title='bbox 3064 2155 3119 2198; x_wconf 92' lang='lat' dir='ltr'><strong>ut</strong></span> <span class='ocrx_word' id='word_1_479' title='bbox 3156 2145 3386 2209; x_wconf 83' lang='lat' dir='ltr'><strong>dixerat,</strong></span> 
     </span>
    </p>
   </div>
   <div class='ocr_carea' id='block_1_67' title="bbox 1825 2212 3388 2306">
    <p class='ocr_par' dir='ltr' id='par_1_67' title="bbox 1825 2212 3388 2306">
     <span class='ocr_line' id='line_1_67' title="bbox 1825 2212 3388 2306; baseline 0.001 -16"><span class='ocrx_word' id='word_1_480' title='bbox 1825 2238 2228 2291; x_wconf 85' lang='lat' dir='ltr'><strong>abscessissent.</strong></span> <span class='ocrx_word' id='word_1_481' title='bbox 2284 2238 2350 2290; x_wconf 80' lang='lat' dir='ltr'><strong>At</strong></span> <span class='ocrx_word' id='word_1_482' title='bbox 2394 2238 2482 2290; x_wconf 94' lang='lat' dir='ltr'><strong>illo</strong></span> <span class='ocrx_word' id='word_1_483' title='bbox 2514 2238 2868 2306; x_wconf 84' lang='lat' dir='ltr'><strong>respondente</strong></span> <span class='ocrx_word' id='word_1_484' title='bbox 2897 2212 3118 2293; x_wconf 61' lang='lat' dir='ltr'><strong>cunctos</strong></span> <span class='ocrx_word' id='word_1_485' title='bbox 3148 2238 3344 2292; x_wconf 83' lang='lat' dir='ltr'><strong>abiisse</strong></span> <span class='ocrx_word' id='word_1_486' title='bbox 3375 2256 3388 2291; x_wconf 90' lang='lat'><strong>:</strong></span> 
     </span>
    </p>
   </div>
   <div class='ocr_carea' id='block_1_68' title="bbox 1828 2324 3392 2397">
    <p class='ocr_par' dir='ltr' id='par_1_68' title="bbox 1828 2324 3392 2397">
     <span class='ocr_line' id='line_1_68' title="bbox 1828 2324 3392 2397; baseline 0.003 -18"><span class='ocrx_word' id='word_1_487' title='bbox 1828 2324 2188 2394; x_wconf 85' lang='lat' dir='ltr'><strong>Nequaquam,</strong></span> <span class='ocrx_word' id='word_1_488' title='bbox 2221 2327 2314 2389; x_wconf 90' lang='lat' dir='ltr'><strong>ait,</strong></span> <span class='ocrx_word' id='word_1_489' title='bbox 2347 2327 2441 2379; x_wconf 90' lang='lat' dir='ltr'><strong>sed</strong></span> <span class='ocrx_word' id='word_1_490' title='bbox 2473 2326 2602 2379; x_wconf 88' lang='lat' dir='ltr'><strong>latet</strong></span> <span class='ocrx_word' id='word_1_491' title='bbox 2622 2326 2710 2389; x_wconf 86' lang='lat' dir='ltr'><strong>hic</strong></span> <span class='ocrx_word' id='word_1_492' title='bbox 2749 2327 2983 2395; x_wconf 83' lang='lat' dir='ltr'><strong>quidam.</strong></span> <span class='ocrx_word' id='word_1_493' title='bbox 3011 2328 3158 2381; x_wconf 87' lang='lat' dir='ltr'><strong>Tunc</strong></span> <span class='ocrx_word' id='word_1_494' title='bbox 3193 2328 3392 2397; x_wconf 87' lang='lat' dir='ltr'><strong>janitor</strong></span> 
     </span>
    </p>
   </div>
   <div class='ocr_carea' id='block_1_69' title="bbox 1828 2413 3392 2482">
    <p class='ocr_par' dir='ltr' id='par_1_69' title="bbox 1828 2413 3392 2482">
     <span class='ocr_line' id='line_1_69' title="bbox 1828 2413 3392 2482; baseline 0.002 -15"><span class='ocrx_word' id='word_1_495' title='bbox 1828 2413 2072 2469; x_wconf 67' lang='lat' dir='ltr'><strong>ecclesiae</strong></span> <span class='ocrx_word' id='word_1_496' title='bbox 2119 2425 2266 2482; x_wconf 90' lang='lat' dir='ltr'><strong>septa</strong></span> <span class='ocrx_word' id='word_1_497' title='bbox 2316 2415 2550 2468; x_wconf 86' lang='lat' dir='ltr'><strong>secundo</strong></span> <span class='ocrx_word' id='word_1_498' title='bbox 2602 2417 2961 2482; x_wconf 82' lang='lat' dir='ltr'><strong>perlustrans,</strong></span> <span class='ocrx_word' id='word_1_499' title='bbox 3016 2416 3209 2470; x_wconf 83' lang='lat' dir='ltr'><strong>nullum</strong></span> <span class='ocrx_word' id='word_1_500' title='bbox 3257 2418 3392 2470; x_wconf 93' lang='lat' dir='ltr'><strong>intra</strong></span> 
     </span>
    </p>
   </div>
   <div class='ocr_carea' id='block_1_70' title="bbox 1833 2504 3394 2560">
    <p class='ocr_par' dir='ltr' id='par_1_70' title="bbox 1833 2504 3394 2560">
     <span class='ocr_line' id='line_1_70' title="bbox 1833 2504 3394 2560; baseline 0.001 -1"><span class='ocrx_word' id='word_1_501' title='bbox 1833 2520 1948 2559; x_wconf 90' lang='lat' dir='ltr'><strong>eam</strong></span> <span class='ocrx_word' id='word_1_502' title='bbox 1983 2506 2246 2559; x_wconf 89' lang='lat' dir='ltr'><strong>mansisse</strong></span> <span class='ocrx_word' id='word_1_503' title='bbox 2273 2513 2517 2558; x_wconf 88' lang='lat' dir='ltr'><strong>testatur.</strong></span> <span class='ocrx_word' id='word_1_504' title='bbox 2544 2504 2740 2559; x_wconf 83' lang='lat' dir='ltr'><strong>Verum</strong></span> <span class='ocrx_word' id='word_1_505' title='bbox 2769 2505 2965 2559; x_wconf 78' lang='lat' dir='ltr'><strong>Christi</strong></span> <span class='ocrx_word' id='word_1_506' title='bbox 2995 2507 3147 2559; x_wconf 89' lang='lat' dir='ltr'><strong>miles</strong></span> <span class='ocrx_word' id='word_1_507' title='bbox 3169 2505 3394 2560; x_wconf 85' lang='lat' dir='ltr'><strong>Domino</strong></span> 
     </span>
    </p>
   </div>
   <div class='ocr_carea' id='block_1_71' title="bbox 1832 2582 3394 2663">
    <p class='ocr_par' dir='ltr' id='par_1_71' title="bbox 1832 2582 3394 2663">
     <span class='ocr_line' id='line_1_71' title="bbox 1832 2582 3394 2663; baseline 0 -15"><span class='ocrx_word' id='word_1_508' title='bbox 1832 2594 1932 2648; x_wconf 84' lang='lat' dir='ltr'><strong>sibi</strong></span> <span class='ocrx_word' id='word_1_509' title='bbox 1965 2582 2257 2663; x_wconf 81' lang='lat' dir='ltr'><strong>revelante,</strong></span> <span class='ocrx_word' id='word_1_510' title='bbox 2290 2594 2481 2648; x_wconf 84' lang='lat' dir='ltr'><strong>Nescio</strong></span> <span class='ocrx_word' id='word_1_511' title='bbox 2504 2596 2641 2663; x_wconf 90' lang='lat' dir='ltr'><strong>quis,</strong></span> <span class='ocrx_word' id='word_1_512' title='bbox 2665 2596 2760 2661; x_wconf 90' lang='lat' dir='ltr'><strong>ait,</strong></span> <span class='ocrx_word' id='word_1_513' title='bbox 2787 2596 2872 2648; x_wconf 91' lang='lat' dir='ltr'><strong>hic</strong></span> <span class='ocrx_word' id='word_1_514' title='bbox 2901 2595 3181 2649; x_wconf 87' lang='lat' dir='ltr'><strong>delitescit.</strong></span> <span class='ocrx_word' id='word_1_515' title='bbox 3213 2596 3394 2650; x_wconf 84' lang='lat' dir='ltr'><strong>Tertio</strong></span> 
     </span>
    </p>
   </div>
   <div class='ocr_carea' id='block_1_72' title="bbox 1831 2687 3395 2756">
    <p class='ocr_par' dir='ltr' id='par_1_72' title="bbox 1831 2687 3395 2756">
     <span class='ocr_line' id='line_1_72' title="bbox 1831 2687 3395 2756; baseline 0.002 -16"><span class='ocrx_word' id='word_1_516' title='bbox 1831 2687 2010 2756; x_wconf 84' lang='lat' dir='ltr'><strong>itaque</strong></span> <span class='ocrx_word' id='word_1_517' title='bbox 2049 2687 2358 2756; x_wconf 90' lang='lat' dir='ltr'><strong>diligentius</strong></span> <span class='ocrx_word' id='word_1_518' title='bbox 2385 2699 2722 2754; x_wconf 84' lang='lat' dir='ltr'><strong>perscrutans</strong></span> <span class='ocrx_word' id='word_1_519' title='bbox 2752 2688 3035 2756; x_wconf 86' lang='lat' dir='ltr'><strong>quamdam</strong></span> <span class='ocrx_word' id='word_1_520' title='bbox 3065 2689 3266 2743; x_wconf 81' lang='lat' dir='ltr'><strong>invenit</strong></span> <span class='ocrx_word' id='word_1_521' title='bbox 3287 2689 3395 2743; x_wconf 75' lang='lat' dir='ltr'><strong>vir-</strong></span> 
     </span>
    </p>
   </div>
   <div class='ocr_carea' id='block_1_73' title="bbox 1831 2775 3393 2846">
    <p class='ocr_par' dir='ltr' id='par_1_73' title="bbox 1831 2775 3393 2846">
     <span class='ocr_line' id='line_1_73' title="bbox 1831 2775 3393 2846; baseline 0.003 -18"><span class='ocrx_word' id='word_1_522' title='bbox 1831 2777 2010 2846; x_wconf 89' lang='lat' dir='ltr'><strong>ginem</strong></span> <span class='ocrx_word' id='word_1_523' title='bbox 2033 2785 2397 2831; x_wconf 88' lang='lat' dir='ltr'><strong>consecratam</strong></span> <span class='ocrx_word' id='word_1_524' title='bbox 2437 2777 2569 2830; x_wconf 91' lang='lat' dir='ltr'><strong>locis</strong></span> <span class='ocrx_word' id='word_1_525' title='bbox 2598 2791 2655 2832; x_wconf 90' lang='lat' dir='ltr'><strong>se</strong></span> <span class='ocrx_word' id='word_1_526' title='bbox 2687 2775 3063 2832; x_wconf 82' lang='lat' dir='ltr'><strong>Occultioribus</strong></span> <span class='ocrx_word' id='word_1_527' title='bbox 3106 2778 3393 2845; x_wconf 82' lang='lat' dir='ltr'><strong>abdidisse;</strong></span> 
     </span>
    </p>
   </div>
   <div class='ocr_carea' id='block_1_74' title="bbox 1832 2867 3400 2938">
    <p class='ocr_par' dir='ltr' id='par_1_74' title="bbox 1832 2867 3400 2938">
     <span class='ocr_line' id='line_1_74' title="bbox 1832 2867 3400 2938; baseline 0.003 -19"><span class='ocrx_word' id='word_1_528' title='bbox 1832 2883 1990 2937; x_wconf 87' lang='lat' dir='ltr'><strong>quam</strong></span> <span class='ocrx_word' id='word_1_529' title='bbox 2038 2882 2168 2938; x_wconf 90' lang='lat' dir='ltr'><strong>ergo</strong></span> <span class='ocrx_word' id='word_1_530' title='bbox 2197 2876 2524 2922; x_wconf 88' lang='lat' dir='ltr'><strong>memoratus</strong></span> <span class='ocrx_word' id='word_1_531' title='bbox 2562 2869 2639 2922; x_wconf 90' lang='lat' dir='ltr'><strong>sic</strong></span> <span class='ocrx_word' id='word_1_532' title='bbox 2676 2867 2966 2934; x_wconf 83' lang='lat' dir='ltr'><strong>increpavit</strong></span> <span class='ocrx_word' id='word_1_533' title='bbox 3008 2868 3262 2923; x_wconf 72' lang='lat' dir='ltr'><strong>redimus:</strong></span> <span class='ocrx_word' id='word_1_534' title='bbox 3294 2870 3400 2923; x_wconf 86' lang='lat' dir='ltr'><strong>Cur</strong></span> 
     </span>
    </p>
   </div>
   <div class='ocr_carea' id='block_1_75' title="bbox 1833 2957 3400 3027">
    <p class='ocr_par' dir='ltr' id='par_1_75' title="bbox 1833 2957 3400 3027">
     <span class='ocr_line' id='line_1_75' title="bbox 1833 2957 3400 3027; baseline 0.001 -15"><span class='ocrx_word' id='word_1_535' title='bbox 1833 2959 1990 3012; x_wconf 88' lang='lat' dir='ltr'><strong>isthic</strong></span> <span class='ocrx_word' id='word_1_536' title='bbox 2044 2957 2244 3013; x_wconf 85' lang='lat' dir='ltr'><strong>famulo</strong></span> <span class='ocrx_word' id='word_1_537' title='bbox 2276 2958 2385 3020; x_wconf 68' lang='lat' dir='ltr'><strong>~Dei</strong></span> <span class='ocrx_word' id='word_1_538' title='bbox 2433 2959 2608 3026; x_wconf 89' lang='lat' dir='ltr'><strong>posito</strong></span> <span class='ocrx_word' id='word_1_539' title='bbox 2650 2965 2788 3011; x_wconf 90' lang='lat' dir='ltr'><strong>tuatn</strong></span> <span class='ocrx_word' id='word_1_540' title='bbox 2835 2958 3107 3014; x_wconf 87' lang='lat' dir='ltr'><strong>credidisti</strong></span> <span class='ocrx_word' id='word_1_541' title='bbox 3164 2960 3400 3027; x_wconf 84' lang='lat' dir='ltr'><strong>potuisse</strong></span> 
     </span>
    </p>
   </div>
   <div class='ocr_carea' id='block_1_76' title="bbox 1834 3047 3400 3118">
    <p class='ocr_par' dir='ltr' id='par_1_76' title="bbox 1834 3047 3400 3118">
     <span class='ocr_line' id='line_1_76' title="bbox 1834 3047 3400 3118; baseline 0.001 -16"><span class='ocrx_word' id='word_1_542' title='bbox 1834 3049 1998 3103; x_wconf 85' lang='lat' dir='ltr'><strong>latere</strong></span> <span class='ocrx_word' id='word_1_543' title='bbox 2038 3047 2414 3118; x_wconf 64' lang='lat' dir='ltr'><strong>praesentiant?</strong></span> <span class='ocrx_word' id='word_1_544' title='bbox 2456 3048 2527 3102; x_wconf 81' lang='lat' dir='ltr'><strong>At</strong></span> <span class='ocrx_word' id='word_1_545' title='bbox 2577 3047 2663 3100; x_wconf 92' lang='lat' dir='ltr'><strong>illa</strong></span> <span class='ocrx_word' id='word_1_546' title='bbox 2697 3064 2708 3098; x_wconf 92' lang='lat'><strong>:</strong></span> <span class='ocrx_word' id='word_1_547' title='bbox 2745 3047 2962 3101; x_wconf 81' lang='lat' dir='ltr'><strong>Pietatis</strong></span> <span class='ocrx_word' id='word_1_548' title='bbox 2989 3090 3004 3114; x_wconf 94' lang='lat'><strong>,</strong></span> <span class='ocrx_word' id='word_1_549' title='bbox 3030 3096 3032 3099; x_wconf 96' lang='lat'><strong>.</strong></span> <span class='ocrx_word' id='word_1_550' title='bbox 3059 3049 3264 3118; x_wconf 84' lang='lat' dir='ltr'><strong>inquit,</strong></span> <span class='ocrx_word' id='word_1_551' title='bbox 3315 3065 3400 3104; x_wconf 89' lang='lat' dir='ltr'><strong>me</strong></span> 
     </span>
    </p>
   </div>
   <div class='ocr_carea' id='block_1_77' title="bbox 1760 3136 3400 3204">
    <p class='ocr_par' dir='ltr' id='par_1_77' title="bbox 1760 3136 3400 3204">
     <span class='ocr_line' id='line_1_77' title="bbox 1760 3136 3400 3204; baseline 0.001 -12"><span class='ocrx_word' id='word_1_552' title='bbox 1760 3144 1804 3204; x_wconf 74' lang='grc' dir='ltr'><strong>ς,</strong></span> <span class='ocrx_word' id='word_1_553' title='bbox 1835 3153 1985 3192; x_wconf 90' lang='lat' dir='ltr'><strong>amor</strong></span> <span class='ocrx_word' id='word_1_554' title='bbox 2026 3138 2149 3191; x_wconf 89' lang='lat' dir='ltr'><strong>talia</strong></span> <span class='ocrx_word' id='word_1_555' title='bbox 2203 3136 2377 3193; x_wconf 88' lang='lat' dir='ltr'><strong>facere</strong></span> <span class='ocrx_word' id='word_1_556' title='bbox 2417 3138 2706 3204; x_wconf 87' lang='lat' dir='ltr'><strong>persuasit;</strong></span> <span class='ocrx_word' id='word_1_557' title='bbox 2760 3137 2943 3191; x_wconf 86' lang='lat' dir='ltr'><strong>videns</strong></span> <span class='ocrx_word' id='word_1_558' title='bbox 2991 3139 3130 3192; x_wconf 90' lang='lat' dir='ltr'><strong>enim</strong></span> <span class='ocrx_word' id='word_1_559' title='bbox 3178 3152 3400 3195; x_wconf 85' lang='lat' dir='ltr'><strong>cunetos</strong></span> 
     </span>
    </p>
   </div>
   <div class='ocr_carea' id='block_1_78' title="bbox 1834 3230 3398 3302">
    <p class='ocr_par' dir='ltr' id='par_1_78' title="bbox 1834 3230 3398 3302">
     <span class='ocr_line' id='line_1_78' title="bbox 1834 3230 3398 3302; baseline 0.001 -18"><span class='ocrx_word' id='word_1_560' title='bbox 1834 3231 1976 3285; x_wconf 88' lang='lat' dir='ltr'><strong>foras</strong></span> <span class='ocrx_word' id='word_1_561' title='bbox 2029 3230 2247 3299; x_wconf 86' lang='lat' dir='ltr'><strong>expelli,</strong></span> <span class='ocrx_word' id='word_1_562' title='bbox 2300 3231 2477 3298; x_wconf 90' lang='lat' dir='ltr'><strong>putavi</strong></span> <span class='ocrx_word' id='word_1_563' title='bbox 2536 3245 2738 3283; x_wconf 90' lang='lat' dir='ltr'><strong>mecum</strong></span> <span class='ocrx_word' id='word_1_564' title='bbox 2786 3230 2926 3298; x_wconf 92' lang='lat' dir='ltr'><strong>quod</strong></span> <span class='ocrx_word' id='word_1_565' title='bbox 2975 3245 3160 3285; x_wconf 89' lang='lat' dir='ltr'><strong>servus</strong></span> <span class='ocrx_word' id='word_1_566' title='bbox 3199 3231 3398 3302; x_wconf 70' lang='lat' dir='ltr'><strong>Christi</strong></span> 
     </span>
    </p>
   </div>
   <div class='ocr_carea' id='block_1_79' title="bbox 1833 3319 3396 3388">
    <p class='ocr_par' dir='ltr' id='par_1_79' title="bbox 1833 3319 3396 3388">
     <span class='ocr_line' id='line_1_79' title="bbox 1833 3319 3396 3388; baseline 0.001 -14"><span class='ocrx_word' id='word_1_567' title='bbox 1833 3320 2072 3374; x_wconf 88' lang='lat' dir='ltr'><strong>invocata</strong></span> <span class='ocrx_word' id='word_1_568' title='bbox 2150 3319 2326 3374; x_wconf 86' lang='lat' dir='ltr'><strong>divina</strong></span> <span class='ocrx_word' id='word_1_569' title='bbox 2393 3320 2667 3387; x_wconf 86' lang='lat' dir='ltr'><strong>majestate</strong></span> <span class='ocrx_word' id='word_1_570' title='bbox 2741 3331 3055 3388; x_wconf 67' lang='lat' dir='ltr'><strong>praesentem</strong></span> <span class='ocrx_word' id='word_1_571' title='bbox 3132 3330 3396 3376; x_wconf 89' lang='lat' dir='ltr'><strong>mortuum</strong></span> 
     </span>
    </p>
   </div>
   <div class='ocr_carea' id='block_1_80' title="bbox 1833 3411 3394 3481">
    <p class='ocr_par' dir='ltr' id='par_1_80' title="bbox 1833 3411 3394 3481">
     <span class='ocr_line' id='line_1_80' title="bbox 1833 3411 3394 3481; baseline 0.001 -17"><span class='ocrx_word' id='word_1_572' title='bbox 1833 3411 2135 3465; x_wconf 86' lang='lat' dir='ltr'><strong>suscitaret.</strong></span> <span class='ocrx_word' id='word_1_573' title='bbox 2184 3412 2420 3465; x_wconf 79' lang='lat' dir='ltr'><strong>Exeunte</strong></span> <span class='ocrx_word' id='word_1_574' title='bbox 2449 3411 2610 3481; x_wconf 87' lang='lat' dir='ltr'><strong>igitur</strong></span> <span class='ocrx_word' id='word_1_575' title='bbox 2640 3420 2934 3466; x_wconf 89' lang='lat' dir='ltr'><strong>memorata</strong></span> <span class='ocrx_word' id='word_1_576' title='bbox 2967 3412 3189 3481; x_wconf 63' lang='lat' dir='ltr'><strong>virgine,</strong></span> <span class='ocrx_word' id='word_1_577' title='bbox 3231 3412 3394 3465; x_wconf 86' lang='lat' dir='ltr'><strong>homo</strong></span> 
     </span>
    </p>
   </div>
   <div class='ocr_carea' id='block_1_81' title="bbox 1837 3501 3397 3571">
    <p class='ocr_par' dir='ltr' id='par_1_81' title="bbox 1837 3501 3397 3571">
     <span class='ocr_line' id='line_1_81' title="bbox 1837 3501 3397 3571; baseline 0.001 -17"><span class='ocrx_word' id='word_1_578' title='bbox 1837 3503 1928 3554; x_wconf 87' lang='lat' dir='ltr'><strong>Dei</strong></span> <span class='ocrx_word' id='word_1_579' title='bbox 1975 3517 2095 3556; x_wconf 89' lang='lat' dir='ltr'><strong>cum</strong></span> <span class='ocrx_word' id='word_1_580' title='bbox 2128 3503 2440 3571; x_wconf 83' lang='lat' dir='ltr'><strong>presbytero</strong></span> <span class='ocrx_word' id='word_1_581' title='bbox 2471 3512 2525 3556; x_wconf 88' lang='lat' dir='ltr'><strong>et</strong></span> <span class='ocrx_word' id='word_1_582' title='bbox 2553 3502 2778 3556; x_wconf 88' lang='lat' dir='ltr'><strong>diacono</strong></span> <span class='ocrx_word' id='word_1_583' title='bbox 2803 3501 3233 3570; x_wconf 85' lang='lat' dir='ltr'><strong>jauitoribusque</strong></span> <span class='ocrx_word' id='word_1_584' title='bbox 3263 3501 3397 3556; x_wconf 88' lang='lat' dir='ltr'><strong>duo-</strong></span> 
     </span>
    </p>
   </div>
   <div class='ocr_carea' id='block_1_82' title="bbox 1835 3576 3402 3662">
    <p class='ocr_par' dir='ltr' id='par_1_82' title="bbox 1835 3576 3402 3662">
     <span class='ocr_line' id='line_1_82' title="bbox 1835 3576 3402 3662; baseline 0.001 -18"><span class='ocrx_word' id='word_1_585' title='bbox 1835 3576 1948 3644; x_wconf 45' lang='lat' dir='ltr'><strong>bus.</strong></span> <span class='ocrx_word' id='word_1_586' title='bbox 1979 3593 2031 3644; x_wconf 92' lang='lat' dir='ltr'><strong>in</strong></span> <span class='ocrx_word' id='word_1_587' title='bbox 2060 3591 2300 3645; x_wconf 88' lang='lat' dir='ltr'><strong>oratione</strong></span> <span class='ocrx_word' id='word_1_588' title='bbox 2328 3600 2582 3662; x_wconf 83' lang='lat' dir='ltr'><strong>curyatus</strong></span> <span class='ocrx_word' id='word_1_589' title='bbox 2609 3593 2897 3659; x_wconf 87' lang='lat' dir='ltr'><strong>postulavit</strong></span> <span class='ocrx_word' id='word_1_590' title='bbox 2937 3591 3061 3646; x_wconf 90' lang='lat' dir='ltr'><strong>ﬂetu</strong></span> <span class='ocrx_word' id='word_1_591' title='bbox 3102 3592 3402 3661; x_wconf 83' lang='lat' dir='ltr'><strong>largissimo</strong></span> 
     </span>
    </p>
   </div>
   <div class='ocr_carea' id='block_1_83' title="bbox 1838 3678 3403 3749">
    <p class='ocr_par' dir='ltr' id='par_1_83' title="bbox 1838 3678 3403 3749">
     <span class='ocr_line' id='line_1_83' title="bbox 1838 3678 3403 3749; baseline 0.001 -14"><span class='ocrx_word' id='word_1_592' title='bbox 1838 3689 1897 3735; x_wconf 92' lang='lat' dir='ltr'><strong>ut</strong></span> <span class='ocrx_word' id='word_1_593' title='bbox 1923 3695 2058 3749; x_wconf 82' lang='lat' dir='ltr'><strong>Opus</strong></span> <span class='ocrx_word' id='word_1_594' title='bbox 2105 3679 2275 3734; x_wconf 72' lang='lat' dir='ltr'><strong>solitae</strong></span> <span class='ocrx_word' id='word_1_595' title='bbox 2318 3680 2609 3749; x_wconf 76' lang='lat' dir='ltr'><strong>maiestatis</strong></span> <span class='ocrx_word' id='word_1_596' title='bbox 2656 3680 2830 3735; x_wconf 70' lang='lat' dir='ltr'><strong>dirina</strong></span> <span class='ocrx_word' id='word_1_597' title='bbox 2861 3678 3024 3734; x_wconf 84' lang='lat' dir='ltr'><strong>virtus</strong></span> <span class='ocrx_word' id='word_1_598' title='bbox 3069 3680 3403 3737; x_wconf 81' lang='lat' dir='ltr'><strong>ostenderet.</strong></span> 
     </span>
    </p>
   </div>
   <div class='ocr_carea' id='block_1_84' title="bbox 1837 3768 3405 3836">
    <p class='ocr_par' dir='ltr' id='par_1_84' title="bbox 1837 3768 3405 3836">
     <span class='ocr_line' id='line_1_84' title="bbox 1837 3768 3405 3836; baseline 0.001 -16"><span class='ocrx_word' id='word_1_599' title='bbox 1837 3768 1985 3822; x_wconf 81' lang='lat' dir='ltr'><strong>&#39;l&#39;unc</strong></span> <span class='ocrx_word' id='word_1_600' title='bbox 2035 3768 2276 3822; x_wconf 86' lang='lat' dir='ltr'><strong>oratione</strong></span> <span class='ocrx_word' id='word_1_601' title='bbox 2322 3769 2582 3835; x_wconf 89' lang='lat' dir='ltr'><strong>completa</strong></span> <span class='ocrx_word' id='word_1_602' title='bbox 2621 3781 2650 3820; x_wconf 91' lang='lat' dir='ltr'><strong>a</strong></span> <span class='ocrx_word' id='word_1_603' title='bbox 2680 3768 3013 3836; x_wconf 81' lang='lat' dir='ltr'><strong>presbytero,</strong></span> <span class='ocrx_word' id='word_1_604' title='bbox 3063 3769 3132 3821; x_wconf 89' lang='lat' dir='ltr'><strong>ita</strong></span> <span class='ocrx_word' id='word_1_605' title='bbox 3175 3768 3405 3824; x_wconf 88' lang='lat' dir='ltr'><strong>cadaver</strong></span> 
     </span>
    </p>
   </div>
   <div class='ocr_carea' id='block_1_85' title="bbox 1839 3855 3402 3924">
    <p class='ocr_par' dir='ltr' id='par_1_85' title="bbox 1839 3855 3402 3924">
     <span class='ocr_line' id='line_1_85' title="bbox 1839 3855 3402 3924; baseline 0.002 -15"><span class='ocrx_word' id='word_1_606' title='bbox 1839 3855 1918 3909; x_wconf 90' lang='lat' dir='ltr'><strong>vir</strong></span> <span class='ocrx_word' id='word_1_607' title='bbox 1970 3857 2159 3910; x_wconf 87' lang='lat' dir='ltr'><strong>beatus</strong></span> <span class='ocrx_word' id='word_1_608' title='bbox 2213 3855 2502 3924; x_wconf 85' lang='lat' dir='ltr'><strong>alloquitur</strong></span> <span class='ocrx_word' id='word_1_609' title='bbox 2543 3872 2556 3908; x_wconf 76' lang='grc' dir='ltr'>ε</span> <span class='ocrx_word' id='word_1_610' title='bbox 2593 3859 2646 3908; x_wconf 96' lang='lat' dir='ltr'><strong>In</strong></span> <span class='ocrx_word' id='word_1_611' title='bbox 2699 3857 2912 3921; x_wconf 87' lang='lat' dir='ltr'><strong>nomine</strong></span> <span class='ocrx_word' id='word_1_612' title='bbox 2971 3856 3174 3910; x_wconf 87' lang='lat' dir='ltr'><strong>Domini</strong></span> <span class='ocrx_word' id='word_1_613' title='bbox 3234 3858 3402 3912; x_wconf 87' lang='lat' dir='ltr'><strong>nostri</strong></span> 
     </span>
    </p>
   </div>
   <div class='ocr_carea' id='block_1_86' title="bbox 1838 3943 3399 4015">
    <p class='ocr_par' dir='ltr' id='par_1_86' title="bbox 1838 3943 3399 4015">
     <span class='ocr_line' id='line_1_86' title="bbox 1838 3943 3399 4015; baseline 0.001 -17"><span class='ocrx_word' id='word_1_614' title='bbox 1838 3943 1962 3998; x_wconf 82' lang='lat' dir='ltr'><strong>Jesu</strong></span> <span class='ocrx_word' id='word_1_615' title='bbox 1987 3943 2208 4008; x_wconf 84' lang='lat' dir='ltr'><strong>Christi,</strong></span> <span class='ocrx_word' id='word_1_616' title='bbox 2251 3954 2434 3998; x_wconf 85' lang='lat' dir='ltr'><strong>sancte</strong></span> <span class='ocrx_word' id='word_1_617' title='bbox 2463 3945 2738 4015; x_wconf 79' lang='lat' dir='ltr'><strong>presbyter</strong></span> <span class='ocrx_word' id='word_1_618' title='bbox 2763 3943 2986 4008; x_wconf 82' lang='lat' dir='ltr'><strong>Silvine,</strong></span> <span class='ocrx_word' id='word_1_619' title='bbox 3037 3945 3254 4013; x_wconf 80' lang='lat' dir='ltr'><strong>loquere</strong></span> <span class='ocrx_word' id='word_1_620' title='bbox 3281 3959 3399 4000; x_wconf 91' lang='lat' dir='ltr'><strong>cum</strong></span> 
     </span>
    </p>
   </div>
   <div class='ocr_carea' id='block_1_87' title="bbox 1841 4031 3395 4101">
    <p class='ocr_par' dir='ltr' id='par_1_87' title="bbox 1841 4031 3395 4101">
     <span class='ocr_line' id='line_1_87' title="bbox 1841 4031 3395 4101; baseline 0.001 -16"><span class='ocrx_word' id='word_1_621' title='bbox 1841 4034 2089 4087; x_wconf 88' lang='lat' dir='ltr'><strong>fratribus</strong></span> <span class='ocrx_word' id='word_1_622' title='bbox 2119 4034 2243 4088; x_wconf 88' lang='lat' dir='ltr'><strong>tuis.</strong></span> <span class='ocrx_word' id='word_1_623' title='bbox 2299 4033 2366 4087; x_wconf 84' lang='lat' dir='ltr'><strong>Et</strong></span> <span class='ocrx_word' id='word_1_624' title='bbox 2408 4032 2587 4087; x_wconf 90' lang='lat' dir='ltr'><strong>subito</strong></span> <span class='ocrx_word' id='word_1_625' title='bbox 2615 4033 2799 4086; x_wconf 89' lang='lat' dir='ltr'><strong>oculos</strong></span> <span class='ocrx_word' id='word_1_626' title='bbox 2839 4031 3122 4089; x_wconf 86' lang='lat' dir='ltr'><strong>defunctus</strong></span> <span class='ocrx_word' id='word_1_627' title='bbox 3164 4039 3395 4101; x_wconf 76' lang='lat' dir='ltr'><strong>aperuit.</strong></span> 
     </span>
    </p>
   </div>
   <div class='ocr_carea' id='block_1_88' title="bbox 1841 4120 3403 4198">
    <p class='ocr_par' dir='ltr' id='par_1_88' title="bbox 1841 4120 3403 4198">
     <span class='ocr_line' id='line_1_88' title="bbox 1841 4120 3403 4198; baseline 0.003 -25"><span class='ocrx_word' id='word_1_628' title='bbox 1841 4120 1938 4174; x_wconf 80' lang='lat' dir='ltr'><strong>Vix</strong></span> <span class='ocrx_word' id='word_1_629' title='bbox 1962 4121 2469 4198; x_wconf 73' lang='lat' dir='ltr'><strong>ergo_pr:esentibus</strong></span> <span class='ocrx_word' id='word_1_630' title='bbox 2514 4122 2672 4176; x_wconf 89' lang='lat' dir='ltr'><strong>homo</strong></span> <span class='ocrx_word' id='word_1_631' title='bbox 2719 4121 2809 4176; x_wconf 91' lang='lat' dir='ltr'><strong>Dei</strong></span> <span class='ocrx_word' id='word_1_632' title='bbox 2855 4129 3033 4176; x_wconf 87' lang='lat' dir='ltr'><strong>tacere</strong></span> <span class='ocrx_word' id='word_1_633' title='bbox 3076 4138 3180 4189; x_wconf 84' lang='lat' dir='ltr'><strong>prae</strong></span> <span class='ocrx_word' id='word_1_634' title='bbox 3211 4127 3403 4194; x_wconf 87' lang='lat' dir='ltr'><strong>gaudio</strong></span> 
     </span>
    </p>
   </div>
   <div class='ocr_carea' id='block_1_89' title="bbox 1844 4212 3402 4282">
    <p class='ocr_par' dir='ltr' id='par_1_89' title="bbox 1844 4212 3402 4282">
     <span class='ocr_line' id='line_1_89' title="bbox 1844 4212 3402 4282; baseline 0.001 -18"><span class='ocrx_word' id='word_1_635' title='bbox 1844 4213 2105 4279; x_wconf 85' lang='lat' dir='ltr'><strong>persuasit</strong></span> <span class='ocrx_word' id='word_1_636' title='bbox 2148 4221 2202 4266; x_wconf 90' lang='lat' dir='ltr'><strong>et</strong></span> <span class='ocrx_word' id='word_1_637' title='bbox 2248 4212 2424 4266; x_wconf 88' lang='lat' dir='ltr'><strong>denuo</strong></span> <span class='ocrx_word' id='word_1_638' title='bbox 2461 4212 2529 4265; x_wconf 90' lang='lat' dir='ltr'><strong>ad</strong></span> <span class='ocrx_word' id='word_1_639' title='bbox 2567 4227 2726 4266; x_wconf 90' lang='lat' dir='ltr'><strong>eum:</strong></span> <span class='ocrx_word' id='word_1_640' title='bbox 2765 4213 2873 4276; x_wconf 74' lang='lat' dir='ltr'><strong>Vis,</strong></span> <span class='ocrx_word' id='word_1_641' title='bbox 2913 4213 3100 4281; x_wconf 78' lang='lat' dir='ltr'><strong>inquit,</strong></span> <span class='ocrx_word' id='word_1_642' title='bbox 3156 4230 3402 4282; x_wconf 80' lang='lat' dir='ltr'><strong>rogemus</strong></span> 
     </span>
    </p>
   </div>
   <div class='ocr_carea' id='block_1_90' title="bbox 1844 4301 3406 4358">
    <p class='ocr_par' dir='ltr' id='par_1_90' title="bbox 1844 4301 3406 4358">
     <span class='ocr_line' id='line_1_90' title="bbox 1844 4301 3406 4358; baseline 0.003 -5"><span class='ocrx_word' id='word_1_643' title='bbox 1844 4301 2127 4356; x_wconf 87' lang='lat' dir='ltr'><strong>Dominum</strong></span> <span class='ocrx_word' id='word_1_644' title='bbox 2159 4312 2217 4356; x_wconf 94' lang='lat' dir='ltr'><strong>ut</strong></span> <span class='ocrx_word' id='word_1_645' title='bbox 2247 4311 2297 4356; x_wconf 90' lang='lat' dir='ltr'><strong>te</strong></span> <span class='ocrx_word' id='word_1_646' title='bbox 2323 4303 2495 4357; x_wconf 90' lang='lat' dir='ltr'><strong>adhuc</strong></span> <span class='ocrx_word' id='word_1_647' title='bbox 2520 4301 2692 4357; x_wconf 89' lang='lat' dir='ltr'><strong>servis</strong></span> <span class='ocrx_word' id='word_1_648' title='bbox 2721 4305 2830 4355; x_wconf 82' lang='lat' dir='ltr'><strong>suis</strong></span> <span class='ocrx_word' id='word_1_649' title='bbox 2865 4305 2916 4355; x_wconf 92' lang='lat' dir='ltr'><strong>in</strong></span> <span class='ocrx_word' id='word_1_650' title='bbox 2949 4305 3045 4357; x_wconf 89' lang='lat' dir='ltr'><strong>hac</strong></span> <span class='ocrx_word' id='word_1_651' title='bbox 3075 4305 3175 4357; x_wconf 92' lang='lat' dir='ltr'><strong>vita</strong></span> <span class='ocrx_word' id='word_1_652' title='bbox 3207 4306 3406 4358; x_wconf 82' lang='lat' dir='ltr'><strong>condo-</strong></span> 
     </span>
    </p>
   </div>
   <div class='ocr_carea' id='block_1_91' title="bbox 1848 4395 3403 4465">
    <p class='ocr_par' dir='ltr' id='par_1_91' title="bbox 1848 4395 3403 4465">
     <span class='ocr_line' id='line_1_91' title="bbox 1848 4395 3403 4465; baseline 0.005 -20"><span class='ocrx_word' id='word_1_653' title='bbox 1848 4408 1974 4446; x_wconf 89' lang='lat' dir='ltr'><strong>nare</strong></span> <span class='ocrx_word' id='word_1_654' title='bbox 1993 4395 2278 4465; x_wconf 85' lang='lat' dir='ltr'><strong>dignetur?</strong></span> <span class='ocrx_word' id='word_1_655' title='bbox 2306 4396 2374 4449; x_wconf 82' lang='lat' dir='ltr'><strong>At</strong></span> <span class='ocrx_word' id='word_1_656' title='bbox 2398 4397 2486 4450; x_wconf 87' lang='lat' dir='ltr'><strong>ille</strong></span> <span class='ocrx_word' id='word_1_657' title='bbox 2514 4397 2588 4449; x_wconf 90' lang='lat' dir='ltr'><strong>ait</strong></span> <span class='ocrx_word' id='word_1_658' title='bbox 2615 4413 2627 4448; x_wconf 88' lang='lat'><strong>:</strong></span> <span class='ocrx_word' id='word_1_659' title='bbox 2657 4396 2755 4448; x_wconf 90' lang='lat' dir='ltr'><strong>Per</strong></span> <span class='ocrx_word' id='word_1_660' title='bbox 2793 4399 3070 4450; x_wconf 88' lang='lat' dir='ltr'><strong>Dominum</strong></span> <span class='ocrx_word' id='word_1_661' title='bbox 3106 4403 3154 4449; x_wconf 94' lang='lat' dir='ltr'><strong>te</strong></span> <span class='ocrx_word' id='word_1_662' title='bbox 3180 4396 3403 4465; x_wconf 87' lang='lat' dir='ltr'><strong>conjoro</strong></span> 
     </span>
    </p>
   </div>
   <div class='ocr_carea' id='block_1_92' title="bbox 169 4483 3400 4565">
    <p class='ocr_par' dir='ltr' id='par_1_92' title="bbox 169 4483 3400 4565">
     <span class='ocr_line' id='line_1_92' title="bbox 169 4483 3400 4565; baseline -0.002 -17"><span class='ocrx_word' id='word_1_663' title='bbox 169 4512 297 4553; x_wconf 84' lang='lat' dir='ltr'><strong>runt</strong></span> <span class='ocrx_word' id='word_1_664' title='bbox 325 4494 644 4565; x_wconf 86' lang='lat' dir='ltr'><strong>tegminibus</strong></span> <span class='ocrx_word' id='word_1_665' title='bbox 671 4493 1026 4561; x_wconf 87' lang='lat' dir='ltr'><strong>apparerent?</strong></span> <span class='ocrx_word' id='word_1_666' title='bbox 1065 4493 1271 4545; x_wconf 69' lang='lat' dir='ltr'><strong>Accolae</strong></span> <span class='ocrx_word' id='word_1_667' title='bbox 1301 4492 1693 4559; x_wconf 89' lang='lat' dir='ltr'><strong>responderunt</strong></span> <span class='ocrx_word' id='word_1_668' title='bbox 1722 4509 1734 4543; x_wconf 95' lang='lat'>:</span> <span class='ocrx_word' id='word_1_669' title='bbox 1771 4507 1821 4565; x_wconf 83' lang='lat' dir='ltr'><strong>D</strong></span> <span class='ocrx_word' id='word_1_670' title='bbox 1847 4499 1912 4536; x_wconf 88' lang='lat' dir='ltr'><strong>tte</strong></span> <span class='ocrx_word' id='word_1_671' title='bbox 1941 4483 2136 4537; x_wconf 89' lang='lat' dir='ltr'><strong>diutius</strong></span> <span class='ocrx_word' id='word_1_672' title='bbox 2166 4484 2248 4537; x_wconf 93' lang='lat' dir='ltr'><strong>hic</strong></span> <span class='ocrx_word' id='word_1_673' title='bbox 2273 4493 2476 4550; x_wconf 87' lang='lat' dir='ltr'><strong>tenear,</strong></span> <span class='ocrx_word' id='word_1_674' title='bbox 2521 4493 2576 4538; x_wconf 89' lang='lat' dir='ltr'><strong>et</strong></span> <span class='ocrx_word' id='word_1_675' title='bbox 2602 4485 2811 4538; x_wconf 90' lang='lat' dir='ltr'><strong>frauder</strong></span> <span class='ocrx_word' id='word_1_676' title='bbox 2835 4485 3010 4553; x_wconf 89' lang='lat' dir='ltr'><strong>quiete</strong></span> <span class='ocrx_word' id='word_1_677' title='bbox 3049 4494 3320 4553; x_wconf 87' lang='lat' dir='ltr'><strong>perpetua,</strong></span> <span class='ocrx_word' id='word_1_678' title='bbox 3347 4486 3400 4540; x_wconf 91' lang='lat' dir='ltr'><strong>irt</strong></span> 
     </span>
    </p>
   </div>
   <div class='ocr_carea' id='block_1_93' title="bbox 169 4580 1740 4653">
    <p class='ocr_par' dir='ltr' id='par_1_93' title="bbox 169 4580 1740 4653">
     <span class='ocr_line' id='line_1_93' title="bbox 169 4580 1740 4653; baseline -0.004 -13"><span class='ocrx_word' id='word_1_679' title='bbox 169 4586 333 4653; x_wconf 84' lang='lat' dir='ltr'><strong>Quod</strong></span> <span class='ocrx_word' id='word_1_680' title='bbox 377 4583 642 4653; x_wconf 88' lang='lat' dir='ltr'><strong>frequenti</strong></span> <span class='ocrx_word' id='word_1_681' title='bbox 692 4582 924 4635; x_wconf 83' lang='lat' dir='ltr'><strong>ﬂuminis</strong></span> <span class='ocrx_word' id='word_1_682' title='bbox 965 4582 1228 4635; x_wconf 86' lang='lat' dir='ltr'><strong>alluvione</strong></span> <span class='ocrx_word' id='word_1_683' title='bbox 1259 4581 1513 4649; x_wconf 87' lang='lat' dir='ltr'><strong>quidquid</strong></span> <span class='ocrx_word' id='word_1_684' title='bbox 1556 4580 1740 4634; x_wconf 87' lang='lat' dir='ltr'><strong>fuisset</strong></span> 
     </span>
    </p>
   </div>
   <div class='ocr_carea' id='block_1_94' title="bbox 169 4669 1737 4745">
    <p class='ocr_par' dir='ltr' id='par_1_94' title="bbox 169 4669 1737 4745">
     <span class='ocr_line' id='line_1_94' title="bbox 169 4669 1737 4745; baseline -0.003 -18"><span class='ocrx_word' id='word_1_685' title='bbox 169 4683 560 4745; x_wconf 71' lang='lat' dir='ltr'><strong>superstratum</strong></span> <span class='ocrx_word' id='word_1_686' title='bbox 606 4674 854 4726; x_wconf 90' lang='lat' dir='ltr'><strong>continuo</strong></span> <span class='ocrx_word' id='word_1_687' title='bbox 886 4672 1171 4725; x_wconf 87' lang='lat' dir='ltr'><strong>laberetur.</strong></span> <span class='ocrx_word' id='word_1_688' title='bbox 1223 4674 1287 4724; x_wconf 84' lang='lat' dir='ltr'><strong>At</strong></span> <span class='ocrx_word' id='word_1_689' title='bbox 1317 4672 1429 4740; x_wconf 73' lang='lat' dir='ltr'><strong>ipse</strong></span> <span class='ocrx_word' id='word_1_690' title='bbox 1464 4689 1476 4724; x_wconf 91' lang='lat'><strong>:</strong></span> <span class='ocrx_word' id='word_1_691' title='bbox 1509 4669 1737 4726; x_wconf 87' lang='lat' dir='ltr'><strong>Sterna-</strong></span> 
     </span>
    </p>
   </div>
   <div class='ocr_carea' id='block_1_95' title="bbox 171 4759 1734 4833">
    <p class='ocr_par' dir='ltr' id='par_1_95' title="bbox 171 4759 1734 4833">
     <span class='ocr_line' id='line_1_95' title="bbox 171 4759 1734 4833; baseline -0.004 -11"><span class='ocrx_word' id='word_1_692' title='bbox 171 4776 288 4829; x_wconf 84' lang='lat' dir='ltr'><strong>tur,</strong></span> <span class='ocrx_word' id='word_1_693' title='bbox 316 4764 501 4833; x_wconf 88' lang='lat' dir='ltr'><strong>inquit,</strong></span> <span class='ocrx_word' id='word_1_694' title='bbox 533 4777 695 4830; x_wconf 89' lang='lat' dir='ltr'><strong>super</strong></span> <span class='ocrx_word' id='word_1_695' title='bbox 722 4760 950 4815; x_wconf 90' lang='lat' dir='ltr'><strong>tabulata</strong></span> <span class='ocrx_word' id='word_1_696' title='bbox 993 4762 1046 4815; x_wconf 88' lang='lat' dir='ltr'><strong>irt</strong></span> <span class='ocrx_word' id='word_1_697' title='bbox 1087 4759 1281 4816; x_wconf 87' lang='lat' dir='ltr'><strong>Christi</strong></span> <span class='ocrx_word' id='word_1_698' title='bbox 1335 4762 1547 4815; x_wconf 88' lang='lat' dir='ltr'><strong>nomine</strong></span> <span class='ocrx_word' id='word_1_699' title='bbox 1594 4776 1734 4816; x_wconf 89' lang='lat' dir='ltr'><strong>nunc</strong></span> 
     </span>
    </p>
   </div>
   <div class='ocr_carea' id='block_1_96' title="bbox 248 4943 1377 5010">
    <p class='ocr_par' dir='ltr' id='par_1_96' title="bbox 248 4943 1377 5010">
     <span class='ocr_line' id='line_1_96' title="bbox 248 4943 1377 5010; baseline 0 -11"><span class='ocrx_word' id='word_1_700' title='bbox 248 4950 268 4981; x_wconf 78' lang='grc'><em>³</em></span> <span class='ocrx_word' id='word_1_701' title='bbox 303 4945 376 4999; x_wconf 85' lang='lat' dir='ltr'><strong>Ita</strong></span> <span class='ocrx_word' id='word_1_702' title='bbox 401 4943 533 5001; x_wconf 77' lang='lat' dir='ltr'><strong>Bell.</strong></span> <span class='ocrx_word' id='word_1_703' title='bbox 562 4945 685 5010; x_wconf 83' lang='lat' dir='ltr'><strong>Alii,</strong></span> <span class='ocrx_word' id='word_1_704' title='bbox 719 4947 937 5001; x_wconf 88' lang='lat' dir='ltr'><strong>sacrale.</strong></span> <span class='ocrx_word' id='word_1_705' title='bbox 1371 4986 1377 4991; x_wconf 57' lang='grc' dir='ltr'>ς</span> 
     </span>
    </p>
   </div>
   <div class='ocr_carea' id='block_1_97' title="bbox 246 5016 1737 5082">
    <p class='ocr_par' dir='ltr' id='par_1_97' title="bbox 246 5016 1737 5082">
     <span class='ocr_line' id='line_1_97' title="bbox 246 5016 1737 5082; baseline 0.003 -15"><span class='ocrx_word' id='word_1_706' title='bbox 246 5020 273 5051; x_wconf 80' lang='grc'>³</span> <span class='ocrx_word' id='word_1_707' title='bbox 297 5016 490 5069; x_wconf 82' lang='lat' dir='ltr'><strong>Notitia</strong></span> <span class='ocrx_word' id='word_1_708' title='bbox 537 5016 768 5082; x_wconf 84' lang='lat' dir='ltr'><strong>Imperii,</strong></span> <span class='ocrx_word' id='word_1_709' title='bbox 817 5018 916 5071; x_wconf 86' lang='lat' dir='ltr'><strong>sub</strong></span> <span class='ocrx_word' id='word_1_710' title='bbox 968 5017 1103 5070; x_wconf 78' lang='lat' dir='ltr'><strong>Duce</strong></span> <span class='ocrx_word' id='word_1_711' title='bbox 1158 5017 1346 5070; x_wconf 70' lang='lat' dir='ltr'><strong>filictia:</strong></span> <span class='ocrx_word' id='word_1_712' title='bbox 1379 5018 1472 5072; x_wconf 92' lang='lat' dir='ltr'><strong>let</strong></span> <span class='ocrx_word' id='word_1_713' title='bbox 1508 5018 1548 5071; x_wconf 93' lang='grc'><strong>11</strong></span> <span class='ocrx_word' id='word_1_714' title='bbox 1581 5018 1737 5073; x_wconf 86' lang='lat' dir='ltr'><strong>habet</strong></span> 
     </span>
    </p>
   </div>
   <div class='ocr_carea' id='block_1_98' title="bbox 166 5084 1732 5154">
    <p class='ocr_par' dir='ltr' id='par_1_98' title="bbox 166 5084 1732 5154">
     <span class='ocr_line' id='line_1_98' title="bbox 166 5084 1732 5154; baseline 0.001 -16"><span class='ocrx_word' id='word_1_715' title='bbox 166 5084 486 5154; x_wconf 53' lang='lat' dir='ltr'><strong>Praefectum</strong></span> <span class='ocrx_word' id='word_1_716' title='bbox 533 5086 644 5138; x_wconf 77' lang='grc' dir='ltr'><strong>Αιω</strong></span> <span class='ocrx_word' id='word_1_717' title='bbox 683 5087 854 5153; x_wconf 73' lang='lat' dir='ltr'><strong>prima:</strong></span> <span class='ocrx_word' id='word_1_718' title='bbox 909 5085 1099 5139; x_wconf 81' lang='lat' dir='ltr'><strong>Flavire</strong></span> <span class='ocrx_word' id='word_1_719' title='bbox 1134 5088 1403 5139; x_wconf 81' lang='lat' dir='ltr'><strong>ll/telorunt</strong></span> <span class='ocrx_word' id='word_1_720' title='bbox 1457 5088 1732 5151; x_wconf 79' lang='lat' dir='ltr'><strong>Quialavir.</strong></span> 
     </span>
    </p>
   </div>
   <div class='ocr_carea' id='block_1_99' title="bbox 177 5155 1735 5219">
    <p class='ocr_par' dir='ltr' id='par_1_99' title="bbox 177 5155 1735 5219">
     <span class='ocr_line' id='line_1_99' title="bbox 177 5155 1735 5219; baseline -0.001 -9"><span class='ocrx_word' id='word_1_721' title='bbox 177 5156 485 5210; x_wconf 79' lang='lat' dir='ltr'><strong>Antoninus</strong></span> <span class='ocrx_word' id='word_1_722' title='bbox 519 5157 814 5219; x_wconf 79' lang='lat' dir='ltr'><strong>Quintianus</strong></span> <span class='ocrx_word' id='word_1_723' title='bbox 851 5166 1019 5208; x_wconf 85' lang='lat' dir='ltr'><strong>vocat.</strong></span> <span class='ocrx_word' id='word_1_724' title='bbox 1055 5155 1288 5210; x_wconf 74' lang='lat' dir='ltr'><strong>Kurrtzen</strong></span> <span class='ocrx_word' id='word_1_725' title='bbox 1319 5172 1455 5208; x_wconf 89' lang='lat' dir='ltr'><strong>nunc</strong></span> <span class='ocrx_word' id='word_1_726' title='bbox 1484 5157 1584 5208; x_wconf 83' lang='lat' dir='ltr'><strong>diei</strong></span> <span class='ocrx_word' id='word_1_727' title='bbox 1632 5169 1735 5210; x_wconf 77' lang='lat' dir='ltr'><strong>tra-</strong></span> 
     </span>
    </p>
   </div>
   <div class='ocr_carea' id='block_1_100' title="bbox 173 5223 1729 5293">
    <p class='ocr_par' dir='ltr' id='par_1_100' title="bbox 173 5223 1729 5293">
     <span class='ocr_line' id='line_1_100' title="bbox 173 5223 1729 5293; baseline 0.002 -18"><span class='ocrx_word' id='word_1_728' title='bbox 173 5229 320 5278; x_wconf 84' lang='lat' dir='ltr'><strong>rluttt</strong></span> <span class='ocrx_word' id='word_1_729' title='bbox 340 5264 356 5287; x_wconf 96' lang='lat'><strong>,</strong></span> <span class='ocrx_word' id='word_1_730' title='bbox 387 5223 736 5293; x_wconf 71' lang='lat' dir='ltr'><strong>Cuspirrianus</strong></span> <span class='ocrx_word' id='word_1_731' title='bbox 765 5223 1039 5292; x_wconf 82' lang='lat' dir='ltr'><strong>Cuntziug;</strong></span> <span class='ocrx_word' id='word_1_732' title='bbox 1064 5227 1207 5279; x_wconf 90' lang='lat' dir='ltr'><strong>vicus</strong></span> <span class='ocrx_word' id='word_1_733' title='bbox 1239 5235 1321 5278; x_wconf 88' lang='lat' dir='ltr'><strong>est</strong></span> <span class='ocrx_word' id='word_1_734' title='bbox 1355 5225 1422 5277; x_wconf 85' lang='lat' dir='ltr'><strong>ad</strong></span> <span class='ocrx_word' id='word_1_735' title='bbox 1458 5225 1729 5280; x_wconf 72' lang='lat' dir='ltr'><strong>dexteram</strong></span> 
     </span>
    </p>
   </div>
   <div class='ocr_carea' id='block_1_101' title="bbox 174 5294 1058 5360">
    <p class='ocr_par' dir='ltr' id='par_1_101' title="bbox 174 5294 1058 5360">
     <span class='ocr_line' id='line_1_101' title="bbox 174 5294 1058 5360; baseline 0.002 -16"><span class='ocrx_word' id='word_1_736' title='bbox 174 5294 408 5350; x_wconf 70' lang='lat' dir='ltr'><strong>Danubii</strong></span> <span class='ocrx_word' id='word_1_737' title='bbox 434 5296 624 5360; x_wconf 70' lang='lat' dir='ltr'><strong>ripam,</strong></span> <span class='ocrx_word' id='word_1_738' title='bbox 657 5310 813 5360; x_wconf 90' lang='lat' dir='ltr'><strong>supra</strong></span> <span class='ocrx_word' id='word_1_739' title='bbox 847 5295 1058 5346; x_wconf 85' lang='lat' dir='ltr'><strong>Batava.</strong></span> 
     </span>
    </p>
   </div>
   <div class='ocr_carea' id='block_1_102' title="bbox 249 5362 1725 5432">
    <p class='ocr_par' dir='ltr' id='par_1_102' title="bbox 249 5362 1725 5432">
     <span class='ocr_line' id='line_1_102' title="bbox 249 5362 1725 5432; baseline 0 -17"><span class='ocrx_word' id='word_1_740' title='bbox 249 5362 277 5394; x_wconf 86' lang='grc'>³</span> <span class='ocrx_word' id='word_1_741' title='bbox 309 5363 383 5416; x_wconf 89' lang='lat' dir='ltr'><strong>De</strong></span> <span class='ocrx_word' id='word_1_742' title='bbox 435 5364 739 5417; x_wconf 73' lang='lat' dir='ltr'><strong>Rhetiarnm</strong></span> <span class='ocrx_word' id='word_1_743' title='bbox 774 5365 962 5416; x_wconf 81' lang='lat' dir='ltr'><strong>finibus</strong></span> <span class='ocrx_word' id='word_1_744' title='bbox 1008 5364 1111 5432; x_wconf 87' lang='lat' dir='ltr'><strong>agit</strong></span> <span class='ocrx_word' id='word_1_745' title='bbox 1168 5365 1410 5417; x_wconf 86' lang='lat' dir='ltr'><strong>Velserus</strong></span> <span class='ocrx_word' id='word_1_746' title='bbox 1454 5365 1489 5416; x_wconf 94' lang='grc'><strong>1.</strong></span> <span class='ocrx_word' id='word_1_747' title='bbox 1535 5379 1548 5417; x_wconf 93' lang='lat' dir='ltr'><strong>t</strong></span> <span class='ocrx_word' id='word_1_748' title='bbox 1604 5363 1725 5417; x_wconf 78' lang='lat' dir='ltr'><strong>ller.</strong></span> 
     </span>
    </p>
   </div>
   <div class='ocr_carea' id='block_1_103' title="bbox 177 5433 1730 5501">
    <p class='ocr_par' dir='ltr' id='par_1_103' title="bbox 177 5433 1730 5501">
     <span class='ocr_line' id='line_1_103' title="bbox 177 5433 1730 5501; baseline -0.002 -13"><span class='ocrx_word' id='word_1_749' title='bbox 177 5435 607 5501; x_wconf 76' lang='lat' dir='ltr'><strong>Augustanarurn</strong></span> <span class='ocrx_word' id='word_1_750' title='bbox 641 5475 656 5498; x_wconf 84' lang='grc'><em>,</em></span> <span class='ocrx_word' id='word_1_751' title='bbox 700 5443 764 5486; x_wconf 71' lang='grc' dir='ltr'>ἐι</span> <span class='ocrx_word' id='word_1_752' title='bbox 821 5434 1095 5487; x_wconf 83' lang='lat' dir='ltr'><strong>Cluverius</strong></span> <span class='ocrx_word' id='word_1_753' title='bbox 1153 5433 1450 5487; x_wconf 68' lang='lat' dir='ltr'><strong>Germanice</strong></span> <span class='ocrx_word' id='word_1_754' title='bbox 1503 5434 1730 5501; x_wconf 59' lang='lat' dir='ltr'><strong>antiqua</strong></span> 
     </span>
    </p>
   </div>
   <div class='ocr_carea' id='block_1_104' title="bbox 179 5501 1735 5571">
    <p class='ocr_par' dir='ltr' id='par_1_104' title="bbox 179 5501 1735 5571">
     <span class='ocr_line' id='line_1_104' title="bbox 179 5501 1735 5571; baseline 0 -14"><span class='ocrx_word' id='word_1_755' title='bbox 179 5505 282 5557; x_wconf 66' lang='lat' dir='ltr'><strong>liti.</strong></span> <span class='ocrx_word' id='word_1_756' title='bbox 315 5517 370 5555; x_wconf 91' lang='lat' dir='ltr'><strong>v.</strong></span> <span class='ocrx_word' id='word_1_757' title='bbox 399 5501 690 5555; x_wconf 79' lang='lat' dir='ltr'><strong>Secundam</strong></span> <span class='ocrx_word' id='word_1_758' title='bbox 716 5503 948 5554; x_wconf 83' lang='lat' dir='ltr'><strong>llltetr&#39;um</strong></span> <span class='ocrx_word' id='word_1_759' title='bbox 977 5503 1155 5556; x_wconf 88' lang='lat' dir='ltr'><strong>volunt</strong></span> <span class='ocrx_word' id='word_1_760' title='bbox 1188 5505 1298 5557; x_wconf 91' lang='lat' dir='ltr'><strong>lacu</strong></span> <span class='ocrx_word' id='word_1_761' title='bbox 1340 5503 1639 5571; x_wconf 80' lang='lat' dir='ltr'><strong>Brigantino</strong></span> <span class='ocrx_word' id='word_1_762' title='bbox 1681 5512 1735 5557; x_wconf 88' lang='lat' dir='ltr'><strong>et</strong></span> 
     </span>
    </p>
   </div>
   <div class='ocr_carea' id='block_1_105' title="bbox 180 5571 1122 5627">
    <p class='ocr_par' dir='ltr' id='par_1_105' title="bbox 180 5571 1122 5627">
     <span class='ocr_line' id='line_1_105' title="bbox 180 5571 1122 5627; baseline 0.001 -3"><span class='ocrx_word' id='word_1_763' title='bbox 180 5571 343 5627; x_wconf 68' lang='lat' dir='ltr'><strong>(Enn</strong></span> <span class='ocrx_word' id='word_1_764' title='bbox 371 5572 583 5623; x_wconf 87' lang='lat' dir='ltr'><strong>ﬂumine</strong></span> <span class='ocrx_word' id='word_1_765' title='bbox 614 5572 912 5624; x_wconf 85' lang='lat' dir='ltr'><strong>conclusam</strong></span> <span class='ocrx_word' id='word_1_766' title='bbox 945 5572 1122 5625; x_wconf 83' lang='lat' dir='ltr'><strong>fuisse.</strong></span> 
     </span>
    </p>
   </div>
   <div class='ocr_carea' id='block_1_106' title="bbox 258 5638 1742 5711">
    <p class='ocr_par' dir='ltr' id='par_1_106' title="bbox 258 5638 1742 5711">
     <span class='ocr_line' id='line_1_106' title="bbox 258 5638 1742 5711; baseline 0.003 -21"><span class='ocrx_word' id='word_1_767' title='bbox 258 5641 279 5669; x_wconf 71' lang='grc' dir='ltr'>δ</span> <span class='ocrx_word' id='word_1_768' title='bbox 313 5638 516 5711; x_wconf 67' lang='lat' dir='ltr'><strong>falls.</strong></span> <span class='ocrx_word' id='word_1_769' title='bbox 560 5641 812 5711; x_wconf 73' lang='lat' dir='ltr'><strong>Bell&#39;ortii.</strong></span> <span class='ocrx_word' id='word_1_770' title='bbox 865 5641 958 5693; x_wconf 75' lang='lat' dir='ltr'><strong>Ms.</strong></span> <span class='ocrx_word' id='word_1_771' title='bbox 995 5640 1186 5694; x_wconf 79' lang='lat' dir='ltr'><strong>Velseri</strong></span> <span class='ocrx_word' id='word_1_772' title='bbox 1225 5643 1492 5710; x_wconf 74' lang='lat' dir='ltr'><strong>Quinrmta,</strong></span> <span class='ocrx_word' id='word_1_773' title='bbox 1531 5641 1742 5711; x_wconf 44' lang='lat' dir='ltr'><strong>pt&#39;ﬁfcrl</strong></span> 
     </span>
    </p>
   </div>
   <div class='ocr_carea' id='block_1_107' title="bbox 184 5709 1315 5778">
    <p class='ocr_par' dir='ltr' id='par_1_107' title="bbox 184 5709 1315 5778">
     <span class='ocr_line' id='line_1_107' title="bbox 184 5709 1315 5778; baseline -0.001 -14"><span class='ocrx_word' id='word_1_774' title='bbox 184 5718 368 5764; x_wconf 82' lang='lat' dir='ltr'><strong>tamen</strong></span> <span class='ocrx_word' id='word_1_775' title='bbox 400 5710 510 5778; x_wconf 82' lang='lat' dir='ltr'><strong>ipse</strong></span> <span class='ocrx_word' id='word_1_776' title='bbox 528 5710 668 5764; x_wconf 76' lang='lat' dir='ltr'><strong>Surii</strong></span> <span class='ocrx_word' id='word_1_777' title='bbox 693 5709 966 5764; x_wconf 84' lang='lat' dir='ltr'><strong>lectionem</strong></span> <span class='ocrx_word' id='word_1_778' title='bbox 993 5712 1315 5774; x_wconf 63' lang='lat' dir='ltr'><strong>Quintrm&#39;cu.</strong></span> 
     </span>
    </p>
   </div>
   <div class='ocr_carea' id='block_1_108' title="bbox 1843 4574 3403 4646">
    <p class='ocr_par' dir='ltr' id='par_1_108' title="bbox 1843 4574 3403 4646">
     <span class='ocr_line' id='line_1_108' title="bbox 1843 4574 3403 4646; baseline 0.001 -18"><span class='ocrx_word' id='word_1_779' title='bbox 1843 4593 1946 4646; x_wconf 89' lang='lat' dir='ltr'><strong>qua</strong></span> <span class='ocrx_word' id='word_1_780' title='bbox 1978 4592 2063 4632; x_wconf 90' lang='lat' dir='ltr'><strong>me</strong></span> <span class='ocrx_word' id='word_1_781' title='bbox 2092 4591 2211 4631; x_wconf 88' lang='lat' dir='ltr'><strong>esse</strong></span> <span class='ocrx_word' id='word_1_782' title='bbox 2237 4576 2342 4644; x_wconf 85' lang='lat' dir='ltr'><strong>jam</strong></span> <span class='ocrx_word' id='word_1_783' title='bbox 2373 4577 2678 4630; x_wconf 84' lang='lat' dir='ltr'><strong>cernebam.</strong></span> <span class='ocrx_word' id='word_1_784' title='bbox 2724 4574 3019 4642; x_wconf 85' lang='lat' dir='ltr'><strong>Statimque</strong></span> <span class='ocrx_word' id='word_1_785' title='bbox 3049 4574 3252 4628; x_wconf 87' lang='lat' dir='ltr'><strong>reddita</strong></span> <span class='ocrx_word' id='word_1_786' title='bbox 3284 4591 3403 4629; x_wconf 84' lang='lat' dir='ltr'><strong>ora-</strong></span> 
     </span>
    </p>
   </div>
   <div class='ocr_carea' id='block_1_109' title="bbox 1846 4665 3406 4744">
    <p class='ocr_par' dir='ltr' id='par_1_109' title="bbox 1846 4665 3406 4744">
     <span class='ocr_line' id='line_1_109' title="bbox 1846 4665 3406 4744; baseline -0.001 -23"><span class='ocrx_word' id='word_1_787' title='bbox 1846 4672 1988 4744; x_wconf 80' lang='lat' dir='ltr'><strong>tione</strong></span> <span class='ocrx_word' id='word_1_788' title='bbox 2032 4667 2237 4738; x_wconf 87' lang='lat' dir='ltr'><strong>quievit</strong></span> <span class='ocrx_word' id='word_1_789' title='bbox 2283 4666 2559 4720; x_wconf 88' lang='lat' dir='ltr'><strong>exanimis.</strong></span> <span class='ocrx_word' id='word_1_790' title='bbox 2615 4665 2723 4717; x_wconf 80' lang='lat' dir='ltr'><strong>Hoc</strong></span> <span class='ocrx_word' id='word_1_791' title='bbox 2769 4674 2943 4718; x_wconf 84' lang='lat' dir='ltr'><strong>autent</strong></span> <span class='ocrx_word' id='word_1_792' title='bbox 2996 4665 3186 4719; x_wconf 85' lang='lat' dir='ltr'><strong>factum</strong></span> <span class='ocrx_word' id='word_1_793' title='bbox 3237 4668 3406 4720; x_wconf 88' lang='lat' dir='ltr'><strong>sancti</strong></span> 
     </span>
    </p>
   </div>
   <div class='ocr_carea' id='block_1_110' title="bbox 1845 4761 3394 4832">
    <p class='ocr_par' dir='ltr' id='par_1_110' title="bbox 1845 4761 3394 4832">
     <span class='ocr_line' id='line_1_110' title="bbox 1845 4761 3394 4832; baseline -0.003 -13"><span class='ocrx_word' id='word_1_794' title='bbox 1845 4764 2080 4819; x_wconf 85' lang='lat' dir='ltr'><strong>Severini</strong></span> <span class='ocrx_word' id='word_1_795' title='bbox 2128 4762 2456 4832; x_wconf 70' lang='lat' dir='ltr'><strong>adiuratione</strong></span> <span class='ocrx_word' id='word_1_796' title='bbox 2485 4762 2556 4814; x_wconf 82' lang='lat' dir='ltr'><strong>ita</strong></span> <span class='ocrx_word' id='word_1_797' title='bbox 2584 4761 2814 4814; x_wconf 88' lang='lat' dir='ltr'><strong>celatum</strong></span> <span class='ocrx_word' id='word_1_798' title='bbox 2843 4769 2955 4825; x_wconf 89' lang='lat' dir='ltr'><strong>est,</strong></span> <span class='ocrx_word' id='word_1_799' title='bbox 3006 4769 3060 4813; x_wconf 94' lang='lat' dir='ltr'><strong>ut</strong></span> <span class='ocrx_word' id='word_1_800' title='bbox 3086 4770 3207 4814; x_wconf 85' lang='lat' dir='ltr'><strong>ante</strong></span> <span class='ocrx_word' id='word_1_801' title='bbox 3249 4775 3394 4814; x_wconf 87' lang='lat' dir='ltr'><strong>mor-</strong></span> 
     </span>
    </p>
   </div>
   <div class='ocr_carea' id='block_1_111' title="bbox 1915 4950 3408 5021">
    <p class='ocr_par' dir='ltr' id='par_1_111' title="bbox 1915 4950 3408 5021">
     <span class='ocr_line' id='line_1_111' title="bbox 1915 4950 3408 5021; baseline 0.003 -16"><span class='ocrx_word' id='word_1_802' title='bbox 1915 4953 1934 4982; x_wconf 82' lang='grc'><strong><em>⁵</em></strong></span> <span class='ocrx_word' id='word_1_803' title='bbox 1964 4952 2602 5014; x_wconf 75' lang='lat' dir='ltr'><strong>LaziusmodoSilvinum,</strong></span> <span class='ocrx_word' id='word_1_804' title='bbox 2626 4950 2784 5005; x_wconf 90' lang='lat' dir='ltr'><strong>modo</strong></span> <span class='ocrx_word' id='word_1_805' title='bbox 2801 4951 3018 5004; x_wconf 83' lang='lat' dir='ltr'><strong>Silvium</strong></span> <span class='ocrx_word' id='word_1_806' title='bbox 3043 4959 3190 5021; x_wconf 88' lang='lat' dir='ltr'><strong>vocat</strong></span> <span class='ocrx_word' id='word_1_807' title='bbox 3217 4962 3271 5008; x_wconf 89' lang='lat' dir='ltr'><strong>et</strong></span> <span class='ocrx_word' id='word_1_808' title='bbox 3297 4957 3408 5021; x_wconf 62' lang='lat' dir='ltr'><strong>mi-</strong></span> 
     </span>
    </p>
   </div>
   <div class='ocr_carea' id='block_1_112' title="bbox 1843 5020 3406 5090">
    <p class='ocr_par' dir='ltr' id='par_1_112' title="bbox 1843 5020 3406 5090">
     <span class='ocr_line' id='line_1_112' title="bbox 1843 5020 3406 5090; baseline 0.004 -18"><span class='ocrx_word' id='word_1_809' title='bbox 1843 5034 2053 5090; x_wconf 88' lang='lat' dir='ltr'><strong>scopnm</strong></span> <span class='ocrx_word' id='word_1_810' title='bbox 2078 5025 2218 5085; x_wconf 83' lang='lat' dir='ltr'><strong>facit,</strong></span> <span class='ocrx_word' id='word_1_811' title='bbox 2238 5039 2267 5075; x_wconf 91' lang='lat' dir='ltr'><strong>a</strong></span> <span class='ocrx_word' id='word_1_812' title='bbox 2283 5022 2539 5076; x_wconf 85' lang='lat' dir='ltr'><strong>Severino</strong></span> <span class='ocrx_word' id='word_1_813' title='bbox 2557 5036 2729 5075; x_wconf 89' lang='lat' dir='ltr'><strong>eonse-</strong></span> <span class='ocrx_word' id='word_1_814' title='bbox 2752 5031 2940 5083; x_wconf 90' lang='lat' dir='ltr'><strong>ratum,</strong></span> <span class='ocrx_word' id='word_1_815' title='bbox 2961 5022 3044 5086; x_wconf 89' lang='lat' dir='ltr'><strong>qui</strong></span> <span class='ocrx_word' id='word_1_816' title='bbox 3066 5020 3177 5087; x_wconf 92' lang='lat' dir='ltr'><strong>ipse</strong></span> <span class='ocrx_word' id='word_1_817' title='bbox 3196 5026 3406 5080; x_wconf 79' lang='lat' dir='ltr'><strong>nonnisi</strong></span> 
     </span>
    </p>
   </div>
   <div class='ocr_carea' id='block_1_113' title="bbox 1844 5091 3407 5160">
    <p class='ocr_par' dir='ltr' id='par_1_113' title="bbox 1844 5091 3407 5160">
     <span class='ocr_line' id='line_1_113' title="bbox 1844 5091 3407 5160; baseline 0.004 -18"><span class='ocrx_word' id='word_1_818' title='bbox 1844 5095 2117 5160; x_wconf 86' lang='lat' dir='ltr'><strong>presbyter</strong></span> <span class='ocrx_word' id='word_1_819' title='bbox 2152 5091 2266 5145; x_wconf 89' lang='lat' dir='ltr'><strong>fuit.</strong></span> <span class='ocrx_word' id='word_1_820' title='bbox 2309 5092 2494 5146; x_wconf 85' lang='lat' dir='ltr'><strong>Merito</strong></span> <span class='ocrx_word' id='word_1_821' title='bbox 2522 5106 2699 5144; x_wconf 91' lang='lat' dir='ltr'><strong>rerum</strong></span> <span class='ocrx_word' id='word_1_822' title='bbox 2731 5091 3204 5160; x_wconf 84' lang='lat' dir='ltr'><strong>ecclesiasticarum</strong></span> <span class='ocrx_word' id='word_1_823' title='bbox 3246 5092 3302 5147; x_wconf 91' lang='lat' dir='ltr'><strong>in</strong></span> <span class='ocrx_word' id='word_1_824' title='bbox 3343 5111 3407 5149; x_wconf 92' lang='lat' dir='ltr'><strong>eo</strong></span> 
     </span>
    </p>
   </div>
   <div class='ocr_carea' id='block_1_114' title="bbox 1841 5159 3403 5227">
    <p class='ocr_par' dir='ltr' id='par_1_114' title="bbox 1841 5159 3403 5227">
     <span class='ocr_line' id='line_1_114' title="bbox 1841 5159 3403 5227; baseline 0.005 -18"><span class='ocrx_word' id='word_1_825' title='bbox 1841 5159 2056 5214; x_wconf 82' lang='lat' dir='ltr'><strong>auctore</strong></span> <span class='ocrx_word' id='word_1_826' title='bbox 2094 5161 2408 5227; x_wconf 89' lang='lat' dir='ltr'><strong>imperitiam</strong></span> <span class='ocrx_word' id='word_1_827' title='bbox 2457 5161 2793 5227; x_wconf 85' lang='lat' dir='ltr'><strong>reprehendit</strong></span> <span class='ocrx_word' id='word_1_828' title='bbox 2832 5159 3076 5213; x_wconf 89' lang='lat' dir='ltr'><strong>Velserus</strong></span> <span class='ocrx_word' id='word_1_829' title='bbox 3123 5171 3187 5214; x_wconf 87' lang='lat' dir='ltr'><strong>et</strong></span> <span class='ocrx_word' id='word_1_830' title='bbox 3213 5164 3403 5217; x_wconf 85' lang='lat' dir='ltr'><strong>malam</strong></span> 
     </span>
    </p>
   </div>
   <div class='ocr_carea' id='block_1_115' title="bbox 1841 5226 3405 5299">
    <p class='ocr_par' dir='ltr' id='par_1_115' title="bbox 1841 5226 3405 5299">
     <span class='ocr_line' id='line_1_115' title="bbox 1841 5226 3405 5299; baseline 0.004 -20"><span class='ocrx_word' id='word_1_831' title='bbox 1841 5226 2017 5299; x_wconf 79' lang='lat' dir='ltr'><strong>fidem,</strong></span> <span class='ocrx_word' id='word_1_832' title='bbox 2053 5226 2272 5299; x_wconf 73' lang='lat' dir='ltr'><strong>-qoippe</strong></span> <span class='ocrx_word' id='word_1_833' title='bbox 2318 5233 2405 5298; x_wconf 91' lang='lat' dir='ltr'><strong>qui</strong></span> <span class='ocrx_word' id='word_1_834' title='bbox 2446 5226 2560 5284; x_wconf 69' lang='lat' dir='ltr'><strong>haec</strong></span> <span class='ocrx_word' id='word_1_835' title='bbox 2606 5229 2764 5283; x_wconf 86' lang='lat' dir='ltr'><strong>veluti</strong></span> <span class='ocrx_word' id='word_1_836' title='bbox 2804 5244 2866 5282; x_wconf 90' lang='lat' dir='ltr'><strong>ex</strong></span> <span class='ocrx_word' id='word_1_837' title='bbox 2908 5229 3178 5297; x_wconf 82' lang='lat' dir='ltr'><strong>Eugyppio</strong></span> <span class='ocrx_word' id='word_1_838' title='bbox 3219 5231 3405 5286; x_wconf 86' lang='lat' dir='ltr'><strong>hausta</strong></span> 
     </span>
    </p>
   </div>
   <div class='ocr_carea' id='block_1_116' title="bbox 1842 5297 3403 5364">
    <p class='ocr_par' dir='ltr' id='par_1_116' title="bbox 1842 5297 3403 5364">
     <span class='ocr_line' id='line_1_116' title="bbox 1842 5297 3403 5364; baseline 0.004 -15"><span class='ocrx_word' id='word_1_839' title='bbox 1842 5297 2105 5363; x_wconf 56' lang='lat' dir='ltr'><strong>proferat.</strong></span> <span class='ocrx_word' id='word_1_840' title='bbox 2134 5297 2428 5353; x_wconf 81' lang='lat' dir='ltr'><strong>Aventinus</strong></span> <span class='ocrx_word' id='word_1_841' title='bbox 2454 5309 2664 5354; x_wconf 87' lang='lat' dir='ltr'><strong>exstare</strong></span> <span class='ocrx_word' id='word_1_842' title='bbox 2703 5299 2998 5362; x_wconf 83' lang='lat' dir='ltr'><strong>Qttintanis,</strong></span> <span class='ocrx_word' id='word_1_843' title='bbox 3030 5303 3141 5351; x_wconf 90' lang='lat' dir='ltr'><strong>sive</strong></span> <span class='ocrx_word' id='word_1_844' title='bbox 3167 5298 3403 5364; x_wconf 76' lang='lat' dir='ltr'><strong>liunsen,</strong></span> 
     </span>
    </p>
   </div>
   <div class='ocr_carea' id='block_1_117' title="bbox 1835 5366 3407 5437">
    <p class='ocr_par' dir='ltr' id='par_1_117' title="bbox 1835 5366 3407 5437">
     <span class='ocr_line' id='line_1_117' title="bbox 1835 5366 3407 5437; baseline 0.003 -18"><span class='ocrx_word' id='word_1_845' title='bbox 1835 5382 1973 5437; x_wconf 51' lang='lat' dir='ltr'><strong>vico,</strong></span> <span class='ocrx_word' id='word_1_846' title='bbox 2001 5370 2250 5437; x_wconf 87' lang='lat' dir='ltr'><strong>templum</strong></span> <span class='ocrx_word' id='word_1_847' title='bbox 2283 5371 2424 5423; x_wconf 85' lang='lat' dir='ltr'><strong>scrib</strong></span> <span class='ocrx_word' id='word_1_848' title='bbox 2448 5379 2486 5428; x_wconf 86' lang='lat' dir='ltr'><strong>t.</strong></span> <span class='ocrx_word' id='word_1_849' title='bbox 2514 5370 2595 5420; x_wconf 85' lang='lat' dir='ltr'><strong>ubi</strong></span> <span class='ocrx_word' id='word_1_850' title='bbox 2634 5369 2700 5421; x_wconf 86' lang='lat' dir='ltr'><strong>D.</strong></span> <span class='ocrx_word' id='word_1_851' title='bbox 2729 5366 2972 5435; x_wconf 80' lang='lat' dir='ltr'><strong>Sylt&#39;t&#39;ttus</strong></span> <span class='ocrx_word' id='word_1_852' title='bbox 3005 5367 3407 5436; x_wconf 60' lang='lat' dir='ltr'><strong>MystaIVinde-</strong></span> 
     </span>
    </p>
   </div>
   <div class='ocr_carea' id='block_1_118' title="bbox 1838 5435 3410 5506">
    <p class='ocr_par' dir='ltr' id='par_1_118' title="bbox 1838 5435 3410 5506">
     <span class='ocr_line' id='line_1_118' title="bbox 1838 5435 3410 5506; baseline 0.004 -20"><span class='ocrx_word' id='word_1_853' title='bbox 1838 5435 2068 5500; x_wconf 83' lang='lat' dir='ltr'><strong>licorunt,</strong></span> <span class='ocrx_word' id='word_1_854' title='bbox 2099 5435 2366 5506; x_wconf 70' lang='lat' dir='ltr'><strong>fanriliun’s</strong></span> <span class='ocrx_word' id='word_1_855' title='bbox 2388 5439 2648 5500; x_wconf 82' lang='lat' dir='ltr'><strong>Severino,</strong></span> <span class='ocrx_word' id='word_1_856' title='bbox 2676 5442 2912 5506; x_wconf 71' lang='lat' dir='ltr'><strong>humatus</strong></span> <span class='ocrx_word' id='word_1_857' title='bbox 2942 5435 3142 5490; x_wconf 71' lang='lat' dir='ltr'><strong>colitur.</strong></span> <span class='ocrx_word' id='word_1_858' title='bbox 3170 5439 3410 5494; x_wconf 79' lang='lat' dir='ltr'><strong>Raderus</strong></span> 
     </span>
    </p>
   </div>
   <div class='ocr_carea' id='block_1_119' title="bbox 1841 5505 3434 5573">
    <p class='ocr_par' dir='ltr' id='par_1_119' title="bbox 1841 5505 3434 5573">
     <span class='ocr_line' id='line_1_119' title="bbox 1841 5505 3434 5573; baseline 0.003 -16"><span class='ocrx_word' id='word_1_859' title='bbox 1841 5521 1959 5558; x_wconf 87' lang='lat' dir='ltr'><strong>eum</strong></span> <span class='ocrx_word' id='word_1_860' title='bbox 2004 5505 2132 5562; x_wconf 85' lang='lat' dir='ltr'><strong>tom.</strong></span> <span class='ocrx_word' id='word_1_861' title='bbox 2167 5507 2206 5559; x_wconf 91' lang='grc'><strong>11</strong></span> <span class='ocrx_word' id='word_1_862' title='bbox 2241 5510 2475 5560; x_wconf 77' lang='lat' dir='ltr'><strong>Bavaria:</strong></span> <span class='ocrx_word' id='word_1_863' title='bbox 2529 5517 2743 5568; x_wconf 55' lang='lat' dir='ltr'><strong>sanctae,</strong></span> <span class='ocrx_word' id='word_1_864' title='bbox 2783 5516 2836 5558; x_wconf 92' lang='lat' dir='ltr'><strong>ut</strong></span> <span class='ocrx_word' id='word_1_865' title='bbox 2864 5505 3073 5559; x_wconf 82' lang='lat' dir='ltr'><strong>Beatum</strong></span> <span class='ocrx_word' id='word_1_866' title='bbox 3108 5508 3360 5573; x_wconf 73' lang='lat' dir='ltr'><strong>prmdicat</strong></span> <span class='ocrx_word' id='word_1_867' title='bbox 3388 5527 3434 5561; x_wconf 78' lang='lat'><strong>:-</strong></span> 
     </span>
    </p>
   </div>
   <div class='ocr_carea' id='block_1_120' title="bbox 1842 5576 3404 5642">
    <p class='ocr_par' dir='ltr' id='par_1_120' title="bbox 1842 5576 3404 5642">
     <span class='ocr_line' id='line_1_120' title="bbox 1842 5576 3404 5642; baseline 0.003 -16"><span class='ocrx_word' id='word_1_868' title='bbox 1842 5576 1932 5630; x_wconf 85' lang='lat' dir='ltr'><strong>sed</strong></span> <span class='ocrx_word' id='word_1_869' title='bbox 1966 5577 2128 5629; x_wconf 86' lang='lat' dir='ltr'><strong>falsus</strong></span> <span class='ocrx_word' id='word_1_870' title='bbox 2160 5580 2412 5630; x_wconf 88' lang='lat' dir='ltr'><strong>memoria</strong></span> <span class='ocrx_word' id='word_1_871' title='bbox 2436 5585 2536 5638; x_wconf 90' lang='lat' dir='ltr'><strong>est,</strong></span> <span class='ocrx_word' id='word_1_872' title='bbox 2581 5580 2698 5628; x_wconf 82' lang='lat' dir='ltr'><strong>cum</strong></span> <span class='ocrx_word' id='word_1_873' title='bbox 2726 5588 2853 5629; x_wconf 80' lang='lat' dir='ltr'><strong>tom.</strong></span> <span class='ocrx_word' id='word_1_874' title='bbox 2889 5576 2904 5628; x_wconf 96' lang='grc'><strong>1</strong></span> <span class='ocrx_word' id='word_1_875' title='bbox 2933 5578 3150 5642; x_wconf 68' lang='lat' dir='ltr'><strong>scrip’sﬂ</strong></span> <span class='ocrx_word' id='word_1_876' title='bbox 3191 5577 3275 5629; x_wconf 85' lang='lat' dir='ltr'><strong>isti</strong></span> <span class='ocrx_word' id='word_1_877' title='bbox 3301 5579 3404 5636; x_wconf 81' lang='lat' dir='ltr'><strong>tui-</strong></span> 
     </span>
    </p>
   </div>
   <div class='ocr_carea' id='block_1_121' title="bbox 1845 5645 3267 5717">
    <p class='ocr_par' dir='ltr' id='par_1_121' title="bbox 1845 5645 3267 5717">
     <span class='ocr_line' id='line_1_121' title="bbox 1845 5645 3267 5717; baseline 0.001 -19"><span class='ocrx_word' id='word_1_878' title='bbox 1845 5647 2021 5699; x_wconf 86' lang='lat' dir='ltr'><strong>raculo</strong></span> <span class='ocrx_word' id='word_1_879' title='bbox 2062 5646 2294 5702; x_wconf 85' lang='lat' dir='ltr'><strong>adfuisse</strong></span> <span class='ocrx_word' id='word_1_880' title='bbox 2321 5648 2463 5700; x_wconf 86' lang='lat' dir='ltr'><strong>solos</strong></span> <span class='ocrx_word' id='word_1_881' title='bbox 2496 5645 2857 5717; x_wconf 80' lang='lat' dir='ltr'><strong>presbyterum</strong></span> <span class='ocrx_word' id='word_1_882' title='bbox 2888 5655 2936 5701; x_wconf 86' lang='lat' dir='ltr'><strong>ct</strong></span> <span class='ocrx_word' id='word_1_883' title='bbox 2969 5646 3267 5701; x_wconf 85' lang='lat' dir='ltr'><strong>diaconum.</strong></span> 
     </span>
    </p>
   </div>
  </div>
