3874 6226
179 247 208 300 !
229 244 326 299 185

175 355 425 412 evanuit.
453 352 645 409 Verum
693 348 834 420 regis
877 344 1233 401 internuntius

174 467 336 513 esset
369 467 425 510 et
451 454 574 524 quid
617 458 859 521 speraret
890 449 1200 515 interrogat.
1252 443 1342 498 ille
1373 458 1483 497 rem
1525 439 1756 494 breviter

178 556 492 619 insinuans,
516 551 707 606 oblatis
737 547 868 617 rogi,
900 546 1237 614 receptisque
1277 539 1531 596 remeavit
1561 539 1758 606 episto-

176 668 273 722 lis.
305 665 564 719 Dimissus
611 660 788 730 igitur,
823 655 1025 712 revexit
1062 657 1171 710 fere
1213 651 1541 722 septuaginta
1589 647 1759 716 capti-

176 776 310 823 vos,
361 761 579 825 insuper
621 753 1022 822 promissionem
1063 750 1202 820 regis
1246 757 1448 818 gratam
1491 743 1756 806 deferens,

181 866 291 918 qua
324 847 611 918 spopondit
635 860 715 912 se,
762 860 881 900 cum
932 844 1214 914 diligenter
1253 838 1576 911 provinciam
1610 849 1762 905 pera-

183 946 450 1013 graverit,
482 943 830 996 remissurum
860 949 1091 1010 quantos
1132 937 1184 992 in
1228 935 1414 991 eadem
1455 941 1762 994 reperturus

185 1037 388 1090 fuisset
416 1049 672 1090 numeros
696 1033 1052 1102 captivorum.
1084 1030 1186 1084 Pro
1213 1041 1315 1098 qua
1337 1040 1396 1080 re
1428 1021 1763 1093 postmodum

185 1139 412 1181 sanctus
443 1129 460 1157 ⁸
501 1126 732 1179 Lucillus
762 1123 1036 1195 presbyter
1061 1121 1355 1176 destinatus
1378 1129 1622 1186 magnam
1663 1110 1764 1167 mi-

185 1231 440 1272 serorum
473 1215 678 1284 cupiam
702 1229 765 1269 ea
784 1212 1098 1283 captivitate
1118 1209 1407 1266 revocavit.

799 1365 1025 1423 CAPUT
1069 1365 1176 1420 VII.
1251 1389 1253 1391 ·

561 1487 719 1542 Varia
741 1486 913 1542 divino
939 1484 1139 1558 Spiritu
1168 1485 1417 1557 prndio-it.

272 1622 366 1678 28.
406 1619 510 1677 Per
538 1620 591 1676 id
618 1631 833 1692 tempus
861 1635 968 1692 quo
1001 1620 1302 1675 Romanum
1339 1615 1620 1673 constabat
1666 1614 1768 1669 im-

195 1723 431 1794 perium,
470 1683 758 1777 multorum
801 1683 998 1775 milites
1043 1720 1355 1787 oppidorum
1395 1731 1492 1786 pro
1533 1715 1770 1768 custodia

1892 1694 2084 1752 sancte,
2115 1698 2275 1755 perge
2296 1683 2578 1746 velociter,
2608 1688 2669 1734 ut
2700 1688 2757 1732 tu

199 1814 395 1869 limitis
421 1812 647 1882 publicis
687 1808 966 1881 stipendiis
994 1809 1292 1864 alebantur.
1338 1805 1453 1873 Qua
1498 1816 1774 1861 consuetu-

193 1905 335 1965 dine
359 1910 661 1974 desinente,
707 1908 864 1964 simul
890 1907 1149 1962 militares
1180 1915 1368 1960 turma:
1399 1915 1523 1959 sunt
1551 1903 1775 1966 deletae;

189 2019 329 2060 cum
360 2003 530 2057 limite
569 2001 824 2056 Batavino
847 2008 1140 2067 utcunque,
1170 2010 1395 2051 numero
1431 1993 1776 2062 perdurante,

193 2119 278 2159 ea
324 2117 392 2156 eo
421 2107 773 2170 perrexerunt
819 2097 1032 2168 quidam
1063 2097 1132 2151 ad
1181 2096 1403 2165 Italiam,
1429 2095 1450 2125 '
1478 2101 1779 2148 extremum

209 2196 539 2266 stipendium
573 2191 1026 2249 commilitonibus
1065 2190 1308 2255 allaturi,
1338 2203 1473 2258 quos
1503 2189 1555 2241 in
1587 2187 1781 2242 itinere

214 2297 530 2356 peremptos
553 2299 581 2337 a
605 2282 846 2337 barbaris
861 2282 1038 2336 nullus
1059 2289 1367 2351 agnoverat.
1395 2277 1631 2346 Quadam
1654 2289 1782 2345 ergo

206 2379 304 2434 die
331 2377 456 2432 dum
500 2375 553 2430 in
603 2388 699 2430 sua
745 2374 935 2429 cellula
974 2373 1177 2444 legeret
1229 2381 1445 2426 sanctus
1471 2369 1783 2435 Severinus,

210 2470 394 2524 subito
432 2469 615 2523 clauso
653 2465 862 2530 codice,
898 2480 1016 2520 cum
1050 2479 1240 2534 magno
1285 2463 1447 2533 cmpit
1489 2463 1786 2532 lacrymare

212 2559 472 2629 suSpirio.
515 2559 767 2612 Astantes
792 2556 1015 2625 juvenes
1047 2554 1202 2625 jussit
1235 2554 1301 2609 ad
1329 2555 1548 2609 ﬂuvium
1590 2567 1785 2623 prope-

213 2671 404 2715 ranter
429 2672 738 2724 excurrere,
769 2671 929 2726 quem
965 2655 1019 2710 in
1052 2655 1143 2709 illa
1172 2653 1303 2710 hora
1346 2655 1579 2709 humano
1608 2653 1789 2710 firma-

216 2752 313 2806 bat
359 2765 549 2806 cruore
587 2748 846 2819 respergi,
899 2748 1184 2816 statimque
1229 2747 1526 2802 nuntiatum
1555 2754 1635 2800 est
1664 2758 1788 2800 cor-

217 2857 355 2912 pora
387 2842 726 2911 prmfatorum
755 2837 984 2894 militum
1013 2837 1250 2894 ﬂuminis
1279 2838 1478 2908 impetu
1509 2835 1573 2891 ad
1593 2845 1790 2890 terram

221 2931 391 2986 fuisse
422 2931 617 2986 delata.

1485 230 1636 284 VITA
1679 226 1740 280 S.
1780 215 1907 275 σεεν
1920 212 2117 270 ERINI.

1275 342 1582 404 diaconum,
1616 336 1755 391 unde
1785 336 1829 392 Α
1858 325 2113 394 Quamvis
2159 327 2349 376 cuncta
2382 317 2684 373 mertalium
2735 325 2901 384 Opere
2953 319 3254 365 constructa
3305 321 3427 374 per—

3294 191 3478 248 1186.

1857 426 2005 482 eant,
2039 416 2153 467 lia'c
2180 423 2355 466 tamen
2400 410 2619 464 aedilicia
2650 423 2757 478 pra:
2784 404 2994 461 caeteris
3031 397 3311 456 celeraime
3337 411 3422 451 re-

1858 506 2146 579 linquenda
2175 514 2327 568 sont;
2361 513 2415 558 et
2439 503 2559 556 ideo
2589 515 2685 569 pro
2711 497 2948 567 reliquiis
2980 501 3284 549 satietorum
3312 487 3431 540 nul-

1860 575 1968 654 lum
2017 598 2254 653 laborem
2304 595 2504 648 debere
2554 589 2850 658 suscipere,
2903 585 3026 656 quia
3068 582 3210 635 ultro
3258 575 3433 632 sancti

1860 679 2081 743 Joannis
2109 685 2188 740 eis
2219 684 2519 740 benedictio
2555 678 2845 734 deferetur.
2877 675 3079 729 Interea
3109 673 3323 725 beatum
3354 666 3437 718 vi-

1861 793 1978 832 rum
2009 778 2154 831 cives
2199 773 2382 843 oppidi
2430 767 2709 825 memorati
2741 763 3056 834 suppliciter
3097 760 3343 814 adierunt
3368 766 3434 809 ut

1862 876 2108 938 pergeret
2152 865 2260 919 ad'
2289 863 2574 917 Favlanam
2624 860 2895 928 [iugorum
2938 852 3254 922 principem,
3299 863 3438 902 mer-

1863 959 2018 1013 candi
2061 956 2112 1010 ei
2145 955 2412 1010 licentiam
2453 950 2761 1021 postularet.
2790 946 2994 1014 Quibus
3017 939 3435 1011 ipsez'l‘etnpus,

1865 1051 2058 1119 inquit,
2109 1048 2267 1117 hujus
2307 1044 2486 1114 oppidi
2524 1036 2994 1111 appropinquavit,
3040 1041 3099 1086 ut
3142 1031 3435 1090 desertum,

1863 1144 2001 1197 sicut
2025 1150 2216 1193 caztera
2257 1134 2431 1206 priora
2470 1132 2686 1188 castella
2725 1129 2930 1184 cultore
2965 1124 3220 1179 destituta
3256 1133 3437 1176 rema-

1865 1242 2010 1288 neat.
2038 1229 2177 1299 Quid
2203 1243 2333 1299 ergo
2360 1238 2582 1282 necesse
2610 1231 2693 1278 est
2723 1220 2856 1276 locis
2883 1214 3234 1273 mercitnonia
3261 1209 3438 1281 pravi-

1867 1326 2016 1388 dere,
2045 1321 2134 1376 ubi
2161 1320 2301 1375 ultra
2329 1332 2439 1372 non
2474 1315 2672 1388 poterit
2698 1325 2958 1382 apparere
3001 1303 3304 1362 mercatori
3330 1302 3441 1356 Be-

1864 1410 2254 1484 spondentibus
2299 1407 2433 1475 illis,
2479 1421 2588 1460 non
2637 1421 2695 1460 se
2740 1402 2943 1458 debere
2992 1394 3290 1458 contemni,
3327 1391 3439 1484 sed

1868 1482 2126 1559 consueto
2158 1498 2428 1555 sublevari
2452 1495 2744 1566 regimine;
2777 1492 2995 1564 quidam
3018 1486 3298 1560 presbyter
3325 1482 3443 1537 hac

1873 1594 2138 1651 diabolico
2183 1593 2375 1661 spiritu
2424 1590 2663 1660 repletus
2715 1584 2949 1656 adjecit:
2998 1582 3187 1650 Perge,
3229 1589 3438 1647 quam.

1870 1774 2088 1844 jejuniis
2118 1782 2173 1828 et
2186 1773 2384 1841 vigiliis
2407 1771 2762 1839 quiescamus.
2793 1765 2910 1832 Quo
2935 1764 3104 1826 dicto,
3131 1761 3215 1815 vir
3243 1757 3337 1812 Dei
3364 1756 3448 1809 la-

1880 1862 2082 1933 crymis
2111 1861 2401 1932 urgebatur
2433 1857 2757 1928 ingentibus,
2786 1853 2927 1925 quod
2959 1851 3013 1906 in
3043 1848 3323 1904 ridiculam
3346 1860 3443 1899 va-

1879 1955 2097 2008 nitatem
2156 1951 2366 2008 cunetis
2430 1947 2773 2011 audientibus
2842 1943 3101 2000 sacerdos
3172 1946 3446 2009 eruperat.

1883 2047 2081 2114 Aperta
2115 2056 2344 2112 namque
2375 2038 2668 2095 scurrilitas
2708 2035 2983 2091 latentium
3012 2041 3097 2088 est
3142 2027 3447 2086 testiﬁcatio

1880 2139 2219 2194 delictorum.
2269 2135 2500 2192 Sanctus
2538 2133 2716 2202 itaque
2740 2131 2839 2197 vir,
2869 2142 2966 2184 cur
2992 2127 3070 2182 ita
3100 2124 3257 2179 ﬂeret
3283 2127 3450 2176 inter-

1881 2215 2096 2299 rogatus
2134 2242 2163 2282 a
2188 2226 2467 2291 fratribus;
2501 2223 2691 2288 Video,
2737 2220 2931 2291 inquit,
2958 2216 3169 2287 plagam
3196 2211 3450 2284 grav-issi-

1862 2337 2023 2377 mam
2064 2321 2220 2376 nobis
2265 2317 2576 2375 absentibus
2610 2317 2745 2372 huic
2792 2317 2910 2370 loco
2944 2310 3188 2383 protinus
3225 2314 3450 2364 eventu-

1885 2426 2035 2475 ram;
2065 2421 2120 2464 et
2145 2408 2343 2464 Christi
2374 2408 2606 2463 sacraria
2641 2405 2805 2478 (quod
2840 2419 2946 2458 non
2975 2403 3091 2458 sine
3128 2401 3330 2471 gemitu
3356 2413 3450 2454 co-

1885 2518 1982 2574 gor
2028 2499 2354 2571 exprimere)
2383 2497 2622 2568 humano
2666 2496 2923 2566 sanguine
2967 2492 3359 2559 redundabant,
3393 2491 3452 2548 in

1842 2642 1848 2647 .
1890 2604 2115 2658 tantum,
2160 2601 2219 2647 ut
2244 2593 2408 2647 etiam
2451 2589 2601 2645 locus
2645 2589 2747 2643 iste
2781 2586 3058 2642 violandus
3103 2585 3200 2648 sit,
3243 2597 3367 2637 nam
3397 2582 3455 2636 in

1887 2680 2199 2753 baptisterio
2221 2681 2592 2750 loquebantur.
2613 2678 2692 2733 Ad
2718 2677 2993 2748 antiquum
3016 2675 3193 2744 itaque
3212 2683 3267 2729 et
3290 2672 3435 2729 omni

1889 2777 1989 2831 bus
2018 2775 2190 2844 majus
2236 2773 2619 2828 monasterium
2660 2785 2834 2835 suum,
2866 2768 3016 2840 juxta
3060 2778 3240 2822 muros
3277 2763 3458 2835 oppidi

1891 2867 2162 2935 Favianis,
2217 2864 2637 2936 quod'centum
2689 2869 2744 2918 et
2789 2861 2928 2916 ultra
2979 2857 3214 2915 millibus
3250 2856 3458 2921 aberat,

1899 2958 2122 3014 Danubii
2165 2955 2594 3026 navigationibus
2635 2951 3018 3009 descendebat.
3037 2950 3162 3020 mox
3203 2949 3362 3019 igitur
3394 2951 3462 3002 eo

294 3031 385 3084 29⁸
441 3029 728 3086 amulum“
761 3027 973 3098 quidam
1018 3026 1296 3098 "eam!"
1323 3024 1389 3080 ad
1415 3031 1659 3080 “nam
1700 3022 1791 3079 5⁸³
1816 3056 1862 3120 C
1891 3051 2206 3108 discedente
2229 3050 2251 3083 τ
2276 3022 2708 3112 ὀδυηὶηιιιιιάιις,
2747 3043 2928 3115 paucis
2968 3040 3214 3098 barbaris
3248 3037 3464 3095 comita-

223 3129 472 3185 verinum
513 3128 658 3183 fama
700 3128 828 3200 ejus
869 3128 1026 3182 latius
1065 3137 1404 3198 percurrente
1454 3132 1787 3193 pervenerat.

225 3221 326 3276 llic
355 3221 405 3274 in
432 3218 875 3274 consortio-beati
899 3217 1002 3273 viri
1028 3217 1216 3273 diebus
1241 3217 1444 3286 aliquot
1467 3224 1790 3285 remoratus,

224 3327 354 3366 cum
394 3310 570 3365 redire
597 3310 787 3376 vellet,
828 3309 1031 3364 audivit
1065 3309 1135 3363 ab
1174 3306 1632 3382 eonencrabilis
1673 3321 1792 3376 pre-

228 3403 436 3471 sbyter,
469 3400 679 3467 festina,
709 3400 829 3470 quia
857 3397 964 3454 cito
994 3399 1340 3466 dilectionem.
1359 3407 1525 3464 tuam,
1566 3398 1796 3467 populo-

228 3509 351 3549 rum
388 3492 695 3558 desideriis,
726 3501 785 3546 ut
829 3492 1118 3559 credimus,
1160 3492 1542 3561 obluctantem,
1567 3492 1795 3561 dignitas

226 3584 570 3652 episcopatus
591 3581 822 3637 ornabit.
841 3582 960 3637 llos
983 3592 1252 3638 remeante
1267 3581 1330 3636 ad
1347 3582 1591 3650 patriam,
1615 3594 1798 3637 sermo

227 3674 287 3728 in
311 3687 378 3727 eo
399 3672 738 3743 pradicentis
765 3673 1011 3742 impletus
1037 3682 1139 3728 est.
1170 3672 1298 3727 Nam
1320 3674 1469 3727 cives
1497 3673 1796 3741 Tiburniae,

229 3779 352 3833 qua;
387 3773 474 3818 est
531 3765 842 3832 metropolis
881 3763 1092 3830 Norici,
1144 3773 1432 3834 coegerunt
1483 3765 1796 3834 praedictum

230 3856 411 3910 virum
462 3858 655 3910 summi
697 3856 983 3911 sacerdotii
1026 3856 1296 3924 suscipere
1344 3858 1723 3926 principatum.

305 3954 395 4009 50.
439 3954 676 4010 Basilica
700 3964 1056 4012 estra'rnuros
1093 3958 1271 4027 oppidi
1305 3958 1564 4027 Batavini,
1597 3964 1646 4015 in
1680 3963 1797 4016 loco

231 4043 484 4099 nomine‘
528 4045 712 4100 Boitro
761 4057 904 4101 trans
957 4047 1162 4102 (Ellum
1217 4046 1434 4104 ﬂuvium
1471 4054 1792 4119 constitutzn,

234 4135 326 4190 ubi
379 4136 622 4190 cellulam
677 4139 860 4206 paucis
922 4138 1194 4194 monachis
1241 4141 1354 4210 ipse
1401 4152 1795 4209 construxerat,

235 4237 533 4296 martyrum
557 4228 794 4297 reliquiae
838 4230 1231 4298 quaerebantur.
1269 4232 1634 4303 lngercutibus
1667 4250 1795 4303 ergo

236 4331 298 4370 sc
342 4317 666 4386 presbyteris
716 4327 773 4371 ut
816 4319 1152 4373 mitterentur
1194 4320 1258 4374 ad
1304 4324 1602 4378 sanctuaria
1649 4322 1798 4379 defe-

1897 3151 2002 3211 tus,
2034 3141 2310 3211 oppidum,
2339 3146 2397 3193 ut
2439 3144 2657 3192 sanctus
2695 3133 3041 3204 praedixerat,
3069 3130 3282 3186 Batavis
3310 3129 3464 3184 inva-

1894 3234 1995 3299 sit;
2025 3247 2088 3286 ac
2115 3246 2252 3302 pene
2287 3228 2497 3284 cunetis
2521 3224 2878 3281 .mansoribns
2927 3224 2978 3278 in
3009 3235 3185 3277 messe
3209 3217 3464 3282 detentis,

1893 3324 2244 3396 quadraginta
2280 3322 2424 3376 viros
2463 3318 2666 3389 oppidi,
2695 3315 2787 3388 qui
2828 3316 2895 3370 ad
2925 3312 3220 3370 custodiam
3260 3325 3464 3367 reman-

1894 3425 2098 3478 serant,
2123 3413 2413 3469 interemit.
2447 3409 2861 3479 'Presbyterum
2910 3418 3121 3475 quoque
3159 3404 3326 3468 illum,
3369 3403 3462 3472 qui

1897 3517 2003 3563 tam
2033 3508 2293 3576 sacrilege
2333 3512 2517 3560 contra
2550 3500 2800 3556 famulum
2824 3497 3022 3553 Christi
3061 3497 3116 3551 in
3152 3494 3467 3564 baptisteria

1899 3599 2069 3654 fuerat
2111 3598 2373 3658 elocutus,
2421 3593 2484 3646 ad
2535 3594 2781 3645 eumdem
2828 3589 3008 3643 locum
3045 3586 3464 3657 conlugientem,

1899 3692 2243 3758 insequentes
2269 3683 2479 3739 barbari
2505 3687 2874 3751 peremerunt.
2921 3677 3139 3732 Frustra
3168 3677 3310 3730 enim
3342 3676 3467 3731 illuc

1901 3778 2106 3847 odenso
2136 3777 2248 3832 Deo
2284 3774 2524 3830 veritatis
2563 3771 2809 3827 inimicus
2838 3767 3088 3834 accessit,
3115 3766 3206 3821 ubi
3239 3775 3344 3820 tam
3373 3766 3468 3821 im-

1901 3871 2158 3939 pudenter
2181 3875 2510 3922 excesserat.

1970 3960 2060 4015 5|.
2101 3959 2261 4027 igitur
2293 3953 2658 4012 sanctissimus
2698 3950 2990 4008 Severinus
3031 3947 3160 4003 dum
3180 3948 3244 4002 :in
3271 3961 3464 4004 mona-

1899 4053 2064 4106 sterio
2088 4047 2336 4104 'lt‘asianis
2380 4045 2722 4115 Evangelium
2771 4042 2993 4111 legeret,
3042 4039 3286 4094 oratione
3314 4053 3467 4094 com-

1900 4146 2039 4217 pleta
2071 4154 2416 4211 consurgens,
2445 4133 2696 4205 scapham
2727 4134 2825 4189 sibi
2851 4133 2997 4189 illico
3022 4131 3173 4201 jubet
3198 4145 3464 4200 praepara-

1901 4239 1978 4302 ri,
2031 4246 2086 4291 et
2130 4233 2445 4289 mirantibus
2495 4230 2577 4284 his
2616 4227 2705 4298 qui
2733 4227 2984 4292 aderant,
3016 4227 3130 4280 ait:
3161 4225 3244 4281 Sit
3271 4240 3467 4281 nomen

1905 4326 2109 4380 Domini
2155 4322 2490 4378 benedictum
2517 4359 2532 4384 ,
2581 4317 2815 4386 reliquiis
2857 4315 3466 4385 beatorum'martyrum

236 4405 427 4470 renda,
469 4406 583 4461 hanc
633 4408 819 4464 beatus
860 4409 1144 4464 Severinus
1189 4411 1388 4466 monita
1437 4415 1792 4484 praeferebat;
1826 4415 1875 4474 ι)
1899 4424 2109 4487 oporlet
2155 4429 2252 4469 nos
2295 4426 2600 4468 occurrere.
2641 4409 2749 4466 Nec
2778 4422 2927 4463 mora
2952 4447 2968 4474 ,
3002 4415 3334 4463 transmeant
3363 4408 3465 4462 Da-

315 4519 332 4550 '
359 4522 453 4574 Ms.
509 4518 733 4594 Bellort.
768 4521 1022 4594 Luce'lltts
1047 4539 1058 4573 :
1087 4521 1274 4594 Lazius
1315 4524 1619 4594 episcopum
1671 4528 1795 4583 facit

240 4593 622 4653 Batavensem;
647 4590 768 4644 inde
793 4591 1190 4657 Fabianensem,
1219 4593 1333 4648 sine
1350 4590 1593 4650 auctore.
1621 4599 1795 4654 Aven-

242 4663 385 4718 tinus
415 4658 480 4710 D.
511 4659 763 4712 Lucilium
788 4661 1076 4729 episcopum
1100 4671 1267 4717 vocat.

312 4733 333 4762 ²
363 4729 965 4803 Sanctus__Augustinus
990 4772 1004 4794 ,
1035 4731 1126 4787 ιιι).
1158 4747 1281 4787 xvttt
1323 4732 1388 4789 de
1423 4734 1645 4791 Civitate
1677 4737 1791 4803 Dei,

241 4817 292 4858 c.
330 4798 414 4854 l8.
464 4798 731 4852 Caballum
775 4816 831 4853 se
870 4802 1061 4854 scilicet
1101 4803 1320 4868 factum,
1365 4820 1621 4858 annonam
1669 4798 1798 4860 inter

238 4873 348 4924 alia
381 4871 615 4952 jumenta
659 4869 914 4952 baiulus”
948 4869 1225 4952 militibus,
1263 4875 1588 4952 qaw_dicgitur
1615 4877 1794 4943 retice,

239 4939 483 5008 quoniam
518 4939 586 4991 ad
630 4939 756 4991 retia
779 4939 1095 5004 deportatur.
1144 4939 1337 4996 Vives:
1376 4944 1520 4998 Retia
1549 4955 1595 4998 et
1616 4939 1801 4999 reticul-

242 5011 348 5064 lum
395 5023 551 5080 genus
598 5018 669 5061 est
715 5009 929 5073 saeculi,
953 5024 1053 5081 quo
1084 5010 1294 5066 viatores
1325 5030 1527 5081 panem,
1551 5032 1726 5069 carnea
1754 5028 1801 5070 et

239 5079 607 5150 pomo'gestare
631 5090 1003 5133 consueverant.
1029 5079 1095 5132 At
1112 5079 1353 5137 Velserus
1380 5084 1506 5152 legit
1531 5103 1543 5137 :
1573 5085 1698 5150 Qua:
1719 5086 1800 5138 di-

240 5151 374 5202 ci:ur
393 5148 639 5212 Rhwtica,
653 5147 888 5217 quoniam
901 5150 967 5200 ad
980 5148 1200 5205 Raetias
1214 5154 1532 5217 deportatur;
1548 5164 1800 5217 putatque

240 5169 374 5230 ait"
393 5169 639 5228 alterum,
653 5169 888 5217 quantum
901 5169 966 5200 au
980 5169 1200 5205 uacuas
1214 5169 1532 5222 deportatur;
1548 5169 1800 5224 putatque

217 5217 565 5300 stipendium
590 5219 776 5300 eadem
807 5232 966 5300 opera
1000 5220 1256 5278 delatum.
1297 5222 1365 5277 Et
1391 5239 1524 5280 sane
1554 5225 1620 5280 de
1651 5226 1798 5280 Italia

241 5285 400 5358 isthic
424 5285 721 5358 Augustino
745 5299 827 5342 est
849 5285 1045 5343 sermo.

311 5356 335 5388 ³
373 5356 454 5439 ᾼι)
483 5356 584 5439 hoc
611 5358 1222 5439 gaulinoepiscOporutn
1260 5377 1485 5439 suorum
1500 5363 1795 5439 catalogum

242 5429 582 5503 auspicantur
618 5428 1136 5503 lleginoburgensea.
1185 5433 1394 5503 Primus
1435 5433 1486 5489 id
1519 5428 1799 5503 scripsisse

245 5500 411 5569 fertur
454 5497 731 5552 Conradus
773 5498 842 5554 de
890 5509 1068 5554 monte
1106 5502 1427 5569 puellarum.
1491 5497 1704 5559 Rcfuiat
1747 5505 1798 5559 id

251 5567 526 5631 Velscrus,
574 5569 894 5623 assentiente
941 5567 1147 5628 Radere
1185 5583 1386 5631 nostro.
1448 5575 1600 5632 Patet
1643 5591 1704 5630 ex
1737 5576 1805 5631 iis

243 5653 356 5706 qua!
390 5642 450 5690 ad
483 5653 600 5708 Cap.
627 5640 678 5692 6.
712 5639 854 5694 dicta
883 5645 1026 5693 sunt.

1973 4526 1995 4557 δ
2033 4526 2156 4580 Laz.
2190 4522 2416 4589 Boiotro.
2457 4521 2507 4575 ls
2533 4519 2682 4575 locus
2711 4532 2830 4589 esse
2849 4516 3076 4589 _videtur
3099 4531 3258 4584 quem
3289 4517 3468 4575 Ptole-

1902 4611 2067 4652 maeus
2095 4585 2410 4646 Boiodurum
2436 4601 2588 4646 vocat
2616 4589 2725 4643 tab.
2785 4585 2819 4640 5
2847 4587 3097 4655 Europa),
3128 4601 3243 4651 cap.
3282 4589 3370 4653 lt,
3412 4599 3466 4644 et

1901 4663 2213 4720 Vindelicis:
2239 4663 2492 4726 ascribit,
2535 4673 2654 4715 cum
2682 4659 2820 4712 inter
2852 4655 3042 4719 Batava
3063 4666 3120 4712 et
3147 4655 3465 4713 Boiotlurvna

1903 4735 2084 4792 (Eous
2112 4733 2239 4785 [luat
2267 4731 2441 4785 Norici
2471 4740 2524 4785 et
2545 4727 2851 4783 Vindelicis
2884 4730 3036 4782 limes
3056 4727 3380 4782 :Antoninus
3409 4739 3467 4783 et

1900 4806 2066 4860 Notit.
2101 4804 2231 4869 lmp.
2261 4798 2794 4867 Boiodorum,'l‘abula
2817 4796 3220 4869 Peutingeriana
3243 4795 3464 4869 Bolodo-

1900 4892 2034 4928 rum.
2081 4866 2246 4927 Instat
2281 4871 2438 4926 hodie
2466 4866 2706 4934 vocatur,
2742 4867 2894 4937 quasi
2932 4866 3066 4937 (Eni
3107 4867 3359 4919 ciuitatem
3385 4868 3465 4921 tli-

1901 4960 2015 4999 cas.
2033 4945 2125 5000 Est
2147 4943 2303 4997 isthic
2333 4940 2575 5015 ﬂuviolus
2603 4935 2949 5015 Deiter,_si_ve
2973 4935 3153 5015 Boitra
3175 4937 3264 5015 qui
3292 4946 3470 4991 vets-

1905 5025 2015 5068 tum
2061 5028 2255 5068 nomen
2301 5013 2534 5074 retinet:
2581 5010 2767 5063 visitur
2813 5007 2967 5062 isthic
3014 5004 3236 5060 ecclesia
3289 5018 3469 5060 sancto

1903 5083 2146 5139 Seuerino
2171 5096 2344 5149 sacra,
2374 5096 2493 5152 qua:
2519 5079 2690 5146 cellae,
2716 5075 2868 5147 cujus
2902 5076 2987 5132 hic
3013 5074 3211 5130 mentio
3235 5073 3314 5144 fit,
3347 5091 3463 5132 me-

1903 5159 2130 5209 moriam
2154 5161 2351 5207 servat.
2465 5171 2468 5173 ·

1973 5225 1995 5256 ⁸
2035 5224 2229 5278 Fanum
2261 5222 2468 5276 videtur
2493 5218 2792 5286 legendum.

1973 5296 1994 5327 ⁸
2035 5295 2330 5349 Censentur
2371 5291 2510 5347 inter
2549 5283 2851 5344 Passavium
2881 5292 2936 5340 et
2959 5283 3221 5340 Viennam
3253 5285 3469 5343 circiter

1900 5364 1970 5418 40
2000 5360 2601 5434 ιιιὶιιίπίιγϐθςξηθῃίω.
2631 5428 2642 5434 Α
2739 5381 2748 5390 ς

1971 5437 1990 5467 '
2030 5433 2287 5490 Jornandi
2336 5424 2726 5495 Hunimundur,
2772 5424 3029 5482 Bellortio
3080 5425 3466 5481 Humibundtta.

1903 5505 2200 5562 Suevorum
2229 5519 2319 5558 rex
2347 5511 2485 5558 erat.

1975 5577 1996 5607 ⁸
2037 5572 2330 5629 Aventinus
2360 5573 2664 5641 episcopum
2695 5564 3286 5641 facit._ejusque_jocum
3312 5576 3468 5622 antea

1900 5646 1954 5701 in
1986 5657 2224 5702 sanetum
2251 5637 2556 5713 conjectum
2575 5641 2644 5695 ita
2674 5637 2888 5707 exponit
2911 5679 2925 5706 ,
2957 5647 3048 5692 aut
3076 5638 3336 5707 depravat
3373 5655 3470 5708 po-
