3800 6236
95 197 215 253 H89

1372 193 1526 250 VITA
1565 196 1622 252 S.
1666 197 1748 252 SE
1761 198 1997 253 VICRINI.

3163 218 3300 274 1190

89 302 288 364 inimici.
346 305 686 374 Quicunque.
716 305 856 359 enim
923 302 1118 358 ibidem
1163 307 1350 354 contra
1403 302 1632 359 hominis
1660 309 1713 368 Α
1736 319 1798 359 ac
1827 307 2089 359 dicentem
2138 310 2233 362 sibi
2269 328 2280 361 :
2315 312 2486 368 Nolite
2531 315 2737 380 timere,
2777 320 2978 388 pergite
3002 335 3106 388 quo
3133 326 3299 393 coepi-

90 400 172 453 Dei
214 397 546 452 interdictum
595 403 904 448 manserunt
933 395 949 424 ⁸
977 390 1266 458 Thuringis
1308 393 1633 449 irruentibus

85 489 131 543 in
176 475 355 542 eadem
398 485 731 556 hebdomade
758 525 773 549 ,
803 483 887 538 alii
916 483 1127 554 quidem
1159 483 1430 551 trucidati,
1452 486 1544 539 alii
1579 488 1632 540 in

83 577 428 644 captivitatem
458 575 692 639 deducti,
727 588 908 642 poenas
935 575 1130 629 dedere
1158 583 1517 642 contemptus.

68 676 74 685 ‘
145 667 231 722 36.
274 667 436 735 Igitur
481 675 600 734 post
644 664 906 718 excidium
937 666 1252 735 oppidorum
1282 666 1335 720 in
1360 668 1638 735 superiore

85 765 222 825 parte
263 756 526 822 Danubii,
569 766 779 809 eiunem
812 756 1060 824 populum
1109 755 1162 808 in
1196 755 1513 810 Lauriacum
1543 773 1637 826 op—

82 847 252 914 pidum
283 847 745 913 transmigrantem
771 885 787 911 ,
831 847 921 914 qui
950 846 1118 900 sancti
1147 847 1391 900 Severini
1424 851 1638 904 monitis

85 945 380 1004 paruerant,
407 936 633 991 assiduis
661 936 1050 992 hortationibus
1083 941 1450 1006 praistruebat,
1482 957 1545 995 ne
1584 943 1634 999 in

82 1041 169 1081 sua
198 1028 391 1081 virtute
417 1027 792 1091 considerent,
842 1027 934 1083 sed
982 1030 1312 1083 orationibus
1345 1040 1397 1083 et
1424 1031 1636 1099 jejuniis

84 1128 234 1187 atque
271 1118 624 1187 cleemosynis
656 1116 962 1170 insistentes
994 1117 1156 1171 armis
1187 1119 1364 1186 potius
1393 1121 1636 1187 spiritua—

84 1209 218 1262 libus
247 1208 596 1262 munirentur.
628 1206 886 1262 Praeterea
917 1209 998 1261 vir
1023 1208 1116 1262 Dei
1147 1209 1374 1276 quadam
1395 1210 1481 1264 die
1509 1225 1636 1264 cun-

79 1310 188 1352 ctos
230 1313 491 1368 pauperes
535 1301 586 1350 in
646 1312 747 1351 una
800 1298 1015 1352 basilica
1064 1298 1250 1351 statuit
1294 1299 1632 1368 congregari,

81 1393 248 1446 oleum
292 1400 446 1460 prout
495 1392 746 1458 poscebat
794 1390 928 1444 ratio
977 1389 1293 1458 largiturus;
1324 1405 1483 1458 quam
1516 1404 1637 1457 spe-

79 1485 208 1536 ciem
242 1486 294 1535 in
328 1483 432 1535 illis
459 1482 589 1535 locis
618 1479 985 1535 difficillimam
1018 1483 1403 1547 negotiatorum
1433 1490 1635 1535 tantum

79 1571 347 1625 deferebat
397 1569 659 1624 advectio.
736 1568 899 1638 Igitur
946 1578 1192 1636 tanquam
1255 1568 1638 1623 benedictionis

1736 397 1852 450 stis.
1884 396 1990 450 IIac
2015 412 2141 451 vero
2164 402 2486 457 revelatione
2512 407 2750 474 protinus
2778 409 3018 475 animati,
3041 426 3160 466 cum
3182 428 3294 469 cm-

1739 485 1939 552 pissent
1963 486 2122 538 etiam
2156 486 2256 541 fide
2294 493 2460 560 magis
2503 509 2659 562 quam
2688 498 2961 564 gressibus
3007 499 3296 567 proficisci,

1738 574 1916 627 subito
1947 573 2131 628 divino
2162 586 2287 630 nutu
2312 579 2538 648 ingentis
2566 585 2752 639 formae
2773 602 2929 642 ursus
2959 602 2988 641 e
3014 589 3184 646 latere
3207 606 3295 645 ve-
3351 639 3378 649 ..

1738 667 1890 719 niens
1922 667 2061 720 viam
2110 677 2501 724 monstraturus
2549 677 2809 741 apparuit,
2840 680 2932 746 qui
2973 694 3032 734 se
3063 689 3302 751 tempore

1738 753 1942 824 hyemis
1986 757 2262 823 speluncis
2306 758 2544 814 abditare
2588 766 2881 831 censnevit,
2916 774 2969 820 et
3005 783 3124 822 mox
3154 770 3299 837 cupi-

1738 854 1846 896 tum
1880 854 2086 899 reserat
2115 847 2251 912 iter;
2284 858 2338 902 et
2384 865 2476 916 per
2503 850 2729 905 ducenta
2772 853 2802 906 ft
2824 870 2880 908 re
2916 856 3076 912 millia
3105 874 3206 912 non
3230 862 3295 914 ad

1737 933 2007 988 sinistram
2056 935 2301 1000 devians,
2337 953 2442 992 non
2479 942 2543 992 ad
2569 941 2865 1008 dexteram,
2893 947 3027 999 viam
3077 949 3294 1003 demon-

1737 1025 1925 1078 stravit
1945 1029 2253 1095 Optabilem.
2279 1029 2448 1082 Tanta
2475 1030 2616 1085 enim
2645 1047 2738 1085 eos
2762 1034 3151 1103 intercapedine
3174 1057 3299 1110 prer-

1738 1115 1978 1180 ccdebat,
2024 1128 2219 1185 quiante
2275 1131 2492 1189 regente
2519 1121 2538 1152 ⁸
2562 1125 2785 1192 vestigio
2815 1128 3059 1179 semitam
3093 1144 3296 1199 pra-pa:

1739 1221 1904 1266 raret.
1933 1211 2114 1282 Itaque
2160 1216 2506 1284 progrediens
2538 1219 2705 1272 bestia
2748 1234 2842 1287 per
2882 1221 3046 1274 eremi
3078 1232 3292 1276 vastita-

1741 1303 2029 1367 tem,viros
2055 1305 2142 1372 qui
2171 1306 2351 1375 egenis
2383 1308 2689 1362 deferebant
2719 1308 2907 1362 Solatia
2939 1325 3042 1363 non
3067 1310 3298 1378 reliquit.

1739 1392 1832 1446 sed
1860 1407 2026 1462 usque
2057 1394 2119 1448 ad
2151 1395 2451 1450 habitacula
2485 1397 2758 1452 hominum
2788 1415 2887 1467 qui
2924 1401 3094 1466 potuit
3121 1399 3304 1452 huma-

1742 1486 1906 1540 nitate
1935 1485 2198 1553 perduxit,
2246 1497 2298 1541 et
2336 1504 2458 1542 mox
2506 1491 2557 1542 in
2591 1506 2744 1542 unam
2779 1500 2982 1559 partem
3015 1490 3190 1543 officio
3220 1490 3304 1544 di-

1741 1573 1900 1625 vertit
1928 1573 2136 1641 expleto
2163 1591 2177 1626 :
2210 1575 2497 1628 ostendens
2527 1584 2671 1629 tanto
2701 1577 2926 1630 ducatus
2951 1576 3146 1640 officio,
3178 1578 3300 1645 quid

77 1662 396 1729 accipiendze
427 1662 594 1731 gratia
623 1660 795 1728 major
841 1674 1131 1728 egenorum
1166 1659 1319 1711 turba
1348 1658 1636 1724 confluxit;
1672 1666 1716 1725 Β
1741 1663 1986 1717 homines
2031 1665 2332 1718 hominibus
2364 1676 2616 1734 praestare
2665 1668 2913 1730 debeant,
2946 1676 3304 1736 quantumque

79 1753 367 1818 pretiosum
399 1751 593 1817 quippe
643 1748 836 1800 ibidem
875 1747 1031 1814 hujus
1080 1746 1300 1815 liquoris
1329 1748 1636 1801 alimentum

77 1842 220 1894 auxit
251 1841 478 1905 turbam,
503 1854 884 1907 numerumque
913 1839 1262 1906 poscentium.
1283 1839 1430 1892 Tunc
1458 1839 1642 1893 beatus

79 1931 324 1984 oratione
372 1930 631 1996 c'mpleta
675 1931 930 1998 signoque
987 1930 1160 1983 erucis
1213 1945 1486 1997 expresso,
1519 1930 1642 1983 soli-

79 2028 186 2072 tum
210 2020 314 2074 sibi
339 2018 626 2088 Scriptura:
652 2028 847 2073 sancta:
871 2033 1170 2074 sermonem
1191 2021 1395 2074 cunrtis
1427 2023 1642 2075 audit-n-

79 2109 214 2163 tibus
249 2109 556 2177 exprimens
587 2108 696 2160 ait:
723 2108 803 2162 Sit
831 2123 1020 2162 nomen
1047 2109 1250 2161 Domini
1280 2110 1636 2162 benedictum.

78 2199 228 2253 Tunc
265 2199 428 2264 cmpit
456 2199 630 2251 oleum
674 2198 881 2265 propria
921 2213 1077 2250 manu
1122 2199 1379 2252 ministris
1420 2200 1641 2267 implere

79 2288 416 2357 portantibus
447 2285 709 2342 .lmitatus
737 2301 922 2341 servus
955 2287 1123 2341 fidelis
1151 2288 1433 2342 Dominum
1464 2305 1636 2355 suum,

75 2378 161 2446 qui
190 2393 298 2431 non
350 2377 640 2430 ministrari
688 2385 941 2441 venerat,
976 2377 1068 2432 sed
1100 2377 1271 2444 potius
1296 2379 1598 2433 ministrare
1626 2422 1640 2444 ,

77 2481 415 2536 sequensque
444 2468 661 2536 vestigia
696 2466 1008 2532 Salvatoris,
1039 2467 1301 2536 gaudebat
1322 2469 1498 2536 augeri
1533 2485 1642 2523 ma-

80 2558 294 2621 teriam,
331 2572 488 2626 quam
519 2557 692 2611 officio
722 2557 954 2612 dextera:
985 2558 1197 2611 sinistra
1231 2558 1501 2613 nesciente
1525 2559 1640 2611 funo

76 2648 262 2702 debat.
305 2645 593 2716 Completis
637 2649 818 2716 itaque
865 2649 1092 2703 vasculis
1141 2664 1427 2718 pauperum
1456 2691 1468 2712 ,
1511 2651 1641 2705 nihil

77 2735 420 2790 minuebatur
449 2737 500 2789 in
532 2737 774 2789 manibus
802 2736 1238 2791 ministrantium.
1274 2739 1502 2794 Tantum
1546 2739 1642 2809 igi-

76 2834 160 2880 tur
191 2827 286 2880 Dei
317 2825 629 2880 beneficium
675 2827 798 2881 dum
839 2826 1244 2882 circumstantes
1286 2830 1445 2884 tacite
1483 2831 1644 2884 mira-

76 2924 268 2968 rentur
285 2955 300 2978 ,
332 2931 468 2968 unus
489 2930 670 2969 eorum
694 2917 778 2971 cui
808 2931 1000 2972 nomen
1024 2926 1141 2972 erat
1169 2920 1188 2949 ⁸
1213 2919 1462 2975 Biennius
1479 2962 1494 2988 ,
1527 2936 1642 2975 ma-

1742 1754 2018 1806 charitatis
2045 1755 2373 1821 impendere,
2407 1769 2526 1808 cum
2571 1756 2975 1823 desperantibus
3005 1760 3105 1809 iter
3136 1757 3303 1811 best'a

1743 1857 1884 1896 saeva
1913 1846 2307 1896 monstraverit.
2340 1844 2502 1909 Igitur
2532 1860 2650 1897 cum
2675 1859 2834 1898 servo
2863 1846 2956 1900 Dei
3000 1848 3305 1900 nuntiaren-

1746 1940 1834 1985 tur
1855 1934 1942 2000 qui
1974 1942 2251 2000 venerant,
2271 1934 2677 1988 ait:Sitnomen
2711 1935 2916 1988 Domini
2949 1935 3301 1990 benedictum.

1746 2023 2116 2092 Ingrediantur
2137 2023 2326 2092 quibus
2347 2023 2485 2075 viam
2510 2038 2612 2090 qua
2636 2024 2884 2078 venirent
2907 2039 3060 2078 ursus
3080 2023 3302 2092 aperuit.

1742 2112 1859 2178 Quo
1887 2113 2067 2165 audito
2098 2112 2172 2165 illi
2201 2122 2419 2179 stupore
2455 2113 2667 2181 repleti,
2696 2113 3024 2166 mirabantur
3063 2115 3202 2166 enim
3231 2114 3306 2166 vi-

1745 2219 1860 2260 rum
1892 2204 1983 2259 Dei
2004 2205 2204 2259 referre
2234 2204 2285 2257 id
2312 2204 2450 2272 quod
2482 2204 2532 2257 in
2565 2203 2808 2257 absentia
2836 2214 3174 2271 provenerat.

2361 2335 2584 2389 CAPUT
2611 2336 2699 2390 IX.

1748 2440 1926 2495 Multis
1947 2453 2121 2497 contra
2148 2443 2314 2498 hostes
2340 2446 2579 2513 prasidio
2605 2455 2712 2509 est;
2740 2448 2965 2503 barbaris
2989 2449 3303 2505 venerabilis.

1817 2551 1903 2605 3’3.
1957 2550 2112 2606 Cives
2167 2551 2294 2606 item
2345 2553 2526 2622 oppidi
2577 2554 2816 2609 Lauriaci
2864 2566 2916 2611 et
2967 2562 3299 2626 superiorum

1747 2641 2028 2709 transfuga:
2060 2643 2399 2696 castellorum
2438 2633 2502 2696 ad
2525 2656 2767 2713 suspecta
2792 2647 2907 2700 loca
2948 2648 3303 2714 exploratori-

1746 2730 1844 2784 bus
1864 2731 2161 2799 desﬁnatis,
2191 2733 2372 2788 hostes
2394 2745 2646 2803 quantum
2675 2748 2922 2806 peterent
2947 2740 3172 2794 humana
3197 2742 3305 2795 sol-

1749 2823 2044 2878 licitudine
2079 2827 2467 2892 praecavebant.
2499 2827 2643 2892 Quos
2688 2842 2873 2882 servus
2899 2830 2990 2884 Dei
3020 2831 3308 2886 divinitatis

1746 2910 1999 2966 instinctu
2050 2915 2429 2979 commonitus,
2481 2930 2714 2983 pra-saga
2768 2926 2945 2972 mente
2975 2922 3306 2986 praestruxit,

74 3019 181 3075 gno
225 3005 414 3060 timore
454 3007 784 3074 perterritus,
831 3007 1144 3062 exclamavit
1171 3008 1391 3064 dicens;
1427 3011 1646 3066 nomine
1671 3017 1717 3078 ρ
1751 3012 1806 3055 ut
1831 3017 2043 3057 omnem
2075 3003 2399 3072 paupertatis
2439 3018 2548 3058 suae
2573 3005 2942 3060 sufficientiam
2971 3007 3105 3060 intra
3131 3024 3306 3063 muros

75 3096 170 3161 mi,
204 3094 400 3150 crescit
425 3097 509 3150 hic
527 3097 751 3149 racabus
780 3097 881 3151 olei
901 3109 954 3152 et
977 3098 1025 3150 in
1054 3098 1264 3152 modum
1297 3099 1453 3154 fontis
1478 3117 1644 3157 exun-

73 3187 184 3240 dat.
227 3187 320 3241 Sic
350 3187 521 3256 liquor
550 3186 640 3242 ille
666 3188 1015 3257 gratissimus,
1047 3192 1251 3258 prodita
1275 3195 1489 3259 virtute,
1520 3195 1645 3248 sub-

75 3286 284 3332 tractus
327 3287 425 3333 est.
468 3276 564 3332 Cui
613 3281 788 3331 Statim
831 3277 1024 3333 Christi
1075 3281 1303 3334 famulus
1341 3285 1642 3339 exclamans

73 3371 145 3422 ait
176 3387 189 3423 :
222 3370 359 3437 Quid
393 3369 559 3424 fecisti
587 3410 603 3432 ,
645 3371 839 3425 frater?
868 3373 1184 3426 Obstruxisti
1225 3377 1500 3429 commoda
1525 3378 1641 3446 plu-

74 3463 373 3525 rimorum;
417 3461 658 3528 ignoscat
723 3461 815 3515 tibi
877 3462 1130 3517 Dominus
1176 3464 1331 3520 Jesus
1375 3466 1639 3521 Christus.

75 3547 165 3602 Sic
205 3547 495 3615 aliquando
536 3550 723 3604 mulier
769 3552 925 3605 vidua
973 3551 1164 3606 debitis
1204 3563 1442 3621 onerata,
1468 3556 1645 3611 Elismi

74 3638 355 3720 prephetre
386 3626 549 3706 jussis
599 3641 896 3719 instruitur,
946 3658 1009 3695 ex
1053 3643 1154 3697 olei
1187 3645 1326 3698 stilla
1357 3661 1515 3714 quam
1549 3646 1640 3699 ha-

73 3729 236 3784 bebat
258 3744 385 3782 vasa
406 3730 611 3798 replere
638 3746 792 3796 quam
821 3731 1060 3798 plurima.
1091 3732 1236 3798 Quod
1268 3747 1384 3786 cum
1411 3733 1644 3800 fecisset,

70 3832 124 3874 et
150 3821 335 3875 adhuc
374 3837 496 3875 vasa
540 3822 680 3876 filius
728 3822 1059 3888 deposceret,
1120 3823 1205 3876 ubi
1238 3825 1432 3877 audivit
1461 3840 1646 3881 nume-

66 3927 192 3966 rem
218 3911 484 3966 defecisse
510 3927 775 3977 vasorum,
802 3927 924 3965 mox
957 3913 1103 3967 stetit
1132 3913 1326 3968 oleum.

145 4001 240 4070 51.
275 4001 375 4055 Per
399 4003 535 4055 idem
584 4010 791 4069 tempus
837 4002 1098 4056 Maximus
1133 4002 1458 4069 Noricensis,
1489 4006 1642 4075 cujus

73 4077 300 4147 fecimus
324 4094 567 4160 superius
598 4094 937 4157 mentionem,
965 4094 1083 4147 fidei
1119 4095 1297 4148 calore
1335 4089 1641 4162 succensus,

70 4182 255 4237 media
305 4182 638 4253 hyeme,qua
689 4184 922 4252 regionis
968 4183 1110 4236 illius
1159 4185 1343 4238 itinera
1375 4187 1495 4254 gelu
1529 4195 1642 4238 toro

71 4284 240 4341 petite
269 4273 611 4332 clauduntur.
643 4274 707 4326 ad
753 4273 962 4327 beatum
1010 4274 1319 4327 Severinum
1353 4275 1537 4330 audaci
1568 4287 1643 4330 te-

1747 3093 2144 3160 concluderent,
2177 3107 2435 3163 quatenus
2476 3097 2808 3151 inimicorum
2842 3092 3019 3154 feralis
3048 3101 3305 3164 iucursic,

1747 3186 1880 3241 nihil
1932 3187 2273 3241 humanitatis
2320 3188 2613 3252 inveniens,
2645 3191 2822 3244 statim
2872 3189 3011 3245 fame
3039 3194 3307 3260 compulsa

1747 3276 1992 3329 immania
2021 3277 2347 3331 crudelitatis
2363 3289 2534 3344 empta
2560 3279 2850 3335 desereret.
2880 3280 3004 3349 Haec
3035 3297 3126 3350 per
3207 3284 3306 3337 triw

1745 3366 1904 3418 duum
1953 3375 2315 3429 contestatus,
2382 3368 2857 3436 advesperascente
2898 3372 3005 3439 jam
3047 3373 3153 3435 die,
3197 3373 3302 3425 Va-

1746 3454 1937 3508 Ieutem
1970 3457 2180 3511 nomine
2201 3458 2515 3512 monachum
2545 3460 2758 3515 mittens
2784 3462 2846 3514 ad
2879 3473 3118 3516 sanetum
3148 3463 3308 3520 Cons-

1748 3547 2002 3600 tantinum
2027 3548 2264 3616 ej-tsdem
2288 3549 2405 3603 loco
2428 3551 2727 3619 pontificem
2751 3561 2805 3606 et
2826 3553 2889 3605 ad
2915 3563 3139 3608 ceteros
3164 3570 3309 3608 com-

1713 3666 1725 3677 -
1747 3645 2020 3690 manentes
2055 3655 2067 3687 :
2096 3639 2228 3701 IIae,
2261 3641 2450 3707 inquit,
2485 3649 2638 3693 nocte
2684 3642 2957 3711 diSpositis
3005 3659 3098 3712 per
3128 3659 3308 3699 muros

1747 3741 1814 3780 ex
1847 3742 1992 3781 more
2031 3728 2227 3794 vigiliis
2250 3727 2543 3783 districtius
2570 3732 2852 3794 excubate,
2886 3734 3312 3798 supervenientis

1750 3815 1920 3869 hostis
1943 3825 2192 3870 caventes
2216 3818 2454 3871 insidias.
2486 3819 2555 3872 At
2587 3820 2661 3871 illi
2692 3820 2822 3872 nihil
2852 3821 3058 3874 adversi
3090 3838 3184 3891 per
3217 3839 3309 3878 ex-

1748 3906 2038 3973 ploratores
2064 3911 2259 3958 sentire
2282 3922 2339 3960 se
2368 3908 2574 3974 penitus
2602 3909 2953 3962 affirmabant.
2976 3910 3081 3964 Sed
3109 3912 3306 3967 Christi

1749 4014 1924 4066 pra-co
1969 4015 2294 4067 praemonere
2341 4016 2445 4054 non
2474 4001 2743 4068 desinens,
2776 4002 3132 4057 dubitantibus
3179 4020 3309 4060 voce

1747 4102 1938 4155 magna
1968 4089 2247 4151 clamabat,
2279 4089 2464 4145 cadem
2509 4098 2662 4144 nocte
2691 4106 2782 4143 eos
2815 4105 3060 4145 asserens
3089 4093 3307 4160 capien-

1747 4177 1865 4240 dos,
1900 4178 1998 4230 nisi
2046 4177 2282 4244 imperiis
2329 4177 2559 4232 fideliter
2589 4178 2888 4244 obedirent,
2932 4181 3125 4248 saepius
3155 4196 3308 4248 repe-

1748 4278 1899 4323 tens:
1934 4269 2033 4332 Me,
2069 4270 2254 4337 inquit,
2290 4269 2537 4338 lapidate,
2571 4271 2614 4323 si
2647 4271 2897 4333 mentitus
2921 4271 3091 4324 fuero.
3123 4272 3303 4340 Itaque

70 4365 348 4427 meritate,
384 4363 464 4417 vel
497 4365 682 4434 magis,
712 4375 766 4417 ut
807 4374 988 4431 postea
1018 4365 1228 4428 claruit,
1263 4366 1521 4434 intrepida
1550 4368 1637 4423 de-

1750 4358 1956 4410 tandem
1988 4359 2274 4426 aliquando
2305 4360 2469 4413 muris
2503 4361 2771 4426 invigilare
2798 4361 3305 4430 compulsi,expleta

69 4457 295 4511 votione
341 4459 523 4511 venire
576 4458 878 4521 contendit;
936 4458 1211 4512 conductis
1269 4460 1507 4526 plurimis
1557 4476 1644 4513 ce-

69 4548 327 4614 mitibus,
356 4549 443 4616 qui
484 4549 618 4601 collo
647 4563 742 4603 suo
773 4557 950 4602 vestes
987 4549 1211 4617 captivis
1233 4557 1288 4602 et
1330 4549 1648 4617 pauperibus

77 4636 387 4691 'irofuturas
403 4653 530 4706 quas
559 4638 865 4692 Noricorum
899 4639 1142 4707 religiosa
1175 4638 1392 4691 collatio
1422 4654 1642 4708 congre-

67 4737 338 4796 gaverat,
380 4727 708 4795 bajularent;
765 4729 942 4794 itaque
988 4721 1218 4795 provecti
1268 4729 1287 4759 ³
1327 4729 1390 4781 ad
1439 4745 1642 4782 summa

68 4821 296 4887 Alpium
329 4819 598 4871 cacumina
627 4829 998 4885 pervenerunt,
1019 4819 1104 4872 ubi
1134 4834 1228 4886 per
1247 4829 1409 4889 tutam
1438 4829 1643 4872 noctem

67 4913 162 4963 uix
194 4915 349 4963 tanta
370 4909 644 4973 conﬂuxit,
679 4918 730 4959 ut
757 4922 850 4960 eos
870 4924 1072 4975 magna:
1097 4909 1301 4963 arboris
1324 4909 1647 4976 protectione

68 4999 335 5060 vallatos,
365 4997 508 5050 velut
539 4998 720 5064 ingens
750 4996 898 5049 fovea
931 4997 1206 5052 demersos
1239 5000 1554 5053 includeret.
1583 4999 1648 5050 Et

63 5101 195 5140 cum
231 5085 316 5156 ‘de
342 5084 443 5137 vita
493 5099 584 5138 sua
634 5085 843 5152 penitus
884 5086 1252 5153 desperarent,
1284 5086 1413 5140 vidit
1461 5087 1647 5141 ductor

64 5175 336 5231 comitum
368 5190 462 5243 per
505 5189 745 5243 soporem
778 5177 829 5228 in
859 5177 1032 5246 effigie
1077 5179 1246 5231 virum
1295 5178 1386 5232 Dei
1416 5187 1644 5232 stantem

145 5296 162 5324 ι
199 5291 477 5362 Velserus,
508 5292 813 5362 Turcilingis
840 5293 1058 5358 mavult,
1087 5294 1178 5362 qni
1202 5292 1340 5348 haud
1375 5293 1498 5347 inde
1529 5307 1650 5360 pro-

68 5364 160 5418 cul
186 5361 456 5424 colebant,
485 5363 706 5417 Odoacri
735 5361 997 5429 parentes.

143 5436 165 5464 ¹
200 5433 302 5484 bis.
331 5432 448 5484 Buff
495 5435 910 5500 sapientissimus.

142 5505 165 5534 ³
204 5501 361 5573 Hinc
391 5517 518 5556 sane
567 5513 706 5571 patet
758 5502 1054 5573 Paulinum,
1088 5503 1242 5573 hujus
1271 5503 1502 5563 Maximi,
1535 5502 1647 5556 sive

73 5570 380 5638 llart’ntt’m’,
401 5575 488 5641 qui
513 5570 655 5627 num.
673 5575 738 5628 33
763 5572 972 5640 dicitur,
1003 5570 1330 5643 episcopum,
1352 5590 1452 5628 non
1484 5573 1645 5626 fuisse

1750 4451 1986 4504 con-neti
2037 4451 2214 4518 aperis
2247 4452 2296 4504 in
2327 4450 2499 4505 noctis
2541 4451 2797 4518 principio
2846 4452 3153 4516 psalmodia,
3183 4454 3309 4514 cum

1749 4541 2095 4594 celeberrimo
2117 4543 2402 4607 ccepissent
2424 4540 2640 4609 vigiiare
2661 4555 2943 4605 concursu,
2960 4556 3182 4596 acervus
3201 4543 3304 4595 feni

1750 4633 1990 4686 cominus
2020 4632 2242 4698 positus.
2277 4646 2341 4684 ex
2374 4630 2538 4683 facula
2564 4630 2721 4698 bajuli
2767 4632 2993 4685 uolentis
3029 4647 3303 4697 accensus,

1752 4725 1924 4775 lumen
1949 4737 2050 4774 non
2077 4722 2372 4774 incendium
2400 4721 2626 4774 reddidit
2645 4723 2864 4774 civitati.
2895 4723 3004 4788 Qua
3025 4723 3302 4775 occasione

1751 4810 2159 4864 vociferantibus
2209 4811 2429 4875 cunctis,
2467 4811 2643 4863 hostes
2670 4811 2932 4879 sylvarum
2960 4811 3304 4865 occultatione

1749 4910 2037 4962 morantes,
2083 4900 2259 4952 subito
2306 4899 2588 4967 splendore
2636 4900 2970 4968 clamoreque
3019 4901 3302 4968 perterriti,

1751 5001 1992 5059 putantes
2018 5004 2075 5044 se
2105 4989 2477 5057 prtecognitos,
2531 4989 2842 5058 quieverunt
2885 5003 2946 5041 ac
2977 5003 3129 5041 mane
3167 4989 3304 5042 facto

1747 5082 2135 5137 circumdantes
2173 5081 2444 5135 civitatem
2474 5090 2528 5135 ct
2563 5083 2752 5150 ubique
2779 5081 3154 5148 discurrentes,
3184 5097 3303 5135 cum

1752 5176 1884 5229 nihil
1916 5174 2220 5227 victualium
2252 5174 2596 5242 reperissent,
2636 5174 2963 5240 diripuerunt
2999 5174 3303 5225 animalium

1753 5291 2288 5359 regiuoburgensem;
2346 5303 2444 5344 nec
2502 5287 2790 5341 Tiburniam
2828 5301 2947 5342 esse
2994 5284 3305 5354 Reginobur-

1751 5377 1889 5428 gunL

1822 5429 1842 5457 ⁸
1875 5429 2029 5493 ἢθη..
2063 5431 2268 5483 recenti.

1820 5499 1840 5530 ⁵
1864 5501 1961 5553 Ms.
2000 5499 2160 5565 Iielf.,
2193 5497 2538 5568 quatriduum.
