3874 6226
121 273 286 334 1193.

1429 265 1585 322 νιτΑ
1625 263 1683 321 S.
1724 261 2057 320 SEVERINI.

3230 259 3363 313 1ῑῖἶῶ

116 402 209 442 ora
233 388 402 456 magis
425 391 480 438 ut
508 383 722 440 obtutus
749 387 1021 451 vt-gctctnr
1047 377 1284 433 interior.
1317 376 1530 430 Talibus
1554 390 1686 444 ergo
1715 377 1763 438 Λ
1791 372 2025 436 nomine,
2084 377 2301 439 repente
2353 368 2605 438 praecepit
2666 366 2724 456 id
2776 364 2980 456 dierum
3031 364 3364 456 districtiore

121 477 340 532 monitis
363 475 697 541 informatus,
712 472 858 528 dedit
883 485 1101 541 operam
1124 469 1288 523 corde
1313 468 1480 536 magis
1504 469 1683 522 videre

120 581 285 631 quam
323 581 571 637 corpore,
603 565 901 632 meruitque
926 563 1128 630 absque
1157 557 1270 615 ullo'
1291 559 1501 614 fastidio
1526 559 1685 613 mira—

124 655 304 710 biliter
331 655 386 710 in
422 653 683 710 orationis
714 654 896 720 perlici
917 651 1145 722 jugitate
1175 650 1476 713 continuus,
1509 657 1558 703 et
1592 663 1685 717 per

119 744 469 814 quadraginta
493 744 602 800 fere
627 757 796 798 annos
822 742 873 797 in
901 739 1206 796 monaSterii
1231 739 1470 794 excubiis
1501 753 1683 805 persc-

123 849 341 898 verans,
371 833 562 889 eodem
595 848 701 903 quo
739 846 1033 888 conversus
1062 839 1142 886 est
1173 828 1291 883 fidei
1335 829 1512 883 calore
1543 840 1685 882 tran-

117 923 243 978 sivit
261 923 329 979 ad
361 925 662 980 Dominum.

185 1011 280 1067 44.
309 1013 367 1067 In
397 1013 518 1068 loco
544 1014 559 1045 ¹
588 1013 771 1068 Boitro
808 1011 1054 1082 superius
1095 1020 1388 1066 memoratu
1429 1012 1686 1078 quosdam

117 1111 228 1157 tres
255 1104 546 1158 monachos
575 1103 659 1159 sui
698 1103 1006 1158 monasterii
1038 1101 1226 1157 doctor
1257 1101 1470 1155 lntmilis
1500 1117 1688 1169 snper-

119 1191 222 1246 bim
267 1192 507 1248 fmditate
543 1207 850 1262 respersos,
882 1193 1008 1247 dum
1051 1207 1147 1260 pro
1181 1193 1294 1245 suis
1322 1191 1561 1259 singulos
1594 1205 1686 1244 ex-

118 1283 362 1336 cessibus
389 1282 716 1351 increpatos,
757 1281 951 1337 durare
983 1281 1037 1336 in
1066 1279 1305 1351 pernicie
1339 1281 1688 1349 comprobas-

120 1380 222 1434 set,
253 1373 430 1426 oravit
468 1381 526 1427 ut
557 1387 651 1428 eos
681 1372 941 1428 Dominus
971 1373 1029 1427 in
1055 1372 1397 1441 adoptionem
1427 1372 1690 1440 recipiens

122 1466 369 1531 filiorum,
403 1476 620 1536 paterno
643 1468 952 1538 dignaretur
974 1467 1181 1536 flagello
1206 1465 1498 1536 corripere.
1533 1465 1690 1520 i‘rius

120 1572 249 1627 ergo
288 1573 443 1627 quant
487 1557 782 1613 orationem
824 1558 1008 1613 otiosis
1051 1557 1304 1626 lacrymis
1350 1556 1687 1622 terminaret,

121 1662 226 1702 uno
274 1659 544 1703 momento
591 1648 748 1704 iidem
797 1648 1042 1704 monachi
1086 1649 1331 1704 daemone
1370 1650 1690 1719 corripiente

1789 461 2009 529 jejunio,
2063 466 2295 514 venturae
2339 456 2626 510 calamitati
2677 453 2994 509 abStinentia
3033 455 3365 523 c.borum,et

1793 551 2040 605 lamentis
2065 561 2370 612 occurrere,
2412 546 2598 600 dicens
2627 561 2640 598 :
2669 541 2922 598 Imminet
2962 542 3056 597 tibi
3085 545 3365 610 corporale

1794 639 2124 704 periculum,
2167 636 2309 705 quod
2350 635 2442 689 Dei
2469 634 2720 701 prtcsidio
2761 631 2910 701 parvi
2953 633 3106 702 panis
3133 643 3188 688 et
3213 648 3366 704 aqum

1799 730 2050 785 remediis
2096 728 2356 798 expiaLLs.
2405 724 2827 795 Quadragesimo
2852 724 3030 796 itaque
3057 725 3144 781 die
3173 729 3368 781 morti-

1794 820 1903 874 fera
1952 819 2143 888 papula
2191 818 2244 871 in
2287 817 2506 871 brachio
2536 814 2825 886 ieiunantis
2865 815 3148 886 apparuit,
3204 832 3365 886 quam

1795 929 1915 965 mox
1969 911 2033 964 ad
2074 913 2243 979 ip-um
2285 909 2560 976 ingressus
2603 905 2914 976 suppliciter
2958 905 3362 963 demonstravit.

1793 1001 1891 1056 Cui
1920 1010 2136 1056 sanctus
2175 1000 2266 1056 Dei
2309 998 2534 1052 famulus
2561 1013 2573 1051 :
2602 997 2720 1051 Noli
2757 1006 2997 1052 metuere
3045 999 3370 1066 prmnuntia-

1795 1099 1904 1144 tum
1937 1091 2029 1145 tibi
2070 1099 2195 1144 ante
2221 1089 2336 1144 dies
2361 1087 2708 1156 quadraginta
2737 1085 3049 1154 discrimen,
3077 1085 3369 1160 statimque

1796 1183 2012 1251 propria
2041 1196 2200 1234 manu
2233 1181 2384 1250 signo
2415 1177 2589 1234 erucis
2622 1177 2880 1239 obducto,
2925 1177 3247 1234 mirantibus
3273 1179 3367 1249 qui

1796 1272 2040 1337 aderant,
2076 1269 2266 1340 papula
2311 1268 2520 1338 letbalis
2565 1268 2799 1324 evanuit.
2834 1267 2946 1322 Hoc
2984 1284 3146 1324 unum
3166 1268 3242 1324 ‘dc
3271 1268 3371 1324 do-

1797 1364 2032 1418 mesticis
2061 1361 2377 1417 sanitatibus
2422 1373 2672 1416 narrasse
2714 1359 2967 1424 sufﬁciat,
3015 1360 3204 1430 prolixi
3233 1375 3367 1430 ope-

1795 1455 1872 1508 ris
1903 1452 2057 1508 fastid
2082 1468 2169 1506 um
2196 1450 2540 1507 declinando.
2570 1449 2701 1504 Nam
2729 1449 2925 1518 saepius
2961 1462 3183 1505 suorum
3211 1451 3365 1520 aegri-

1798 1543 2013 1598 tudines
2039 1541 2422 1597 monachorum
2459 1539 2674 1594 Christo
2698 1539 2800 1592 sibi
2828 1539 3094 1593 reveiante
3123 1554 3370 1608 pra-nun-

1800 1634 1962 1699 tians,
1999 1632 2183 1686 iisdem
2238 1631 2428 1699 quibus
2469 1629 2792 1700 prccvidebat
2836 1630 3142 1684 muneribus
3182 1640 3238 1684 et
3280 1646 3370 1685 aa-

119 1739 333 1802 venti,
381 1740 765 1793 contumaciam
813 1754 962 1793 suam
1002 1739 1336 1809 pectorisque
1367 1738 1582 1806 fastum,
1629 1755 1692 1796 ac
1727 1732 1768 1791 Β
1797 1726 1978 1809 "alfal-

118 1827 430 1896 aupcrbiam
472 1829 648 1884 Cordis
667 1871 684 1892 ,
711 1829 1100 1884 miserabilibus
1128 1830 1344 1884 vocibus
1371 1829 1694 1885 fatebantur.

123 1920 280 1975 Absit
309 1929 365 1974 ut
391 1922 638 1990 cuiquam
673 1922 772 1975 hoc
798 1921 1016 1976 crudele
1054 1922 1300 1977 videatur
1326 1931 1418 1975 aut
1446 1924 1692 1990 noxium,

119 2011 243 2079 quia
275 2010 460 2065 traditi
492 2019 615 2066 sunt
636 2009 1162 2079 ItujusmodiSatana:
1187 2013 1239 2067 in
1271 2009 1544 2067 interitum
1571 2025 1690 2066 car-

122 2100 225 2162 nis,
251 2100 392 2154 sicut
423 2099 610 2155 beatus
639 2101 798 2156 docet
827 2101 1134 2170 Apostolus,
1171 2109 1225 2155 ut
1254 2099 1475 2169 Spiritus
1515 2099 1695 2156 salvus

121 2195 192 2244 sit
222 2190 276 2243 in
308 2191 396 2245 die
428 2190 638 2245 Domini
669 2192 836 2246 neStri
878 2191 1001 2246 Jeau
1034 2191 1235 2246 Christi
1257 2207 1272 2256 ;
1295 2193 1315 2222 ²
1346 2206 1467 2245 cum
1512 2191 1700 2246 beatus

121 2281 442 2338 Ambrosius
472 2281 884 2337 Mediolaucnds
914 2283 1195 2352 cpiscopus
1239 2296 1452 2336 servum
1483 2280 1696 2336 Stilico-

128 2378 210 2431 nls
256 2385 536 2432 auctorem
587 2374 836 2431 falsarum
889 2373 1233 2444 epistularum
1284 2373 1696 2443 deprehensum,

124 2467 328 2522 dixerit
366 2475 615 2537 oportere
652 2466 785 2521 tradi
810 2465 1041 2530 Satanan,
1079 2479 1149 2522 ne
1187 2466 1308 2519 talia
1346 2463 1400 2518 in
1429 2472 1697 2533 posterum

124 2556 352 2612 auderet
402 2556 722 2624 admittere;
772 2571 930 2628 quem
968 2557 1160 2612 eodem
1208 2564 1514 2620 momento,
1570 2571 1692 2610 cum

123 2646 304 2704 adhuc
347 2661 530 2703 sermo
569 2656 712 2703 esset
754 2648 808 2703 in
846 2661 942 2703 ore
983 2646 1309 2712 sacerdotis,
1339 2643 1556 2714 Spiritus
1600 2645 1700 2698 im-

125 2738 360 2797 mundus
385 2749 655 2809 arreptum
683 2739 846 2808 erepit
862 2738 1213 2810 discerpere)
1234 2738 1464 2796 Severus
1491 2749 1700 2808 quoque

125 2831 393 2903 Sulpitius
438 2831 604 2888 refert
656 2846 722 2887 ex
744 2831 1006 2888 relatione
1056 2828 1456 2893 Postbumiani,
1525 2829 1698 2883 virum

125 2923 414 2992 quemdam
441 2923 642 2993 magnis
669 2921 955 2978 virtutibus
987 2922 1259 2994 signisque
1285 2919 1600 2987 mirabilem,
1627 2919 1694 2972 ad

124 3013 497 3083 expellendam
518 3013 588 3068 de
611 3012 774 3070 corde
802 3027 903 3068 suo
927 3013 1200 3082 iactantia
1227 3011 1514 3067 vanitatem
1540 3023 1698 3080 quam

125 3105 464 3168 incurrerat,
513 3119 769 3159 exorasse
809 3115 868 3159 ut
908 3105 1169 3174 permissa
1218 3102 1271 3158 in
1317 3117 1376 3158 se
1425 3101 1697 3156 mensibus

125 3195 364 3265 quinque
415 3193 607 3249 diaboli
658 3203 948 3262 potestate,
991 3192 1182 3248 similis
1225 3192 1308 3248 bis
1362 3191 1516 3246 ﬁeret
1563 3202 1696 3260 quos

127 3286 242 3354 ipse
266 3294 566 3340 curaverat.
599 3283 744 3339 ldem
773 3293 890 3352 post
904 3298 1087 3353 ,pauca
1114 3301 1126 3335 :
1162 3282 1343 3352 Itaque
1367 3291 1644 3350 correptus
1666 3295 1695 3334 a

125 3375 397 3438 daemone,
424 3382 600 3428 tentus
641 3374 694 3427 in
723 3373 966 3437 vinculis,
1006 3371 1182 3428 omnia
1204 3387 1321 3441 qua:
1352 3369 1695 3439 cnergumeni

128 3467 272 3521 ferre
297 3467 476 3521 solent
520 3478 825 3534 perpessus,
857 3464 1045 3533 quinto
1086 3462 1301 3518 demum
1329 3476 1512 3517 mense
1539 3475 1694 3515 cura-

127 3565 211 3611 tus
237 3567 343 3621 est,
399 3572 503 3611 non
550 3565 751 3610 tantum
783 3570 812 3609 a
839 3553 1104 3616 daemone,
1131 3553 1255 3616 sed,
1297 3551 1436 3622 quod
1469 3550 1546 3605 illi
1582 3558 1698 3606 erat

127 3647 314 3704 utilius
343 3656 503 3716 atque
531 3647 786 3716 optatius,
816 3645 884 3700 ab
909 3643 1156 3699 elationis
1179 3643 1434 3699 vanitate.
1460 3641 1694 3697 Prtedic-

129 3746 215 3793 tos
237 3739 420 3807 itaque
461 3738 749 3793 monachos
774 3737 856 3792 vir
889 3736 981 3791 Dei
1009 3734 1281 3806 delegatos
1315 3733 1572 3788 fratribus
1600 3748 1697 3802 per

127 3829 245 3882 dies
277 3827 627 3897 quadraginta
665 3826 848 3881 arduis
886 3823 1222 3878 abstinentia:
1267 3821 1518 3877 remediis
1549 3836 1697 3875 man-

125 3917 342 3983 cipavit.
377 3917 583 3982 Quibus
619 3914 871 3984 expletis,
903 3914 1025 3967 data
1055 3927 1218 3980 super
1243 3925 1338 3966 eos
1367 3913 1636 3977 oratione,
1666 3926 1698 3966 a

131 4016 398 4072 potestate
424 4005 685 4072 daemonis
703 4003 871 4069 eruit,
895 4016 995 4058 nec
1027 4003 1196 4056 solum
1227 4001 1470 4071 corporis
1500 4001 1700 4055 sanita—

129 4105 264 4163 tum,
312 4095 406 4147 sed
434 4103 486 4148 et
519 4093 709 4147 tuentis
748 4090 1004 4160 impertit.
1054 4089 1170 4157 Quo
1201 4087 1342 4143 facto
1371 4099 1556 4142 sancto
1586 4089 1701 4142 viro

129 4185 445 4240 reverentite
491 4195 662 4238 terror
705 4183 938 4236 accrevit
956 4221 971 4246 ,
1001 4186 1059 4233 et
1087 4190 1312 4234 cancros
1339 4180 1511 4248 major
1539 4178 1702 4233 disci-

130 4275 294 4343 plima
326 4283 499 4326 ructus
520 4271 771 4326 obtinuit.

338 4364 662 4417 Marcianum
693 4360 1032 4424 monachum,
1087 4361 1175 4428 qni
1209 4368 1389 4427 postea
1422 4358 1700 4428 presbyter

1722 3084 1769 3145 ϐ
1803 3049 1907 3102 diis
1937 3048 2286 3118 temperabat.

1870 1793 1958 1846 fi'i.
1990 1798 2028 1846 tl
2070 1792 2449 1861 discipulorum
2492 1805 2706 1845 suorum
2744 1803 2954 1860 quoque
2983 1789 3173 1845 cellula
3203 1792 3366 1858 spiri-

1801 1865 1959 1917 tualis
1984 1863 2172 1916 doctor
2201 1878 2302 1916 non
2328 1862 2532 1930 longius
2557 1861 2846 1922 habitabat,
2870 1861 2922 1914 in
2952 1861 3283 1915 orationibus
3308 1875 3367 1918 et

1798 1933 2118 1993 abstinentia
2157 1931 2353 2001 iugiter
2383 1946 2755 2001 perseverans,
2804 1944 2926 1983 cum
2969 1932 3161 1997 quibus
3188 1939 3368 1987 tamen

1800 2004 2089 2057 matutinas
2135 1999 2404 2057 orationes
2446 2012 2501 2056 et
2556 1999 2826 2068 propriam
2877 2003 3048 2055 noctis
3105 2003 3370 2070 principio

1801 2072 2152 2141 psalmodiam
2198 2069 2510 2127 soiemniter
2558 2069 2919 2141 adimplebat;
2984 2071 3185 2141 reliqua
3238 2069 3370 2128 vero

1798 2140 2101 2196 orationum
2121 2153 2362 2211 tempora
2392 2142 2445 2194 in
2465 2154 2626 2209 parvo
2653 2140 2955 2211 complebat
2979 2140 3237 2211 oratorio,
3262 2157 3369 2211 quo

1801 2212 2071 2266 manebat.
2121 2209 2176 2264 In
2225 2209 2413 2278 quibus
2457 2223 2599 2276 sarpe
2634 2209 2943 2264 ctelestibus
2985 2209 3372 2267 ittformabatttr

1801 2282 2058 2346 oraculis;
2109 2279 2271 2334 multa
2304 2281 2476 2334 futura
2510 2295 2605 2347 per
2637 2279 2729 2334 Dei
2758 2280 2983 2349 gratiam
3019 2280 3368 2347 prtedicabat,

1801 2351 2083 2405 multorum
2117 2351 2274 2404 etiam
2323 2349 2531 2404 occulta
2576 2363 2924 2416 cogttOSrens,
2976 2358 3032 2403 ut
3081 2363 3217 2418 opus
3255 2364 3372 2405 erat

1801 2420 2105 2490 proferebat
2156 2418 2226 2490 in,
2257 2420 2510 2484 medium,
2536 2426 2588 2490 et
2628 2419 2852 2489 singulis
2899 2419 3176 2490 remedia,
3213 2431 3374 2490 prout

1801 2488 2055 2558 poscebat
2111 2489 2298 2543 inodus
2347 2488 2732 2559 mgritudiu'm,
2767 2488 3098 2559 providebat.
3157 2488 3371 2546 Stratus

1799 2559 1916 2628 ejus
1938 2575 2096 2614 unum
2124 2571 2239 2614 erat
2269 2560 2318 2613 in
2349 2558 2566 2614 oratorii
2599 2560 2905 2628 pavimento
2933 2558 3194 2625 cilicium,
3223 2563 3372 2616 omni

1799 2641 2039 2696 tempore
2089 2633 2204 2699 ipso
2251 2645 2357 2697 quo
2386 2628 2712 2699 vestiebatur
2755 2630 2975 2694 amictu,
3019 2630 3190 2699 etiam
3245 2629 3373 2685 dum

1799 2698 2124 2768 quiesceret,
2169 2701 2434 2754 utebatur.
2477 2698 2755 2768 Nunquam
2786 2707 2909 2754 ante
2952 2698 3084 2768 solis
3122 2713 3373 2767 occasum

1801 2767 1904 2823 nisi
1937 2772 2081 2824 certa
2112 2769 2269 2824 solvit
2300 2769 2585 2824 festivitate
2618 2767 2906 2838 jejunium.
2928 2767 3374 2838 ,Quadragesima:

1801 2853 1931 2893 vero
1972 2839 2304 2907 temporibus
2345 2853 2447 2892 nua
2501 2853 2596 2906 per
2642 2837 3028 2892 hebdomadam
3080 2838 3375 2895 refectione

1799 2918 2104 2976 contentus,
2148 2911 2340 2977 aequali
2383 2909 2560 2961 vultus
2592 2908 2858 2962 hilaritate
2898 2908 3150 2977 fulgebat.
3185 2909 3373 2966 Aliena

1800 2977 1950 3046 quasi
1979 2981 2193 3048 propria
2225 2989 2399 3032 errata
2437 2978 2666 3042 deflens,
2713 2979 2905 3047 quibus
2933 2986 3142 3047 poterat
3179 2981 3374 3048 praesi-

2391 3108 2618 3194 ctrur
2668 3139 2755 3193 χι

1800 3231 2017 3286 Mortem
2044 3247 2187 3286 suam
2219 3248 2312 3300 pra
2326 3230 2472 3300 dicit,
2500 3246 2706 3312 suosoac
2728 3246 2871 3300 reges
2902 3231 3106 3287 monitis
3133 3232 3362 3302 instruit,

2551 3307 2674 3356 obit.

1868 3391 1958 3448 48.
2003 3391 2204 3446 Deinde
2235 3400 2356 3460 post
2383 3391 2578 3462 multos
2602 3406 2808 3462 agones
2827 3402 2880 3446 et
2905 3393 3152 3448 diuturna
3189 3406 3364 3451 certa-

1800 3463 1962 3531 mina,
1991 3477 2112 3516 eum
2137 3479 2196 3516 se
2218 3464 2402 3516 beatus
2428 3460 2719 3516 Severinus
2741 3464 2808 3516 de
2835 3463 2935 3518 hoc
2965 3466 3165 3519 saeculo
3197 3476 3372 3522 trans-

1801 3532 1997 3585 iturum
2049 3531 2270 3586 Domino
2323 3536 2598 3586 revelante
2665 3533 2954 3600 sensisset,
3015 3544 3368 3591 memoratum

1800 3601 2068 3671 ltugorum
2089 3616 2265 3671 regem
2295 3601 2491 3656 Favam
2511 3615 2632 3655 cum
2654 3617 2818 3656 uxore
2840 3605 2954 3669 ejus
2971 3605 3366 3671 crudelissima,

1799 3673 2013 3725 nomine
2045 3670 2168 3725 Gisa
2189 3711 2204 3736 ,
2247 3672 2311 3722 ad
2347 3686 2408 3726 sc
2444 3672 2630 3724 venire
2664 3674 3013 3725 commonuit.
3047 3673 3215 3740 Quem
3244 3670 3368 3729 cum

1798 3740 2119 3794 salutaribus
2141 3743 2458 3794 exhortatus
2483 3749 2627 3794 esset
2653 3741 2924 3806 affatibus,
2951 3745 3020 3795 ita
3046 3755 3100 3796 ut
3122 3758 3243 3798 cum
3267 3747 3369 3800 sibi

1799 3808 2070 3882 subjectis
2094 3821 2308 3882 ageret,
2346 3824 2454 3882 quo
2491 3825 2550 3863 se
2573 3809 3062 3882 jugitercogitaret
3093 3829 3189 3882 pro
3219 3824 3361 3869 statu

1799 3882 1948 3954 regni
1991 3880 2074 3954 sui
2125 3879 2383 3954 rationem
2434 3879 2661 3954 Dnmino
2695 3879 3036 3954 _redditurum
3067 3879 3104 3949 ,⁷
3145 3883 3371 3954 aliisque

1800 3948 1976 4002 verbis
2019 3949 2279 4024 intrepide
2325 3949 2644 4024 monuisset,
2692 3949 2714 3981 ⁶
2745 3960 2990 4024 protenta
3003 3948 3186 4024 manu
3228 3948 3373 4024 regis

1800 4018 2313 4092 pectnsostcndcns,
2331 4021 2570 4092 reginam
2594 4021 3096 4092 interrogationibus
3116 4018 3373 4092 arguebat

1800 4087 1922 4142 his:
1958 4088 2132 4162 lianc,
2163 4089 2645 4162 inquit,_at_iimam,
2675 4087 2834 4162 ti'isa,
2865 4104 2933 4162 an
2961 4106 3148 4145 auntm
3180 4087 3373 4162 argeu-
3427 4095 3432 4102 ’

1802 4167 2019 4226 tumque
2047 4158 2164 4225 plus
2183 4156 2398 4224 diligis?
2418 4156 2658 4227 Cumque
2685 4160 2772 4212 illa
2807 4161 3051 4214 maritum
3083 4176 3142 4216 sc
3167 4156 3372 4220 diccrct

1801 4229 2006 4301 cunctis
2048 4227 2238 4301 opibus
2275 4227 2540 4301 anteferre
2563 4267 2579 4294 ,
2603 4232 2683 4282 vir
2729 4229 2820 4301 Dci
2850 4230 3118 4298 sapienter
3147 4249 3160 4282 :
3196 4233 3370 4301 Ergo,

1803 4297 2000 4366 inquit,
2049 4297 2237 4351 desine
2286 4297 2596 4352 innocentes
2637 4297 2971 4366 opprimere,
3024 4316 3093 4355 ne
3145 4297 3362 4356 illorum

1803 4365 2022 4419 afﬂictio
2049 4378 2278 4421 vestram
2312 4369 2477 4434 magis
2512 4365 2739 4436 dissipet
2776 4365 3091 4435 potestatem
3117 4386 3130 4423 :
3161 4375 3360 4427 etenim

128 4465 256 4510 ante
287 4469 385 4508 nos
416 4462 741 4508 monasterio
770 4451 1013 4523 praefuit,
1055 4451 1119 4505 ad
1151 4451 1400 4505 Noricum
1430 4466 1548 4504 cum
1600 4451 1699 4504 lle-
1730 4450 1780 4507 ἶ)
1872 4436 2673 4523 -εᾴξῖρθίιξιξιιξξςιςεψειιξςειιιίτεεῖδ
2693 4441 2975 4523 ξοβξιᾞῖβτ
3002 4440 3070 4493 Al
3099 4440 3185 4523 illi}
3205 4459 3216 4490 ε
3235 4443 3365 4508 (ἷιιτν

131 4555 262 4598 nato
291 4542 454 4598 fratre
480 4543 769 4598 direxerat.
811 4541 1020 4596 Etcum
1052 4542 1164 4596 dies
1188 4540 1377 4596 tertius
1407 4540 1694 4606 laberetur,

127 4635 194 4688 ait
227 4634 514 4689 fratribus:
539 4633 722 4698 Orate,
751 4633 1071 4698 charissimi,
1090 4633 1209 4700 quia
1234 4633 1410 4702 gravis
1438 4635 1536 4687 hac
1567 4633 1696 4686 hora

129 4724 459 4779 Marcianum
483 4723 751 4778 tribulatio
778 4723 1083 4791 comprimit
1110 4733 1160 4777 et
1190 4722 1472 4786 Renatum,
1504 4721 1572 4776 de
1594 4737 1694 4787 qua

128 4826 306 4870 tamen
338 4814 496 4869 citius
523 4813 722 4868 Christi
759 4813 1126 4868 liberabuntur
1154 4813 1369 4867 auxilio.
1404 4813 1551 4867 Tunc
1576 4828 1694 4868 mo-

128 4906 311 4972 natrhi,
353 4921 472 4974 qua:
509 4906 575 4959 ab
612 4919 677 4960 eo
717 4903 857 4959 dictu
900 4913 1029 4959 sunt
1070 4905 1313 4973 protinus
1361 4914 1693 4970 annotantcs,

127 4998 160 5049 il
188 5000 231 5048 is
263 5006 383 5066 post
403 5010 617 5050 menses
646 4995 898 5064 plurimos
926 4994 1289 5061 redeuntibus,
1316 4996 1458 5049 diem
1487 4995 1698 5050 lteram-

126 5103 226 5154 qne
276 5085 492 5154 periculi
539 5100 639 5154 qua
689 5084 944 5140 barbaros
985 5093 1271 5140 evaserant
1313 5085 1694 5154 iudicantibus,

128 5186 268 5230 scut
297 5177 634 5243 signaverant
663 5176 1111 5244 approbavcrunt.

199 5264 287 5317 to.
321 5265 446 5318 item
504 5265 840 5320 beati-simus
887 5264 1177 5322 Severinus
1224 5266 1505 5333 monacho,
1554 5267 1689 5324 Urso

168 5427 216 5468 -“
248 5426 397 5488 Sun,
428 5424 662 5480 Bt'rrotro.
698 5427 850 5489 80".,
887 5427 1106 5491 Bolotlo,
1139 5428 1413 5483 tttcndosc.

133 5563 163 5612 Γ
197 5497 217 5526 ε
251 5497 431 5616 ιὶιιξὶςιοι
481 5497 530 5550 id
575 5497 917 5552 l’auliuusdn
962 5499 1075 5552 ‘r'ita
1104 5501 1265 5552 sancti
1310 5501 1560 5552 Ambrosii
1590 5542 1603 5565 ,
1655 5503 1684 5550 7

157 5583 323 5614 ot‘f't‘ﬂl
351 5592 382 5616 Ι.

157 5584 382 5616 .σ“‹·‹ἰιιιι.

197 5643 216 5664 ο
245 5632 454 5703 llealogo
490 5649 528 5696 t,
560 5649 674 5704 cap.
731 5635 785 5700 .‘i,
833 5637 1164 5712 ιναςῆιῐιειταιυο
1211 5641 1298 5698 lib.
1351 5657 1399 5694 tv
1442 5639 1508 5695 de
1554 5641 1686 5696 Υὲξὶδ

413 5729 670 5787 ιδιτηυι.
723 5729 917 5790 LXII.

1804 4506 2005 4578 inquit.
2031 4520 2126 4559 nos
2154 4510 2231 4560 sic
2259 4506 2481 4578 accipis,
2512 4506 2662 4564 serve
2692 4509 2820 4562 Dei?
2846 4509 2936 4564 Cui
2961 4509 3073 4578 ipse
3097 4528 3107 4558 :
3135 4506 3366 4566 Contcsé

1805 4585 1907 4638 tor,
1939 4577 2046 4639 ait,
2075 4589 2167 4627 vos
2200 4591 2298 4648 ego
2321 4576 2532 4631 humilis
2559 4578 2670 4646 jam
2712 4576 3048 4648 profecturus
3077 4580 3143 4633 ad
3185 4580 3367 4635 Domi-

1803 4659 1926 4718 nutu
1947 4685 1960 4707 ,
1993 4648 2143 4718 utab
2171 4647 2362 4714 iniquis
2391 4649 2596 4702 actibus
2626 4647 3012 4716 temperantes,
3044 4650 3147 4718 piis
3183 4666 3363 4705 mores

1805 4715 2392 4788 honestetisopct‘tbus.
2417 4719 2698 4786 ﬂuensque
2720 4715 2938 4788 regnum
2968 4715 3202 4774 vestrum
3233 4735 3366 4775 auc-

1806 4792 1919 4858 tore
1961 4785 2218 4858 Domino,
2275 4785 2640 4855 prosperatum
2687 4785 2804 4847 est:
2835 4789 2948 4858 jam
3001 4806 3067 4842 ex
3117 4791 3216 4843 hoc
3265 4806 3363 4847 vos

1804 4853 2063 4932 yidet‘itis.
2104 4855 2196 4932 llis
2225 4853 2442 4932 monitis
2483 4873 2573 4932 rex
2623 4873 2742 4912 cum
2781 4853 3007 4929 conjuge
3035 4859 3364 4918 sufficienter

1803 4926 2067 4996 instrttgi,
2102 4926 2456 4982 valedicentes
2485 4928 2534 4982 ei
2563 4931 2783 4996 profecti
2807 4926 2928 4983 sunt
2949 4926 2964 4929 ⁷
3360 4957 3367 4967 υ

1839 5063 1848 5070 .
1873 4991 1961 5070 ᾅῦτ
1986 4993 2133 5047 Tune
2157 5004 2369 5070 sanctus
2389 4991 2783 5070 nontlesincbat
2803 5000 2870 5054 de
2897 5013 3007 5053 sua:
3025 4999 3360 5070 migrationis

1800 5065 1992 5138 vicinia
2016 5079 2141 5116 suos
2164 5066 2359 5134 alloqui
2375 5067 2653 5138 dulcedine
2671 5070 2966 5133 charitatis,
2985 5065 3125 5136 quod
3143 5072 3358 5138 quidem

1799 5133 2263 5210 facere__nce_ante_
2284 5133 2606 5192 Cessaverat.
2629 5137 2858 5204 Scitote,
2888 5133 3059 5210 inquit
3079 5181 3093 5202 ,
3129 5133 3320 5210 fratres
3340 5187 3356 5210 ,

1796 5203 1930 5278 sient
1953 5203 2089 5255 lilios
2108 5203 2264 5257 Israel
2281 5216 2487 5278 constat
2504 5216 2716 5278 ereptos
2732 5203 2851 5261 esse
2868 5209 2932 5262 de
2956 5203 3092 5262 terra
3116 5203 3355 5278 Aﬁgypti,

1795 5272 1860 5324 ita
1886 5282 2133 5326 cunctum
2166 5276 2414 5344 papulum
2439 5272 2613 5332 terra!
2633 5277 2788 5346 hujus
2824 5289 3033 5347 oportet
3059 5280 3126 5333 ab
3157 5272 3354 5350 iniusta

1797 5433 1921 5492 PR,
1961 5449 2075 5492 can.
2111 5435 2166 5488 εἱ.

1867 5450 1921 5492 ⁵.,
1961 5450 2018 5488 Cll
2043 5476 2075 5488 ..
2111 5458 2166 5488 ί).

1867 5450 2192 5560 “Staiiianus
2236 5508 2424 5562 St‘l'ilill
2468 5523 2588 5563 cum
2642 5510 2839 5579 reginae
2888 5525 3096 5565 manum
3127 5508 3358 5582 prehen-

1794 5574 1952 5641 disse,
1994 5592 2287 5646 perperam,
2324 5590 2378 5632 ut
2408 5588 2572 5650 patet.

2810 5735 2888 5794 30‘
