3834 6228
2245 286 2940 298 .._.__.____..___.___

213 337 224 341 νς
373 337 484 345 ...-
679 338 712 344 .,
735 337 746 342 ..
787 334 1122 342 ___..._.__
1212 329 1652 339 ..μαψ-φ...-
1723 330 1854 336 ..ν-..η-

1256 447 1420 489 ANNO
1465 444 1690 487 ι)οΜιηί
1733 443 2183 485 ΟΕΟΟΧΟΙοΒΧΙΙ.

163 604 1764 771 PASCHASIUS
1929 600 3266 762 DIACONUS.

1590 831 1873 844 ﬂ

2622 889 2630 896 ι

1293 930 1866 1000 PROLEGOM
1886 927 2201 998 ENON.

1589 1039 1682 1100 (Ex
1709 1040 1886 1098 Cave.)

156 1166 506 1228 Paschasius,
566 1167 816 1221 Ecclesia:
869 1166 1126 1220 Romana:
1175 1167 1448 1226 diaconus,
1492 1162 1684 1216 claruit
1711 1162 1902 1225 Aderi
1950 1171 2187 1230 possunt,
2245 1162 2633 1231 Supplement.,
2690 1180 2807 1235 pag.
2862 1169 2981 1223 107.
3012 1155 3141 1222 Cum
3168 1178 3341 1222 tamen

94 1259 298 1310 ineunte
352 1258 466 1310 hoc
503 1259 728 1322 saeculo,
771 1275 898 1312 ann.
939 1258 1063 1312 501.
1114 1257 1394 1324 Flagrante
1446 1255 1684 1307 Romano

93 1351 367 1402 schismate
397 1364 543 1402 ann.
579 1349 704 1414 498,
734 1348 1000 1404 Laurentii
1023 1349 1277 1402 adversus
1308 1346 1682 1417 Symmachum

101 1453 264 1505 partes
294 1418 542 1492 strenue
572 1441 872 1502 tutabatur;
905 1438 1123 1507 ejusque
1150 1451 1366 1491 causam
1396 1435 1460 1488 ad
1481 1437 1682 1489 ob?tum

97 1545 244 1598 usque
315 1528 685 1596 pertinaciter
745 1529 1113 1598 propuguavit.
1184 1529 1327 1581 Obiit
1354 1542 1479 1579 anu.
1549 1524 1673 1580 512.

98 1620 191 1672 llac
213 1621 529 1673 occasione
582 1619 807 1688 lepidam
851 1621 1004 1687 plane
1059 1619 1286 1672 fabulam
1329 1619 1394 1671 de
1419 1616 1684 1692 Paschasij

99 1711 262 1763 anima
297 1711 628 1779 Purgatorii
655 1711 880 1764 flammis
909 1721 1090 1765 exusta
1117 1709 1280 1764 refert
1308 1710 1456 1762 nobis
1483 1709 1683 1776 Grego-

105 1802 222 1862 rius,
255 1815 354 1852 seu
388 1802 655 1868 quisquis
705 1800 1044 1869 Dialogorum
1092 1810 1298 1854 auctor.
1349 1798 1533 1852 Exstat
1563 1797 1692 1850 Pas-

99 1895 251 1947 chasii
287 1892 546 1959 Epistola
581 1891 647 1944 ad
674 1892 1009 1960 Eugippium,
1035 1893 1091 1946 S.
1119 1892 1358 1946 Severini
1397 1890 1526 1943 Vita:
1552 1903 1690 1954 prte-

100 1990 212 2052 ﬁxa,
243 1986 390 2055 apud
416 1986 648 2039 Surium
679 1985 799 2038 Jan.
853 1987 885 2040 8
920 1995 972 2040 et
1021 1985 1300 2039 Baronium
1329 1986 1394 2037 ad
1426 1999 1513 2038 an.
1561 1981 1685 2035 496.

101 2077 368 2131 Habentur
416 2077 594 2129 etiam
644 2076 786 2131 Libri
827 2092 861 2128 tt
907 2077 974 2129 de
1007 2075 1203 2142 Spiritu
1250 2083 1453 2132 sancto,
1504 2079 1689 2126 contra

103 2166 506 2228 Macedonium,
532 2164 752 2228 C0lon.,
787 2166 944 2231 1559,
973 2166 1141 2232 iit-8°,
1175 2163 1490 2226 llelmstad.,
1529 2164 1688 2230 1615,

102 2271 148 2312 et
176 2261 225 2311 in
252 2257 604 2310 Bibliotheca
638 2258 780 2310 Patr.
806 2269 936 2310 tom.
965 2258 1095 2319 Vlll,
1127 2273 1245 2325 pag.
1272 2257 1394 2311 806.
1422 2257 1528 2310 llos
1559 2256 1688 2308 Pas-

103 2349 259 2402 chasii
291 2363 424 2401 esse
457 2357 744 2416 pernegat,
776 2359 829 2401 et
860 2347 1052 2401 Fausto
1074 2347 1356 2416 Rhegiensi
1387 2346 1692 2400 tribuendos

1789 1251 2042 1305 lectissimi
2072 1251 2123 1303 Iti
2159 1261 2204 1304 et
2234 1251 2476 1306 Iuculenti
2498 1255 2612 1307 libri
2642 1256 2720 1322 (ut
2743 1255 2980 1325 Gregorii
3009 1260 3180 1314 verbis
3207 1263 3345 1327 utar)

1790 1340 2032 1407 Gregorii
2059 1339 2342 1396 Paschasio
2360 1343 2581 1397 diacono
2605 1359 2696 1399 eos
2720 1347 2914 1400 diserte
2952 1350 3230 1415 tribuentis
3273 1363 3348 1402 te.

1790 1435 2038 1489 stimonio
2060 1435 2293 1490 nitantur
2314 1436 2389 1506 (et
2413 1447 2554 1492 certe
2578 1439 2909 1507 Dialogorum
2935 1444 3215 1496 maximam
3250 1444 3347 1496 hac

1790 1526 1844 1580 in
1874 1540 2029 1593 causa
2058 1526 2425 1581 auctoritatem
2453 1543 2573 1581 esse
2602 1531 2712 1588 ipse
2739 1531 2971 1597 agnoscit
2998 1532 3263 1601 Oudinns)
3292 1545 3348 1587 ut

1790 1614 1857 1669 de
1886 1613 2159 1684 Sigeberto
2187 1613 2550 1672 Gemblacensi
2580 1616 2726 1686 (Cap.
2754 1619 2840 1688 17)
2868 1621 2995 1673 nihil
3018 1620 3123 1687 jam
3147 1622 3346 1686 dicam,

1792 1703 2076 1760 Paschasio
2101 1713 2285 1760 nostro
2309 1707 2447 1761 haud
2477 1715 2674 1762 temere
2706 1722 2827 1762 sunt
2852 1701 3200 1777 abjttdicaudi.
3245 1711 3350 1766 Nec

1791 1795 2004 1849 obstant
2027 1795 2269 1852 codicum
2314 1799 2660 1866 quarumdam
2709 1815 2835 1854 mss.
2879 1802 3037 1863 tituli,
3073 1804 3161 1871 qui
3192 1803 3347 1856 libra-

1794 1888 1992 1942 riorum
2021 1889 2219 1944 incuria
2248 1891 2470 1959 appo<iti
2510 1892 2747 1947 incautos
2793 1893 3018 1948 lectores
3061 1895 3197 1948 haud
3231 1910 3351 1948 raro

1795 1980 1979 2034 fallunt
2008 1999 2022 2036 :
2055 1985 2349 2051 prtesertim
2379 1998 2498 2038 cum
2545 1984 2792 2040 Faustum
2830 1987 3111 2052 scripsisse
3160 1987 3349 2044 librum

1797 2069 1862 2123 de
1891 2069 2091 2137 Spiritu
2119 2081 2302 2125 sancto
2315 2073 2596 2128 tradiderit
2621 2073 2923 2128 Gennadius
2952 2072 3102 2144 (Cap.
3138 2076 3251 2144 85).
3289 2077 3353 2130 Et

1805 2158 1918 2227 ipse
1943 2159 2286 2226 Trithemius,
2317 2176 2476 2230 quem
2508 2179 2606 2232 pro
2649 2179 2707 2217 se
2756 2173 2941 2219 testem
2989 2166 3164 2219 laudat
3193 2166 3353 2219 Oudi-

1797 2265 1930 2314 nus,
1964 2251 2059 2303 hos
2083 2252 2224 2318 ipsos
2263 2251 2445 2316 libros,
2493 2268 2716 2319 quorum
2761 2254 3000 2306 meminit
3045 2253 3352 2323 Gregorius.

1798 2340 2078 2394 Paschasio
2101 2350 2282 2395 nostro
2330 2342 2623 2396 luculenter
2649 2343 2895 2408 ascribit;
2924 2347 3166 2412 quamvis
3206 2345 3350 2397 aliud

106 2437 376 2491 contendit
413 2435 726 2488 Casimirus
767 2437 959 2490 Oudin.
993 2437 1137 2491 Sane
1184 2439 1416 2490 rationes
1441 2435 1554 2503 ejus
1583 2449 1686 2488 non
1720 2446 1763 2503 Β
1796 2445 1978 2496 agens,
2011 2431 2173 2498 prima
2220 2431 2373 2497 hujus
2416 2433 2592 2499 operis
2642 2433 2803 2486 verba
2845 2433 3001 2485 unico
3049 2434 3157 2496 isti,
3191 2449 3347 2502 quem

110 2541 318 2596 prorsus
343 2527 774 2580 contemnenda:
796 2527 1065 2592 videntur,
1098 2543 1214 2596 qua:
1243 2526 1380 2596 apud
1417 2526 1588 2594 ipsum
1611 2524 1690 2574 vi-

1799 2520 1897 2572 hac
1927 2519 1993 2574 de
2021 2535 2077 2573 re
2100 2521 2310 2587 scripsit
2342 2517 2586 2585 Faustus,
2615 2521 2749 2576 libro
2789 2521 3033 2577 incautus
3063 2522 3354 2577 alliuxerit.

742 2757 1808 2877 PASGE-ASII
1916 2753 2766 2865 DIACONI

1081 2925 1238 3023 DE
1339 2919 1838 3025 SPIRITU
1922 2913 2413 3021 SANCTO

1465 3074 1772 3146 LIBRI
1812 3072 2053 3144 DUO.

1625 3236 1855 3248 ~————-

1407 3325 2096 3412 PRIEFATIO.

190 3462 343 3517 Fides
374 3461 656 3516 catholica
684 3462 734 3515 in
757 3464 1057 3519 universum
1085 3467 1336 3521 mundum
1369 3483 1464 3535 per
1488 3467 1706 3535 patriar-

130 3555 244 3606 τίω
274 3564 328 3606 et
382 3555 690 3621 prophetas
737 3561 790 3605 et
830 3555 1013 3620 gratia:
1041 3556 1455 3624 dispensatores,
1506 3541 1707 3625 Spiritu

131 3654 306 3697 sancto
336 3645 658 3697 insinuante
684 3642 870 3696 diffusa
896 3657 996 3698 est.
1024 3647 1168 3699 llauc
1190 3649 1478 3714 apostolica
1507 3648 1707 3701 sollici-

133 3736 248 3790 tudo
273 3747 441 3805 atque
478 3735 761 3804 perfectio,
796 3739 931 3789 sicut
959 3753 1051 3802 per
1088 3749 1298 3792 sanctas
1329 3741 1546 3807 paginas
1578 3739 1706 3793 dila-

134 3836 350 3889 taverat,
379 3827 457 3879 ita
495 3840 591 3893 per
621 3824 858 3894 Symboli
887 3826 1117 3881 salutare
1145 3829 1275 3880 mira
1316 3830 1572 3883 brevitate
1597 3830 1707 3883 col--

135 3917 276 3984 legit,
306 3929 363 3970 et
409 3926 667 3982 .anquam
711 3930 803 3981 per
836 3917 1073 4006 diversas
1103 3920 1457 3973 remediorum
1505 3920 1708 3987 species

135 4009 389 4075 disposuit
415 4008 474 4060 in
506 4021 699 4074 corpus
722 4021 903 4072 unum,
934 4021 995 4061 ac
1016 4009 1159 4062 velut
1182 4025 1247 4062 ex
1279 4010 1568 4065 innumeris
1589 4026 1709 4064 aro-

136 4095 360 4149 ntatibus
411 4095 711 4162 pretiosum
746 4095 972 4148 confecit
1012 4107 1357 4166 unguentum,
1388 4100 1537 4168 cujus
1576 4093 1707 4154 odor

138 4201 318 4238 ornnes
340 4184 488 4238 fines
518 4195 675 4238 terra:
705 4189 936 4252 potentia
965 4186 1248 4253 flagrantiae
1278 4190 1567 4257 spiritualis
1611 4193 1708 4242 im-

137 4277 315 4342 plevit,
344 4287 402 4328 ut
449 4277 502 4327 in
546 4277 660 4342 ipso
689 4277 1045 4329 universitatis
1084 4293 1305 4331 ascensu
1339 4281 1506 4334 virtus
1541 4296 1706 4349 appa-

140 4354 248 4418 reat
277 4366 553 4420 veritatis.
608 4368 672 4417 tit
709 4366 828 4432 quia
869 4378 1075 4431 oportet
1119 4379 1173 4420 ut
1219 4371 1517 4424 errantibus
1559 4373 1707 4439 quasi

142 4458 372 4521 parvulis
399 4466 460 4509 et
493 4456 705 4522 ignaris,
743 4456 854 4519 prin
880 4473 924 4509 ω
945 4456 1256 4510 Christiana:
1281 4460 1574 4513 traditionis
1602 4461 1709 4514 ele-

143 4558 311 4599 menta
346 4556 655 4614 repetamus
685 4546 700 4611 (
721 4547 791 4597 De
804 4545 890 4600 Itis
912 4548 1018 4600 vide
1037 4548 1283 4600 Ambrosii
1307 4551 1394 4602 lib.
1418 4565 1431 4602 I
1459 4551 1519 4602 de
1551 4551 1710 4603 Abra-

142 4635 286 4688 hamo
316 4653 439 4705 cap.
468 4637 501 4687 3
525 4644 570 4686 et
616 4633 886 4687 Prndentii
915 4637 1308 4706 Ψυχομαχίαν),
1337 4640 1388 4691 itt
1430 4639 1527 4693 hac
1568 4655 1710 4709 sym-

143 4731 239 4782 boli
267 4710 606 4798 perfectione
635 4739 690 4782 et
713 4731 884 4782 unitas
905 4731 1176 4784 evidenter
1203 4734 1470 4796 aperitur.
1517 4744 1569 4788 et
1615 4735 1708 4787 tri-

144 4821 298 4883 nitas,
327 4821 462 4873 dum
503 4831 582 4872 ter
618 4819 837 4884 repetita
883 4822 1146 4874 confessio
1175 4821 1339 4887 Patri,
1370 4834 1423 4876 et
1473 4823 1622 4888 Filio,
1654 4834 1710 4879 et

146 4911 363 4978 Spiritui
391 4923 601 4972 sancto,
628 4926 786 4962 unum
823 4911 1152 4966 credulitatis
1184 4913 1354 4966 reddit
1376 4914 1705 4980 obsequium.

147 5002 194 5055 ιη
218 5004 421 5071 quibus
459 5004 634 5054 verbis
671 5003 828 5055 etiam
861 5011 1213 5057 trecentorum
1259 5005 1442 5058 decem
1474 5016 1526 5058 et
1564 5016 1708 5070 octo,

1813 3459 1954 3514 tione
1983 3459 2164 3513 Grzeca
2192 3460 2396 3528 signum
2421 3463 2612 3526 crucis,
2639 3463 2820 3518 dech
2843 3474 2896 3519 et
2925 3477 3042 3520 octo
3071 3483 3217 3532 vero,
3243 3471 3368 3526 Jesut

1812 3549 2136 3618 adorandum
2183 3565 2372 3615 nomen
2407 3554 2710 3606 ostendunt.
2753 3555 2805 3608 In
2850 3557 2949 3609 huc
2984 3575 3111 3624 ergo
3150 3576 3371 3615 numero

1812 3649 1968 3708 atque
1996 3642 2267 3710 mysterio,
2300 3642 2351 3694 in
2381 3658 2484 3710 quo
2509 3656 2559 3695 et
2591 3655 2808 3698 sanctus
2835 3648 3099 3701 Abraham
3130 3651 3196 3704 de
3223 3653 3370 3705 innu-

1736 3763 1780 3822 Ο
1815 3733 1973 3785 meris
2000 3732 2242 3798 gentibus
2277 3734 2636 3800 triumphavit,
2664 3739 2929 3791 seniorum
2958 3741 3125 3807 pietas
3165 3743 3370 3797 hostem

1789 3823 1932 3877 'fidei
1957 3823 2055 3905 sub
2087 3839 2185 3875 una
2217 3824 2384 3877 Patris
2410 3836 2461 3877 et
2487 3825 2603 3879 Filii
2635 3837 2686 3879 ct
2725 3827 2952 3894 Spiritus
2981 3833 3144 3885 sancti
3181 3834 3372 3901 prtedi-

1812 3914 2021 3981 catione
2047 3913 2320 3967 confundit
2345 3931 2356 3965 ε
2385 3915 2522 3967 unde
2549 3915 2708 3968 etiam
2733 3916 3134 3986 intelligendum
3160 3931 3242 3975 est
3281 3939 3375 3977 eos

1812 4003 1901 4071 qui
1959 4003 2010 4055 in
2068 4003 2322 4070 Spiritum
2362 4013 2599 4056 sanctum
2645 4006 2745 4058 sub
2794 4017 2988 4060 a'terna
3036 4011 3375 4067 damnatione

1813 4094 2194 4159 blasphemant,
2221 4105 2304 4146 aut
2334 4096 2447 4147 sine
2468 4095 2795 4161 professione
2813 4099 3034 4166 symboli
3060 4101 3372 4168 baptizatos,

1812 4194 1901 4236 aut
1934 4185 1981 4235 in
2015 4185 2127 4250 ipso
2147 4185 2244 4235 sibi
2274 4186 2515 4253 symbolo
2542 4201 2604 4239 ac
2633 4186 2777 4240 fonte
2807 4190 3075 4253 mentitos,
3094 4204 3372 4260 antequam

1812 4276 1983 4326 omnis
2013 4275 2169 4327 homo
2196 4275 2407 4326 didiolo
2439 4275 2745 4351 renuntiatis
2778 4278 3060 4330 confitetur
3088 4298 3099 4331 :
3127 4280 3301 4335 Credo
3322 4273 3397 4338 ct.

1811 4365 1863 4419 in
1886 4365 2136 4431 Spiritum
2168 4374 2425 4418 sanctum.
2461 4364 2652 4430 Credo,
2685 4367 2924 4433 inquam,
2953 4379 3005 4421 ct
3036 4370 3085 4422 in
3118 4374 3372 4438 Spiritum

1811 4467 2069 4509 sanctum.
2099 4458 2456 4521 Agnuscamtts
2488 4456 2642 4508 Verbi
2677 4457 2840 4525 ipsius
2873 4461 3221 4525 privilegium.
3249 4469 3374 4519 (.rc-

1813 4546 1939 4600 dere
1956 4547 2254 4615 illiquilibet
2275 4557 2442 4614 potest
2456 4548 2744 4601 hominum.
2760 4549 2986 4603 Credere
3002 4567 3125 4605 vero
3141 4554 3190 4606 in
3206 4555 3375 4618 illum,

1813 4637 1911 4690 soli
1929 4637 2120 4690 debere
2143 4647 2192 4689 te
2208 4637 2465 4703 majestati
2489 4637 2719 4690 noveris.
2739 4639 2840 4691 Sed
2859 4650 2910 4690 οἰ
2933 4640 3030 4694 hoc
3051 4642 3218 4710 ipsum
3236 4647 3378 4701 aliud

1812 4727 2082 4788 esl,Deum
2096 4727 2265 4779 credet
2281 4741 2328 4782 e.
2344 4727 2482 4778 aliud
2496 4729 2802 4781 estcredcre
2816 4730 2863 4781 in
2882 4729 3062 4782 Deum.
3075 4731 3202 4785 Es<e
3220 4734 3381 4788 Deum

1813 4830 1864 4870 et
1880 4814 2118 4894 diabolus
2139 4819 2355 4872 credere
2370 4818 2562 4871 dicitur
2582 4821 2869 4873 secundum
2893 4822 3199 4890 Apostolum
3218 4844 3230 4876 :
3250 4827 3378 4880 Nam

1814 4923 1868 4962 et
1889 4909 2158 4962 damnones
2192 4908 2413 4962 credunt
2442 4924 2489 4962 et
2515 4913 2948 4966 contremiscunt.
2984 4915 3037 4964 In
3073 4915 3232 4967 Dt‘llllt
3253 4934 3383 4970 vero

1776 5011 1784 5020 '
1815 5009 2052 5068 credere,
2079 5003 2174 5057 nisi
2198 5006 2284 5072 qui
2315 5004 2398 5071 pie
2423 5007 2472 5057 in
2503 5021 2621 5058 cum
2649 5009 2961 5073 speraverit,
2987 5024 3088 5062 non
3109 5012 3380 5075 probatur.

148 5108 292 5146 sacer
318 5106 579 5144 numerus
609 5092 963 5154 sacerdotum,
993 5104 1322 5160 emergentes
1369 5096 1474 5147 Arii
1504 5111 1564 5148 ac
1603 5096 1713 5148 Ma-
1741 5121 1790 5179 Ι)
1823 5093 1873 5145 lu
1898 5095 2057 5146 Deum
2079 5108 2205 5161 ergo
2225 5092 2465 5154 credere,
2502 5095 2602 5147 hoc
2627 5094 2948 5148 csttidelitcr
2969 5112 3088 5148 cum
3122 5113 3381 5165 maerere,

150 5185 349 5236 mdonii
384 5183 659 5236 damnavit
695 5198 924 5248 errores,
954 5184 1133 5238 dicens
1168 5201 1181 5236 :
1223 5185 1396 5238 Credo
1444 5187 1495 5238 in
1551 5187 1710 5240 Deum

153 5272 383 5338 Patrem,
407 5271 581 5325 Credo
605 5272 654 5324 in
698 5270 886 5326 Filium
910 5275 1025 5340 ejus
1055 5276 1266 5328 unicum
1309 5276 1583 5328 Dominum
1614 5292 1710 5329 no-

155 5373 338 5414 strttm.
367 5364 542 5415 Credo
571 5373 621 5414 et
655 5363 705 5415 in
732 5362 980 5428 Spiritum
1021 5379 1281 5419 sanctum.
1324 5365 1452 5418 Nam
1493 5375 1546 5419 et
1578 5367 1620 5419 si
1647 5382 1712 5421 ex

157 5455 248 5505 hoc
280 5469 508 5509 numero
544 5470 828 5522 paucorum
877 5456 1125 5524 fragilitas
1166 5456 1469 5519 declinavit,
1502 5458 1714 5510 univer-

158 5545 276 5596 satis
304 5556 482 5597 tamen
515 5543 720 5595 numeri
752 5544 1054 5612 mysterium
1096 5559 1200 5599 non
1231 5546 1467 5599 resolvit.
1504 5545 1568 5598 Et
1596 5547 1713 5599 ideo

160 5649 302 5688 ξαρ-ιι·
332 5650 586 5689 ῃιιηιρτικ
611 5635 855 5692 diximus.
883 5635 1019 5702 quod
1051 5638 1266 5691 trecenti
1294 5650 1436 5688 mera
1461 5645 1710 5704 supputa-

483 5729 732 5783 Parnm.
802 5726 984 5784 [ΧΗ.

1819 5193 1902 5236 est
1923 5191 2027 5235 tota
2051 5183 2101 5236 in
2123 5199 2241 5236 eum
2256 5182 2537 5237 dilectione
2554 5185 2796 5236 transire.
2811 5183 2981 5237 Credo
2999 5189 3188 5254 ergoin
3213 5187 3381 5252 illum,

1819 5271 1917 5325 hoc
1935 5282 2018 5326 est
2033 5272 2230 5338 dicere,
2250 5272 2500 5327 confiteor
2515 5273 2686 5338 illum,
2703 5273 2822 5327 eolo
2843 5274 3008 5338 illum,
3030 5278 3196 5330 adoro
3216 5279 3380 5342 illum,

1821 5372 1985 5416 totum
2009 5378 2094 5416 me
2119 5363 2169 5416 in
2197 5363 2283 5432 jus
2306 5363 2420 5431 ejus
2446 5379 2509 5418 ac
2532 5363 2820 5417 dominium
2846 5367 2996 5419 trado
3023 5377 3179 5435 atque
3208 5378 3381 5422 trans~

1821 5454 2004 5507 fundo.
2038 5454 2090 5506 ln
2124 5455 2468 5521 professionis
2495 5456 2646 5523 hujus
2677 5458 2995 5521 reverentia,
3027 5459 3270 5515 universa
3302 5463 3380 5515 dt-

1821 5550 1942 5602 vino
1969 5548 2165 5601 nomini
2195 5547 2370 5601 debita
2393 5548 2730 5602 continentur
2757 5549 3035 5619 obsequia.
3103 5562 3106 5565 '
