3834 6228
64 306 117 360 l3
1197 292 1275 351 DE
1313 286 1574 352 SPilliTU

1711 284 1879 345 sero
1915 286 2039 343 Lm.
2086 286 2123 341 ι.
2834 278 2837 283 ’
3203 286 3265 348 ιι

63 420 144 469 πί,
167 427 304 469 ...ηδ
326 415 380 467 in
403 429 519 468 una
540 412 748 468 θεῖιειιο
775 411 1074 472 doceamus,
1104 406 1211 461 tria
1245 407 1456 459 umnina
1499 418 1603 456 non
1636 406 1680 461 Α
1713 401 1964 470 singulari
1998 399 2200 469 plur.dc
2219 399 2518 467 peruti~cet,
2548 412 2654 452 non
2683 399 2807 452 dicit
2838 400 2901 454 ad
2936 401 3191 480 imagines
3211 416 3266 458 et

62 511 142 561 tris
167 516 348 575 regna;
369 516 489 559 tres
505 503 909 574 appellationes,
935 501 1024 553 sed
1048 514 1148 552 ttott
1172 506 1278 550 tres
1297 504 1602 566 potestates;

60 611 152 651 tres
180 602 498 667 hypostases
542 595 629 649 vel
666 591 1045 654 subsistentius,
1070 587 1178 664 sed
1203 600 1310 667 non
1340 595 1450 667 tres
1476 586 1609 639 sub-

60 665 280 739 stantias.
298 680 654 736 Manifestum
671 677 924 732 estetiam
941 676 1249 729 szecularcm
1269 665 1597 727 intellexisse

62 771 381 841 sapientiam,
394 769 649 824 omnium
667 765 1061 835 multitudinem
1080 762 1440 822 sreuiarium.
1455 746 1597 815 intra

64 863 206 923 trium
256 875 629 929 personarum
660 858 965 913 conclusam
992 870 1113 909 esse
1153 854 1438 909 rationem.
1467 850 1598 919 Quae

64 964 169 1007 sunt
199 954 311 1007 ista
341 962 466 1006 tres
489 952 513 1003 ἲ
536 951 592 1003 id
627 961 708 1003 est
730 969 743 1004 :
766 951 895 1021 Ego.
918 948 1019 1013 Tu,
1049 944 1164 1001 Ille.
1194 946 1354 1015 Ergo,
1385 954 1441 997 ut
1464 942 1600 996 dixi-

67 1060 186 1105 mus,
206 1054 315 1097 trcs
334 1051 555 1095 tantum
578 1043 631 1095 in
650 1042 814 1096 rebus
838 1055 957 1095 esse
982 1044 1259 1110 personas.
1278 1037 1443 1093 etiam
1468 1032 1604 1088 libc—

67 1134 180 1188 τλιίι
206 1131 387 1187 studia
405 1132 479 1186 de
520 1132 892 1201 spiritualibus
914 1131 1218 1202 disciplinis
1245 1132 1601 1187 instructione

68 1231 286 1278 mutuata
317 1230 640 1285 senserunt,
668 1221 855 1293 eisque
888 1217 1168 1275 evidenter
1196 1221 1467 1295 apparuit,
1503 1234 1603 1275 nec

68 1315 337 1370 secundam
362 1327 657 1384 personam
682 1308 994 1370 satisfacere
1012 1310 1332 1381 perlectionl
1369 1324 1478 1365 nec
1499 1318 1608 1366 ter-

72 1410 175 1458 tiam
208 1418 368 1474 posse
407 1401 742 1468 transcendi,
766 1402 893 1472 Quia
910 1400 1224 1457 dualitatem
1254 1399 1599 1470 semiplenam

72 1512 165 1551 esse
194 1496 257 1549 ad
293 1497 530 1549 tertium
551 1507 836 1548 numerum
863 1493 1093 1549 tendens
1114 1492 1610 1564 arguitplenitudm

73 1588 481 1655 quaternitatem
510 1599 641 1640 vero
672 1584 881 1654 respuit
908 1586 963 1639 in
1003 1585 1181 1639 tribus
1234 1584 1606 1639 consummata

76 1677 329 1743 pcriectio.
352 1674 458 1730 llis
470 1688 600 1746 ergo
612 1675 717 1731 levi
734 1673 1244 1729 commemoratione
1257 1671 1608 1737 transmissis,

1712 490 2084 545 similitudines
2114 485 2339 551 nostras,
2360 492 2441 543 vel
2470 500 2617 544 certe
2641 492 2705 543 ad
2740 492 3090 560 itnagittemet
3118 494 3265 546 sitni-

1714 580 1989 636 litudinem
2020 596 2211 644 meam,
2259 581 2519 634 unitatem
2564 582 2950 651 singu'aritate,
2977 583 3267 637 trinitatem

1715 678 2014 746 pluralitat
2038 677 2393 732 commendat.
2428 676 2606 747 Itaque
2634 680 2686 733 in
2724 694 2790 733 eo
2818 680 2938 749 quia
2965 679 3127 734 dicit:
3166 679 3270 734 Fas

1710 770 1902 823 ciamus
1938 768 2189 824 hominem
2242 772 2307 823 ad
2336 771 2606 840 imaginem
2634 783 2871 836 nostram,
2921 785 3266 847 personarum

1714 874 1965 917 numerus
1986 861 2300 931 explicatur,
2331 862 2384 916 in
2407 878 2471 917 eo
2496 857 2982 933 quia’sing‘nlariter
3024 866 3087 917 ad
3124 867 3226 918 itna
3245 893 3261 902 -

1712 953 1890 1020 ginem
1919 962 1974 1006 et
1999 952 2421 1017 similitudinem,
2446 952 2498 1006 in
2528 964 2685 1006 unam
2708 953 3053 1006 substantiam
3078 954 3268 1007 divini-

1717 1051 1797 1096 tas
1819 1040 2046 1097 indivisa
2069 1042 2353 1112 colligitur.
2379 1043 2507 1097 Cum
2532 1043 2755 1097 Abrahm
2786 1046 2838 1098 in
2865 1046 2998 1099 ostio
3020 1046 3268 1099 taberna-

1713 1130 1817 1186 culi
1845 1132 2174 1201 apparuisset
2208 1134 2347 1187 Dens
2396 1131 2549 1200 (Gen.
2579 1134 2748 1204 xvnt),
2795 1144 2848 1189 et
2896 1150 2960 1189 ex
3009 1151 3115 1197 uno
3157 1146 3268 1189 tres

1713 1223 1830 1292 ejus
1858 1236 1917 1278 se
1940 1223 2110 1276 oculis
2134 1222 2444 1285 mirabilder
2470 1223 2806 1290 obtulissent,
2833 1214 2888 1279 in
2913 1225 3080 1279 tribus
3108 1241 3271 1279 unum

1713 1302 1958 1366 conscius
2012 1311 2303 1381 maiestatis
2359 1311 2618 1365 adoravit.
2678 1311 2733 1365 In
2804 1314 3008 1387 psalmo
3063 1324 3272 1384 quoque

1715 1401 1955 1457 absolute
1979 1404 2218 1470 personis
2247 1402 2357 1455 suis
2394 1401 2567 1455 unitas
2588 1400 2895 1471 designatur
2925 1420 2939 1457 :
2980 1399 3065 1459 Ne
3113 1404 3274 1476 projio

1713 1493 1818 1545 clas
1838 1507 1937 1561 me,
1960 1491 2152 1562 inquit,
2174 1509 2207 1545 a
2236 1483 2367 1563 facie
2386 1501 2495 1561 tua,
2520 1501 2569 1547 et
2610 1492 2856 1557 Spiiltttm
2884 1504 3110 1549 unctum
3130 1506 3274 1551 tuum

1713 1592 1775 1636 ne
1816 1584 2017 1655 auferas
2045 1599 2077 1634 a
2097 1598 2174 1636 me
2200 1579 2369 1652 (Ptol.
2404 1582 2476 1652 1.).
2507 1581 2670 1638 Filius
2696 1581 2834 1639 sicut
2864 1583 3037 1654 imago
3080 1587 3271 1651 Patris.

1715 1671 1787 1725 ita
1842 1680 1896 1726 et
1935 1671 2093 1727 facies
2148 1670 2321 1727 Patr's
2370 1671 2647 1740 accipitur.
2704 1672 2770 1728 Et
2820 1673 2942 1731 ideo
2993 1677 3267 1745 legimus:

78 1768 223 1834 magis
255 1768 434 1821 sacris
465 1764 787 1820 testimoniis
815 1780 1137 1823 asseramus.
1181 1758 1499 1819 Trinitatem
1552 1763 1608 1819 in
1635 1757 1684 1820 Β
1720 1759 1981 1830 Philippe,
2004 1760 2090 1825 qui
2113 1760 2244 1815 uidet
2272 1776 2369 1828 nte,
2390 1762 2518 1815 ridet
2540 1772 2587 1815 et
2608 1760 3010 1835 Patrem(loan.
3041 1768 3173 1837 stv).
3210 1767 3273 1822 Et

80 1860 262 1913 unitate
285 1859 597 1913 mutatione
621 1858 943 1919 subsistere.
965 1854 1069 1912 Sed
1112 1856 1249 1912 dicis
1278 1848 1449 1923 :Quid
1476 1855 1609 1911 mihi

80 1949 266 2017 profers
289 1945 523 2004 unitatis
534 1964 596 2002 ac
617 1946 900 2003 Trinitatis
918 1947 1104 2011 verba,
1134 1963 1254 2017 quae
1277 1948 1329 2001 in
1349 1948 1609 2001 canonica

81 2039 291 2093 lrctione
324 2054 440 2094 non
480 2035 697 2099 invenis
714 2032 882 2096 {Non
903 2038 1122 2104 mirum,
1142 2039 1186 2092 si
1213 2037 1261 2091 is
1280 2036 1373 2106 qui
1399 2030 1608 2106 ingredi

80 2134 165 2171 non
186 2130 421 2173 meretur
449 2117 736 2185 penetralia
769 2117 976 2179 salutis,
1017 2128 1316 2186 expavesctt
1340 2134 1402 2171 ac
1430 2117 1619 2186 relugit

78 2212 211 2263 etiam
246 2210 611 2266 testimonium
651 2212 907 2267 veritatis.
946 2210 1085 2279 Quid
1115 2212 1255 2265 enim
1299 2220 1402 2269 tam
1434 2212 1620 2282 prosis

81 2316 222 2363 mum,
248 2309 353 2354 tam
379 2301 645 2367 naturale,
678 2310 789 2354 tam
817 2300 1112 2369 proprium,
1140 2314 1297 2369 quam
1334 2312 1389 2355 ut
1408 2290 1475 2356 de
1513 2316 1619 2356 uno

84 2394 252 2455 unitas,
276 2394 343 2447 de
373 2395 545 2447 tribus
566 2392 818 2458 Trinitas,
848 2392 1124 2447 catholicis
1166 2393 1390 2461 primum
1416 2394 1619 2458 diltlnic

83 2482 285 2536 tionibus
329 2482 704 2552 nuncupatur?
735 2480 853 2536 Non
889 2496 953 2536 ex
1004 2498 1063 2536 se
1114 2478 1444 2539 discutienda
1494 2494 1618 2538 sunt

88 2573 221 2624 verba
246 2590 361 2643 qua:
391 2575 460 2628 de
486 2574 906 2644 praecedentibus
928 2575 1180 2643 pendent,
1209 2590 1309 2632 nec
1334 2590 1464 2635 sane
1490 2588 1618 2631 con-

86 2650 283 2729 sequens
305 2676 389 2718 est
417 2677 474 2718 ut
514 2666 790 2735 peregrina
822 2664 1144 2734 iudicentur,
1175 2680 1298 2736 qua:
1329 2682 1395 2724 ex
1431 2682 1538 2723 uno
1562 2679 1620 2725 et

90 2755 322 2819 tribus,id
344 2767 428 2810 est
443 2758 510 2811 de
537 2748 802 2812 manifesti
822 2758 1027 2812 exordii
1051 2761 1373 2829 proprietate
1391 2776 1619 2819 nascun-

91 2852 174 2896 tur.
199 2844 420 2901 Advorte
448 2847 571 2916 quia
605 2864 707 2909 non
734 2856 817 2902 est
847 2849 1257 2918 pratsutnptivus
1286 2858 1506 2921 uterque
1530 2850 1618 2906 hic

90 2946 257 2998 sermo,
287 2938 375 2991 sed
406 2939 751 2995 derivativus.
774 2942 902 3005 Quae
922 2941 1175 2999 vocabula
1196 2956 1225 2995 a
1254 2951 1492 3012 tempore
1513 2944 1619 3011 pri-

92 3023 253 3077 mitiva:
281 3026 528 3083 Ecclesiae
556 3028 843 3099 antiquitas
867 3030 1089 3098 invenit,
1114 3032 1403 3087 auctoritas
1432 3042 1612 3102 protu-

96 3110 159 3176 lit,
183 3126 295 3169 a-tas
318 3119 470 3189 longa
496 3119 751 3174 firmavit.

670 3232 892 3288 CAPUT
934 3233 993 3287 ν.

152 3343 263 3402 Dum
283 3356 435 3421 {aries
459 3348 653 3419 Patris,
678 3353 844 3409 Filius
873 3356 1085 3429 dicitur,
1115 3352 1262 3429 Patri
1286 3370 1537 3429 a'qumus

676 3426 987 3494 agnoscitur.
1140 3426 1144 3430 ’

152 3520 342 3589 Suscipe
361 3525 430 3579 de
455 3526 622 3579 sacris
641 3525 996 3579 voluminibus
1018 3526 1351 3582 Trinitatem.
1384 3526 1448 3579 In
1469 3529 1609 3598 prin-

96 3608 200 3673 cipio
222 3612 325 3679 [ιτὶι
356 3614 491 3692 Deus
514 3616 694 3666 caelum
719 3624 765 3666 et
791 3623 999 3677 terram,
1025 3626 1070 3668 et
1101 3615 1327 3681 Spiritus
1372 3616 1461 3670 Dei
1478 3618 1609 3686 [erc-

99 3698 210 3751 batsr
232 3720 365 3771 super
390 3722 549 3772 aquas
580 3704 729 3772 (Gen.
766 3704 824 3772 t).
878 3704 1033 3758 Pater
1067 3716 1269 3767 auctor,
1316 3717 1604 3773 teqntevtmt

97 3792 382 3860 principium,
417 3796 733 3863 superfusus
753 3796 904 3864 aquis
929 3796 1157 3869 Spiritus
1183 3806 1412 3851 sanctus.
1439 3798 1607 3866 Super

104 3894 231 3941 aquas
258 3886 419 3951 itaque
447 3885 770 3937 dominantis
800 3885 1080 3938 eminentia
1138 3886 1404 3940 ferebatur
1429 3900 1444 3949 ς
1495 3886 1602 3953 jam

102 3980 401 4044 tuoc,cred0,
429 3977 674 4043 baptismi
720 3989 933 4029 munera
964 3976 1211 4043 ﬁgurans.
1263 3978 1315 4029 In
1353 3976 1598 4031 iaciendo

98 4080 262 4133 Quintae
283 4070 511 4133 homine,
558 4084 663 4121 non
694 4068 867 4133 unius,
920 4066 1013 4121 sed
1052 4068 1207 4120 trium
1261 4078 1602 4135 personarum

99 4171 200 4217 “pus
242 4176 347 4214 csse
394 4164 726 4214 detnonstrat
770 4161 902 4212 trina
959 4160 1202 4225 repetitio
1253 4160 1483 4213 deitatis.
1528 4160 1601 4213 ita

100 4258 205 4297 etum
232 4248 439 4315 legimus
471 4267 483 4301 :
520 4250 584 4301 Et
608 4250 736 4301 dixit
763 4249 897 4302 Deus
918 4265 939 4302 :
965 4248 1239 4302 Faciamus
1263 4251 1510 4303 hominem
1534 4252 1601 4303 ad

100 4333 313 4402 imaginem
352 4352 395 4393 et
435 4339 816 4393 similitudinem
852 4351 1090 4392 nostram.
1124 4338 1349 4393 Adverte
1394 4349 1601 4393 senten-

1717 1852 1907 1907 iterum
1938 1871 1953 1907 :
1979 1853 2088 1918 Quo
2113 1853 2196 1908 ibo
2232 1872 2265 1908 a
2292 1852 2488 1922 Spiritu
2512 1866 2620 1918 tuo,
2644 1866 2693 1910 et
2718 1872 2818 1927 quo
2845 1871 2879 1912 α
2922 1858 3053 1927 faeie
3076 1867 3165 1912 tua
3193 1860 3273 1931 [u-

1714 1941 1897 2013 giam.’
1923 1942 2156 1998 Advorte
2200 1943 2251 1997 in
2280 1942 2383 1998 iide
2407 1943 2653 2013 perlecta:
2690 1945 3043 2000 confessionis
3084 1958 3273 2017 mystcs

1717 2045 1854 2086 rtum
1877 2030 2170 2086 Trinitatis.
2197 2032 2458 2101 Propheta
2479 2032 2543 2086 ad
2565 2032 2774 2087 Patrem
2804 2032 3057 2104 loquitur,
3083 2033 3272 2090 facit-nt

1719 2120 1890 2178 Patris
1919 2122 2109 2178 Filium
2140 2123 2314 2179 Patris
2344 2123 2641 2193 proﬁtetur,
2673 2122 2877 2180 necnon
2903 2121 3148 2180 dill'usum
3181 2143 3274 2196 μιν

1719 2205 1898 2269 omnia
1960 2213 2213 2283 Spiritum
2264 2224 2505 2269 sanctum
2562 2214 2854 2284 proﬁtetur.
2904 2214 2978 2271 De
3020 2214 3153 2271 Filio
3196 2205 3262 2271 ait

1718 2296 1949 2373 lloysem
1977 2304 2135 2358 etiam
2164 2303 2396 2373 loquitur
2420 2300 2692 2369 Dominus,
2725 2304 2879 2374 [acies
2896 2319 3009 2357 mea
3028 2307 3273 2374 pritudrl

1720 2391 1977 2462 te(l£.rod.
2003 2394 2213 2463 sum).
2239 2391 2389 2461 Quod
2442 2392 2655 2457 nomen,
2689 2393 2739 2446 id
2790 2402 2873 2447 est
2910 2393 3089 2458 iacies,
3118 2404 3172 2448 et
3205 2396 3272 2449 ad

1720 2481 1938 2535 unitatis
1960 2480 2326 2546 substantiam,
2354 2489 2410 2536 et
2438 2482 2503 2535 ad
2524 2482 2873 2536 atternitatem
2906 2480 3134 2552 pertinet
3159 2498 3274 2538 ms-

1717 2570 1943 2638 ]estatis.
1971 2570 2121 2637 Quod
2140 2579 2317 2626 autem
2344 2572 2604 2639 minorem
2619 2579 2823 2639 putant,
2845 2570 2965 2639 quia
2988 2580 3143 2626 natus
3163 2580 3269 2639 est,

1716 2658 1844 2727 quid
1873 2668 1957 2713 est
1989 2660 2153 2714 Deum
2180 2658 2248 2713 de
2271 2656 2380 2714 Deo
2422 2669 2542 2713 esse
2573 2667 2773 2719 natura.
2798 2659 2898 2712 nisi
2925 2674 2990 2713 es
3040 2658 3150 2713 Deo
3177 2675 3272 2715 usa

1720 2748 1963 2809 turaliter
1982 2749 2299 2804 exstitisse?
2322 2746 2428 2805 Sed
2461 2749 2631 2803 diclst
2664 2748 2718 2805 Si
2745 2765 2810 2805 es
2860 2750 2947 2804 illo
2964 2759 3071 2818 est,
3092 2752 3273 2821 juniot‘

1719 2844 1823 2892 est.
1854 2838 1989 2894 Ecce
2017 2838 2291 2894 brachium
2318 2850 2381 2893 ex
2405 2850 2651 2907 corpore,
2672 2848 2724 2892 ct
2747 2838 2906 2895 facies
2931 2840 2998 2895 de
3047 2854 3273 2912 corpore

1718 2941 1818 2981 suo
1848 2927 2103 2998 nascitur,
2140 2942 2241 2984 nec
2263 2937 2439 2983 tamen
2467 2926 2653 2983 faciem
2676 2930 2935 2983 minorem
2977 2931 3153 3000 rapite
3176 2947 3272 2986 suo

1721 3016 1803 3068 vel
1831 3014 2105 3070 brachium
2132 3028 2359 3085 corpore
2383 3029 2482 3070 suo
2496 3025 2706 3071 constat
2756 3029 2875 3072 esse
2904 3019 3186 3086 posterius.
3210 3021 3269 3077 Si

1638 3111 1687 3174 ο
1718 3116 1844 3172 ergo
1886 3104 2049 3159 ullum
2078 3113 2237 3174 caput
2257 3104 2525 3173 antiquius
2553 3116 2781 3173 unquam
2808 3105 2926 3169 fuit,
2955 3117 3080 3160 tunc
3115 3121 3268 3163 asse-

1718 3186 1836 3251 rere
1859 3210 2117 3265 prazsnnte
2144 3196 2489 3267 antiquiorem
2533 3211 2653 3250 esse
2683 3192 2889 3251 Patrem
2936 3196 3004 3250 ab
3042 3198 3269 3267 imagine

1714 3299 1829 3347 sua,
1860 3298 1975 3354 qua:
1992 3287 2041 3339 iu
2064 3285 2261 3339 Christi
2283 3281 2511 3354 perfecta
2534 3282 2877 3357 similitudine
2896 3293 2949 3339 et
2970 3287 3268 3352 :equhlitatu

1713 3375 1979 3427 consistit.
2023 3373 2093 3426 ita
2138 3385 2265 3440 ergo
2311 3370 2481 3425 nescit
2534 3370 2699 3424 Fidus
2747 3371 2831 3426 vel
2872 3370 3130 3442 potestate
3176 3378 3265 3430 vet

1714 3476 1952 3531 tempore
1978 3479 2007 3517 a
2038 3464 2189 3517 Patre
2234 3462 2485 3525 discerni.
2533 3461 2674 3514 sicut
2699 3459 2855 3513 facies
2882 3474 2911 3513 s
2964 3461 3139 3531 capite
3179 3475 3265 3517 se-

1694 3554 1923 3625 .parari,
1974 3554 2055 3606 vri
2118 3553 2288 3620 capite
2348 3563 2447 3605 suo
2500 3563 2826 3619 nequaquam
2872 3555 3046 3627 potest
3084 3550 3265 3622 iunior

1709 3643 1946 3699 inveniri.
2306 3703 2531 3762 CAPUT
2557 3706 2639 3760 VL

1817 3797 2065 3867 Spiritum
2097 3797 2289 3862 Patris,
2314 3802 2477 3867 ipsum
2499 3812 2608 3849 esss
2631 3795 2879 3866 Spiritum
2905 3806 3152 3852 sanctum.

1778 3912 1882 3968 Sed
1910 3911 2041 3964 dicis
2067 3928 2079 3962 :
2110 3908 2342 3964 Ostende
2372 3909 2495 3962 mihi
2518 3907 2655 3976 quod
2686 3910 2736 3961 in
2765 3923 2859 3962 sua
2887 3909 3112 3963 essentia
3132 3910 3258 3964 sub-

1707 4003 1857 4055 sistat
1881 4000 2109 4065 Spir‘ttus
2128 4005 2362 4052 sanctus.
2394 3995 2702 4065 Ubicunque
2732 3994 2813 4049 Vel
2842 3993 3085 4065 quotiens
3115 3996 3253 4067 lego,

1706 4103 1797 4147 aut
1824 4090 2076 4157 Spiritum
2109 4087 2296 4151 Patris,
2328 4095 2418 4139 aut
2450 4085 2700 4154 Spiritum
2728 4098 2927 4149 meum,
2958 4093 3048 4139 aut
3084 4084 3253 4154 Spiri-

1709 4190 1815 4233 tum
1848 4179 1935 4231 Dei
1965 4183 1980 4230 Ξ
2014 4174 2185 4239 video,
2218 4175 2412 4242 inquis.
2443 4187 2546 4225 non
2573 4173 2637 4225 ad
2659 4172 2885 4239 Spiritus
2914 4173 3103 4238 sancti,
3158 4177 3251 4229 sed

1706 4272 1769 4320 att
1804 4266 1974 4321 Patris
1998 4263 2333 4319 referendam
2359 4276 2477 4316 esse
2507 4275 2802 4330 personam.
2857 4262 3086 4316 Primum
3133 4263 3254 4317 huic

1706 4355 2085 4423 biaSpltcmiatn
2108 4367 2219 4405 sua!
2265 4352 2547 4419 impietatis
2576 4352 2926 4418 accumulant,
2958 4365 3077 4407 eum
3119 4354 3250 4408 alte;

100 4432 192 4475 uani
216 4430 257 4479 in
276 4425 641 4496 propositione
669 4429 982 4493 simplicem,
1016 4429 1067 4480 in
1092 4430 1435 4495 responsione
1466 4430 1601 4481 mul-

1711 4454 1908 4499 rutrum
1936 4444 2132 4504 dicant.
2156 4440 2405 4508 Spiritum
2429 4448 2667 4492 sanctum
2706 4440 2793 4493 Dei
2821 4450 2911 4494 aut
2932 4450 3251 4501 creaturatti.

103 4518 302 4573 lpltcctn.
333 4522 393 4571 lit
417 4522 544 4572 dixit
579 4520 744 4581 Deus,
774 4520 1019 4588 faciamus
1046 4520 1315 4571 Itoanem.
1363 4519 1496 4584 Quid
1520 4530 1602 4572 est

101 4604 222 4665 3liud.
250 4610 334 4661 nisi
362 4613 481 4676 quia
510 4609 800 4662 substantia
827 4609 1040 4661 unitatis
1062 4608 1307 4675 loquitur,
1336 4620 1387 4661 et
1414 4616 1602 4675 poten-

104 4702 149 4741 ιιι
175 4696 412 4753 Trinitatis
433 4702 709 4769 operatur?
740 4699 985 4768 Perspice
1018 4702 1284 4766 quomodo
1315 4701 1449 4752 trina
1483 4700 1599 4753 vice

102 4792 351 4845 littithllDCl
398 4794 445 4845 in
501 4794 773 4844 creatione
820 4793 1047 4844 hominis
1100 4801 1450 4859 nuncupatur.
1509 4791 1596 4845 Sic

105 4890 204 4925 t’nltll
244 4882 477 4934 hatirmus
520 4882 571 4934 in
622 4880 839 4933 Genesi:
875 4881 937 4932 Et
967 4882 1093 4933 dixit
1145 4881 1299 4946 Deus,
1352 4883 1596 4949 faciamus

104 4968 310 5021 “minent.
342 4977 403 5023 i-Lt
434 4984 623 5025 «terum
657 4991 668 5022 ;
700 4972 891 5023 Creaut't
934 4972 1069 5025 Deus
1108 4973 1374 5026 hominem.
1401 4972 1464 5026 Et
1486 4984 1593 5026 ter-

1706 4541 1796 4585 ant
1823 4539 1967 4587 ccrte
1992 4519 2161 4600 ipsum
2190 4526 2397 4582 Patretn
2437 4542 2554 4580 csse
2579 4526 2921 4581 credendum.
2956 4528 3141 4583 Merito
3161 4529 3251 4598 qui

1708 4624 1959 4693 Spiritum
1996 4630 2237 4676 sanctum
2276 4632 2378 4673 nun
2407 4616 2707 4681 confitetur,
2738 4633 2903 4687 usque
2943 4621 3007 4673 ad
3061 4631 3244 4675 contu-

1706 4717 1911 4769 utetiam
1941 4713 2111 4767 Patris
2138 4710 2350 4765 contusa
2393 4719 2568 4762 mente
2606 4706 2917 4761 devolvitur.
2974 4707 3163 4776 Utique
3207 4712 3250 4759 si

1703 4804 1926 4869 factura,
1959 4800 2021 4854 ad
2048 4803 2216 4855 Patris
2248 4815 2350 4853 non
2378 4808 2549 4869 potest
2576 4802 2839 4868 pertinere
2883 4800 3247 4854 substantiam.

1701 4894 1755 4948 Si
1788 4908 1911 4946 vero
1956 4907 2074 4945 eum
2118 4905 2385 4959 paternam
2436 4898 2583 4957 putas
2612 4904 2730 4944 esse
2767 4894 3071 4957 potentiam,
3120 4906 3249 4959 quo-

1699 4989 1855 5035 modo
1886 4998 2005 5036 eum
2035 4997 2199 5047 usque
2224 4982 2287 5033 ad
2322 4979 2534 5033 fictura:
2562 4978 2837 5032 humiliore
2869 4982 3140 5045 praesumis
3170 4983 3249 5030 iu«

1692 5074 1921 5139 iuriam?
1956 5072 2059 5124 Nos
2110 5085 2235 5123 vero
2269 5070 2518 5137 Spir.tttm
2548 5062 2634 5121 Del
2686 5085 2788 5121 non
2837 5068 2903 5121 de
2928 5065 3089 5122 Patre
3117 5069 3243 5131 dici,

1695 5163 1786 5215 sed
1822 5164 2027 5230 proprie
2053 5164 2115 5213 de
2132 5162 2329 5226 Spiritu
2354 5168 2534 5217 sancto
2564 5158 2894 5211 evidentibus
2933 5159 3247 5212 testimoniis

1696 5255 2192 5305 demonstrabimus.
2222 5252 2465 5318 Legimus
2488 5251 2536 5302 in
2571 5250 2698 5302 lsaia
2753 5264 2913 5317 super
2963 5250 3242 5302 Dominum

1694 5341 1873 5394 Jcsutn
1891 5341 2231 5393 descendisse
2245 5338 2490 5406 Spiritum
2505 5347 2743 5391 sanctum
2768 5338 2985 5397 Domini,
3010 5340 3240 5407 spiritum

1692 5432 1951 5493 sapientia’
1982 5436 2025 5479 et
2050 5429 2345 5490 intcll.r:tus,
2376 5427 2603 5492 spiritum
2622 5426 2819 5477 consilii
2844 5436 2891 5478 rt
2913 5426 3241 5494 fortitudinis,

1690 5522 1919 5577 spiritum
1943 5520 2162 5571 screntim
2209 5532 2251 5568 et
2280 5518 2476 5585 pietatis
2508 5515 2657 5583 (luti.
2691 5520 2781 5581 ιι).
2820 5513 2889 5567 De
2942 5517 3037 5568 ltoc
3073 5506 3245 5581 itaqttG

1689 5611 1870 5675 spiritu
1906 5610 2131 5671 Domini,
2156 5610 2243 5677 qui
2291 5624 2445 5676 supra
2480 5608 2804 5660 Salvatoretn
2838 5622 2986 5659 sacro
3016 5607 3237 5659 descen-

108 5060 153 5095 lto
180 5076 183 5079 <
216 5055 449 5114 licueritin
474 5066 517 5113 ei
545 5064 701 5113 Deus.
738 5064 873 5114 Dixit
906 5063 1063 5123 Deus,
1090 5062 1214 5115 fecit
1254 5064 1409 5125 Deus,
1438 5068 1593 5117 benc-

106 5150 347 5205 M'Illcos.
385 5158 605 5223 l'roptcr
651 5166 756 5205 tres
807 5169 1080 5222 personas,
1115 5166 1192 5206 ter
1224 5156 1444 5208 iteratur
1492 5173 1589 5209 una

108 5242 305 5301 dimittis.
336 5260 447 5311 uno
479 5256 595 5301 loco
618 5250 897 5301 evidenter
950 5251 1255 5315 mysterium
1290 5252 1446 5301 etiam
1476 5248 1591 5301 Tri-

110 5340 490 5405 llllisln'ciiego.
533 5339 667 5391 Εμςε
699 5339 867 5405 imago
913 5338 1001 5390 Dei
1042 5348 1095 5392 et
1133 5338 1418 5390 similitudo
1475 5339 1589 5390 uni-

112 5432 449 5491 t‘niptcltottiiui
495 5447 523 5483 τι
557 5431 723 5481 tribus
777 5430 949 5495 datur,
1001 5438 1054 5493 et
1104 5443 1274 5484 tamen
1328 5446 1424 5481 una
1474 5446 1589 5482 esse

122 5526 373 5575 tif‘ttscitur.
400 5525 537 5573 tum
572 5521 724 5581 Data,
756 5522 1016 5585 faciamus.
1038 5521 1321 5585 Diligenter
1353 5523 1583 5581 attende,

112 5621 190 5655 mm
214 5628 317 5663 unus
348 5616 492 5673 dicit,
523 5625 571 5663 et
631 5628 732 5663 non
764 5627 893 5663 unus
939 5612 1079 5675 facit,
1109 5614 1335 5677 dumque
1389 5614 1581 5665 iterum
