3834 6228
540 242 605 297 03
1802 248 2152 308 PASCHASII
2190 252 2456 311 DIACONI
2594 204 2600 219 ο
3706 269 3763 323 Μ

538 353 615 407 ιιίι
642 352 851 422 illapsu,
878 368 972 424 per
1000 356 1184 410 Isaiam
1220 356 1383 411 Filius
1413 357 1539 412 dicit
1572 377 1583 410 :
1633 358 1858 428 Spiritus
1893 361 2097 416 Domini
2124 371 2173 430 Α
2203 368 2335 420 tem?
2360 368 2427 422 Et
2450 368 2586 423 sicut
2609 370 2660 424 in
2688 370 2769 425 his
2790 372 2956 428 tribus
2980 374 3152 431 verbis
3175 378 3317 432 nulla
3362 377 3757 446 dissimil'ttuio,

538 460 688 514 super
716 459 795 497 me
819 443 952 512 (lsai
990 446 1121 516 ιιι).
1173 447 1236 501 Et
1264 449 1585 517 evangelista
1632 449 1937 505 Matutinus:
1969 452 2097 508 Ecce

539 533 701 601 aperti
732 543 848 585 sunt
875 535 920 587 ei
945 534 1073 600 cali,
1110 544 1158 588 et
1181 537 1304 589 vidit
1330 536 1579 605 Spiritum
1600 536 1692 590 Dei
1716 540 2096 596 descendentem

471 668 475 672 .
529 626 664 676 sicut
691 623 1169 693 columbamUllatt.
1199 626 1299 698 ιιι).
1324 628 1469 682 IIunc
1498 638 1670 682 autem
1702 631 1945 698 spiritum
1980 634 2094 698 Dei,

537 730 696 782 quem
730 717 778 767 in
810 716 1069 783 baptismo
1098 715 1338 770 Salvator
1364 718 1585 785 accepit,
1620 721 1897 774 manifeste
1926 722 2095 789 Spiri-

542 816 648 856 tum
677 813 913 857 sanctum
960 808 1129 858 Lucas
1158 807 1479 873 evangelista
1526 808 1804 874 perdocuit
1853 824 1972 864 esse
2008 810 2094 881 di-
2160 864 2164 869 λ

530 906 665 946 cens
694 890 881 967 :Jestts
906 892 1084 959 plenus
1114 892 1306 959 Spiritu
1353 904 1525 947 sancto
1553 912 1806 967 regressus
1832 909 1903 951 est
1928 916 1960 951 a
1978 900 2097 952 Jor-

533 982 667 1033 dune
693 980 841 1049 (Luc.
868 965 969 1051 iit).
1001 982 1240 1049 Legimus
1261 984 1311 1036 in
1338 983 1450 1038 .Ioel
1491 965 1741 1054 propheta
1771 1006 1783 1041 :
1833 987 1898 1043 In
1920 991 2096 1045 diebus

534 1070 641 1123 illis
688 1070 949 1137 eﬂ'undam
998 1072 1057 1125 de
1080 1071 1262 1135 spiritu
1315 1089 1425 1125 mea
1470 1092 1621 1142 super
1649 1092 1845 1129 omnem
1892 1095 2093 1131 carnem

537 1158 699 1227 (Joel.
716 1160 953 1229 tt).Quod
978 1160 1102 1213 dicit
1123 1159 1188 1214 de
1210 1162 1393 1227 spiritu
1418 1178 1556 1229 meo,
1586 1167 1653 1218 de
1677 1166 1876 1233 Spiritu
1913 1177 2096 1223 sancto

539 1252 737 1305 dictum
790 1267 906 1305 esse
953 1251 1286 1306 inaniI’esurm
1341 1265 1442 1319 est,
1496 1258 1616 1325 quia
1672 1259 1885 1327 quando
1937 1275 2096 1330 super

535 1344 806 1410 apostolus
838 1343 1065 1409 Spiritus
1102 1353 1313 1398 sanctus
1336 1360 1486 1399 sacra
1531 1349 1979 1418 quinquagesima:
2008 1368 2096 1406 so-
2128 1338 2135 1349 ’

539 1431 805 1485 lemnitate
828 1431 1119 1494 deseendit,
1149 1442 1271 1485 tunc
1320 1436 1456 1487 istud
1490 1439 1850 1491 testiinonium
1881 1441 1947 1494 de
1977 1450 2096 1507 pro-

543 1524 699 1591 pheta
731 1524 1005 1589 apustolus
1058 1525 1248 1578 Petrus
1268 1530 1476 1579 asserit.
1509 1528 1657 1581 Ilunc
1711 1529 1967 1597 Spiritum
2002 1533 2098 1598 Pa-

539 1613 651 1677 tris,
680 1612 848 1679 ipsuut
878 1627 995 1666 esse
1042 1614 1296 1681 Spirttutn
1352 1626 1592 1670 sanctum
1648 1622 1987 1687 evangelista!
2015 1624 2113 1676 di-'

2202 460 2345 512 nulla
2372 459 2694 526 ditior-entia,
2724 461 2794 517 ita
2820 463 2873 518 in
2904 464 3107 520 Trinita
3134 468 3179 522 is
3219 469 3442 523 veritate
3482 468 3634 523 nulla
3674 484 3765 537 po-

2201 556 2302 601 test
2320 562 2438 603 csse
2463 548 2748 604 dissensio.

2793 709 3020 767 CAPUT
3055 712 3160 767 VII.

2769 820 2845 874 De
2880 822 3038 891 digito
3078 821 3193 877 Dei.

2226 1036 2232 1045 ,
2269 977 2527 1033 Seddicis
2559 996 2571 1032 :
2602 979 2677 1033 Ex
2736 979 2837 1034 hoc
2891 982 3067 1035 minor
3090 996 3209 1037 esse
3266 984 3491 1051 Spiritus
3545 997 3767 1041 sanctus

2199 1053 2524 1134 agnoscitur,
2558 1068 2679 1135 quia
2706 1068 2797 1123 Dei
2822 1068 3016 1139 digitus
3043 1080 3393 1138 nuncupatur.
3424 1073 3536 1127 Non
3570 1076 3645 1128 ita
3665 1086 3765 1130 est.

2197 1159 2303 1213 Sed
2327 1160 2537 1228 quando
2557 1161 2709 1215 audis
2755 1160 2823 1215 de
2875 1161 3072 1232 Spiritu
3123 1174 3309 1219 sancto
3346 1166 3471 1232 dici,
3500 1168 3566 1223 Si
3592 1186 3691 1240 ego
3716 1172 3766 1221 in

2200 1250 2402 1317 Spiritu
2435 1252 2547 1317 Dei,
2574 1253 2657 1307 vel
2685 1252 2782 1306 Dei
2802 1254 2957 1323 digito
2979 1255 3128 1324 ejicio
3142 1258 3411 1321 dtemones,
3442 1273 3544 1313 non
3578 1263 3767 1329 gratia:

2200 1341 2643 1409 imminutionem,
2677 1344 2771 1397 sed
2806 1344 3112 1398 substantia:
3143 1345 3497 1401 demonstrari
3548 1356 3767 1407 noveris

2201 1435 2493 1486 unitatem:
2546 1446 2643 1487 nec
2691 1432 2912 1487 honoris
2957 1435 3389 1502 discrepantiam,
3422 1439 3533 1493 ’sed
3585 1444 3765 1503 oneris

2200 1539 2322 1578 esse
2347 1524 2713 1578 concordiam.
2737 1524 2871 1590 Quid
2910 1529 3069 1593 ergo?
3116 1528 3233 1595 quia
3266 1527 3493 1595 Spiritus
3546 1542 3764 1587 sanctus

2198 1599 2392 1681 digitus
2421 1612 2688 1667 interdum
2717 1613 2935 1681 dicitur,
2970 1614 3088 1668 ideo
3129 1616 3301 1671 minor
3348 1616 3480 1671 Filio
3505 1628 3564 1671 et
3616 1619 3766 1675 Patre

536 1716 691 1757 verso
714 1716 983 1765 sermone,
1011 1703 1102 1756 sed
1132 1690 1363 1757 consona
1393 1706 1611 1760 veritate
1627 1707 1943 1763 docuerunt.
1964 1708 2094 1765 Nam
2128 1734 2173 1793 Β
2202 1701 2465 1755 inlerdum
2496 1702 2751 1757 creditur.
2785 1702 2982 1773 Relttge
3010 1704 3167 1773 hujus
3207 1709 3575 1775 persuasionis
3619 1727 3765 1765 erro-

530 1808 656 1846 cutn
688 1792 961 1846 Matthtcus
993 1792 1186 1846 dixerit
1211 1811 1223 1847 :
1250 1791 1370 1846 Non
1400 1794 1527 1846 enim
1558 1798 1798 1849 vos‘esJis
1826 1798 1910 1865 qui
1937 1799 2102 1868 loqui-

536 1882 683 1943 mini,
735 1883 823 1935 sed
864 1881 1071 1949 spiritus
1118 1883 1277 1951 patris
1328 1885 1474 1936 vestri
1501 1886 1587 1951 qui
1626 1885 1849 1955 loquitur
1877 1889 1927 1939 in
1966 1890 2103 1945 vobis

532 1966 673 2040 (Act.
689 1971 769 2037 tt),
786 1968 922 2022 hunc
937 1970 1177 2037 spiritum
1199 1971 1365 2025 I’atris
1378 1983 1561 2039 aperte
1584 1971 1839 2041 Spiritum
1856 1988 2096 2031 sanctum

536 2077 657 2118 esse
684 2062 889 2118 Marcus
914 2064 1155 2132 exposuit
1181 2064 1394 2118 dicens:
1422 2063 1571 2131 Quod
1598 2046 1771 2119 datum
1799 2069 1934 2121 vobis
1951 2070 2103 2138 fuerit

528 2152 589 2205 id
619 2152 885 2219 loquemini
905 2168 931 2206 .'
958 2169 1056 2205 non
1088 2152 1217 2205 enim
1242 2168 1322 2205 ros
1344 2154 1460 2206 eatis
1502 2152 1780 2223 loquentes,
1818 2156 1905 2210 sed
1936 2156 2105 2227 Spiri-

537 2252 616 2293 tus
642 2250 864 2295 sanctus.
899 2241 967 2295 Et
1020 2241 1187 2295 Lucas
1216 2242 1458 2296 similiter
1486 2241 1627 2297 hunc
1676 2238 1932 2313 Spiritum
1987 2248 2102 2314 Dei,

530 2332 791 2400 Spiritum
815 2347 932 2386 esse
950 2342 1189 2386 sanctum
1230 2332 1617 2388 demonstravit
1665 2332 1852 2389 dicens
1884 2353 1897 2388 :
1933 2336 2105 2391 Nolzte

526 2422 872 2477 solliciti‘esse
913 2423 1131 2497 qualiter
1160 2433 1247 2475 aut
1276 2424 1396 2491 quid
1447 2424 1649 2477 dicatis.
1699 2422 1925 2493 Spiritus
1974 2429 2106 2480 enim

522 2505 740 2571 .sanctus
766 2517 959 2570 docebit
997 2532 1081 2569 vos
1108 2517 1159 2568 in
1204 2517 1296 2569 illa
1327 2517 1471 2581 hora,
1512 2533 1623 2584 qua:
1664 2526 1892 2586 aporteat
1921 2520 2105 2573 dicere.

528 2608 843 2663 Secundum
874 2612 986 2662 hate
1017 2624 1144 2678 ergo
1194 2613 1437 2677 quotiens
1463 2622 1552 2664 aut
1600 2612 1857 2679 Spiritum
1910 2614 2105 2680 Patris,

533 2710 633 2753 aut
654 2701 909 2769 Spiritum
942 2700 1033 2755 Dei
1062 2700 1255 2770 legitis,
1284 2702 1583 2767 specialiter
1604 2704 1668 2756 ad
1693 2703 1946 2772 Spiritum
1980 2719 2108 2760 Sall-

534 2806 824 2848 ctnm-esse
847 2792 1206 2859 referendum,
1253 2793 1495 2860 deposito
1518 2810 1739 2849 necesse
1792 2804 1877 2850 est
1924 2811 2110 2851 errore

541 2886 777 2939 fatearis.
819 2886 944 2939 Item
973 2899 1181 2954 quoque
1210 2884 1369 2939 Isaias
1395 2884 1647 2953 Spiritum
1678 2897 1918 2955 sanetum
1945 2902 2107 2941 unum

534 2977 593 3032 in
625 2977 791 3046 gloria
822 2976 1099 3030 Trinitatis
1129 2978 1759 3046 annuntiaveratquando
1801 2978 1951 3043 dicit,
1988 2977 2109 3032 Vidi

543 3068 818 3121 Dominum
842 3067 1091 3120 sedentem
1115 3083 1267 3134 super
1288 3067 1469 3121 solium
1490 3069 1759 3135 excelsum,
1787 3078 1834 3121 et
1859 3069 2109 3137 seraphim
2134 3082 2179 3144 ε

543 3156 763 3225 stabant,
802 3167 849 3209 et
873 3156 1155 3210 clamabant
1199 3156 1328 3210 alter
1354 3158 1420 3210 ad
1446 3158 1683 3221 alterum,
1712 3156 1956 3220 Sanctus,
1982 3174 2103 3217 san-

544 3258 670 3312 ctus,
701 3259 924 3311 sanctus,
958 3247 1202 3301 Dominus
1233 3248 1365 3302 Deus
1388 3248 1615 3302 Sabaoth
1647 3247 1796 3317 (Isai.
1831 3251 1926 3318 v1).
1957 3249 2023 3307 Et
2053 3251 2105 3304 in

536 3335 1039 3404 consequentidicit
1069 3334 1174 3389 :Et
1220 3337 1390 3388 audivi
1417 3353 1584 3389 vocem
1630 3334 1837 3389 Domini
1874 3338 2106 3401 dicentis,

554 3408 693 3478 Vade
732 3434 779 3478 et
803 3426 942 3477 dices
975 3425 1160 3493 papula
1198 3426 1312 3477 huic
1342 3440 1361 3477 :
1414 3425 1603 3477 Auditu
1646 3426 1881 3487 audietis,
1911 3436 1959 3479 et
2010 3442 2110 3478 non

540 3514 852 3584 intelligetis,
891 3524 935 3568 et
965 3514 1185 3566 videntes
1225 3513 1453 3567 videbitis
1494 3524 1542 3565 et
1572 3529 1672 3566 non
1715 3514 1966 3567 videbitis.
2017 3514 2112 3568 Hic

552 3602 803 3658 Dominus
827 3602 1080 3668 Sabaodt,
1110 3604 1198 3671 qui
1227 3618 1319 3672 per
1346 3614 1669 3672 assumptum
1697 3604 1930 3675 speciem
1964 3606 2111 3660 visus

550 3704 633 3747 est
661 3708 689 3743 a
719 3692 976 3759 prephcta
1009 3692 1091 3745 vel
1123 3691 1329 3747 locutus
1345 3703 1437 3747 est
1460 3694 1512 3747 in
1530 3686 1819 3763 propheta,
1844 3698 1963 3765 quis
1996 3696 2111 3751 fue-

554 3783 620 3837 rit
642 3782 692 3843 in
716 3780 935 3834 Actibus
950 3783 1308 3849 apostolorum
1344 3783 1534 3837 Paulus
1562 3788 1835 3852 apostolus
1884 3789 2115 3842 ostendit

549 3872 731 3927 dicens
761 3888 774 3925 :
808 3868 944 3923 Bene
975 3870 1201 3940 Spiritus
1229 3884 1433 3926 sanctus
1452 3889 1541 3943 per
1573 3873 1764 3927 Isaiam
1818 3876 2115 3944 prapltemm

553 3971 751 4015 locutus
777 3969 847 4015 est
881 3962 949 4012 ad
973 3970 1141 4028 patres
1166 3971 1400 4015 nostros:
1428 3963 1619 4016 Audita
1638 3966 1877 4031 audietis,
1932 3975 1980 4019 et
2015 3982 2115 4021 non

546 4040 863 4120 intelligetis,
896 4060 938 4102 et
970 4050 1199 4102 videntes
1224 4050 1474 4115 videbitis,
1501 4061 1549 4105 et
1578 4069 1682 4106 non
1724 4055 1956 4108 videbitis
1978 4056 2111 4124 (Act.

553 4142 674 4211 ult).
704 4128 996 4197 Credamus
1032 4141 1219 4195 saltem
1269 4142 1429 4196 I'aulo
1486 4146 1713 4210 pra-cuni
1765 4145 2115 4201 celeberrimo

542 4234 816 4297 veritatis,
845 4234 963 4299 quia
994 4231 1220 4299 Spiritus
1242 4239 1457 4285 sanctus
1500 4232 1657 4285 I'nerit
1684 4234 1772 4288 ille
1801 4235 1935 4287 Deus
1959 4250 2117 4289 excr-

543 4328 753 4394 _ciluum
805 4337 960 4392 quem
999 4304 1139 4374 ‘vidit
1192 4319 1377 4385 Isaias,
1430 4329 1483 4374 et
1520 4322 1607 4389 qui
1654 4322 1858 4376 loeutus
1903 4333 1984 4376 est
2025 4340 2117 4391 per

2204 1807 2341 1858 rem,
2367 1792 2487 1846 vide
2508 1806 2575 1846 ne
2596 1791 2877 1861 aliquoties
2908 1794 2958 1846 in
3008 1792 3106 1848 hac
3129 1795 3494 1863 designatione
3512 1798 3690 1867 digiti,
3716 1814 3765 1853 et

2203 1878 2413 1935 Patrem
2444 1881 2860 1948 comprehendat
2881 1892 2934 1935 et
2968 1880 3176 1935 Filium.
3211 1881 3545 1940 meminimus
3569 1903 3674 1941 non
3704 1892 3767 1943 dc
3822 1906 3823 1909 ‘

2203 1983 2309 2021 uno
2334 1968 2501 2038 digito
2525 1968 2723 2045 dictum
2754 1984 2895 2035 esse,
2919 1984 3036 2023 cum
3056 1970 3277 2039 legimus
3303 1990 3316 2025 :
3348 1973 3603 2038 Quoniam
3626 1979 3763 2032 video

2204 2059 2354 2111 calas
2382 2069 2493 2112 tuos
2521 2074 2673 2126 opera
2699 2058 2974 2128 digitorum
3000 2070 3222 2117 tuorum.
3253 2062 3356 2116 Sed
3384 2064 3517 2119 dicis
3548 2066 3605 2120 in
3633 2067 3762 2135 digi-

2206 2136 2277 2200 tis
2303 2146 2370 2201 de
2402 2145 2538 2200 Filio
2585 2146 2686 2201 hoc
2715 2155 2939 2211 tantum,
2981 2157 3033 2202 et
3078 2148 3146 2203 de
3188 2150 3390 2218 Spiritu
3434 2164 3646 2219 sancto,
3672 2156 3761 2209 sub

2205 2236 2432 2305 quadam
2462 2234 2715 2289 dualitate
2745 2235 3053 2305 signari.Ne
3079 2239 3181 2293 hoc
3206 2240 3272 2293 de
3300 2239 3507 2296 duabus
3520 2246 3763 2312 personis

2205 2341 2449 2381 asserere
2474 2328 2707 2395 coneris,
2732 2328 2835 2381 alio
2879 2330 2995 2384 loco
3024 2329 3186 2385 Isaias
3227 2332 3509 2401 digitorum
3548 2352 3763 2391 numera

2205 2414 2467 2485 loquitur;
2518 2415 2829 2471 Trinitatem
2869 2404 3092 2475 dicens:
3141 2419 3267 2486 Quis
3319 2424 3564 2491 appendit
3618 2427 3765 2478 tribus

2206 2508 2379 2579 digitis
2404 2507 2586 2561 molem
2609 2515 2754 2561 terra:
2778 2508 2932 2575 (Isai.
2963 2510 3068 2580 iv)?
3084 2510 3219 2577 Quid
3241 2512 3542 2569 evidentius
3562 2516 3633 2569 de
3652 2516 3763 2570 Tri-

2207 2598 2387 2653 nitatis
2415 2597 2635 2662 unitate,
2658 2598 2795 2667 .quid
2823 2600 3045 2654 clarius?
3068 2601 3252 2657 Nonne
3283 2602 3369 2658 hic
3410 2604 3462 2659 in
3494 2608 3666 2661 tribus
3686 2608 3761 2660 di-

2206 2690 2328 2758 gitis
2355 2690 2605 2758 potentia:
2634 2690 3173 2759 unittsmqualitatem,
3194 2698 3293 2750 sub
3313 2698 3540 2764 quadam
3570 2714 3762 2771 mySte-

2208 2779 2270 2832 rii
2326 2779 2475 2831 lance
2523 2778 2773 2833 libravit?
2817 2779 2955 2849 Ergo
3018 2791 3075 2835 ut
3117 2784 3311 2839 dictum
3352 2796 3455 2852 est,
3506 2803 3627 2842 cum
3662 2790 3760 2859 jam

2209 2868 2499 2923 instructus
2547 2867 2623 2922 sis
2663 2866 2730 2922 de
2760 2871 3011 2924 societate
3053 2872 3250 2939 operis,
3304 2889 3407 2928 non
3455 2876 3670 2932 dubites
3704 2880 3763 2931 de

2210 2956 2477 3025 parilitate
2503 2958 2995 3027 virtutis,.dicendo
3020 2977 3169 3029 ergo,
3218 2964 3347 3027 Quis
3396 2970 3639 3037 appendit
3678 2974 3763 3022 tri-

2213 3050 2302 3103 bus
2329 3049 2497 3119 digitis
2528 3051 2709 3103 molem
2732 3061 2879 3104 terra:
2908 3067 2927 3105 :
2957 3051 3049 3105 llic
3072 3053 3373 3119 specialiter
3419 3057 3560 3127 loqui
3590 3061 3764 3113 volunt

2211 3141 2279 3193 de
2305 3136 2682 3208 cooperatione
2706 3141 2974 3208 potentize,
3004 3151 3058 3196 et
3085 3143 3153 3198 de
3199 3146 3400 3201 unitate
3439 3149 3760 3211 substantiae.

2209 3247 2328 3300 qua!
2367 3247 2467 3285 una
2490 3232 2783 3300 eademque
2812 3233 2999 3287 essein
3030 3218 3197 3289 tribus
3217 3235 3398 3304 digitis
3427 3239 3762 3306 approbatur.

2211 3323 2315 3378 Sed
2344 3322 2684 3377 nihilominus
2706 3323 2757 3377 in
2784 3323 2914 3377 Isaia
2948 3339 3227 3391 personam
3252 3329 3517 3397 propriam
3544 3330 3763 3399 Spiritus

2210 3415 2399 3480 sancti,
2432 3413 2530 3469 sub
2556 3413 2897 3475 distinctione
2926 3414 3201 3470 Trinitatis
3233 3418 3471 3474 adverte.
3505 3419 3603 3476 Ubi
3628 3424 3763 3476 enim

2214 3506 2379 3559 Filius
2400 3505 2628 3559 asseruit
2653 3504 2720 3557 de
2745 3518 2803 3559 se
2832 3505 3015 3560 dicens
3040 3522 3052 3559 :
3081 3506 3189 3576 Ego
3212 3509 3460 3575 primaut
3486 3528 3578 3582 ego
3605 3515 3764 3566 navis-

2211 3598 2386 3660 simus,
2417 3607 2805 3665 consequenter
2831 3597 3043 3666 adjecit.
3070 3596 3136 3650 Et
3160 3616 3297 3652 nunc
3344 3600 3591 3673 Dominus
3634 3603 3763 3657 irrisit

2212 3704 2311 3753 me,
2333 3697 2378 3740 et
2401 3688 2627 3757 Spiritus
2646 3689 2757 3758 ejus
2786 3686 2936 3755 (Isai.
2972 3690 3180 3755 XLVIII).
3210 3690 3363 3745 Alter
3401 3707 3525 3759 ergo
3566 3695 3617 3748 in
3646 3708 3761 3764 per-

2213 3792 2342 3831 sona
2372 3786 2457 3833 est
2487 3777 2742 3832 Dominus
2785 3777 2961 3844 Pater,
2992 3779 3126 3835 alter
3155 3780 3385 3848 Spiritus
3431 3782 3522 3837 Dei
3578 3783 3759 3837 Patris.

2176 3872 2179 3877 ⁴
2214 3870 2396 3937 Itaque
2422 3871 2545 3923 dum
2571 3885 2601 3923 a
2624 3870 2782 3925 Patre
2801 3883 2853 3925 et
2882 3871 3080 3940 Spiritu
3110 3884 3295 3927 sancto
3314 3875 3570 3930 destinari
3611 3875 3761 3930 Filius

2215 3960 2426 4027 legitur,
2452 3960 2551 4023 sub
2581 3962 2740 4014 trium
2770 3962 2983 4016 nomine
3008 3976 3350 4030 personarum
3398 3965 3624 4033 Spiritus
3650 3980 3761 4019 sau-

2214 4056 2333 4104 ctus
2365 4065 2396 4104 a
2426 4052 2715 4120 semetipso
2738 4051 3031 4107 subsistere
3068 4054 3342 4109 evidenter
3364 4058 3618 4124 aperitur,
3641 4055 3760 4110 sicut

2214 4139 2321 4194 alio
2350 4141 2468 4195 loco
2498 4141 2637 4195 idem
2688 4142 2954 4210 propriam
2984 4142 3259 4197 Trinitatis
3291 4145 3568 4215 distinguit
3594 4158 3759 4200 essen-

2217 4232 2367 4285 tiam.
2392 4230 2523 4284 Ecce
2551 4248 2677 4298 puer
2726 4249 2865 4285 meus
2913 4234 3355 4301 suscipiam’oum,
3405 4240 3586 4291 electus
3614 4252 3756 4297 utens,

2219 4320 2522 4389 complacuit
2552 4320 2646 4374 sibi
2667 4322 2719 4373 in
2747 4322 2839 4374 illo
2858 4324 3028 4374 anima
3052 4340 3183 4389 mea,
3201 4325 3318 4377 dedi
3338 4325 3586 4394 Spiritum
3613 4341 3756 4379 meum

556 4419 765 4471 Isaiam.
794 4416 897 4470 Sed
929 4405 1047 4482 quia
1094 4413 1227 4465 trina
1258 4404 1576 4479 repetitione
1607 4413 1865 4481 persultat
1908 4413 2115 4477 Sancto,
2150 4435 2196 4493 ο
2220 4426 2374 4479 super
2396 4427 2509 4464 eum
2532 4410 2684 4478 (Isai.
2718 4412 2865 4480 sui).
2900 4411 3055 4466 Pater
3086 4413 3335 4468 dilecmm
3364 4433 3583 4484 puerum
3620 4430 3756 4469 suum

560 4520 754 4573 sancta,
778 4517 975 4572 sancto,
1007 4504 1275 4557 videamus
1302 4519 1369 4557 an
1404 4519 1469 4558 ne
1520 4504 1606 4557 hic
1652 4503 1823 4574 Itonor
1874 4504 2121 4573 respiciat

560 4599 897 4653 Trinitatem.
927 4595 1086 4647 Isaias
1108 4607 1226 4646 cum
1247 4593 1403 4647 dicit:
1431 4592 1552 4647 Vidi
1576 4589 1843 4647 Dominum
1871 4594 2117 4660 Sabaoth,

564 4691 771 4745 Patrem
788 4688 986 4742 ludatis
1007 4685 1308 4753 agnoscitur
1332 4685 1638 4751 praedicare.
1664 4684 1898 4739 Joannes
1924 4700 2117 4755 evang.

562 4790 741 4850 aperte
762 4778 945 4831 Filium
970 4775 1221 4844 probatur
1237 4788 1501 4839 asserere,
1528 4775 1595 4827 ita
1624 4775 1807 4828 dicens
1832 4792 1843 4826 :
1879 4773 2118 4845 Propter-

564 4888 625 4925 ea
668 4886 768 4922 non
797 4875 1025 4938 poterant
1054 4865 1255 4917 credere
1275 4866 1327 4916 in
1372 4862 1569 4927 Iesum,
1597 4867 1718 4933 quia
1746 4866 1872 4919 dixit
1905 4864 2069 4918 Isaias
2101 4881 2119 4919 :

540 4960 842 5016 'Excrecavit
870 4958 1039 5011 oculos
1069 4965 1325 5018 eorum,“
1360 4955 1617 5009 obduravit
1639 4973 1724 5009 cor
1741 4974 1908 5009 eorum
1939 4955 2115 5027 (Joan.
2138 4966 2150 4981 δ

566 5067 654 5114 stt;
689 5049 814 5103 ικαὶ.
839 5048 937 5113 vi).
973 5047 1095 5101 Iltnc
1122 5045 1261 5099 dixit
1288 5044 1469 5109 Isaias,
1496 5046 1710 5115 quando
1741 5048 1873 5099 vidit
1894 5049 2116 5115 gratiam

568 5140 679 5192 Filii
712 5136 827 5202 Dei,
850 5145 905 5187 et
953 5134 1157 5188 locutus
1187 5145 1269 5188 est
1306 5135 1371 5189 de
1409 5150 1493 5189 co.
1548 5136 1696 5199 Quod
1751 5147 1924 5191 autent
1978 5138 2115 5191 ident

568 5230 723 5283 Isaias
748 5226 893 5289 dicit,
931 5222 995 5276 Et
1024 5224 1192 5276 audivi
1240 5213 1406 5277 vocem
1453 5223 1657 5275 Domini
1712 5225 1942 5291 dicentis,
1978 5224 2123 5279 Vade

570 5314 925 5386 rtdicngpulo
946 5314 1336 5367 Ituic:videntes
1364 5315 1613 5377 videbitis,
1657 5325 1825 5368 etnon
1869 5317 2115 5369 videbitis.

572 5407 716 5461 IIune
745 5405 1021 5459 Dominum
1046 5404 1313 5471 :tpOStolus
1345 5404 1551 5467 Paulus,
1580 5412 1635 5456 ut
1659 5403 1919 5470 diximus,
1953 5405 2121 5473 Spiri-

569 5506 677 5548 tum
703 5502 941 5545 sauctum
965 5506 1084 5545 esse
1104 5492 1401 5546 continuat.
1420 5492 1579 5547 Vides
1601 5508 1728 5561 ergo
1741 5494 1861 5562 quia
1878 5494 2113 5561 Sanctus,

558 5606 582 5641 s
608 5596 788 5648 tnctus,
815 5593 1038 5652 sanctus,
1065 5586 1181 5641 Iimc
1199 5601 1301 5639 vox
1338 5596 1495 5641 totam
1526 5588 1861 5657 concelebrat
1891 5590 2118 5645 Trinita-

2224 4510 2395 4564 vocat,
2426 4515 2587 4568 super
2609 4516 2765 4569 quem
2789 4501 2932 4554 dedit
2948 4501 3199 4568 Spiritum
3221 4519 3393 4569 suum,
3414 4506 3481 4559 de
3501 4523 3603 4576 quo
3621 4505 3755 4560 Jesus

2212 4590 2466 4644 Christus
2512 4591 2722 4660 propria
2750 4606 2879 4645 voce
2918 4600 3180 4648 testatur:
3214 4594 3439 4662 Spiritus
3469 4596 3666 4650 Domini
3682 4612 3754 4648 ss-

2221 4698 2310 4750 per
2332 4679 2410 4733 me
2440 4679 2587 4746 (Luc.
2626 4686 2717 4748 tv).
2754 4681 2819 4733 Et
2845 4689 2902 4733 ut
2946 4682 3077 4736 illud
3119 4686 3279 4738 etiam
3323 4688 3569 4754 gentibus
3611 4686 3752 4755 possit

2222 4786 2341 4825 csse
2361 4771 2718 4834 manifestum,
2746 4769 2842 4833 Ite,
2861 4772 3049 4841 inquit,
3073 4773 3321 4842 baptisate
3334 4793 3502 4829 omnes
3529 4788 3685 4847 gentes
3707 4778 3749 4826 in

2226 4864 2427 4915 nomine
2452 4860 2623 4915 Patris
2646 4871 2692 4914 et
2716 4859 2843 4913 Filii
2865 4873 2912 4915 et
2952 4861 3175 4933 Spiritus
3202 4869 3359 4918 sancti
3393 4865 3602 4933 (blattis.
3628 4867 3744 4925 ala).

2232 4954 2326 5009 Ubi
2358 4954 2458 5007 sub
2482 4953 2652 5014 tribus
2682 4951 2945 5019 personis,
2979 4968 3138 5007 unum
3160 4969 3291 5022 opus
3311 4964 3545 5011 etunum
3587 4968 3748 5011 nostra

2226 5044 2507 5097 indivisam
2550 5044 2741 5097 asserit
2772 5041 3124 5111 maiestatem.
3174 5043 3437 5101 Habemus
3475 5059 3534 5101 ut
3583 5047 3746 5102 dictum

2223 5143 2307 5188 est
2336 5133 2627 5188 secundum
2658 5133 2849 5189 Lucam
2874 5151 2889 5189 :
2924 5133 2990 5187 Et
3018 5134 3140 5188 Jesu
3178 5139 3427 5203 baptizata
3453 5149 3666 5208 apertum
3689 5146 3747 5189 est

2231 5225 2442 5288 caelum,
2480 5235 2526 5277 et
2550 5225 2803 5277 descendit
2834 5223 3059 5294 Spiritus
3091 5236 3296 5282 sanctus
3343 5232 3593 5298 corporali
3615 5226 3749 5295 specie

2225 5318 2356 5369 sicut
2385 5317 2636 5379 columba,
2664 5328 2710 5369 et
2748 5333 2845 5371 vos;
2869 5318 2932 5370 de
2964 5319 3086 5371 cwlo
3116 5320 3251 5387 {acta
3297 5330 3369 5372 rst
3390 5336 3408 5373 :
3440 5321 3516 5374 Tu
3567 5338 3612 5375 es
3634 5320 3747 5389 ﬁlius

2228 5424 2366 5460 meus
2396 5408 2630 5470 dilectus,
2659 5409 2709 5460 in
2742 5417 2789 5460 te
2812 5409 3089 5477 complacui
3119 5408 3270 5484 (Luc.
3315 5412 3391 5481 tu)
3422 5428 3437 5465 :
3474 5409 3627 5465 Filius
3644 5423 3749 5467 υτέο

2228 5498 2279 5552 ἰιι
2302 5515 2548 5567 corpore,
2564 5499 2794 5568 Spiritus
2822 5510 3036 5553 sanctus
3058 5501 3107 5553 iu
3132 5502 3305 5568 specie
3325 5504 3601 5567 columbis,
3622 5502 3747 5555 Patet

2228 5589 2523 5644 declaratur
2552 5590 2601 5643 in
2648 5604 2795 5643 voce.
2830 5588 2935 5644 Sed
2967 5588 3067 5644 huc
3114 5588 3228 5643 loco
3258 5590 3589 5661 intelligenda
3614 5600 3682 5643 cst
3705 5587 3743 5638 ia
