3834 6228
49 351 102 400 17
1209 360 1293 413 DE
1332 358 1597 417 SPIRITU

1725 359 1901 418 NCTO
1937 360 2062 416 LIB.
2104 360 2156 416 ι.
2338 343 2342 346 ’
2635 358 2648 365 ’
3203 339 3268 414 is

45 462 265 516 columba
295 465 517 532 species
554 471 943 537 pertransiens,
977 483 1081 531 non
1113 471 1401 527 substantia
1435 488 1611 541 perse—
1639 478 1691 536 Α
1717 482 2013 544 opportuna
2043 472 2128 528 vel
2153 457 2351 528 dixeris
2379 473 2462 528 vel
2491 473 2741 541 audieris,
2782 474 3018 546 nunquid
3069 477 3139 531 in-
3171 476 3270 533 hoc

45 569 146 606 "(Td
153 568 230 607 IIS.

627 627 855 684 CAPUT
894 628 1022 684 VIII.

74 709 182 761 Non
207 711 379 766 obesse
399 716 579 790 sancti
620 716 848 784 Spiritus
878 719 1072 790 deitati,
1096 719 1213 786 quia
1250 735 1339 772 nec
1380 720 1576 790 genitus

414 786 666 838 videatur
694 802 800 840 esse
839 804 924 841 nec
955 789 1228 858 ingenitas.

103 890 200 945 Sed
222 892 363 948 inter
392 896 519 950 haec
543 910 666 950 cum
697 898 921 967 Spiritus
967 902 1133 954 sancti
1165 915 1448 969 personam
1486 914 1614 970 pro-

47 984 192 1046 priam
221 985 704 1054 demonstremus,
727 998 782 1043 et
827 989 1033 1045 Patrem
1076 992 1424 1045 confiteantur
1462 993 1614 1061 inge-

49 1083 213 1136 totum,
240 1075 442 1129 Filium
471 1095 610 1132 vero
640 1094 1023 1149 cognoscamus
1050 1083 1401 1152 unigenitum,
1424 1086 1614 1152 quaeris

48 1181 69 1215 ι
96 1183 167 1218 me
194 1177 371 1220 utrum
395 1169 644 1238 Spiritus
673 1183 884 1226 sanctus
907 1173 1192 1241 ingenitus,
1216 1189 1284 1228 an
1307 1177 1613 1244 genitus,an

48 1256 151 1319 quid
175 1258 314 1310 aliud
350 1261 704 1315 eontitendus
729 1265 814 1316 sit.
863 1264 1148 1331 Scriptum
1195 1275 1393 1320 sanctae
1422 1266 1488 1319 de
1518 1281 1614 1334 po-

49 1345 188 1397 twntia
223 1355 277 1399 et
320 1349 540 1402 deitate
576 1351 802 1419 Spiritus
843 1355 1011 1408 sancti
1066 1355 1380 1424 loquuntur,
1432 1366 1613 1411 utrum

52 1450 154 1485 vero
172 1439 388 1505 genitus
421 1441 538 1493 dici
564 1441 752 1496 drbeat
769 1458 837 1497 an
865 1444 1146 1513 ingenitus,
1180 1461 1282 1500 non
1307 1447 1610 1516 loquuntur.

59 1524 165 1577 \ide
191 1542 324 1595 quas
369 1529 482 1582 sibi
543 1533 787 1587 tenebras
836 1537 1160 1591 infidelitatis
1201 1539 1345 1592 facit.
1376 1538 1491 1592 Non
1537 1539 1618 1606 vis,

50 1618 185 1680 stire,
223 1621 346 1686 quia
399 1623 583 1678 noluit
627 1626 890 1695 ignorari;
931 1638 985 1683 et
1036 1630 1116 1683 vis
1166 1631 1303 1684 scire
1341 1633 1460 1700 quia
1511 1647 1614 1686 non

50 1706 180 1770 jassit
209 1709 434 1778 iuquiri.
471 1713 591 1766 Non
626 1715 1022 1786 dixit‘genitum
1044 1763 1058 1786 ,
1093 1736 1159 1776 ne
1191 1721 1379 1774 Filium
1430 1723 1616 1776 crede-

51 1811 122 1848 res
151 1814 163 1848 :
188 1813 289 1851 non
313 1800 462 1855 dixit
499 1805 812 1872 ingenitum,
846 1823 912 1862 ne
940 1809 1146 1864 Patrem
1171 1820 1404 1880 putares;
1430 1812 1524 1864 sed
1547 1811 1610 1864 ad
1646 1839 1688 1897 Β

53 1889 275 1939 essentia:
327 1889 784 1960 distinctionem,
830 1902 1119 1967 procedere
1165 1916 1286 1955 cum
1334 1917 1399 1956 ex
1465 1902 1616 1957 Patre

55 1985 250 2029 testatus
277 1990 384 2042 est,
417 1982 568 2038 sicut
599 1985 818 2053 legimus
853 2005 868 2043 :
920 1987 1214 2045 Parac‘letus
1242 1994 1328 2061 qui
1368 2008 1430 2050 ea:
1459 1991 1618 2047 Patre

54 2068 273 2127 πτοίεάὶι.
304 2073 444 2135 Qute
477 2090 601 2128 cum
633 2076 702 2129 ita
733 2079 859 2144 sint,
893 2082 976 2135 vel
1008 2082 1085 2136 sic
1106 2097 1332 2151 agnosce
1360 2083 1617 2150 Spiritum

55 2168 272 2210 sanctum
317 2165 601 2228 propriam
651 2166 845 2221 habere
897 2185 1201 2238 personam.
1236 2173 1436 2226 Praater
1480 2174 1615 2226 duos

55 2257 157 2297 esse
183 2247 393 2302 tertium
423 2252 621 2318 probat
649 2255 929 2329 diversitas
956 2262 1205 2325 nominis,
1239 2262 1616 2329 procedentem

58 2348 108 2384 ex
139 2334 259 2402 Deo,
291 2355 400 2392 non
433 2355 563 2395 esse
590 2327 778 2400 ordine
818 2348 901 2402 vel
925 2348 1090 2417 gradu
1122 2327 1334 2403 terti—um
1361 2360 1620 2406 monstrat

60 2431 213 2483 unitas
239 2434 570 2501 majestatis.
602 2437 701 2504 Qui
721 2441 862 2494 enim
892 2442 959 2497 de
988 2442 1328 2497 interioribus
1375 2443 1459 2497 Dei
1493 2457 1618 2512 pro-

62 2523 294 2590 greditur,
324 2543 432 2581 non
491 2529 588 2584 Dei
638 2543 899 2601 creatura,
931 2535 1022 2589 sed
1078 2536 1173 2591 Dei
1223 2537 1471 2605 probatur
1501 2553 1620 2595 esse

67 2617 362 2674 substantia.
392 2623 518 2677 Non
570 2630 826 2684 scruteris
877 2632 1102 2701 qualiter
1148 2633 1286 2687 Deus
1341 2633 1411 2688 sit
1464 2648 1620 2700 Quem

66 2705 212 2761 Deum
239 2725 360 2767 esse
387 2715 735 2772 manifestum
766 2731 868 2774 est.
921 2722 1019 2777 Hic
1057 2724 1190 2778 ratio
1244 2725 1392 2790 latet,
1425 2726 1622 2781 veritas

70 2815 157 2853 non
185 2802 327 2859 latet.
359 2807 473 2861 Cur
503 2811 800 2881 interroges
822 2814 1087 2882 quomodo
1115 2816 1183 2868 sit
1203 2817 1623 2886 sociusetzequa-

74 2891 126 2942 iis
151 2895 300 2959 regis,
324 2912 488 2965 quem
525 2904 653 2970 regii
683 2915 889 2958 constat
918 2921 1036 2961 esse
1060 2907 1280 2961 honoris
1309 2918 1362 2963 et
1389 2911 1620 2978 generis.
1688 2941 1693 2949 -

75 2983 136 3033 Et
163 2989 427 3054 superfluo
479 2991 550 3045 de
588 2995 800 3048 nomine
850 2995 1024 3064 agitur
1056 2997 1349 3066 inquisitio,
1381 2999 1467 3050 ubi
1519 3013 1622 3050 non

75 3078 142 3123 est
167 3073 227 3129 de
250 3076 584 3134 sublimitate
603 3080 867 3137 dubitare.
899 3083 1037 3152 Ergo
1057 3084 1285 3149 Spiritus
1312 3094 1527 3139 sanctus
1554 3101 1620 3138 ex

79 3167 574 3243 utroque‘procedit,
617 3169 736 3224 ideo
772 3170 945 3225 dicit:
1001 3173 1103 3238 Qui
1151 3181 1318 3226 autem
1369 3173 1620 3241 Spiritum

81 3245 363 3307 Christiana
393 3256 568 3325 habet,
600 3258 682 3311 hic
709 3275 808 3312 non
844 3270 922 3314 est
968 3263 1102 3330 ejus.
1133 3262 1197 3315 Et
1224 3261 1329 3314 alio
1361 3262 1499 3316 loco.
1531 3260 1624 3314 In-

85 3343 262 3408 suﬂiavit
284 3358 328 3400 et
356 3349 491 3403 dixit
517 3366 536 3403 :
566 3351 792 3420 Accipite
822 3353 1073 3423 Spiritum
1125 3363 1375 3407 sanctum.
1433 3356 1622 3410 Utrum

86 3427 313 3495 ingenitus
340 3435 413 3490 sit
466 3451 536 3491 an
565 3439 776 3508 genitus
824 3430 1072 3510 requiris.
1104 3441 1245 3495 Nihil
1285 3457 1348 3495 ex
1382 3442 1482 3496 hoc
1510 3443 1625 3496 elo-

89 3522 182 3584 quia
233 3539 376 3579 sacra
434 3528 770 3594 cecinerunt,
809 3530 960 3583 nefas
986 3543 1065 3584 est
1114 3546 1399 3598 erumpere
1447 3533 1623 3584 divina

87 3608 283 3665 silentia.
315 3616 466 3678 Quod
499 3615 638 3670 Deus
666 3616 958 3686 Scripturis
978 3621 1087 3672 suis
1132 3620 1468 3673 indicandum
1503 3635 1624 3675 esse

91 3713 175 3750 non
201 3703 438 3768 credidit,
464 3704 702 3759 indicare
730 3707 812 3760 vel
843 3708 981 3761 scire
1013 3715 1062 3760 te
1109 3710 1370 3776 superflua
1401 3709 1625 3762 curiosi-~

90 3796 176 3840 tate
198 3793 372 3847 oluit.
409 3795 523 3849 Hoc
552 3798 854 3874 pervenire.
877 3799 1075 3852 debere
1104 3798 1358 3851 indicavit
1386 3798 1448 3849 ad
1497 3813 1625 3850 con-

92 3880 330 3936 scientiam
359 3895 530 3949 tuam,
559 3889 698 3956 quod
729 3890 1030 3957 pertinetad
1044 3890 1266 3943 salutem
1294 3897 1456 3942 tuam.
1488 3889 1623 3955 Quid

91 3968 216 4024 vobis
242 3973 304 4026 de
329 3987 523 4030 sancto
547 3978 744 4045 Spiritu
775 3980 843 4032 sit
868 3979 1210 4041 credendum,
1235 3991 1416 4034 sancta
1434 3994 1627 4033 consu-

93 4057 237 4115 lamus
263 4067 493 4136 eloquia.
530 4067 640 4120 lioc
682 4068 852 4137 ipsum
907 4069 1050 4122 enim
1093 4069 1232 4138 quod
1262 4069 1337 4121 ait
1389 4068 1626 4137 genitum

95 4145 273 4208 Filium.
298 4155 536 4224 iniquum
563 4156 742 4210 dicere
769 4157 1016 4222 auderes,
1041 4158 1141 4212 nisi
1164 4157 1367 4212 caelesti
1397 4171 1460 4211 ex
1485 4157 1624 4213 Scri-

96 4241 236 4299 Pturis
256 4244 597 4298 attestatione
621 4243 924 4300 didicisses?
951 4246 1056 4299 Aut
1079 4246 1311 4313 nunquid
1343 4259 1626 4312 usurpares

96 4340 306 4386 asserere
326 4317 594 4389 Christum
623 4334 924 4398 Dominum,
943 4335 1021 4390 vel
1045 4349 1106 4389 ex
1137 4335 1354 4403 Virgine
1384 4352 1628 4404 procrea-

94 4420 200 4478 tum,
230 4421 305 4473 vel
333 4437 398 4475 ex
430 4407 666 4491 ἀπρακνο
685 4433 739 4478 et
785 4435 1050 4480 coeterno
1083 4425 1235 4478 Patre
1265 4426 1623 4494 progenitum,

97 4503 176 4555 nisi
222 4522 280 4560 ex
333 4512 564 4565 lectione
602 4513 942 4580 sumpsisses,
996 4515 1096 4568 nisi
1143 4515 1210 4567 de
1268 4516 1376 4569 Deo
1421 4515 1626 4569 divinas

95 4605 223 4648 voces
250 4598 659 4669 interrogasses?
688 4602 752 4655 Et
783 4602 1196 4671 ideo-quomodo
1226 4604 1526 4658 consentire
1553 4604 1622 4658 de

95 4683 259 4751 SPiritu
311 4704 509 4765 sancto,
541 4693 763 4758 debeas,
816 4696 879 4746 ad
925 4695 1195 4761 apostolos
1242 4702 1294 4746 ot
1349 4692 1620 4760 evangelia

96 4786 272 4838 "portet
301 4790 353 4834 ut
393 4782 603 4840 redeas.
633 4798 753 4835 cum
780 4784 969 4851 quibus
999 4794 1050 4837 et
1106 4783 1158 4836 in
1214 4783 1404 4852 quibus
1454 4783 1619 4837 Deum

99 4859 289 4919 locutum
318 4884 434 4923 esse
466 4885 572 4923 non
602 4868 831 4923 dubitas.
859 4869 1066 4938 Utergo
1093 4870 1157 4924 ad
1175 4885 1619 4936 supervacaneam

100 4955 478 5017 l‘mpnsitionem
511 4969 655 5011 tuam
680 4959 918 5023 redeam,
952 4961 1188 5028 nunquid
1220 4961 1272 5014 in
1309 4961 1427 5031 .hac
1453 4961 1620 5028 gratia

100 5038 165 5090 vel
190 5042 464 5116 subStaqtia
493 5045 723 5113 Spiritus
752 5049 920 5102 sancti
953 5047 1200 5114 habetur,
1228 5047 1272 5101 si
1302 5059 1391 5102 aut
1419 5050 1618 5116 ingeni-

103 5135 166 5180 “!S
189 5133 420 5198 probetur
444 5146 535 5189 aut
561 5138 770 5205 genitus
793 5138 815 5189 ’ἶ
843 5139 987 5196 Nam,
1013 5154 1111 5194 nec
1134 5138 1288 5195 ‘Filio
1333 5142 1618 5210 quidquam

103 5219 300 5292 derogat,
328 5229 465 5296 quod
497 5229 764 5297 ingenitus
789 5245 908 5284 esse
950 5246 1054 5284 non
1110 5232 1318 5297 legitur,
1352 5248 1449 5286 nec
1481 5233 1620 5287 Patri

105 5313 212 5373 quod
236 5317 430 5382 geni-fus
456 5333 559 5371 non
593 5319 836 5372 habetur.
879 5319 934 5373 In
963 5320 1324 5388 hujuscemodi
1355 5324 1620 5375 sermoni-

105 5398 178 5451 lms
198 5407 482 5474 proprietas
512 5416 594 5460 est
634 5409 1027 5476 appellationis,
1061 5425 1163 5463 non
1210 5411 1493 5464 diversitas
1526 5427 1621 5478 po-

110 5493 272 5546 testatis
293 5499 369 5551 vel
401 5499 714 5566 majestatis.
740 5500 958 5554 Genitus
986 5512 1038 5553 ct
1066 5501 1350 5567 ingenitus,
1385 5517 1623 5569 persona:

109 5581 440 5642 estdnﬂ'erentia
453 5632 465 5652 ,
483 5605 586 5643 non
610 5598 835 5643 naturze.
852 5591 978 5644 Cum
993 5606 1116 5659 ergo
1134 5592 1199 5644 de
1219 5592 1397 5660 genito
1412 5602 1461 5646 et
1481 5594 1623 5660 inge-

115 5668 403 5734 nitoinutitia
451 5689 504 5735 ct
550 5694 660 5751 non
711 5680 1032 5748 necessaria,
1089 5689 1141 5737 et
1177 5681 1304 5737 soiis
1343 5681 1622 5738 calumniis

1716 568 1822 622 tine
1840 575 1982 622 stare
2022 575 2305 621 contentus
2334 566 2466 620 eris?
2486 565 2641 624 Certe
2683 568 2854 623 adhuc
2903 582 3075 628 utrum
3132 571 3271 642 Deus

1715 657 1786 710 sit
1816 657 2188 726 interrogabis.
2216 657 2348 712 Cum
2379 673 2561 713 verum
2599 660 2762 714 Deum
2791 675 2911 716 esse
2935 678 3001 716 ex
3033 663 3117 716 his
3152 680 3274 731 qua:

1717 748 1961 816 leguntur
1987 750 2281 818 acceperis,
2326 749 2436 822 jam
2466 751 2604 819 quod
2637 751 2933 823 interroges
2959 770 3063 808 non
3108 757 3274 812 habe-

1717 836 1820 900 bis,
1848 839 1966 907 quia
1996 854 2112 892 cum
2153 842 2380 908 caperis
2407 841 2557 894 fortia
2599 850 2650 895 et
2687 853 3046 896 consummata
3068 861 3271 914 cogno-

1716 943 1887 994 scere,
1915 931 2086 983 inania
2115 942 2170 986 et
2207 947 2383 985 vacua
2425 948 2532 987 non
2563 933 2820 1002 indigebis
2866 937 3155 1005 inquirere.
3179 937 3276 992 Ubi

1715 1033 1842 1087 ergo
1883 1020 2125 1078 utilitatis
2156 1022 2291 1076 ratio
2312 1031 2367 1076 et
2416 1023 2653 1077 veritatis
2680 1039 2802 1080 esse
2831 1028 3139 1096 intelligitur
3162 1030 3281 1096 ple-

1717 1107 1924 1172 nitudo,
1947 1108 2072 1164 illuc
2102 1109 2349 1165 salutaris
2377 1112 2603 1180 pendeat
2621 1113 2866 1168 intentio.

2320 1248 2545 1306 CAPUT
2573 1250 2661 1306 IX.

1733 1354 1736 1355 '
1789 1337 2038 1410 Spiritum
2057 1347 2286 1395 sanctum
2315 1343 2640 1410 perfectorem
2660 1362 2766 1400 esse
2788 1345 3144 1404 charismatum
3164 1359 3213 1406 et

1949 1444 1954 1447 -
2339 1412 2649 1482 largitorem.
2855 1463 2858 1466 .
2929 1419 2935 1428 '

1790 1520 2050 1591 Spiritum
2077 1535 2316 1580 sanctum
2339 1509 2633 1582 cmlestium
2664 1530 3036 1588 charismatum
3070 1534 3282 1605 largita.

1719 1626 1828 1665 rem
1887 1621 1941 1667 et
1979 1614 2402 1684 dispensatorem
2441 1616 2920 1677 s‘airctilicationum
2965 1626 3123 1679 etiam
3170 1627 3281 1694 ipsa

1717 1701 1855 1754 ratio
1880 1705 2109 1759 nominis
2149 1715 2488 1776 protestatur.
2528 1709 2913 1780 Magnificentia
2967 1724 3139 1770 autem
3166 1717 3283 1784 ejus

1717 1794 1875 1845 etiam
1905 1794 1956 1846 in
1980 1793 2157 1849 Veteri
2188 1797 2532 1852 Testamento
2575 1800 2851 1856 manifesta
2886 1811 2990 1858 est.
3019 1804 3147 1858 Nam
3177 1804 3286 1860 illic

1721 1881 1888 1947 gratia
1918 1882 2034 1951 ejus
2056 1899 2160 1938 non
2195 1885 2294 1938 nisi
2318 1887 2496 1961 certis
2525 1887 2840 1958 quibusque.
2871 1891 2922 1945 id
2954 1901 3034 1946 est
3061 1893 3283 1962 patriar»

1718 1968 1830 2021 citis
1863 1969 2061 2037 pariter
2089 1979 2144 2026 et
2168 1975 2473 2042 prophetis,
2505 1982 2559 2030 et
2605 1980 2802 2033 sanctis
2833 1980 3120 2050 electisque
3159 1997 3286 2038 con-

1718 2071 1865 2112 cessa
1903 2068 2007 2122 est,
2036 2069 2092 2114 ut
2121 2076 2216 2128 per
2243 2065 2410 2130 ipsam
2455 2065 2714 2119 donorum
2749 2068 3125 2135 perfectionem
3183 2072 3281 2124 do-

1721 2149 1894 2202 nantis
1927 2151 2190 2220 intelligas
2212 2153 2540 2221 dignitatem.
2564 2157 2848 2222 Quantum'
2881 2175 3005 2214 vero
3049 2160 3100 2214 in
3141 2161 3288 2216 Scri-

1722 2236 1890 2301 pturis
1942 2240 2142 2293 sanctis
2183 2243 2618 2299 manifestissime
2683 2247 3127 2315 deprehenditur,
3181 2253 3281 2306 alia

1725 2322 1878 2377 Pater
1902 2325 2016 2395 ipse
2038 2341 2132 2395 per
2156 2343 2236 2393 se,
2265 2330 2366 2383 alia
2384 2333 2684 2400 specialiter
2705 2351 2798 2404 per
2820 2335 3033 2406 Filium,
3062 2339 3162 2393 alia
3191 2354 3285 2409 per

1721 2417 1974 2485 Spiritum
1997 2430 2261 2482 sanctum,
2291 2423 2412 2478 licet
2440 2425 2538 2477 sub
2569 2427 2845 2497 privilegio
2873 2432 3121 2498 potentia:
3138 2446 3286 2487 com-

1722 2507 1896 2560 munis
1935 2518 2210 2578 operatur.
2259 2511 2391 2578 Quia
2438 2529 2642 2580 sumus,
2694 2515 2760 2570 ad
2807 2519 3015 2574 Patrem
3054 2524 3287 2592 proprie

1722 2599 1912 2654 referri
1950 2602 2180 2669 videtur,
2200 2605 2252 2657 in
2268 2621 2387 2674 quo,
2407 2607 2546 2661 sicut
2571 2610 2854 2677 Apostolus
2867 2612 2994 2667 dicit
3015 2627 3031 2666 :
3055 2600 3285 2680 uiuimus,

1724 2706 1998 2756 uteremur,
2018 2700 2074 2772 ἐς
2093 2710 2288 2748 sumus.
2320 2695 2467 2762 Quod
2501 2712 2628 2752 vero
2659 2701 2880 2757 rationis
2910 2713 2965 2758 et
3013 2705 3286 2772 sapientia

1724 2791 1778 2833 et
1802 2782 2020 2849 justitiaa
2066 2799 2288 2853 capaces
2334 2802 2539 2852 sumus,
2579 2790 2654 2844 illi
2696 2791 3019 2861 specialiter,
3065 2795 3155 2864 qui
3205 2799 3287 2852 est

1730 2872 1864 2924 ratio
1903 2875 2234 2944 etsapientia
2284 2886 2336 2930 et
2361 2879 2582 2945 justitia,
2618 2880 2668 2933 id
2697 2891 2778 2935 est
2833 2882 2947 2936 lilio
2983 2884 3288 2954 deputatur.

1726 2962 1876 3028 Quod
1904 2973 2076 3018 autem
2102 2968 2274 3022 vocati
2304 2984 2698 3038 regeneramur,
2726 2983 2780 3027 et
2807 2977 3102 3043 regenera'ti
3138 2977 3288 3032 inno-

1729 3067 1936 3118 vamur,
1966 3055 2198 3110 innovati
2241 3060 2655 3128 sauctiilcamur,
2707 3076 2804 3134 per
2853 3064 3028 3119 divina
3077 3067 3289 3137 eloquia

1651 3149 1970 3255 ’Cpersonze
2013 3145 2244 3216 Spiritus
2299 3151 2470 3204 sancti
2516 3153 2792 3208 evidenter
2834 3153 3150 3212 ascribitur.’
3185 3160 3292 3216 Sed

1729 3234 1830 3288 hoc
1860 3236 1929 3289 ita
1954 3253 2121 3291 sacra:
2142 3237 2345 3305 pagina:
2372 3239 2471 3294 sub
2494 3240 2828 3301 distinctione
2855 3246 3150 3302 indiscreta!
3171 3249 3288 3304 Tri-

1728 3327 1907 3380 nitatis
1936 3329 2251 3397 loquuntur,
2287 3339 2343 3384 ut
2401 3332 2623 3386 cuilibet
2673 3347 2923 3403 appareat
2964 3337 3016 3390 in
3068 3339 3289 3409 singulis

1725 3416 2006 3471 diversitas
2026 3420 2222 3486 operis,
2251 3429 2462 3474 maneat
2490 3430 2662 3476 tamen
2696 3424 2746 3476 in
2794 3425 2958 3479 tribus
2999 3428 3169 3483 unitas
3196 3441 3287 3482 .vo-

1726 3507 1964 3561 inritatis.
2001 3510 2138 3577 Ergo
2190 3519 2244 3564 et
2268 3512 2491 3581 gentiles
2512 3524 2563 3565 et
2589 3513 2976 3582 catecltnmcni,
3002 3519 3068 3572 de
3122 3507 3289 3574 l’airis
3335 3585 3342 3590 .

1726 3611 1778 3653 et
1807 3597 1925 3653 Filii
1953 3598 2346 3667 dispensatione
2387 3601 2720 3671 participant,
2759 3605 2824 3658 de
2869 3607 3288 3663 sanctificatione

1727 3705 1853 3744 vero
1880 3702 1932 3744 et
1958 3692 2218 3745 infusione
2262 3693 2488 3760 Spiritus
2511 3699 2675 3748 sancti
2705 3712 2807 3749 non
2856 3696 3029 3762 facile,
3059 3699 3156 3753 nisi
3179 3702 3287 3767 jam

1727 3782 2090 3836 beatissimum
2114 3785 2409 3853 consecuti,
2435 3787 2692 3853 purificati
2722 3799 2772 3842 et
2795 3789 3094 3858 spiriruales
3117 3792 3285 3846 eil'chi

1726 3883 1779 3926 et
1808 3873 2080 3941 apostolici
2128 3871 2404 3941 etiam,'ac
2453 3886 2562 3930 toto
2620 3879 2806 3943 spiritu
2853 3879 2917 3933 ad
2975 3877 3286 3953 martyrium

1728 3964 2028 4029 praeparati.
2055 3963 2120 4017 Et
2136 3965 2275 4019 inter
2306 3965 2418 4020 haec
2437 3967 2611 4021 adhuc
2626 3979 2864 4024 creatura
2882 3985 3000 4026 esse
3018 3973 3085 4026 ab
3111 3973 3288 4041 impiis

1725 4053 2071 4122 iudicabitur,
2103 4055 2192 4124 qui
2248 4057 2385 4124 apud
2418 4057 2740 4111 individuam
2770 4059 3081 4115 Trinitatem
3115 4061 3165 4116 in
3194 4078 3285 4117 or-

1728 4141 1996 4196 dinatione
2046 4143 2232 4198 salutis
2268 4146 2535 4212 humanm,
2569 4149 3018 4215 magnificentiora
3062 4167 3286 4221 qumque

1728 4247 1945 4286 munera
1999 4244 2053 4286 et
2102 4235 2412 4302 perfectiora
2471 4238 2727 4292 sortitur?
2776 4242 2878 4293 Sed
2927 4240 3060 4295 forte
3103 4243 3282 4297 dicas:

1726 4311 1892 4392 Major
1914 4335 1993 4378 est
2019 4325 2244 4393 Spiritus
2263 4336 2494 4390 sanctus,
2525 4331 2677 4398 cujus
2700 4331 2895 4398 majora
2948 4336 3000 4386 et
3031 4333 3284 4388 nobiliora

1728 4421 1853 4467 sunt
1877 4428 2056 4481 opera.
2085 4413 2198 4467 Non
2226 4417 2292 4468 ita
2318 4426 2416 4470 est.
2445 4417 2572 4471 Nam
2607 4419 2658 4471 id
2683 4420 2846 4473 moris
2882 4432 2961 4475 cst
2988 4422 3282 4490 Trinitatis,

1651 4548 1701 4608 Β
1731 4511 1786 4556 ut
1810 4505 1892 4557 cui
1925 4519 2165 4572 persona:
2193 4506 2622 4561 administranda:
2650 4510 3280 4581 reicommittitoffléium,

1727 4595 1773 4648 ei
1806 4606 2031 4662 peracta:
2064 4598 2296 4649 ascribat
2349 4597 2612 4664 effectum,
2646 4615 2708 4654 ac
2757 4603 2798 4654 si
2848 4616 2979 4669 opus
3029 4603 3097 4656 sit
3147 4603 3290 4657 forte

1725 4684 2015 4749 diversum,
2045 4687 2136 4739 sed
2161 4701 2443 4740 commune
2467 4691 2814 4756 propositum,
2843 4701 2897 4746 et
2925 4691 2968 4744 si
2988 4702 3070 4745 est
3089 4694 3137 4744 in
3165 4694 3292 4747 sin-'

1725 4775 1859 4843 gulis
1882 4776 2112 4845 speciale
2153 4776 2370 4841 factum,
2400 4787 2581 4832 manet
2611 4781 2661 4831 in
2693 4781 2860 4832 tribus
2881 4782 3130 4848 generale
3154 4797 3280 4836 con-

1726 4866 1922 4931 silium,
1949 4882 2010 4920 ac
2051 4876 2329 4936 propterea
2378 4869 2421 4922 si
2454 4869 2759 4924 distinctum
2790 4871 2983 4924 habent
3012 4873 3060 4925 in
3092 4888 3283 4940 opera-

1729 4956 1871 5010 tione
1902 4958 2188 5024 negotium,
2217 4973 2374 5010 unum
2429 4969 2601 5014 tamen
2633 4970 2814 5014 tenent
2865 4962 2915 5014 in
2948 4962 3280 5018 ordinatione

1728 5062 2062 5101 consensum.
2098 5048 2224 5101 Post
2273 5051 2641 5105 ascensionem
2689 5052 2894 5105 Domini
2936 5052 3002 5105 ad
3033 5068 3279 5107 accumu-

1728 5138 1881 5191 lauda
1912 5149 1962 5192 et
1995 5139 2255 5206 implenda
2313 5141 2428 5203 ejus
2460 5141 2734 5204 beneficia,
2788 5141 3019 5209 Spiritus
3066 5153 3280 5198 sanctus

1727 5229 2064 5284 descendisse
2116 5231 2451 5293 describitur,
2495 5231 2559 5284 de
2591 5247 2694 5300 quo
2734 5233 2847 5301 ipse
2894 5232 3135 5286 Salvator
3186 5249 3279 5301 per

1725 5319 1942 5374 Ioannis
1997 5321 2337 5388 Evangelium
2379 5321 2630 5389 loquitur,
2663 5321 2762 5374 Ille
2798 5323 3005 5389 spiritus
3057 5325 3278 5376 veritatis

1726 5427 1867 5475 quem
1893 5413 2049 5463 mittet
2086 5410 2238 5463 Pater
2266 5413 2316 5464 in
2343 5413 2540 5466 nomine
2580 5424 2685 5466 meo
2717 5412 2890 5480 (Joan.
2918 5413 3058 5482 xrv):
3091 5414 3275 5479 Mittct,

1726 5501 1914 5568 inquit,
1948 5500 2101 5554 Pater
2131 5503 2181 5553 in
2211 5506 2405 5554 nomine
2426 5518 2552 5565 meo,
2585 5503 2650 5556 de
2694 5503 2951 5556 Trinitate
2979 5503 3273 5556 evidenter.

1730 5593 1913 5661 Dequa
1940 5593 2034 5644 hoc
2060 5608 2282 5660 unquam
2333 5603 2572 5647 creatura
2601 5593 2797 5656 dictum
2830 5594 2910 5647 vel
2944 5595 3163 5662 legimus
3194 5599 3274 5647 vel

1728 5685 2044 5753 audivimus,
2099 5686 2235 5753 quod
2283 5685 2334 5740 in
2369 5686 2504 5740 hunc
2536 5686 2785 5739 mundum
2841 5686 2891 5739 in
2924 5685 3014 5748 Dei
3067 5685 3278 5740 nomine

2587 5908 2590 5910 '
2621 5909 2777 5924 ινα-σια-τ
2840 5916 2856 5921 ..
2891 5918 2894 5920 η
