  <div class='ocr_page' id='page_1' title='image "/cluster/home/n/w/nwhite01/storage/ocr_20150623/61-62/uva.x000827102/598.png"; bbox 0 0 3834 6228; ppageno 0'>
   <div class='ocr_carea' id='block_1_1' title="bbox 83 261 2115 370">
    <p class='ocr_par' dir='ltr' id='par_1_1' title="bbox 83 261 2115 370">
     <span class='ocr_line' id='line_1_1' title="bbox 83 261 2115 370; baseline -0.007 -1"><span class='ocrx_word' id='word_1_1' title='bbox 83 318 131 370; x_wconf 70' lang='lat' dir='ltr'><strong>at</strong></span> <span class='ocrx_word' id='word_1_2' title='bbox 1182 311 1266 365; x_wconf 86' lang='lat' dir='ltr'><strong>DE</strong></span> <span class='ocrx_word' id='word_1_3' title='bbox 1304 306 1567 365; x_wconf 78' lang='lat' dir='ltr'><strong>SPIRITU</strong></span> <span class='ocrx_word' id='word_1_4' title='bbox 1608 303 1871 363; x_wconf 70' lang='lat' dir='ltr'><strong>sancro</strong></span> <span class='ocrx_word' id='word_1_5' title='bbox 1909 261 2054 359; x_wconf 79' lang='lat' dir='ltr'><strong>Ltu.</strong></span> <span class='ocrx_word' id='word_1_6' title='bbox 2081 303 2115 356; x_wconf 87' lang='grc' dir='ltr'>ι.</span> 
     </span>
    </p>
   </div>
   <div class='ocr_carea' id='block_1_2' title="bbox 3221 294 3294 346">
    <p class='ocr_par' dir='ltr' id='par_1_2' title="bbox 3221 294 3294 346">
     <span class='ocr_line' id='line_1_2' title="bbox 3221 294 3294 346; baseline 0 0"><span class='ocrx_word' id='word_1_7' title='bbox 3221 294 3294 346; x_wconf 66' lang='grc'><strong>22</strong></span> 
     </span>
    </p>
   </div>
   <div class='ocr_carea' id='block_1_3' title="bbox 79 408 3287 492">
    <p class='ocr_par' dir='ltr' id='par_1_3' title="bbox 79 408 3287 492">
     <span class='ocr_line' id='line_1_3' title="bbox 79 408 3287 492; baseline -0.006 -12"><span class='ocrx_word' id='word_1_8' title='bbox 79 444 130 480; x_wconf 82' lang='lat' dir='ltr'><strong>ex</strong></span> <span class='ocrx_word' id='word_1_9' title='bbox 161 427 300 480; x_wconf 86' lang='lat' dir='ltr'><strong>Patre</strong></span> <span class='ocrx_word' id='word_1_10' title='bbox 326 440 430 478; x_wconf 91' lang='lat' dir='ltr'><strong>non</strong></span> <span class='ocrx_word' id='word_1_11' title='bbox 469 433 675 492; x_wconf 81' lang='lat' dir='ltr'><strong>posset.</strong></span> <span class='ocrx_word' id='word_1_12' title='bbox 730 422 830 479; x_wconf 89' lang='lat' dir='ltr'><strong>Sed</strong></span> <span class='ocrx_word' id='word_1_13' title='bbox 875 422 1164 490; x_wconf 71' lang='lat' dir='ltr'><strong>interrogas</strong></span> <span class='ocrx_word' id='word_1_14' title='bbox 1195 430 1368 474; x_wconf 91' lang='lat' dir='ltr'><strong>utrum</strong></span> <span class='ocrx_word' id='word_1_15' title='bbox 1408 433 1618 487; x_wconf 84' lang='lat' dir='ltr'><strong>semper</strong></span> <span class='ocrx_word' id='word_1_16' title='bbox 1645 420 1693 479; x_wconf 78' lang='grc' dir='ltr'><strong>Α</strong></span> <span class='ocrx_word' id='word_1_17' title='bbox 1722 433 1811 487; x_wconf 86' lang='lat' dir='ltr'><strong>per</strong></span> <span class='ocrx_word' id='word_1_18' title='bbox 1839 431 1953 468; x_wconf 90' lang='lat' dir='ltr'><strong>cum</strong></span> <span class='ocrx_word' id='word_1_19' title='bbox 1982 413 2211 468; x_wconf 69' lang='lat' dir='ltr'><strong>omnibus</strong></span> <span class='ocrx_word' id='word_1_20' title='bbox 2239 413 2375 467; x_wconf 87' lang='lat' dir='ltr'><strong>vobis</strong></span> <span class='ocrx_word' id='word_1_21' title='bbox 2405 411 2491 482; x_wconf 88' lang='grc'><strong>(11</strong></span> <span class='ocrx_word' id='word_1_22' title='bbox 2533 411 2650 466; x_wconf 84' lang='lat' dir='ltr'><strong>Cor.</strong></span> <span class='ocrx_word' id='word_1_23' title='bbox 2679 410 2820 479; x_wconf 83' lang='lat' dir='ltr'><strong>ult.).</strong></span> <span class='ocrx_word' id='word_1_24' title='bbox 2866 409 3042 463; x_wconf 82' lang='lat' dir='ltr'><strong>Gratia</strong></span> <span class='ocrx_word' id='word_1_25' title='bbox 3071 408 3287 474; x_wconf 86' lang='lat' dir='ltr'><strong>Christi,</strong></span> 
     </span>
    </p>
   </div>
   <div class='ocr_carea' id='block_1_4' title="bbox 82 512 1623 591">
    <p class='ocr_par' dir='ltr' id='par_1_4' title="bbox 82 512 1623 591">
     <span class='ocr_line' id='line_1_4' title="bbox 82 512 1623 591; baseline -0.008 -15"><span class='ocrx_word' id='word_1_26' title='bbox 82 523 285 591; x_wconf 74' lang='lat' dir='ltr'><strong>Spiritus</strong></span> <span class='ocrx_word' id='word_1_27' title='bbox 307 535 370 573; x_wconf 87' lang='lat' dir='ltr'><strong>ex</strong></span> <span class='ocrx_word' id='word_1_28' title='bbox 401 519 564 572; x_wconf 86' lang='lat' dir='ltr'><strong>Patre</strong></span> <span class='ocrx_word' id='word_1_29' title='bbox 599 516 847 586; x_wconf 89' lang='lat' dir='ltr'><strong>procedat</strong></span> <span class='ocrx_word' id='word_1_30' title='bbox 872 532 884 567; x_wconf 86' lang='lat'><strong>:</strong></span> <span class='ocrx_word' id='word_1_31' title='bbox 909 529 1116 582; x_wconf 83' lang='lat' dir='ltr'><strong>semper</strong></span> <span class='ocrx_word' id='word_1_32' title='bbox 1135 528 1252 566; x_wconf 92' lang='lat' dir='ltr'><strong>cum</strong></span> <span class='ocrx_word' id='word_1_33' title='bbox 1279 512 1386 575; x_wconf 90' lang='lat' dir='ltr'><strong>illo,</strong></span> <span class='ocrx_word' id='word_1_34' title='bbox 1412 525 1623 579; x_wconf 85' lang='lat' dir='ltr'><strong>semper</strong></span> 
     </span>
    </p>
   </div>
   <div class='ocr_carea' id='block_1_5' title="bbox 79 594 1624 675">
    <p class='ocr_par' dir='ltr' id='par_1_5' title="bbox 79 594 1624 675">
     <span class='ocr_line' id='line_1_5' title="bbox 79 594 1624 675; baseline -0.008 -10"><span class='ocrx_word' id='word_1_35' title='bbox 79 629 132 665; x_wconf 82' lang='lat' dir='ltr'><strong>ex</strong></span> <span class='ocrx_word' id='word_1_36' title='bbox 164 613 270 674; x_wconf 91' lang='lat' dir='ltr'><strong>illo,</strong></span> <span class='ocrx_word' id='word_1_37' title='bbox 309 610 451 663; x_wconf 63' lang='lat' dir='ltr'><strong>sicut</strong></span> <span class='ocrx_word' id='word_1_38' title='bbox 491 609 645 663; x_wconf 83' lang='lat' dir='ltr'><strong>calor</strong></span> <span class='ocrx_word' id='word_1_39' title='bbox 682 623 745 661; x_wconf 88' lang='lat' dir='ltr'><strong>ex</strong></span> <span class='ocrx_word' id='word_1_40' title='bbox 787 607 934 675; x_wconf 85' lang='lat' dir='ltr'><strong>igne,</strong></span> <span class='ocrx_word' id='word_1_41' title='bbox 974 607 1042 659; x_wconf 86' lang='lat' dir='ltr'><strong>ita</strong></span> <span class='ocrx_word' id='word_1_42' title='bbox 1077 594 1201 658; x_wconf 86' lang='lat' dir='ltr'><strong>sine</strong></span> <span class='ocrx_word' id='word_1_43' title='bbox 1232 601 1624 656; x_wconf 72' lang='lat' dir='ltr'><strong>intermissione</strong></span> 
     </span>
    </p>
   </div>
   <div class='ocr_carea' id='block_1_6' title="bbox 82 690 1622 770">
    <p class='ocr_par' dir='ltr' id='par_1_6' title="bbox 82 690 1622 770">
     <span class='ocr_line' id='line_1_6' title="bbox 82 690 1622 770; baseline -0.008 -14"><span class='ocrx_word' id='word_1_44' title='bbox 82 701 322 770; x_wconf 75' lang='lat' dir='ltr'><strong>profertur</strong></span> <span class='ocrx_word' id='word_1_45' title='bbox 357 708 415 752; x_wconf 87' lang='lat' dir='ltr'><strong>ut</strong></span> <span class='ocrx_word' id='word_1_46' title='bbox 455 700 644 768; x_wconf 82' lang='lat' dir='ltr'><strong>egredi</strong></span> <span class='ocrx_word' id='word_1_47' title='bbox 679 699 839 761; x_wconf 89' lang='lat' dir='ltr'><strong>sciat,</strong></span> <span class='ocrx_word' id='word_1_48' title='bbox 871 697 1106 763; x_wconf 89' lang='lat' dir='ltr'><strong>separari</strong></span> <span class='ocrx_word' id='word_1_49' title='bbox 1149 696 1366 749; x_wconf 88' lang='lat' dir='ltr'><strong>nesciat.</strong></span> <span class='ocrx_word' id='word_1_50' title='bbox 1418 691 1549 747; x_wconf 80' lang='lat' dir='ltr'><strong>Nam</strong></span> <span class='ocrx_word' id='word_1_51' title='bbox 1575 690 1622 744; x_wconf 87' lang='lat' dir='ltr'><strong>si</strong></span> 
     </span>
    </p>
   </div>
   <div class='ocr_carea' id='block_1_7' title="bbox 85 781 1623 856">
    <p class='ocr_par' dir='ltr' id='par_1_7' title="bbox 85 781 1623 856">
     <span class='ocr_line' id='line_1_7' title="bbox 85 781 1623 856; baseline -0.006 -16"><span class='ocrx_word' id='word_1_52' title='bbox 85 807 168 842; x_wconf 80' lang='lat' dir='ltr'><strong>non</strong></span> <span class='ocrx_word' id='word_1_53' title='bbox 191 799 328 844; x_wconf 84' lang='lat' dir='ltr'><strong>esset</strong></span> <span class='ocrx_word' id='word_1_54' title='bbox 350 788 594 856; x_wconf 73' lang='lat' dir='ltr'><strong>Spiritus</strong></span> <span class='ocrx_word' id='word_1_55' title='bbox 620 786 788 842; x_wconf 84' lang='lat' dir='ltr'><strong>sancti</strong></span> <span class='ocrx_word' id='word_1_56' title='bbox 819 785 1083 852; x_wconf 75' lang='lat' dir='ltr'><strong>processio</strong></span> <span class='ocrx_word' id='word_1_57' title='bbox 1113 783 1452 852; x_wconf 88' lang='lat' dir='ltr'><strong>sempiterna.</strong></span> <span class='ocrx_word' id='word_1_58' title='bbox 1484 781 1623 835; x_wconf 83' lang='lat' dir='ltr'><strong>loca-</strong></span> 
     </span>
    </p>
   </div>
   <div class='ocr_carea' id='block_1_8' title="bbox 80 872 1621 934">
    <p class='ocr_par' dir='ltr' id='par_1_8' title="bbox 80 872 1621 934">
     <span class='ocr_line' id='line_1_8' title="bbox 80 872 1621 934; baseline -0.006 -2"><span class='ocrx_word' id='word_1_59' title='bbox 80 881 416 933; x_wconf 54' lang='lat' dir='ltr'><strong>lis&#39;vitlervtur</strong></span> <span class='ocrx_word' id='word_1_60' title='bbox 447 894 576 934; x_wconf 87' lang='lat' dir='ltr'><strong>esse</strong></span> <span class='ocrx_word' id='word_1_61' title='bbox 614 876 946 931; x_wconf 81' lang='lat' dir='ltr'><strong>substantia:</strong></span> <span class='ocrx_word' id='word_1_62' title='bbox 991 877 1035 928; x_wconf 90' lang='lat' dir='ltr'><strong>si</strong></span> <span class='ocrx_word' id='word_1_63' title='bbox 1079 891 1180 928; x_wconf 90' lang='lat' dir='ltr'><strong>non</strong></span> <span class='ocrx_word' id='word_1_64' title='bbox 1226 874 1360 928; x_wconf 87' lang='lat' dir='ltr'><strong>alter</strong></span> <span class='ocrx_word' id='word_1_65' title='bbox 1397 872 1621 926; x_wconf 86' lang='lat' dir='ltr'><strong>alterum</strong></span> 
     </span>
    </p>
   </div>
   <div class='ocr_carea' id='block_1_9' title="bbox 79 963 1625 1036">
    <p class='ocr_par' dir='ltr' id='par_1_9' title="bbox 79 963 1625 1036">
     <span class='ocr_line' id='line_1_9' title="bbox 79 963 1625 1036; baseline -0.003 -14"><span class='ocrx_word' id='word_1_66' title='bbox 79 973 175 1024; x_wconf 79' lang='lat' dir='ltr'><strong>sine</strong></span> <span class='ocrx_word' id='word_1_67' title='bbox 201 971 556 1036; x_wconf 73' lang='lat' dir='ltr'><strong>permixtione</strong></span> <span class='ocrx_word' id='word_1_68' title='bbox 590 968 670 1021; x_wconf 86' lang='lat' dir='ltr'><strong>sui</strong></span> <span class='ocrx_word' id='word_1_69' title='bbox 706 974 946 1034; x_wconf 76' lang='lat' dir='ltr'><strong>penetrat</strong></span> <span class='ocrx_word' id='word_1_70' title='bbox 984 966 1291 1031; x_wconf 80' lang='lat' dir='ltr'><strong>incarpnrea</strong></span> <span class='ocrx_word' id='word_1_71' title='bbox 1333 977 1440 1016; x_wconf 74' lang='lat' dir='ltr'><strong>sua:</strong></span> <span class='ocrx_word' id='word_1_72' title='bbox 1470 963 1625 1017; x_wconf 79' lang='lat' dir='ltr'><strong>clari-</strong></span> 
     </span>
    </p>
   </div>
   <div class='ocr_carea' id='block_1_10' title="bbox 83 1051 1621 1120">
    <p class='ocr_par' dir='ltr' id='par_1_10' title="bbox 83 1051 1621 1120">
     <span class='ocr_line' id='line_1_10' title="bbox 83 1051 1621 1120; baseline -0.003 -12"><span class='ocrx_word' id='word_1_73' title='bbox 83 1064 184 1110; x_wconf 82' lang='lat' dir='ltr'><strong>tatis</strong></span> <span class='ocrx_word' id='word_1_74' title='bbox 212 1061 427 1120; x_wconf 84' lang='lat' dir='ltr'><strong>unione,</strong></span> <span class='ocrx_word' id='word_1_75' title='bbox 461 1058 570 1112; x_wconf 88' lang='lat' dir='ltr'><strong>erit</strong></span> <span class='ocrx_word' id='word_1_76' title='bbox 595 1056 809 1110; x_wconf 82' lang='lat' dir='ltr'><strong>confusa</strong></span> <span class='ocrx_word' id='word_1_77' title='bbox 840 1054 1111 1108; x_wconf 72' lang='lat' dir='ltr'><strong>divinitas.</strong></span> <span class='ocrx_word' id='word_1_78' title='bbox 1165 1051 1453 1106; x_wconf 78' lang='lat' dir='ltr'><strong>Perntixtio</strong></span> <span class='ocrx_word' id='word_1_79' title='bbox 1481 1052 1621 1104; x_wconf 88' lang='lat' dir='ltr'><strong>enim</strong></span> 
     </span>
    </p>
   </div>
   <div class='ocr_carea' id='block_1_11' title="bbox 80 1140 1624 1213">
    <p class='ocr_par' dir='ltr' id='par_1_11' title="bbox 80 1140 1624 1213">
     <span class='ocr_line' id='line_1_11' title="bbox 80 1140 1624 1213; baseline -0.005 -14"><span class='ocrx_word' id='word_1_80' title='bbox 80 1147 190 1213; x_wconf 83' lang='lat' dir='ltr'><strong>tollit</strong></span> <span class='ocrx_word' id='word_1_81' title='bbox 234 1147 485 1201; x_wconf 60' lang='lat' dir='ltr'><strong>essentia</strong></span> <span class='ocrx_word' id='word_1_82' title='bbox 538 1145 758 1213; x_wconf 84' lang='lat' dir='ltr'><strong>triplicis</strong></span> <span class='ocrx_word' id='word_1_83' title='bbox 806 1144 1206 1212; x_wconf 79' lang='lat' dir='ltr'><strong>proprietatem,</strong></span> <span class='ocrx_word' id='word_1_84' title='bbox 1257 1140 1450 1194; x_wconf 84' lang='lat' dir='ltr'><strong>inlusio</strong></span> <span class='ocrx_word' id='word_1_85' title='bbox 1500 1154 1624 1192; x_wconf 88' lang='lat' dir='ltr'><strong>vero</strong></span> 
     </span>
    </p>
   </div>
   <div class='ocr_carea' id='block_1_12' title="bbox 79 1229 1620 1308">
    <p class='ocr_par' dir='ltr' id='par_1_12' title="bbox 79 1229 1620 1308">
     <span class='ocr_line' id='line_1_12' title="bbox 79 1229 1620 1308; baseline -0.003 -20"><span class='ocrx_word' id='word_1_86' title='bbox 79 1249 230 1290; x_wconf 87' lang='lat' dir='ltr'><strong>tnutna</strong></span> <span class='ocrx_word' id='word_1_87' title='bbox 258 1238 570 1291; x_wconf 81' lang='lat' dir='ltr'><strong>distinctam</strong></span> <span class='ocrx_word' id='word_1_88' title='bbox 601 1236 830 1290; x_wconf 70' lang='lat' dir='ltr'><strong>ostendit</strong></span> <span class='ocrx_word' id='word_1_89' title='bbox 856 1235 1162 1294; x_wconf 82' lang='lat' dir='ltr'><strong>essentiam,</strong></span> <span class='ocrx_word' id='word_1_90' title='bbox 1186 1229 1303 1300; x_wconf 61' lang='lat' dir='ltr'><strong>qua:</strong></span> <span class='ocrx_word' id='word_1_91' title='bbox 1333 1233 1480 1308; x_wconf 52' lang='lat' dir='ltr'><strong>inter.</strong></span> <span class='ocrx_word' id='word_1_92' title='bbox 1501 1234 1620 1284; x_wconf 87' lang='lat' dir='ltr'><strong>sub-</strong></span> 
     </span>
    </p>
   </div>
   <div class='ocr_carea' id='block_1_13' title="bbox 79 1309 1625 1396">
    <p class='ocr_par' dir='ltr' id='par_1_13' title="bbox 79 1309 1625 1396">
     <span class='ocr_line' id='line_1_13' title="bbox 79 1309 1625 1396; baseline -0.006 -14"><span class='ocrx_word' id='word_1_93' title='bbox 79 1330 293 1382; x_wconf 81' lang='lat' dir='ltr'><strong>stantiam</strong></span> <span class='ocrx_word' id='word_1_94' title='bbox 338 1335 395 1380; x_wconf 81' lang='lat' dir='ltr'><strong>et</strong></span> <span class='ocrx_word' id='word_1_95' title='bbox 435 1340 695 1396; x_wconf 83' lang='lat' dir='ltr'><strong>personas</strong></span> <span class='ocrx_word' id='word_1_96' title='bbox 739 1324 913 1378; x_wconf 88' lang='lat' dir='ltr'><strong>media</strong></span> <span class='ocrx_word' id='word_1_97' title='bbox 943 1309 1106 1375; x_wconf 76' lang='lat' dir='ltr'><strong>videri</strong></span> <span class='ocrx_word' id='word_1_98' title='bbox 1140 1331 1330 1390; x_wconf 90' lang='lat' dir='ltr'><strong>potest.</strong></span> <span class='ocrx_word' id='word_1_99' title='bbox 1381 1323 1458 1374; x_wconf 86' lang='lat' dir='ltr'><strong>Ad</strong></span> <span class='ocrx_word' id='word_1_100' title='bbox 1502 1323 1625 1373; x_wconf 85' lang='lat' dir='ltr'><strong>sub-</strong></span> 
     </span>
    </p>
   </div>
   <div class='ocr_carea' id='block_1_14' title="bbox 79 1411 1622 1485">
    <p class='ocr_par' dir='ltr' id='par_1_14' title="bbox 79 1411 1622 1485">
     <span class='ocr_line' id='line_1_14' title="bbox 79 1411 1622 1485; baseline -0.005 -16"><span class='ocrx_word' id='word_1_101' title='bbox 79 1417 294 1471; x_wconf 82' lang='lat' dir='ltr'><strong>stantiam</strong></span> <span class='ocrx_word' id='word_1_102' title='bbox 328 1417 571 1485; x_wconf 80' lang='lat' dir='ltr'><strong>pertinet</strong></span> <span class='ocrx_word' id='word_1_103' title='bbox 597 1414 737 1484; x_wconf 91' lang='lat' dir='ltr'><strong>quod</strong></span> <span class='ocrx_word' id='word_1_104' title='bbox 765 1413 1004 1467; x_wconf 82' lang='lat' dir='ltr'><strong>subsistit</strong></span> <span class='ocrx_word' id='word_1_105' title='bbox 1032 1428 1044 1463; x_wconf 91' lang='lat'>:</span> <span class='ocrx_word' id='word_1_106' title='bbox 1077 1411 1140 1464; x_wconf 92' lang='lat' dir='ltr'><strong>ad</strong></span> <span class='ocrx_word' id='word_1_107' title='bbox 1174 1426 1426 1480; x_wconf 79' lang='lat' dir='ltr'><strong>personas</strong></span> <span class='ocrx_word' id='word_1_108' title='bbox 1461 1411 1622 1477; x_wconf 53' lang='lat' dir='ltr'><strong>perii.</strong></span> 
     </span>
    </p>
   </div>
   <div class='ocr_carea' id='block_1_15' title="bbox 81 1503 1626 1576">
    <p class='ocr_par' dir='ltr' id='par_1_15' title="bbox 81 1503 1626 1576">
     <span class='ocr_line' id='line_1_15' title="bbox 81 1503 1626 1576; baseline -0.004 -14"><span class='ocrx_word' id='word_1_109' title='bbox 81 1517 166 1572; x_wconf 83' lang='lat' dir='ltr'><strong>net,</strong></span> <span class='ocrx_word' id='word_1_110' title='bbox 188 1509 322 1576; x_wconf 80' lang='lat' dir='ltr'><strong>quod</strong></span> <span class='ocrx_word' id='word_1_111' title='bbox 348 1508 573 1575; x_wconf 89' lang='lat' dir='ltr'><strong>proprie</strong></span> <span class='ocrx_word' id='word_1_112' title='bbox 592 1507 687 1560; x_wconf 87' lang='lat' dir='ltr'><strong>sibi</strong></span> <span class='ocrx_word' id='word_1_113' title='bbox 713 1519 1035 1574; x_wconf 77' lang='lat' dir='ltr'><strong>unaquzeque</strong></span> <span class='ocrx_word' id='word_1_114' title='bbox 1057 1504 1310 1557; x_wconf 88' lang='lat' dir='ltr'><strong>subsistit.</strong></span> <span class='ocrx_word' id='word_1_115' title='bbox 1333 1503 1626 1570; x_wconf 86' lang='lat' dir='ltr'><strong>Discipulos</strong></span> 
     </span>
    </p>
   </div>
   <div class='ocr_carea' id='block_1_16' title="bbox 79 1593 1625 1663">
    <p class='ocr_par' dir='ltr' id='par_1_16' title="bbox 79 1593 1625 1663">
     <span class='ocr_line' id='line_1_16' title="bbox 79 1593 1625 1663; baseline -0.003 -13"><span class='ocrx_word' id='word_1_116' title='bbox 79 1613 181 1652; x_wconf 75' lang='lat' dir='ltr'><strong>suos</strong></span> <span class='ocrx_word' id='word_1_117' title='bbox 209 1597 398 1652; x_wconf 85' lang='lat' dir='ltr'><strong>Paulus</strong></span> <span class='ocrx_word' id='word_1_118' title='bbox 428 1601 541 1651; x_wconf 87' lang='lat' dir='ltr'><strong>allo</strong></span> <span class='ocrx_word' id='word_1_119' title='bbox 564 1597 718 1660; x_wconf 73' lang='lat' dir='ltr'><strong>,uitur</strong></span> <span class='ocrx_word' id='word_1_120' title='bbox 748 1596 962 1651; x_wconf 77' lang='lat' dir='ltr'><strong>dicens:</strong></span> <span class='ocrx_word' id='word_1_121' title='bbox 993 1593 1113 1647; x_wconf 77' lang='lat' dir='ltr'><strong>Non</strong></span> <span class='ocrx_word' id='word_1_122' title='bbox 1141 1594 1473 1663; x_wconf 82' lang='lat' dir='ltr'><strong>subterfugio,</strong></span> <span class='ocrx_word' id='word_1_123' title='bbox 1499 1611 1625 1660; x_wconf 87' lang='lat' dir='ltr'><strong>quo-</strong></span> 
     </span>
    </p>
   </div>
   <div class='ocr_carea' id='block_1_17' title="bbox 81 1683 1626 1753">
    <p class='ocr_par' dir='ltr' id='par_1_17' title="bbox 81 1683 1626 1753">
     <span class='ocr_line' id='line_1_17' title="bbox 81 1683 1626 1753; baseline -0.001 -18"><span class='ocrx_word' id='word_1_124' title='bbox 81 1687 219 1738; x_wconf 79' lang='lat' dir='ltr'><strong>minus</strong></span> <span class='ocrx_word' id='word_1_125' title='bbox 243 1686 547 1738; x_wconf 78' lang='lat' dir='ltr'><strong>annuntiem</strong></span> <span class='ocrx_word' id='word_1_126' title='bbox 574 1686 708 1749; x_wconf 79' lang='lat' dir='ltr'><strong>vobis</strong></span> <span class='ocrx_word' id='word_1_127' title='bbox 739 1700 884 1737; x_wconf 78' lang='lat' dir='ltr'><strong>omne</strong></span> <span class='ocrx_word' id='word_1_128' title='bbox 911 1683 1174 1738; x_wconf 75' lang='lat' dir='ltr'><strong>consilium</strong></span> <span class='ocrx_word' id='word_1_129' title='bbox 1215 1683 1324 1753; x_wconf 75' lang='lat' dir='ltr'><strong>Dei.</strong></span> <span class='ocrx_word' id='word_1_130' title='bbox 1375 1684 1626 1735; x_wconf 80' lang='lat' dir='ltr'><strong>Attendite</strong></span> 
     </span>
    </p>
   </div>
   <div class='ocr_carea' id='block_1_18' title="bbox 1725 503 3283 573">
    <p class='ocr_par' dir='ltr' id='par_1_18' title="bbox 1725 503 3283 573">
     <span class='ocr_line' id='line_1_18' title="bbox 1725 503 3283 573; baseline -0.007 -12"><span class='ocrx_word' id='word_1_131' title='bbox 1725 509 1956 562; x_wconf 83' lang='lat' dir='ltr'><strong>charitas</strong></span> <span class='ocrx_word' id='word_1_132' title='bbox 1986 507 2108 573; x_wconf 85' lang='lat' dir='ltr'><strong>Dei,</strong></span> <span class='ocrx_word' id='word_1_133' title='bbox 2137 505 2545 560; x_wconf 87' lang='lat' dir='ltr'><strong>eotnmutticatio</strong></span> <span class='ocrx_word' id='word_1_134' title='bbox 2574 504 2741 558; x_wconf 82' lang='lat' dir='ltr'><strong>sancti</strong></span> <span class='ocrx_word' id='word_1_135' title='bbox 2762 503 3008 571; x_wconf 86' lang='lat' dir='ltr'><strong>Spiritus.</strong></span> <span class='ocrx_word' id='word_1_136' title='bbox 3034 512 3142 556; x_wconf 84' lang='lat' dir='ltr'><strong>tres</strong></span> <span class='ocrx_word' id='word_1_137' title='bbox 3173 517 3283 568; x_wconf 82' lang='lat' dir='ltr'><strong>pet--</strong></span> 
     </span>
    </p>
   </div>
   <div class='ocr_carea' id='block_1_19' title="bbox 1723 592 3287 666">
    <p class='ocr_par' dir='ltr' id='par_1_19' title="bbox 1723 592 3287 666">
     <span class='ocr_line' id='line_1_19' title="bbox 1723 592 3287 666; baseline -0.008 -12"><span class='ocrx_word' id='word_1_138' title='bbox 1723 613 1884 654; x_wconf 83' lang='lat' dir='ltr'><strong>sonas</strong></span> <span class='ocrx_word' id='word_1_139' title='bbox 1923 598 2198 653; x_wconf 91' lang='lat' dir='ltr'><strong>evidettter</strong></span> <span class='ocrx_word' id='word_1_140' title='bbox 2235 598 2522 666; x_wconf 80' lang='lat' dir='ltr'><strong>expressit.</strong></span> <span class='ocrx_word' id='word_1_141' title='bbox 2589 596 2715 649; x_wconf 92' lang='lat' dir='ltr'><strong>Item</strong></span> <span class='ocrx_word' id='word_1_142' title='bbox 2757 594 2821 648; x_wconf 89' lang='lat' dir='ltr'><strong>ad</strong></span> <span class='ocrx_word' id='word_1_143' title='bbox 2866 592 3168 646; x_wconf 78' lang='lat' dir='ltr'><strong>Corinthios</strong></span> <span class='ocrx_word' id='word_1_144' title='bbox 3209 607 3287 643; x_wconf 73' lang='lat' dir='ltr'><strong>se-</strong></span> 
     </span>
    </p>
   </div>
   <div class='ocr_carea' id='block_1_20' title="bbox 1724 667 3290 754">
    <p class='ocr_par' dir='ltr' id='par_1_20' title="bbox 1724 667 3290 754">
     <span class='ocr_line' id='line_1_20' title="bbox 1724 667 3290 754; baseline -0.006 -12"><span class='ocrx_word' id='word_1_145' title='bbox 1724 689 1933 742; x_wconf 85' lang='lat' dir='ltr'><strong>cundo:</strong></span> <span class='ocrx_word' id='word_1_146' title='bbox 1969 688 2068 754; x_wconf 83' lang='lat' dir='ltr'><strong>Qui</strong></span> <span class='ocrx_word' id='word_1_147' title='bbox 2096 697 2263 741; x_wconf 88' lang='lat' dir='ltr'><strong>autem</strong></span> <span class='ocrx_word' id='word_1_148' title='bbox 2294 686 2559 754; x_wconf 78' lang='lat' dir='ltr'><strong>conﬁrmat</strong></span> <span class='ocrx_word' id='word_1_149' title='bbox 2588 667 2676 738; x_wconf 84' lang='lat' dir='ltr'><strong>nos</strong></span> <span class='ocrx_word' id='word_1_150' title='bbox 2708 684 2962 736; x_wconf 90' lang='lat' dir='ltr'><strong>vobiscum</strong></span> <span class='ocrx_word' id='word_1_151' title='bbox 2990 682 3040 734; x_wconf 90' lang='lat' dir='ltr'><strong>in</strong></span> <span class='ocrx_word' id='word_1_152' title='bbox 3070 680 3290 742; x_wconf 89' lang='lat' dir='ltr'><strong>Christo,</strong></span> 
     </span>
    </p>
   </div>
   <div class='ocr_carea' id='block_1_21' title="bbox 1725 771 3340 850">
    <p class='ocr_par' dir='ltr' id='par_1_21' title="bbox 1725 771 3340 850">
     <span class='ocr_line' id='line_1_21' title="bbox 1725 771 3340 850; baseline -0.006 -16"><span class='ocrx_word' id='word_1_153' title='bbox 1725 790 1772 834; x_wconf 91' lang='lat' dir='ltr'><strong>et</strong></span> <span class='ocrx_word' id='word_1_154' title='bbox 1799 780 1883 850; x_wconf 86' lang='lat' dir='ltr'><strong>qui</strong></span> <span class='ocrx_word' id='word_1_155' title='bbox 1912 777 2055 832; x_wconf 76' lang='lat' dir='ltr'><strong>unxit</strong></span> <span class='ocrx_word' id='word_1_156' title='bbox 2091 795 2182 832; x_wconf 92' lang='lat' dir='ltr'><strong>nos</strong></span> <span class='ocrx_word' id='word_1_157' title='bbox 2208 777 2370 837; x_wconf 81' lang='lat' dir='ltr'><strong>Deus.</strong></span> <span class='ocrx_word' id='word_1_158' title='bbox 2403 786 2449 830; x_wconf 88' lang='lat' dir='ltr'><strong>et</strong></span> <span class='ocrx_word' id='word_1_159' title='bbox 2475 777 2561 846; x_wconf 85' lang='lat' dir='ltr'><strong>qui</strong></span> <span class='ocrx_word' id='word_1_160' title='bbox 2599 776 2907 844; x_wconf 85' lang='lat' dir='ltr'><strong>consignavit</strong></span> <span class='ocrx_word' id='word_1_161' title='bbox 2944 789 3057 836; x_wconf 85' lang='lat' dir='ltr'><strong>nos,</strong></span> <span class='ocrx_word' id='word_1_162' title='bbox 3086 781 3132 825; x_wconf 85' lang='lat' dir='ltr'><strong>et</strong></span> <span class='ocrx_word' id='word_1_163' title='bbox 3157 771 3291 824; x_wconf 84' lang='lat' dir='ltr'><strong>dedit</strong></span> <span class='ocrx_word' id='word_1_164' title='bbox 3331 777 3340 782; x_wconf 83' lang='lat'>&#39;</span> 
     </span>
    </p>
   </div>
   <div class='ocr_carea' id='block_1_22' title="bbox 1726 860 3290 939">
    <p class='ocr_par' dir='ltr' id='par_1_22' title="bbox 1726 860 3290 939">
     <span class='ocr_line' id='line_1_22' title="bbox 1726 860 3290 939; baseline -0.004 -18"><span class='ocrx_word' id='word_1_165' title='bbox 1726 871 1867 923; x_wconf 86' lang='lat' dir='ltr'><strong>nobis</strong></span> <span class='ocrx_word' id='word_1_166' title='bbox 1908 871 2087 939; x_wconf 77' lang='lat' dir='ltr'><strong>pignus</strong></span> <span class='ocrx_word' id='word_1_167' title='bbox 2123 868 2346 938; x_wconf 82' lang='lat' dir='ltr'><strong>Spiritus</strong></span> <span class='ocrx_word' id='word_1_168' title='bbox 2387 867 2438 919; x_wconf 88' lang='lat' dir='ltr'><strong>in</strong></span> <span class='ocrx_word' id='word_1_169' title='bbox 2473 864 2706 918; x_wconf 77' lang='lat' dir='ltr'><strong>cordibus</strong></span> <span class='ocrx_word' id='word_1_170' title='bbox 2740 865 2922 917; x_wconf 89' lang='lat' dir='ltr'><strong>nostris</strong></span> <span class='ocrx_word' id='word_1_171' title='bbox 2953 860 3040 928; x_wconf 86' lang='lat' dir='ltr'><strong>(II</strong></span> <span class='ocrx_word' id='word_1_172' title='bbox 3069 861 3187 915; x_wconf 91' lang='lat' dir='ltr'><strong>Cor.</strong></span> <span class='ocrx_word' id='word_1_173' title='bbox 3229 866 3290 931; x_wconf 89' lang='grc' dir='ltr'><strong>ι).</strong></span> 
     </span>
    </p>
   </div>
   <div class='ocr_carea' id='block_1_23' title="bbox 1727 954 3286 1027">
    <p class='ocr_par' dir='ltr' id='par_1_23' title="bbox 1727 954 3286 1027">
     <span class='ocr_line' id='line_1_23' title="bbox 1727 954 3286 1027; baseline -0.007 -12"><span class='ocrx_word' id='word_1_174' title='bbox 1727 958 1876 1015; x_wconf 85' lang='lat' dir='ltr'><strong>Unde</strong></span> <span class='ocrx_word' id='word_1_175' title='bbox 1908 960 1958 1013; x_wconf 90' lang='lat' dir='ltr'><strong>in</strong></span> <span class='ocrx_word' id='word_1_176' title='bbox 1986 959 2235 1027; x_wconf 77' lang='lat' dir='ltr'><strong>operibus</strong></span> <span class='ocrx_word' id='word_1_177' title='bbox 2261 957 2516 1012; x_wconf 88' lang='lat' dir='ltr'><strong>unitatem</strong></span> <span class='ocrx_word' id='word_1_178' title='bbox 2549 955 2831 1009; x_wconf 69' lang='lat' dir='ltr'><strong>individua:</strong></span> <span class='ocrx_word' id='word_1_179' title='bbox 2862 954 3135 1008; x_wconf 81' lang='lat' dir='ltr'><strong>Trinitatis</strong></span> <span class='ocrx_word' id='word_1_180' title='bbox 3164 968 3286 1008; x_wconf 59' lang='lat' dir='ltr'><strong>con.</strong></span> 
     </span>
    </p>
   </div>
   <div class='ocr_carea' id='block_1_24' title="bbox 1728 1035 3292 1116">
    <p class='ocr_par' dir='ltr' id='par_1_24' title="bbox 1728 1035 3292 1116">
     <span class='ocr_line' id='line_1_24' title="bbox 1728 1035 3292 1116; baseline -0.004 -14"><span class='ocrx_word' id='word_1_181' title='bbox 1728 1039 1921 1116; x_wconf 73' lang='lat' dir='ltr'><strong>{ii-mat,</strong></span> <span class='ocrx_word' id='word_1_182' title='bbox 1950 1056 2002 1102; x_wconf 89' lang='lat' dir='ltr'><strong>et</strong></span> <span class='ocrx_word' id='word_1_183' title='bbox 2022 1049 2197 1116; x_wconf 81' lang='lat' dir='ltr'><strong>signat</strong></span> <span class='ocrx_word' id='word_1_184' title='bbox 2221 1062 2316 1101; x_wconf 89' lang='lat' dir='ltr'><strong>nos</strong></span> <span class='ocrx_word' id='word_1_185' title='bbox 2338 1046 2551 1116; x_wconf 90' lang='lat' dir='ltr'><strong>proprie</strong></span> <span class='ocrx_word' id='word_1_186' title='bbox 2576 1061 2667 1114; x_wconf 89' lang='lat' dir='ltr'><strong>per</strong></span> <span class='ocrx_word' id='word_1_187' title='bbox 2687 1035 2976 1108; x_wconf 81' lang='lat' dir='ltr'><strong>Christum,</strong></span> <span class='ocrx_word' id='word_1_188' title='bbox 2999 1054 3052 1097; x_wconf 91' lang='lat' dir='ltr'><strong>et</strong></span> <span class='ocrx_word' id='word_1_189' title='bbox 3073 1044 3292 1098; x_wconf 83' lang='lat' dir='ltr'><strong>daturus</strong></span> 
     </span>
    </p>
   </div>
   <div class='ocr_carea' id='block_1_25' title="bbox 1726 1122 3290 1208">
    <p class='ocr_par' dir='ltr' id='par_1_25' title="bbox 1726 1122 3290 1208">
     <span class='ocr_line' id='line_1_25' title="bbox 1726 1122 3290 1208; baseline -0.006 -14"><span class='ocrx_word' id='word_1_190' title='bbox 1726 1140 1980 1207; x_wconf 86' lang='lat' dir='ltr'><strong>seipsum,</strong></span> <span class='ocrx_word' id='word_1_191' title='bbox 2015 1140 2104 1192; x_wconf 92' lang='lat' dir='ltr'><strong>dat</strong></span> <span class='ocrx_word' id='word_1_192' title='bbox 2128 1122 2235 1208; x_wconf 81' lang='lat' dir='ltr'><strong>jam</strong></span> <span class='ocrx_word' id='word_1_193' title='bbox 2278 1139 2331 1192; x_wconf 89' lang='lat' dir='ltr'><strong>in</strong></span> <span class='ocrx_word' id='word_1_194' title='bbox 2373 1137 2617 1207; x_wconf 76' lang='lat' dir='ltr'><strong>przeseuti</strong></span> <span class='ocrx_word' id='word_1_195' title='bbox 2667 1137 2850 1204; x_wconf 80' lang='lat' dir='ltr'><strong>pignus</strong></span> <span class='ocrx_word' id='word_1_196' title='bbox 2882 1134 3133 1202; x_wconf 88' lang='lat' dir='ltr'><strong>Spiritum</strong></span> <span class='ocrx_word' id='word_1_197' title='bbox 3165 1149 3290 1187; x_wconf 86' lang='lat' dir='ltr'><strong>san-</strong></span> 
     </span>
    </p>
   </div>
   <div class='ocr_carea' id='block_1_26' title="bbox 1726 1227 3290 1297">
    <p class='ocr_par' dir='ltr' id='par_1_26' title="bbox 1726 1227 3290 1297">
     <span class='ocr_line' id='line_1_26' title="bbox 1726 1227 3290 1297; baseline -0.004 -14"><span class='ocrx_word' id='word_1_198' title='bbox 1726 1239 1889 1283; x_wconf 89' lang='lat' dir='ltr'><strong>ctum.</strong></span> <span class='ocrx_word' id='word_1_199' title='bbox 1921 1231 1973 1283; x_wconf 90' lang='lat' dir='ltr'><strong>In</strong></span> <span class='ocrx_word' id='word_1_200' title='bbox 1999 1230 2220 1283; x_wconf 87' lang='lat' dir='ltr'><strong>terrenis</strong></span> <span class='ocrx_word' id='word_1_201' title='bbox 2244 1228 2466 1297; x_wconf 86' lang='lat' dir='ltr'><strong>negotiis</strong></span> <span class='ocrx_word' id='word_1_202' title='bbox 2487 1233 2657 1280; x_wconf 72' lang='lat' dir='ltr'><strong>arrltat</strong></span> <span class='ocrx_word' id='word_1_203' title='bbox 2681 1227 2966 1294; x_wconf 79' lang='lat' dir='ltr'><strong>quantitas,</strong></span> <span class='ocrx_word' id='word_1_204' title='bbox 2993 1236 3290 1278; x_wconf 85' lang='lat' dir='ltr'><strong>contractus</strong></span> 
     </span>
    </p>
   </div>
   <div class='ocr_carea' id='block_1_27' title="bbox 1728 1309 3289 1389">
    <p class='ocr_par' dir='ltr' id='par_1_27' title="bbox 1728 1309 3289 1389">
     <span class='ocr_line' id='line_1_27' title="bbox 1728 1309 3289 1389; baseline -0.004 -14"><span class='ocrx_word' id='word_1_205' title='bbox 1728 1322 1870 1375; x_wconf 89' lang='lat' dir='ltr'><strong>illius</strong></span> <span class='ocrx_word' id='word_1_206' title='bbox 1912 1334 2007 1389; x_wconf 87' lang='lat' dir='ltr'><strong>pro</strong></span> <span class='ocrx_word' id='word_1_207' title='bbox 2035 1335 2139 1389; x_wconf 95' lang='lat' dir='ltr'><strong>quo</strong></span> <span class='ocrx_word' id='word_1_208' title='bbox 2167 1319 2525 1374; x_wconf 88' lang='lat' dir='ltr'><strong>intercesserit</strong></span> <span class='ocrx_word' id='word_1_209' title='bbox 2554 1309 2794 1388; x_wconf 81' lang='lat' dir='ltr'><strong>qna-dam</strong></span> <span class='ocrx_word' id='word_1_210' title='bbox 2833 1318 3004 1385; x_wconf 91' lang='lat' dir='ltr'><strong>portio</strong></span> <span class='ocrx_word' id='word_1_211' title='bbox 3038 1325 3148 1381; x_wconf 79' lang='lat' dir='ltr'><strong>est,</strong></span> <span class='ocrx_word' id='word_1_212' title='bbox 3183 1318 3289 1384; x_wconf 81' lang='lat' dir='ltr'><strong>pig-</strong></span> 
     </span>
    </p>
   </div>
   <div class='ocr_carea' id='block_1_28' title="bbox 1729 1413 3288 1484">
    <p class='ocr_par' dir='ltr' id='par_1_28' title="bbox 1729 1413 3288 1484">
     <span class='ocr_line' id='line_1_28' title="bbox 1729 1413 3288 1484; baseline -0.002 -16"><span class='ocrx_word' id='word_1_213' title='bbox 1729 1417 1874 1469; x_wconf 90' lang='lat' dir='ltr'><strong>noris</strong></span> <span class='ocrx_word' id='word_1_214' title='bbox 1911 1430 2037 1469; x_wconf 90' lang='lat' dir='ltr'><strong>vero</strong></span> <span class='ocrx_word' id='word_1_215' title='bbox 2068 1415 2223 1477; x_wconf 90' lang='lat' dir='ltr'><strong>ratio,</strong></span> <span class='ocrx_word' id='word_1_216' title='bbox 2256 1415 2502 1469; x_wconf 88' lang='lat' dir='ltr'><strong>meritum</strong></span> <span class='ocrx_word' id='word_1_217' title='bbox 2537 1416 2610 1469; x_wconf 85' lang='lat' dir='ltr'><strong>rei</strong></span> <span class='ocrx_word' id='word_1_218' title='bbox 2641 1429 2737 1484; x_wconf 90' lang='lat' dir='ltr'><strong>pro</strong></span> <span class='ocrx_word' id='word_1_219' title='bbox 2767 1429 2866 1482; x_wconf 84' lang='lat' dir='ltr'><strong>qua</strong></span> <span class='ocrx_word' id='word_1_220' title='bbox 2911 1414 3031 1482; x_wconf 88' lang='lat' dir='ltr'><strong>poni</strong></span> <span class='ocrx_word' id='word_1_221' title='bbox 3064 1413 3288 1477; x_wconf 81' lang='lat' dir='ltr'><strong>videtur,</strong></span> 
     </span>
    </p>
   </div>
   <div class='ocr_carea' id='block_1_29' title="bbox 1726 1503 3290 1572">
    <p class='ocr_par' dir='ltr' id='par_1_29' title="bbox 1726 1503 3290 1572">
     <span class='ocr_line' id='line_1_29' title="bbox 1726 1503 3290 1572; baseline -0.003 -14"><span class='ocrx_word' id='word_1_222' title='bbox 1726 1503 1955 1559; x_wconf 83' lang='lat' dir='ltr'><strong>excedit.</strong></span> <span class='ocrx_word' id='word_1_223' title='bbox 2009 1504 2104 1558; x_wconf 83' lang='lat' dir='ltr'><strong>H;c</strong></span> <span class='ocrx_word' id='word_1_224' title='bbox 2129 1519 2255 1557; x_wconf 89' lang='lat' dir='ltr'><strong>vero</strong></span> <span class='ocrx_word' id='word_1_225' title='bbox 2286 1503 2548 1571; x_wconf 87' lang='lat' dir='ltr'><strong>majestati</strong></span> <span class='ocrx_word' id='word_1_226' title='bbox 2578 1508 2765 1571; x_wconf 87' lang='lat' dir='ltr'><strong>pignus</strong></span> <span class='ocrx_word' id='word_1_227' title='bbox 2791 1519 2943 1558; x_wconf 88' lang='lat' dir='ltr'><strong>suum</strong></span> <span class='ocrx_word' id='word_1_228' title='bbox 2972 1504 3091 1572; x_wconf 82' lang='lat' dir='ltr'><strong>quia</strong></span> <span class='ocrx_word' id='word_1_229' title='bbox 3123 1505 3290 1556; x_wconf 89' lang='lat' dir='ltr'><strong>nescit</strong></span> 
     </span>
    </p>
   </div>
   <div class='ocr_carea' id='block_1_30' title="bbox 1728 1584 3287 1664">
    <p class='ocr_par' dir='ltr' id='par_1_30' title="bbox 1728 1584 3287 1664">
     <span class='ocr_line' id='line_1_30' title="bbox 1728 1584 3287 1664; baseline -0.002 -17"><span class='ocrx_word' id='word_1_230' title='bbox 1728 1595 1984 1664; x_wconf 60' lang='lat' dir='ltr'><strong>praferri,</strong></span> <span class='ocrx_word' id='word_1_231' title='bbox 2019 1608 2234 1650; x_wconf 88' lang='lat' dir='ltr'><strong>necesse</strong></span> <span class='ocrx_word' id='word_1_232' title='bbox 2262 1606 2341 1648; x_wconf 90' lang='lat' dir='ltr'><strong>est</strong></span> <span class='ocrx_word' id='word_1_233' title='bbox 2369 1584 2655 1663; x_wconf 71' lang='lat' dir='ltr'><strong>exzequari.</strong></span> <span class='ocrx_word' id='word_1_234' title='bbox 2690 1593 2966 1662; x_wconf 79' lang='lat' dir='ltr'><strong>Nequeunt</strong></span> <span class='ocrx_word' id='word_1_235' title='bbox 2992 1594 3134 1647; x_wconf 92' lang='lat' dir='ltr'><strong>enim</strong></span> <span class='ocrx_word' id='word_1_236' title='bbox 3167 1609 3287 1661; x_wconf 88' lang='lat' dir='ltr'><strong>per-</strong></span> 
     </span>
    </p>
   </div>
   <div class='ocr_carea' id='block_1_31' title="bbox 1730 1682 3286 1754">
    <p class='ocr_par' dir='ltr' id='par_1_31' title="bbox 1730 1682 3286 1754">
     <span class='ocr_line' id='line_1_31' title="bbox 1730 1682 3286 1754; baseline -0.002 -17"><span class='ocrx_word' id='word_1_237' title='bbox 1730 1687 1862 1740; x_wconf 81' lang='lat' dir='ltr'><strong>lecta</strong></span> <span class='ocrx_word' id='word_1_238' title='bbox 1893 1684 2210 1739; x_wconf 88' lang='lat' dir='ltr'><strong>transcendi.</strong></span> <span class='ocrx_word' id='word_1_239' title='bbox 2261 1683 2365 1738; x_wconf 92' lang='lat' dir='ltr'><strong>Pro</strong></span> <span class='ocrx_word' id='word_1_240' title='bbox 2406 1699 2462 1738; x_wconf 90' lang='lat' dir='ltr'><strong>se</strong></span> <span class='ocrx_word' id='word_1_241' title='bbox 2504 1690 2634 1753; x_wconf 66' lang='lat' dir='ltr'><strong>ergo“</strong></span> <span class='ocrx_word' id='word_1_242' title='bbox 2658 1682 2810 1737; x_wconf 91' lang='lat' dir='ltr'><strong>Pater</strong></span> <span class='ocrx_word' id='word_1_243' title='bbox 2841 1683 3075 1754; x_wconf 85' lang='lat' dir='ltr'><strong>Spiritus</strong></span> <span class='ocrx_word' id='word_1_244' title='bbox 3118 1685 3286 1736; x_wconf 87' lang='lat' dir='ltr'><strong>sancti</strong></span> 
     </span>
    </p>
   </div>
   <div class='ocr_carea' id='block_1_32' title="bbox 82 1773 3280 1845">
    <p class='ocr_par' dir='ltr' id='par_1_32' title="bbox 82 1773 3280 1845">
     <span class='ocr_line' id='line_1_32' title="bbox 82 1773 3280 1845; baseline 0 -20"><span class='ocrx_word' id='word_1_245' title='bbox 82 1776 190 1828; x_wconf 68' lang='lat' dir='ltr'><strong>vobis</strong></span> <span class='ocrx_word' id='word_1_246' title='bbox 207 1786 250 1828; x_wconf 86' lang='lat' dir='ltr'><strong>et</strong></span> <span class='ocrx_word' id='word_1_247' title='bbox 270 1776 511 1829; x_wconf 81' lang='lat' dir='ltr'><strong>universo</strong></span> <span class='ocrx_word' id='word_1_248' title='bbox 530 1775 753 1845; x_wconf 81' lang='lat' dir='ltr'><strong>gregi,in</strong></span> <span class='ocrx_word' id='word_1_249' title='bbox 774 1791 872 1843; x_wconf 90' lang='lat' dir='ltr'><strong>quo</strong></span> <span class='ocrx_word' id='word_1_250' title='bbox 887 1775 1108 1841; x_wconf 86' lang='lat' dir='ltr'><strong>Spiritus</strong></span> <span class='ocrx_word' id='word_1_251' title='bbox 1129 1781 1328 1826; x_wconf 87' lang='lat' dir='ltr'><strong>sanctus</strong></span> <span class='ocrx_word' id='word_1_252' title='bbox 1351 1789 1433 1824; x_wconf 84' lang='lat' dir='ltr'><strong>vos</strong></span> <span class='ocrx_word' id='word_1_253' title='bbox 1454 1773 1620 1839; x_wconf 74' lang='lat' dir='ltr'><strong>pasuit</strong></span> <span class='ocrx_word' id='word_1_254' title='bbox 1654 1778 1697 1838; x_wconf 82' lang='grc' dir='ltr'><strong>Β</strong></span> <span class='ocrx_word' id='word_1_255' title='bbox 1726 1776 1910 1843; x_wconf 76' lang='lat' dir='ltr'><strong>pignus</strong></span> <span class='ocrx_word' id='word_1_256' title='bbox 1955 1775 2208 1844; x_wconf 75' lang='lat' dir='ltr'><strong>indulget.</strong></span> <span class='ocrx_word' id='word_1_257' title='bbox 2253 1773 2332 1828; x_wconf 85' lang='lat' dir='ltr'><strong>Nil</strong></span> <span class='ocrx_word' id='word_1_258' title='bbox 2357 1775 2532 1843; x_wconf 90' lang='lat' dir='ltr'><strong>itaque</strong></span> <span class='ocrx_word' id='word_1_259' title='bbox 2560 1775 2611 1828; x_wconf 89' lang='lat' dir='ltr'><strong>in</strong></span> <span class='ocrx_word' id='word_1_260' title='bbox 2643 1774 2844 1843; x_wconf 91' lang='lat' dir='ltr'><strong>Spirittt</strong></span> <span class='ocrx_word' id='word_1_261' title='bbox 2871 1785 3056 1828; x_wconf 84' lang='lat' dir='ltr'><strong>sancto</strong></span> <span class='ocrx_word' id='word_1_262' title='bbox 3077 1789 3280 1841; x_wconf 75' lang='lat' dir='ltr'><strong>semper</strong></span> 
     </span>
    </p>
   </div>
   <div class='ocr_carea' id='block_1_33' title="bbox 80 1864 1619 1936">
    <p class='ocr_par' dir='ltr' id='par_1_33' title="bbox 80 1864 1619 1936">
     <span class='ocr_line' id='line_1_33' title="bbox 80 1864 1619 1936; baseline 0 -21"><span class='ocrx_word' id='word_1_263' title='bbox 80 1868 340 1934; x_wconf 71' lang='lat' dir='ltr'><strong>episcopos,</strong></span> <span class='ocrx_word' id='word_1_264' title='bbox 368 1882 551 1936; x_wconf 85' lang='lat' dir='ltr'><strong>regere</strong></span> <span class='ocrx_word' id='word_1_265' title='bbox 578 1864 855 1920; x_wconf 81' lang='lat' dir='ltr'><strong>Ecclesium</strong></span> <span class='ocrx_word' id='word_1_266' title='bbox 883 1864 1005 1929; x_wconf 84' lang='lat' dir='ltr'><strong>Dei,</strong></span> <span class='ocrx_word' id='word_1_267' title='bbox 1035 1881 1185 1933; x_wconf 85' lang='lat' dir='ltr'><strong>quam</strong></span> <span class='ocrx_word' id='word_1_268' title='bbox 1213 1864 1472 1932; x_wconf 74' lang='lat' dir='ltr'><strong>acquisivit</strong></span> <span class='ocrx_word' id='word_1_269' title='bbox 1500 1880 1619 1916; x_wconf 62' lang='lat' dir='ltr'><strong>sono</strong></span> 
     </span>
    </p>
   </div>
   <div class='ocr_carea' id='block_1_34' title="bbox 81 1955 1618 2025">
    <p class='ocr_par' dir='ltr' id='par_1_34' title="bbox 81 1955 1618 2025">
     <span class='ocr_line' id='line_1_34' title="bbox 81 1955 1618 2025; baseline 0.001 -16"><span class='ocrx_word' id='word_1_270' title='bbox 81 1960 205 2025; x_wconf 77' lang='lat' dir='ltr'><strong>quine</strong></span> <span class='ocrx_word' id='word_1_271' title='bbox 228 1974 339 2011; x_wconf 85' lang='lat' dir='ltr'><strong>suo.</strong></span> <span class='ocrx_word' id='word_1_272' title='bbox 381 1959 556 2023; x_wconf 79' lang='lat' dir='ltr'><strong>Quam</strong></span> <span class='ocrx_word' id='word_1_273' title='bbox 584 1957 809 2011; x_wconf 91' lang='lat' dir='ltr'><strong>dilucide</strong></span> <span class='ocrx_word' id='word_1_274' title='bbox 840 1959 1076 2024; x_wconf 80' lang='lat' dir='ltr'><strong>persmtis</strong></span> <span class='ocrx_word' id='word_1_275' title='bbox 1108 1956 1220 2008; x_wconf 88' lang='lat' dir='ltr'><strong>suis</strong></span> <span class='ocrx_word' id='word_1_276' title='bbox 1260 1964 1364 2009; x_wconf 89' lang='lat' dir='ltr'><strong>tota</strong></span> <span class='ocrx_word' id='word_1_277' title='bbox 1392 1955 1618 2010; x_wconf 87' lang='lat' dir='ltr'><strong>Trinitas</strong></span> 
     </span>
    </p>
   </div>
   <div class='ocr_carea' id='block_1_35' title="bbox 80 2046 1618 2116">
    <p class='ocr_par' dir='ltr' id='par_1_35' title="bbox 80 2046 1618 2116">
     <span class='ocr_line' id='line_1_35' title="bbox 80 2046 1618 2116; baseline 0.001 -19"><span class='ocrx_word' id='word_1_278' title='bbox 80 2049 397 2116; x_wconf 76' lang='lat' dir='ltr'><strong>designatur!</strong></span> <span class='ocrx_word' id='word_1_279' title='bbox 441 2048 738 2103; x_wconf 83' lang='lat' dir='ltr'><strong>Consilium</strong></span> <span class='ocrx_word' id='word_1_280' title='bbox 768 2048 858 2100; x_wconf 89' lang='lat' dir='ltr'><strong>Dei</strong></span> <span class='ocrx_word' id='word_1_281' title='bbox 883 2046 1051 2100; x_wconf 79' lang='lat' dir='ltr'><strong>Patris</strong></span> <span class='ocrx_word' id='word_1_282' title='bbox 1078 2046 1380 2108; x_wconf 88' lang='lat' dir='ltr'><strong>annuntiat;</strong></span> <span class='ocrx_word' id='word_1_283' title='bbox 1414 2047 1618 2113; x_wconf 81' lang='lat' dir='ltr'><strong>episco-</strong></span> 
     </span>
    </p>
   </div>
   <div class='ocr_carea' id='block_1_36' title="bbox 84 2135 1615 2205">
    <p class='ocr_par' dir='ltr' id='par_1_36' title="bbox 84 2135 1615 2205">
     <span class='ocr_line' id='line_1_36' title="bbox 84 2135 1615 2205; baseline -0.002 -16"><span class='ocrx_word' id='word_1_284' title='bbox 84 2152 162 2205; x_wconf 87' lang='lat' dir='ltr'><strong>pos</strong></span> <span class='ocrx_word' id='word_1_285' title='bbox 181 2154 205 2188; x_wconf 86' lang='lat' dir='ltr'><strong>a</strong></span> <span class='ocrx_word' id='word_1_286' title='bbox 227 2137 425 2205; x_wconf 87' lang='lat' dir='ltr'><strong>Spiritu</strong></span> <span class='ocrx_word' id='word_1_287' title='bbox 456 2147 644 2190; x_wconf 85' lang='lat' dir='ltr'><strong>sancto</strong></span> <span class='ocrx_word' id='word_1_288' title='bbox 671 2137 944 2190; x_wconf 72' lang='lat' dir='ltr'><strong>ordinatos</strong></span> <span class='ocrx_word' id='word_1_289' title='bbox 971 2150 1087 2189; x_wconf 90' lang='lat' dir='ltr'><strong>esse</strong></span> <span class='ocrx_word' id='word_1_290' title='bbox 1115 2135 1421 2200; x_wconf 81' lang='lat' dir='ltr'><strong>conﬁrmat;</strong></span> <span class='ocrx_word' id='word_1_291' title='bbox 1455 2136 1615 2189; x_wconf 90' lang='lat' dir='ltr'><strong>Deum</strong></span> 
     </span>
    </p>
   </div>
   <div class='ocr_carea' id='block_1_37' title="bbox 81 2224 1619 2293">
    <p class='ocr_par' dir='ltr' id='par_1_37' title="bbox 81 2224 1619 2293">
     <span class='ocr_line' id='line_1_37' title="bbox 81 2224 1619 2293; baseline -0.001 -15"><span class='ocrx_word' id='word_1_292' title='bbox 81 2230 215 2278; x_wconf 79' lang='lat' dir='ltr'><strong>etiam</strong></span> <span class='ocrx_word' id='word_1_293' title='bbox 249 2227 542 2292; x_wconf 89' lang='lat' dir='ltr'><strong>Christum,</strong></span> <span class='ocrx_word' id='word_1_294' title='bbox 586 2229 735 2293; x_wconf 78' lang='lat' dir='ltr'><strong>cujus</strong></span> <span class='ocrx_word' id='word_1_295' title='bbox 778 2225 1031 2293; x_wconf 77' lang='lat' dir='ltr'><strong>satguine</strong></span> <span class='ocrx_word' id='word_1_296' title='bbox 1068 2224 1302 2278; x_wconf 83' lang='lat' dir='ltr'><strong>Ecclesia</strong></span> <span class='ocrx_word' id='word_1_297' title='bbox 1347 2226 1415 2277; x_wconf 88' lang='lat' dir='ltr'><strong>sit</strong></span> <span class='ocrx_word' id='word_1_298' title='bbox 1444 2226 1619 2293; x_wconf 86' lang='lat' dir='ltr'><strong>acqui-</strong></span> 
     </span>
    </p>
   </div>
   <div class='ocr_carea' id='block_1_38' title="bbox 85 2317 1622 2383">
    <p class='ocr_par' dir='ltr' id='par_1_38' title="bbox 85 2317 1622 2383">
     <span class='ocr_line' id='line_1_38' title="bbox 85 2317 1622 2383; baseline -0.001 -11"><span class='ocrx_word' id='word_1_299' title='bbox 85 2323 186 2383; x_wconf 79' lang='lat' dir='ltr'><strong>sita,</strong></span> <span class='ocrx_word' id='word_1_300' title='bbox 218 2321 567 2375; x_wconf 85' lang='lat' dir='ltr'><strong>demonstrat.</strong></span> <span class='ocrx_word' id='word_1_301' title='bbox 616 2320 695 2374; x_wconf 84' lang='lat' dir='ltr'><strong>Ad</strong></span> <span class='ocrx_word' id='word_1_302' title='bbox 745 2319 1012 2372; x_wconf 83' lang='lat' dir='ltr'><strong>Romanos</strong></span> <span class='ocrx_word' id='word_1_303' title='bbox 1054 2320 1210 2371; x_wconf 84' lang='lat' dir='ltr'><strong>etiam</strong></span> <span class='ocrx_word' id='word_1_304' title='bbox 1252 2317 1478 2371; x_wconf 90' lang='lat' dir='ltr'><strong>Trinitas</strong></span> <span class='ocrx_word' id='word_1_305' title='bbox 1522 2317 1622 2370; x_wconf 86' lang='lat' dir='ltr'><strong>sub</strong></span> 
     </span>
    </p>
   </div>
   <div class='ocr_carea' id='block_1_39' title="bbox 86 2407 1616 2479">
    <p class='ocr_par' dir='ltr' id='par_1_39' title="bbox 86 2407 1616 2479">
     <span class='ocr_line' id='line_1_39' title="bbox 86 2407 1616 2479; baseline -0.003 -17"><span class='ocrx_word' id='word_1_306' title='bbox 86 2413 326 2465; x_wconf 88' lang='lat' dir='ltr'><strong>nominum</strong></span> <span class='ocrx_word' id='word_1_307' title='bbox 353 2410 678 2479; x_wconf 86' lang='lat' dir='ltr'><strong>proprietate</strong></span> <span class='ocrx_word' id='word_1_308' title='bbox 701 2409 974 2478; x_wconf 78' lang='lat' dir='ltr'><strong>digeritur.</strong></span> <span class='ocrx_word' id='word_1_309' title='bbox 1000 2407 1146 2473; x_wconf 72' lang='lat' dir='ltr'><strong>Qusd</strong></span> <span class='ocrx_word' id='word_1_310' title='bbox 1175 2409 1218 2460; x_wconf 92' lang='lat' dir='ltr'><strong>si</strong></span> <span class='ocrx_word' id='word_1_311' title='bbox 1240 2408 1464 2476; x_wconf 86' lang='lat' dir='ltr'><strong>Spiritus</strong></span> <span class='ocrx_word' id='word_1_312' title='bbox 1486 2409 1616 2476; x_wconf 83' lang='lat' dir='ltr'><strong>ejus,</strong></span> 
     </span>
    </p>
   </div>
   <div class='ocr_carea' id='block_1_40' title="bbox 87 2499 1622 2568">
    <p class='ocr_par' dir='ltr' id='par_1_40' title="bbox 87 2499 1622 2568">
     <span class='ocr_line' id='line_1_40' title="bbox 87 2499 1622 2568; baseline -0.002 -16"><span class='ocrx_word' id='word_1_313' title='bbox 87 2505 156 2568; x_wconf 81' lang='lat' dir='ltr'><strong>qui</strong></span> <span class='ocrx_word' id='word_1_314' title='bbox 192 2504 440 2555; x_wconf 79' lang='lat' dir='ltr'><strong>suscitavit</strong></span> <span class='ocrx_word' id='word_1_315' title='bbox 473 2501 678 2562; x_wconf 85' lang='lat' dir='ltr'><strong>Iesum,</strong></span> <span class='ocrx_word' id='word_1_316' title='bbox 721 2501 909 2552; x_wconf 88' lang='lat' dir='ltr'><strong>habitat</strong></span> <span class='ocrx_word' id='word_1_317' title='bbox 951 2501 1002 2553; x_wconf 89' lang='lat' dir='ltr'><strong>in</strong></span> <span class='ocrx_word' id='word_1_318' title='bbox 1041 2500 1208 2562; x_wconf 76' lang='lat' dir='ltr'><strong>vobis,</strong></span> <span class='ocrx_word' id='word_1_319' title='bbox 1243 2499 1327 2564; x_wconf 89' lang='lat' dir='ltr'><strong>qui</strong></span> <span class='ocrx_word' id='word_1_320' title='bbox 1365 2499 1622 2552; x_wconf 48' lang='lat' dir='ltr'><strong>suscitavit</strong></span> 
     </span>
    </p>
   </div>
   <div class='ocr_carea' id='block_1_41' title="bbox 89 2587 1618 2661">
    <p class='ocr_par' dir='ltr' id='par_1_41' title="bbox 89 2587 1618 2661">
     <span class='ocr_line' id='line_1_41' title="bbox 89 2587 1618 2661; baseline 0.001 -22"><span class='ocrx_word' id='word_1_321' title='bbox 89 2591 240 2642; x_wconf 79' lang='lat' dir='ltr'><strong>Iesum</strong></span> <span class='ocrx_word' id='word_1_322' title='bbox 265 2607 295 2642; x_wconf 92' lang='lat' dir='ltr'><strong>a</strong></span> <span class='ocrx_word' id='word_1_323' title='bbox 319 2592 561 2652; x_wconf 84' lang='lat' dir='ltr'><strong>mortuis,</strong></span> <span class='ocrx_word' id='word_1_324' title='bbox 589 2591 854 2657; x_wconf 80' lang='lat' dir='ltr'><strong>viviﬁcabit</strong></span> <span class='ocrx_word' id='word_1_325' title='bbox 882 2599 929 2642; x_wconf 88' lang='lat' dir='ltr'><strong>et</strong></span> <span class='ocrx_word' id='word_1_326' title='bbox 950 2587 1190 2661; x_wconf 71' lang='lat' dir='ltr'><strong>mortglia</strong></span> <span class='ocrx_word' id='word_1_327' title='bbox 1209 2605 1419 2658; x_wconf 88' lang='lat' dir='ltr'><strong>corpora</strong></span> <span class='ocrx_word' id='word_1_328' title='bbox 1442 2600 1618 2652; x_wconf 78' lang='lat' dir='ltr'><strong>vestra,</strong></span> 
     </span>
    </p>
   </div>
   <div class='ocr_carea' id='block_1_42' title="bbox 91 2679 1620 2749">
    <p class='ocr_par' dir='ltr' id='par_1_42' title="bbox 91 2679 1620 2749">
     <span class='ocr_line' id='line_1_42' title="bbox 91 2679 1620 2749; baseline 0.001 -18"><span class='ocrx_word' id='word_1_329' title='bbox 91 2688 263 2747; x_wconf 80' lang='lat' dir='ltr'><strong>propter</strong></span> <span class='ocrx_word' id='word_1_330' title='bbox 281 2681 647 2733; x_wconf 82' lang='lat' dir='ltr'><strong>inhabitantem</strong></span> <span class='ocrx_word' id='word_1_331' title='bbox 671 2681 913 2747; x_wconf 82' lang='lat' dir='ltr'><strong>Spiritum</strong></span> <span class='ocrx_word' id='word_1_332' title='bbox 934 2681 1041 2749; x_wconf 85' lang='lat' dir='ltr'><strong>ejus</strong></span> <span class='ocrx_word' id='word_1_333' title='bbox 1064 2681 1114 2732; x_wconf 89' lang='lat' dir='ltr'><strong>in</strong></span> <span class='ocrx_word' id='word_1_334' title='bbox 1135 2681 1268 2732; x_wconf 84' lang='lat' dir='ltr'><strong>vobis</strong></span> <span class='ocrx_word' id='word_1_335' title='bbox 1292 2679 1464 2747; x_wconf 82' lang='lat' dir='ltr'><strong>(Rom.</strong></span> <span class='ocrx_word' id='word_1_336' title='bbox 1488 2681 1620 2749; x_wconf 84' lang='lat' dir='ltr'><strong>vttt).</strong></span> 
     </span>
    </p>
   </div>
   <div class='ocr_carea' id='block_1_43' title="bbox 94 2771 1618 2838">
    <p class='ocr_par' dir='ltr' id='par_1_43' title="bbox 94 2771 1618 2838">
     <span class='ocr_line' id='line_1_43' title="bbox 94 2771 1618 2838; baseline 0.002 -17"><span class='ocrx_word' id='word_1_337' title='bbox 94 2771 223 2825; x_wconf 69' lang='lat' dir='ltr'><strong>Pater</strong></span> <span class='ocrx_word' id='word_1_338' title='bbox 249 2774 499 2836; x_wconf 85' lang='lat' dir='ltr'><strong>suscitat,</strong></span> <span class='ocrx_word' id='word_1_339' title='bbox 535 2772 699 2825; x_wconf 82' lang='lat' dir='ltr'><strong>Filius</strong></span> <span class='ocrx_word' id='word_1_340' title='bbox 736 2772 1038 2837; x_wconf 87' lang='lat' dir='ltr'><strong>suscitatur,</strong></span> <span class='ocrx_word' id='word_1_341' title='bbox 1071 2783 1124 2824; x_wconf 85' lang='lat' dir='ltr'><strong>et</strong></span> <span class='ocrx_word' id='word_1_342' title='bbox 1165 2780 1374 2838; x_wconf 80' lang='lat' dir='ltr'><strong>propter</strong></span> <span class='ocrx_word' id='word_1_343' title='bbox 1414 2772 1618 2824; x_wconf 87' lang='lat' dir='ltr'><strong>inhabi-</strong></span> 
     </span>
    </p>
   </div>
   <div class='ocr_carea' id='block_1_44' title="bbox 96 2861 1623 2929">
    <p class='ocr_par' dir='ltr' id='par_1_44' title="bbox 96 2861 1623 2929">
     <span class='ocr_line' id='line_1_44' title="bbox 96 2861 1623 2929; baseline 0.003 -19"><span class='ocrx_word' id='word_1_344' title='bbox 96 2866 262 2914; x_wconf 85' lang='lat' dir='ltr'><strong>tantem</strong></span> <span class='ocrx_word' id='word_1_345' title='bbox 292 2862 547 2929; x_wconf 88' lang='lat' dir='ltr'><strong>Spiritum</strong></span> <span class='ocrx_word' id='word_1_346' title='bbox 579 2861 955 2916; x_wconf 85' lang='lat' dir='ltr'><strong>resuscitandis</strong></span> <span class='ocrx_word' id='word_1_347' title='bbox 985 2862 1282 2916; x_wconf 89' lang='lat' dir='ltr'><strong>mortalium</strong></span> <span class='ocrx_word' id='word_1_348' title='bbox 1311 2865 1623 2929; x_wconf 87' lang='lat' dir='ltr'><strong>corporibus</strong></span> 
     </span>
    </p>
   </div>
   <div class='ocr_carea' id='block_1_45' title="bbox 100 2948 1623 3020">
    <p class='ocr_par' dir='ltr' id='par_1_45' title="bbox 100 2948 1623 3020">
     <span class='ocr_line' id='line_1_45' title="bbox 100 2948 1623 3020; baseline 0.007 -27"><span class='ocrx_word' id='word_1_349' title='bbox 100 2948 184 3001; x_wconf 80' lang='lat' dir='ltr'><strong>tita</strong></span> <span class='ocrx_word' id='word_1_350' title='bbox 209 2952 545 3016; x_wconf 87' lang='lat' dir='ltr'><strong>promittitur.</strong></span> <span class='ocrx_word' id='word_1_351' title='bbox 581 2950 646 3004; x_wconf 86' lang='lat' dir='ltr'><strong>Et</strong></span> <span class='ocrx_word' id='word_1_352' title='bbox 675 2951 727 3003; x_wconf 91' lang='lat' dir='ltr'><strong>in</strong></span> <span class='ocrx_word' id='word_1_353' title='bbox 763 2951 1104 3020; x_wconf 84' lang='lat' dir='ltr'><strong>consequenti</strong></span> <span class='ocrx_word' id='word_1_354' title='bbox 1137 2969 1148 3003; x_wconf 91' lang='lat'><strong>:</strong></span> <span class='ocrx_word' id='word_1_355' title='bbox 1189 2949 1288 3004; x_wconf 87' lang='lat' dir='ltr'><strong>Vos</strong></span> <span class='ocrx_word' id='word_1_356' title='bbox 1315 2963 1494 3004; x_wconf 86' lang='lat' dir='ltr'><strong>’nulem</strong></span> <span class='ocrx_word' id='word_1_357' title='bbox 1524 2969 1623 3005; x_wconf 91' lang='lat' dir='ltr'><strong>non</strong></span> 
     </span>
    </p>
   </div>
   <div class='ocr_carea' id='block_1_46' title="bbox 99 3039 1624 3111">
    <p class='ocr_par' dir='ltr' id='par_1_46' title="bbox 99 3039 1624 3111">
     <span class='ocr_line' id='line_1_46' title="bbox 99 3039 1624 3111; baseline 0.004 -23"><span class='ocrx_word' id='word_1_358' title='bbox 99 3039 193 3092; x_wconf 71' lang='lat' dir='ltr'><strong>estis</strong></span> <span class='ocrx_word' id='word_1_359' title='bbox 226 3042 274 3092; x_wconf 82' lang='lat' dir='ltr'><strong>in</strong></span> <span class='ocrx_word' id='word_1_360' title='bbox 312 3057 486 3106; x_wconf 79' lang='lat' dir='ltr'><strong>carne,</strong></span> <span class='ocrx_word' id='word_1_361' title='bbox 513 3041 602 3095; x_wconf 86' lang='lat' dir='ltr'><strong>sed</strong></span> <span class='ocrx_word' id='word_1_362' title='bbox 644 3040 697 3092; x_wconf 85' lang='lat' dir='ltr'><strong>in</strong></span> <span class='ocrx_word' id='word_1_363' title='bbox 731 3040 947 3111; x_wconf 81' lang='lat' dir='ltr'><strong>Spiritu,</strong></span> <span class='ocrx_word' id='word_1_364' title='bbox 992 3042 1034 3093; x_wconf 85' lang='lat' dir='ltr'><strong>si</strong></span> <span class='ocrx_word' id='word_1_365' title='bbox 1075 3051 1240 3093; x_wconf 84' lang='lat' dir='ltr'><strong>tamen</strong></span> <span class='ocrx_word' id='word_1_366' title='bbox 1274 3039 1494 3111; x_wconf 76' lang='lat' dir='ltr'><strong>Spiritus</strong></span> <span class='ocrx_word' id='word_1_367' title='bbox 1533 3041 1624 3094; x_wconf 88' lang='lat' dir='ltr'><strong>Dei</strong></span> 
     </span>
    </p>
   </div>
   <div class='ocr_carea' id='block_1_47' title="bbox 1722 1865 3285 1936">
    <p class='ocr_par' dir='ltr' id='par_1_47' title="bbox 1722 1865 3285 1936">
     <span class='ocr_line' id='line_1_47' title="bbox 1722 1865 3285 1936; baseline -0.001 -18"><span class='ocrx_word' id='word_1_368' title='bbox 1722 1868 1805 1921; x_wconf 88' lang='lat' dir='ltr'><strong>vel</strong></span> <span class='ocrx_word' id='word_1_369' title='bbox 1835 1867 2184 1935; x_wconf 89' lang='lat' dir='ltr'><strong>semiplenum</strong></span> <span class='ocrx_word' id='word_1_370' title='bbox 2213 1881 2372 1934; x_wconf 89' lang='lat' dir='ltr'><strong>super</strong></span> <span class='ocrx_word' id='word_1_371' title='bbox 2398 1865 2634 1936; x_wconf 91' lang='lat' dir='ltr'><strong>plenum,</strong></span> <span class='ocrx_word' id='word_1_372' title='bbox 2666 1868 2876 1934; x_wconf 88' lang='lat' dir='ltr'><strong>plenum</strong></span> <span class='ocrx_word' id='word_1_373' title='bbox 2907 1876 3136 1932; x_wconf 89' lang='lat' dir='ltr'><strong>putetur,</strong></span> <span class='ocrx_word' id='word_1_374' title='bbox 3163 1865 3285 1933; x_wconf 84' lang='lat' dir='ltr'><strong>quia</strong></span> 
     </span>
    </p>
   </div>
   <div class='ocr_carea' id='block_1_48' title="bbox 1723 1957 3290 2028">
    <p class='ocr_par' dir='ltr' id='par_1_48' title="bbox 1723 1957 3290 2028">
     <span class='ocr_line' id='line_1_48' title="bbox 1723 1957 3290 2028; baseline 0 -18"><span class='ocrx_word' id='word_1_375' title='bbox 1723 1959 2031 2027; x_wconf 88' lang='lat' dir='ltr'><strong>plenitudini</strong></span> <span class='ocrx_word' id='word_1_376' title='bbox 2054 1970 2412 2028; x_wconf 81' lang='lat' dir='ltr'><strong>comparatur.</strong></span> <span class='ocrx_word' id='word_1_377' title='bbox 2436 1958 2564 2012; x_wconf 88' lang='lat' dir='ltr'><strong>Nam</strong></span> <span class='ocrx_word' id='word_1_378' title='bbox 2589 1960 2677 2023; x_wconf 86' lang='lat' dir='ltr'><strong>qui</strong></span> <span class='ocrx_word' id='word_1_379' title='bbox 2701 1958 2763 2012; x_wconf 86' lang='lat' dir='ltr'><strong>ad</strong></span> <span class='ocrx_word' id='word_1_380' title='bbox 2790 1960 2957 2013; x_wconf 81' lang='lat' dir='ltr'><strong>vicem</strong></span> <span class='ocrx_word' id='word_1_381' title='bbox 2982 1957 3075 2012; x_wconf 83' lang='lat' dir='ltr'><strong>Dei</strong></span> <span class='ocrx_word' id='word_1_382' title='bbox 3107 1957 3290 2025; x_wconf 70' lang='lat' dir='ltr'><strong>pigno-</strong></span> 
     </span>
    </p>
   </div>
   <div class='ocr_carea' id='block_1_49' title="bbox 1722 2047 3290 2117">
    <p class='ocr_par' dir='ltr' id='par_1_49' title="bbox 1722 2047 3290 2117">
     <span class='ocr_line' id='line_1_49' title="bbox 1722 2047 3290 2117; baseline -0.001 -15"><span class='ocrx_word' id='word_1_383' title='bbox 1722 2050 1793 2102; x_wconf 89' lang='lat' dir='ltr'><strong>ris</strong></span> <span class='ocrx_word' id='word_1_384' title='bbox 1834 2049 1949 2102; x_wconf 92' lang='lat' dir='ltr'><strong>loco</strong></span> <span class='ocrx_word' id='word_1_385' title='bbox 1992 2047 2263 2116; x_wconf 86' lang='lat' dir='ltr'><strong>tribuitur,</strong></span> <span class='ocrx_word' id='word_1_386' title='bbox 2307 2048 2384 2102; x_wconf 80' lang='lat' dir='ltr'><strong>Ias</strong></span> <span class='ocrx_word' id='word_1_387' title='bbox 2423 2064 2526 2102; x_wconf 92' lang='lat' dir='ltr'><strong>non</strong></span> <span class='ocrx_word' id='word_1_388' title='bbox 2556 2057 2659 2114; x_wconf 90' lang='lat' dir='ltr'><strong>est,</strong></span> <span class='ocrx_word' id='word_1_389' title='bbox 2688 2057 2744 2102; x_wconf 88' lang='lat' dir='ltr'><strong>ut</strong></span> <span class='ocrx_word' id='word_1_390' title='bbox 2781 2048 2922 2102; x_wconf 84' lang='lat' dir='ltr'><strong>aliud</strong></span> <span class='ocrx_word' id='word_1_391' title='bbox 2963 2065 3118 2117; x_wconf 87' lang='lat' dir='ltr'><strong>quam</strong></span> <span class='ocrx_word' id='word_1_392' title='bbox 3153 2048 3290 2101; x_wconf 74' lang='lat' dir='ltr'><strong>Deus</strong></span> 
     </span>
    </p>
   </div>
   <div class='ocr_carea' id='block_1_50' title="bbox 1719 2135 3286 2207">
    <p class='ocr_par' dir='ltr' id='par_1_50' title="bbox 1719 2135 3286 2207">
     <span class='ocr_line' id='line_1_50' title="bbox 1719 2135 3286 2207; baseline -0.002 -16"><span class='ocrx_word' id='word_1_393' title='bbox 1719 2152 1839 2192; x_wconf 87' lang='lat' dir='ltr'><strong>esse</strong></span> <span class='ocrx_word' id='word_1_394' title='bbox 1880 2137 2144 2191; x_wconf 88' lang='lat' dir='ltr'><strong>credatur.</strong></span> <span class='ocrx_word' id='word_1_395' title='bbox 2196 2138 2323 2192; x_wconf 90' lang='lat' dir='ltr'><strong>Item</strong></span> <span class='ocrx_word' id='word_1_396' title='bbox 2367 2138 2433 2191; x_wconf 89' lang='lat' dir='ltr'><strong>ad</strong></span> <span class='ocrx_word' id='word_1_397' title='bbox 2459 2135 2675 2191; x_wconf 85' lang='lat' dir='ltr'><strong>Titum:</strong></span> <span class='ocrx_word' id='word_1_398' title='bbox 2707 2137 2888 2192; x_wconf 87' lang='lat' dir='ltr'><strong>Salvos</strong></span> <span class='ocrx_word' id='word_1_399' title='bbox 2929 2155 3018 2190; x_wconf 85' lang='lat' dir='ltr'><strong>nos</strong></span> <span class='ocrx_word' id='word_1_400' title='bbox 3046 2138 3160 2207; x_wconf 78' lang='lat' dir='ltr'><strong>fecit</strong></span> <span class='ocrx_word' id='word_1_401' title='bbox 3197 2155 3286 2206; x_wconf 83' lang='lat' dir='ltr'><strong>per</strong></span> 
     </span>
    </p>
   </div>
   <div class='ocr_carea' id='block_1_51' title="bbox 1722 2227 3292 2297">
    <p class='ocr_par' dir='ltr' id='par_1_51' title="bbox 1722 2227 3292 2297">
     <span class='ocr_line' id='line_1_51' title="bbox 1722 2227 3292 2297; baseline -0.002 -17"><span class='ocrx_word' id='word_1_402' title='bbox 1722 2230 1978 2280; x_wconf 80' lang='lat' dir='ltr'><strong>lavacrum</strong></span> <span class='ocrx_word' id='word_1_403' title='bbox 2011 2229 2402 2296; x_wconf 84' lang='lat' dir='ltr'><strong>regenerationis</strong></span> <span class='ocrx_word' id='word_1_404' title='bbox 2428 2237 2474 2279; x_wconf 89' lang='lat' dir='ltr'><strong>et</strong></span> <span class='ocrx_word' id='word_1_405' title='bbox 2500 2228 2834 2280; x_wconf 86' lang='lat' dir='ltr'><strong>renovationis</strong></span> <span class='ocrx_word' id='word_1_406' title='bbox 2859 2227 3082 2297; x_wconf 81' lang='lat' dir='ltr'><strong>Spiritus</strong></span> <span class='ocrx_word' id='word_1_407' title='bbox 3107 2228 3292 2289; x_wconf 87' lang='lat' dir='ltr'><strong>sancti,</strong></span> 
     </span>
    </p>
   </div>
   <div class='ocr_carea' id='block_1_52' title="bbox 1721 2298 3279 2386">
    <p class='ocr_par' dir='ltr' id='par_1_52' title="bbox 1721 2298 3279 2386">
     <span class='ocr_line' id='line_1_52' title="bbox 1721 2298 3279 2386; baseline 0 -19"><span class='ocrx_word' id='word_1_408' title='bbox 1721 2331 1864 2382; x_wconf 85' lang='lat' dir='ltr'><strong>quem</strong></span> <span class='ocrx_word' id='word_1_409' title='bbox 1891 2316 2070 2383; x_wconf 76' lang='lat' dir='ltr'><strong>effudit</strong></span> <span class='ocrx_word' id='word_1_410' title='bbox 2100 2317 2153 2368; x_wconf 89' lang='lat' dir='ltr'><strong>in</strong></span> <span class='ocrx_word' id='word_1_411' title='bbox 2183 2332 2273 2368; x_wconf 89' lang='lat' dir='ltr'><strong>nos</strong></span> <span class='ocrx_word' id='word_1_412' title='bbox 2308 2317 2507 2371; x_wconf 85' lang='lat' dir='ltr'><strong>abunde</strong></span> <span class='ocrx_word' id='word_1_413' title='bbox 2545 2333 2632 2386; x_wconf 87' lang='lat' dir='ltr'><strong>per</strong></span> <span class='ocrx_word' id='word_1_414' title='bbox 2659 2313 2833 2369; x_wconf 81' lang='lat' dir='ltr'><strong>Iesum</strong></span> <span class='ocrx_word' id='word_1_415' title='bbox 2865 2298 3117 2370; x_wconf 81' lang='lat' dir='ltr'><strong>Christum</strong></span> <span class='ocrx_word' id='word_1_416' title='bbox 3151 2312 3279 2382; x_wconf 83' lang='lat' dir='ltr'><strong>(Tit.</strong></span> 
     </span>
    </p>
   </div>
   <div class='ocr_carea' id='block_1_53' title="bbox 1724 2406 3289 2478">
    <p class='ocr_par' dir='ltr' id='par_1_53' title="bbox 1724 2406 3289 2478">
     <span class='ocr_line' id='line_1_53' title="bbox 1724 2406 3289 2478; baseline 0 -20"><span class='ocrx_word' id='word_1_417' title='bbox 1724 2407 1823 2474; x_wconf 91' lang='grc' dir='ltr'>ιιι).</span> <span class='ocrx_word' id='word_1_418' title='bbox 1859 2406 1992 2461; x_wconf 87' lang='lat' dir='ltr'><strong>Ecce</strong></span> <span class='ocrx_word' id='word_1_419' title='bbox 2014 2408 2171 2461; x_wconf 89' lang='lat' dir='ltr'><strong>etiam</strong></span> <span class='ocrx_word' id='word_1_420' title='bbox 2201 2407 2284 2461; x_wconf 90' lang='lat' dir='ltr'><strong>hic</strong></span> <span class='ocrx_word' id='word_1_421' title='bbox 2310 2407 2409 2462; x_wconf 86' lang='lat' dir='ltr'><strong>snb</strong></span> <span class='ocrx_word' id='word_1_422' title='bbox 2433 2407 2689 2461; x_wconf 88' lang='lat' dir='ltr'><strong>Trinitate</strong></span> <span class='ocrx_word' id='word_1_423' title='bbox 2716 2407 2992 2460; x_wconf 78' lang='lat' dir='ltr'><strong>manifeste</strong></span> <span class='ocrx_word' id='word_1_424' title='bbox 3017 2407 3169 2461; x_wconf 85' lang='lat' dir='ltr'><strong>Pater</strong></span> <span class='ocrx_word' id='word_1_425' title='bbox 3197 2425 3289 2478; x_wconf 82' lang='lat' dir='ltr'><strong>per</strong></span> 
     </span>
    </p>
   </div>
   <div class='ocr_carea' id='block_1_54' title="bbox 1726 2497 3289 2567">
    <p class='ocr_par' dir='ltr' id='par_1_54' title="bbox 1726 2497 3289 2567">
     <span class='ocr_line' id='line_1_54' title="bbox 1726 2497 3289 2567; baseline 0.002 -18"><span class='ocrx_word' id='word_1_426' title='bbox 1726 2498 1911 2550; x_wconf 81' lang='lat' dir='ltr'><strong>Filium</strong></span> <span class='ocrx_word' id='word_1_427' title='bbox 1943 2498 2323 2551; x_wconf 89' lang='lat' dir='ltr'><strong>abundantiam</strong></span> <span class='ocrx_word' id='word_1_428' title='bbox 2353 2498 2584 2565; x_wconf 89' lang='lat' dir='ltr'><strong>Spiritus</strong></span> <span class='ocrx_word' id='word_1_429' title='bbox 2621 2497 2788 2552; x_wconf 91' lang='lat' dir='ltr'><strong>sancti</strong></span> <span class='ocrx_word' id='word_1_430' title='bbox 2820 2498 3020 2551; x_wconf 74' lang='lat' dir='ltr'><strong>effudit.</strong></span> <span class='ocrx_word' id='word_1_431' title='bbox 3058 2500 3120 2552; x_wconf 88' lang='lat' dir='ltr'><strong>Et</strong></span> <span class='ocrx_word' id='word_1_432' title='bbox 3150 2503 3289 2567; x_wconf 82' lang='lat' dir='ltr'><strong>quod</strong></span> 
     </span>
    </p>
   </div>
   <div class='ocr_carea' id='block_1_55' title="bbox 1725 2586 3290 2657">
    <p class='ocr_par' dir='ltr' id='par_1_55' title="bbox 1725 2586 3290 2657">
     <span class='ocr_line' id='line_1_55' title="bbox 1725 2586 3290 2657; baseline 0.001 -18"><span class='ocrx_word' id='word_1_433' title='bbox 1725 2586 1951 2640; x_wconf 80' lang='lat' dir='ltr'><strong>maxime</strong></span> <span class='ocrx_word' id='word_1_434' title='bbox 1973 2587 2355 2641; x_wconf 87' lang='lat' dir='ltr'><strong>advertendum</strong></span> <span class='ocrx_word' id='word_1_435' title='bbox 2381 2596 2483 2652; x_wconf 90' lang='lat' dir='ltr'><strong>est,</strong></span> <span class='ocrx_word' id='word_1_436' title='bbox 2514 2587 2612 2655; x_wconf 86' lang='lat' dir='ltr'><strong>ipsi</strong></span> <span class='ocrx_word' id='word_1_437' title='bbox 2644 2597 2828 2640; x_wconf 87' lang='lat' dir='ltr'><strong>sancto</strong></span> <span class='ocrx_word' id='word_1_438' title='bbox 2851 2586 3072 2655; x_wconf 88' lang='lat' dir='ltr'><strong>Spiritui</strong></span> <span class='ocrx_word' id='word_1_439' title='bbox 3107 2598 3290 2657; x_wconf 91' lang='lat' dir='ltr'><strong>poten-</strong></span> 
     </span>
    </p>
   </div>
   <div class='ocr_carea' id='block_1_56' title="bbox 1726 2678 3290 2747">
    <p class='ocr_par' dir='ltr' id='par_1_56' title="bbox 1726 2678 3290 2747">
     <span class='ocr_line' id='line_1_56' title="bbox 1726 2678 3290 2747; baseline 0.003 -18"><span class='ocrx_word' id='word_1_440' title='bbox 1726 2680 1848 2731; x_wconf 90' lang='lat' dir='ltr'><strong>tiam</strong></span> <span class='ocrx_word' id='word_1_441' title='bbox 1888 2679 2309 2747; x_wconf 82' lang='lat' dir='ltr'><strong>regenerationis</strong></span> <span class='ocrx_word' id='word_1_442' title='bbox 2338 2687 2389 2732; x_wconf 91' lang='lat' dir='ltr'><strong>et</strong></span> <span class='ocrx_word' id='word_1_443' title='bbox 2416 2679 2776 2733; x_wconf 85' lang='lat' dir='ltr'><strong>renovationis</strong></span> <span class='ocrx_word' id='word_1_444' title='bbox 2815 2678 3053 2733; x_wconf 78' lang='lat' dir='ltr'><strong>aSCt-ibit.</strong></span> <span class='ocrx_word' id='word_1_445' title='bbox 3107 2681 3290 2734; x_wconf 89' lang='lat' dir='ltr'><strong>Petrus</strong></span> 
     </span>
    </p>
   </div>
   <div class='ocr_carea' id='block_1_57' title="bbox 1725 2767 3290 2839">
    <p class='ocr_par' dir='ltr' id='par_1_57' title="bbox 1725 2767 3290 2839">
     <span class='ocr_line' id='line_1_57' title="bbox 1725 2767 3290 2839; baseline 0.003 -19"><span class='ocrx_word' id='word_1_446' title='bbox 1725 2784 1935 2836; x_wconf 86' lang='lat' dir='ltr'><strong>quoque</strong></span> <span class='ocrx_word' id='word_1_447' title='bbox 1960 2770 2008 2821; x_wconf 93' lang='lat' dir='ltr'><strong>in</strong></span> <span class='ocrx_word' id='word_1_448' title='bbox 2035 2769 2270 2837; x_wconf 86' lang='lat' dir='ltr'><strong>Epistola</strong></span> <span class='ocrx_word' id='word_1_449' title='bbox 2295 2784 2388 2839; x_wconf 87' lang='lat' dir='ltr'><strong>sua</strong></span> <span class='ocrx_word' id='word_1_450' title='bbox 2411 2767 2820 2836; x_wconf 89' lang='lat' dir='ltr'><strong>insttperabilem</strong></span> <span class='ocrx_word' id='word_1_451' title='bbox 2848 2771 3088 2835; x_wconf 89' lang='lat' dir='ltr'><strong>personis</strong></span> <span class='ocrx_word' id='word_1_452' title='bbox 3117 2772 3290 2838; x_wconf 87' lang='lat' dir='ltr'><strong>expli—</strong></span> 
     </span>
    </p>
   </div>
   <div class='ocr_carea' id='block_1_58' title="bbox 1725 2856 3291 2925">
    <p class='ocr_par' dir='ltr' id='par_1_58' title="bbox 1725 2856 3291 2925">
     <span class='ocr_line' id='line_1_58' title="bbox 1725 2856 3291 2925; baseline -0.002 -14"><span class='ocrx_word' id='word_1_453' title='bbox 1725 2856 2145 2922; x_wconf 79' lang='lat' dir='ltr'><strong>catTrittitatem</strong></span> <span class='ocrx_word' id='word_1_454' title='bbox 2191 2858 2375 2910; x_wconf 85' lang='lat' dir='ltr'><strong>dicens</strong></span> <span class='ocrx_word' id='word_1_455' title='bbox 2416 2875 2428 2908; x_wconf 92' lang='lat'>:</span> <span class='ocrx_word' id='word_1_456' title='bbox 2465 2856 2758 2912; x_wconf 80' lang='lat' dir='ltr'><strong>Secundum</strong></span> <span class='ocrx_word' id='word_1_457' title='bbox 2790 2859 3157 2925; x_wconf 68' lang='lat' dir='ltr'><strong>prazscienlt&#39;am</strong></span> <span class='ocrx_word' id='word_1_458' title='bbox 3200 2857 3291 2910; x_wconf 85' lang='lat' dir='ltr'><strong>Dei</strong></span> 
     </span>
    </p>
   </div>
   <div class='ocr_carea' id='block_1_59' title="bbox 1728 2947 3290 3016">
    <p class='ocr_par' dir='ltr' id='par_1_59' title="bbox 1728 2947 3290 3016">
     <span class='ocr_line' id='line_1_59' title="bbox 1728 2947 3290 3016; baseline 0.001 -15"><span class='ocrx_word' id='word_1_459' title='bbox 1728 2948 1904 3001; x_wconf 83' lang='lat' dir='ltr'><strong>Patris</strong></span> <span class='ocrx_word' id='word_1_460' title='bbox 1931 2959 1976 3002; x_wconf 87' lang='lat' dir='ltr'><strong>et</strong></span> <span class='ocrx_word' id='word_1_461' title='bbox 2011 2949 2467 3016; x_wconf 78' lang='lat' dir='ltr'><strong>sanctiﬁcationem</strong></span> <span class='ocrx_word' id='word_1_462' title='bbox 2495 2947 2748 3015; x_wconf 82' lang='lat' dir='ltr'><strong>Spiritus,</strong></span> <span class='ocrx_word' id='word_1_463' title='bbox 2778 2949 2828 2999; x_wconf 91' lang='lat' dir='ltr'><strong>in</strong></span> <span class='ocrx_word' id='word_1_464' title='bbox 2859 2949 3213 3014; x_wconf 85' lang='lat' dir='ltr'><strong>obedientiam,</strong></span> <span class='ocrx_word' id='word_1_465' title='bbox 3244 2960 3290 3002; x_wconf 85' lang='lat' dir='ltr'><strong>ct</strong></span> 
     </span>
    </p>
   </div>
   <div class='ocr_carea' id='block_1_60' title="bbox 1726 3039 3290 3110">
    <p class='ocr_par' dir='ltr' id='par_1_60' title="bbox 1726 3039 3290 3110">
     <span class='ocr_line' id='line_1_60' title="bbox 1726 3039 3290 3110; baseline 0 -17"><span class='ocrx_word' id='word_1_466' title='bbox 1726 3041 2066 3110; x_wconf 86' lang='lat' dir='ltr'><strong>aspersionem</strong></span> <span class='ocrx_word' id='word_1_467' title='bbox 2091 3041 2352 3109; x_wconf 85' lang='lat' dir='ltr'><strong>sanguinis</strong></span> <span class='ocrx_word' id='word_1_468' title='bbox 2374 3039 2497 3093; x_wconf 89' lang='lat' dir='ltr'><strong>Iesu</strong></span> <span class='ocrx_word' id='word_1_469' title='bbox 2519 3039 2723 3100; x_wconf 83' lang='lat' dir='ltr'><strong>Christi,</strong></span> <span class='ocrx_word' id='word_1_470' title='bbox 2760 3040 2925 3109; x_wconf 86' lang='lat' dir='ltr'><strong>gratia</strong></span> <span class='ocrx_word' id='word_1_471' title='bbox 2953 3039 3086 3093; x_wconf 90' lang='lat' dir='ltr'><strong>vobis</strong></span> <span class='ocrx_word' id='word_1_472' title='bbox 3116 3050 3158 3092; x_wconf 83' lang='lat' dir='ltr'><strong>et</strong></span> <span class='ocrx_word' id='word_1_473' title='bbox 3189 3059 3290 3108; x_wconf 65' lang='lat' dir='ltr'><strong>pax:</strong></span> 
     </span>
    </p>
   </div>
   <div class='ocr_carea' id='block_1_61' title="bbox 103 3127 3289 3202">
    <p class='ocr_par' dir='ltr' id='par_1_61' title="bbox 103 3127 3289 3202">
     <span class='ocr_line' id='line_1_61' title="bbox 103 3127 3289 3202; baseline 0.002 -24"><span class='ocrx_word' id='word_1_474' title='bbox 103 3131 261 3182; x_wconf 76' lang='lat' dir='ltr'><strong>habitat</strong></span> <span class='ocrx_word' id='word_1_475' title='bbox 294 3134 344 3185; x_wconf 85' lang='lat' dir='ltr'><strong>in</strong></span> <span class='ocrx_word' id='word_1_476' title='bbox 388 3133 546 3185; x_wconf 81' lang='lat' dir='ltr'><strong>vobis.</strong></span> <span class='ocrx_word' id='word_1_477' title='bbox 594 3131 654 3186; x_wconf 91' lang='lat' dir='ltr'><strong>Si</strong></span> <span class='ocrx_word' id='word_1_478' title='bbox 689 3133 798 3200; x_wconf 84' lang='lat' dir='ltr'><strong>quis</strong></span> <span class='ocrx_word' id='word_1_479' title='bbox 840 3141 1006 3185; x_wconf 88' lang='lat' dir='ltr'><strong>autem</strong></span> <span class='ocrx_word' id='word_1_480' title='bbox 1038 3132 1284 3198; x_wconf 83' lang='lat' dir='ltr'><strong>Spiritum</strong></span> <span class='ocrx_word' id='word_1_481' title='bbox 1311 3132 1497 3186; x_wconf 84' lang='lat' dir='ltr'><strong>Christi</strong></span> <span class='ocrx_word' id='word_1_482' title='bbox 1523 3151 1619 3187; x_wconf 90' lang='lat' dir='ltr'><strong>non</strong></span> <span class='ocrx_word' id='word_1_483' title='bbox 1647 3127 1693 3190; x_wconf 91' lang='lat' dir='ltr'><strong>C</strong></span> <span class='ocrx_word' id='word_1_484' title='bbox 1725 3130 2084 3202; x_wconf 82' lang='lat' dir='ltr'><strong>multiplicetur</strong></span> <span class='ocrx_word' id='word_1_485' title='bbox 2118 3128 2170 3202; x_wconf 91' lang='lat' dir='ltr'><strong>(I</strong></span> <span class='ocrx_word' id='word_1_486' title='bbox 2196 3130 2337 3186; x_wconf 89' lang='lat' dir='ltr'><strong>Petr.</strong></span> <span class='ocrx_word' id='word_1_487' title='bbox 2373 3130 2430 3199; x_wconf 93' lang='lat' dir='ltr'><strong>t).</strong></span> <span class='ocrx_word' id='word_1_488' title='bbox 2481 3131 2536 3186; x_wconf 88' lang='lat' dir='ltr'><strong>Itt</strong></span> <span class='ocrx_word' id='word_1_489' title='bbox 2566 3131 2894 3200; x_wconf 64' lang='lat' dir='ltr'><strong>praescieutia</strong></span> <span class='ocrx_word' id='word_1_490' title='bbox 2922 3130 3099 3198; x_wconf 78' lang='lat' dir='ltr'><strong>Pater,</strong></span> <span class='ocrx_word' id='word_1_491' title='bbox 3144 3141 3197 3185; x_wconf 92' lang='lat' dir='ltr'><strong>et</strong></span> <span class='ocrx_word' id='word_1_492' title='bbox 3236 3133 3289 3186; x_wconf 88' lang='lat' dir='ltr'><strong>in</strong></span> 
     </span>
    </p>
   </div>
   <div class='ocr_carea' id='block_1_62' title="bbox 104 3219 1624 3292">
    <p class='ocr_par' dir='ltr' id='par_1_62' title="bbox 104 3219 1624 3292">
     <span class='ocr_line' id='line_1_62' title="bbox 104 3219 1624 3292; baseline 0.004 -20"><span class='ocrx_word' id='word_1_493' title='bbox 104 3219 240 3284; x_wconf 70' lang='lat' dir='ltr'><strong>habet,</strong></span> <span class='ocrx_word' id='word_1_494' title='bbox 260 3221 336 3275; x_wconf 79' lang='lat' dir='ltr'><strong>hic</strong></span> <span class='ocrx_word' id='word_1_495' title='bbox 365 3239 469 3276; x_wconf 83' lang='lat' dir='ltr'><strong>non</strong></span> <span class='ocrx_word' id='word_1_496' title='bbox 497 3232 570 3276; x_wconf 87' lang='lat' dir='ltr'><strong>est</strong></span> <span class='ocrx_word' id='word_1_497' title='bbox 597 3225 728 3290; x_wconf 77' lang='lat' dir='ltr'><strong>eius.</strong></span> <span class='ocrx_word' id='word_1_498' title='bbox 766 3223 895 3275; x_wconf 86' lang='lat' dir='ltr'><strong>Dum</strong></span> <span class='ocrx_word' id='word_1_499' title='bbox 926 3221 1052 3276; x_wconf 88' lang='lat' dir='ltr'><strong>dicit</strong></span> <span class='ocrx_word' id='word_1_500' title='bbox 1077 3222 1320 3292; x_wconf 84' lang='lat' dir='ltr'><strong>Spiritum</strong></span> <span class='ocrx_word' id='word_1_501' title='bbox 1347 3220 1458 3288; x_wconf 88' lang='lat' dir='ltr'><strong>Dei,</strong></span> <span class='ocrx_word' id='word_1_502' title='bbox 1489 3232 1542 3277; x_wconf 91' lang='lat' dir='ltr'><strong>ct</strong></span> <span class='ocrx_word' id='word_1_503' title='bbox 1572 3225 1624 3278; x_wconf 91' lang='lat' dir='ltr'><strong>in</strong></span> 
     </span>
    </p>
   </div>
   <div class='ocr_carea' id='block_1_63' title="bbox 108 3313 1623 3383">
    <p class='ocr_par' dir='ltr' id='par_1_63' title="bbox 108 3313 1623 3383">
     <span class='ocr_line' id='line_1_63' title="bbox 108 3313 1623 3383; baseline 0.005 -20"><span class='ocrx_word' id='word_1_504' title='bbox 108 3322 426 3380; x_wconf 82' lang='lat' dir='ltr'><strong>consequente</strong></span> <span class='ocrx_word' id='word_1_505' title='bbox 456 3313 708 3382; x_wconf 86' lang='lat' dir='ltr'><strong>Spiritum</strong></span> <span class='ocrx_word' id='word_1_506' title='bbox 738 3313 955 3378; x_wconf 85' lang='lat' dir='ltr'><strong>Christi,</strong></span> <span class='ocrx_word' id='word_1_507' title='bbox 987 3314 1198 3367; x_wconf 82' lang='lat' dir='ltr'><strong>adverte</strong></span> <span class='ocrx_word' id='word_1_508' title='bbox 1227 3315 1346 3380; x_wconf 86' lang='lat' dir='ltr'><strong>quia</strong></span> <span class='ocrx_word' id='word_1_509' title='bbox 1379 3314 1464 3368; x_wconf 91' lang='lat' dir='ltr'><strong>ltic</strong></span> <span class='ocrx_word' id='word_1_510' title='bbox 1503 3330 1623 3383; x_wconf 81' lang='lat' dir='ltr'><strong>per-</strong></span> 
     </span>
    </p>
   </div>
   <div class='ocr_carea' id='block_1_64' title="bbox 109 3402 1625 3473">
    <p class='ocr_par' dir='ltr' id='par_1_64' title="bbox 109 3402 1625 3473">
     <span class='ocr_line' id='line_1_64' title="bbox 109 3402 1625 3473; baseline 0.007 -23"><span class='ocrx_word' id='word_1_511' title='bbox 109 3415 259 3456; x_wconf 81' lang='lat' dir='ltr'><strong>sonam</strong></span> <span class='ocrx_word' id='word_1_512' title='bbox 284 3402 480 3457; x_wconf 87' lang='lat' dir='ltr'><strong>Christi</strong></span> <span class='ocrx_word' id='word_1_513' title='bbox 513 3404 614 3457; x_wconf 88' lang='lat' dir='ltr'><strong>sub</strong></span> <span class='ocrx_word' id='word_1_514' title='bbox 643 3405 732 3458; x_wconf 90' lang='lat' dir='ltr'><strong>Dei</strong></span> <span class='ocrx_word' id='word_1_515' title='bbox 772 3404 1122 3472; x_wconf 88' lang='lat' dir='ltr'><strong>appellatione</strong></span> <span class='ocrx_word' id='word_1_516' title='bbox 1151 3405 1406 3473; x_wconf 82' lang='lat' dir='ltr'><strong>designat.</strong></span> <span class='ocrx_word' id='word_1_517' title='bbox 1451 3406 1551 3459; x_wconf 86' lang='lat' dir='ltr'><strong>Aut</strong></span> <span class='ocrx_word' id='word_1_518' title='bbox 1581 3408 1625 3461; x_wconf 85' lang='lat' dir='ltr'><strong>si</strong></span> 
     </span>
    </p>
   </div>
   <div class='ocr_carea' id='block_1_65' title="bbox 112 3491 1627 3564">
    <p class='ocr_par' dir='ltr' id='par_1_65' title="bbox 112 3491 1627 3564">
     <span class='ocr_line' id='line_1_65' title="bbox 112 3491 1627 3564; baseline 0.006 -21"><span class='ocrx_word' id='word_1_519' title='bbox 112 3491 178 3544; x_wconf 89' lang='lat' dir='ltr'><strong>hic</strong></span> <span class='ocrx_word' id='word_1_520' title='bbox 204 3492 395 3548; x_wconf 68' lang='lat' dir='ltr'><strong>Patrem</strong></span> <span class='ocrx_word' id='word_1_521' title='bbox 425 3496 580 3564; x_wconf 85' lang='lat' dir='ltr'><strong>cujus</strong></span> <span class='ocrx_word' id='word_1_522' title='bbox 604 3495 835 3562; x_wconf 87' lang='lat' dir='ltr'><strong>Spiritus</strong></span> <span class='ocrx_word' id='word_1_523' title='bbox 863 3494 960 3558; x_wconf 87' lang='lat' dir='ltr'><strong>sit,</strong></span> <span class='ocrx_word' id='word_1_524' title='bbox 992 3493 1089 3546; x_wconf 91' lang='lat' dir='ltr'><strong>sub</strong></span> <span class='ocrx_word' id='word_1_525' title='bbox 1121 3494 1207 3547; x_wconf 89' lang='lat' dir='ltr'><strong>Dei</strong></span> <span class='ocrx_word' id='word_1_526' title='bbox 1241 3498 1627 3564; x_wconf 88' lang='lat' dir='ltr'><strong>nuncupatione</strong></span> 
     </span>
    </p>
   </div>
   <div class='ocr_carea' id='block_1_66' title="bbox 109 3583 1624 3655">
    <p class='ocr_par' dir='ltr' id='par_1_66' title="bbox 109 3583 1624 3655">
     <span class='ocr_line' id='line_1_66' title="bbox 109 3583 1624 3655; baseline 0.007 -24"><span class='ocrx_word' id='word_1_527' title='bbox 109 3584 366 3651; x_wconf 74' lang='lat' dir='ltr'><strong>signiﬁcat,</strong></span> <span class='ocrx_word' id='word_1_528' title='bbox 414 3601 542 3640; x_wconf 87' lang='lat' dir='ltr'><strong>ecce</strong></span> <span class='ocrx_word' id='word_1_529' title='bbox 585 3586 668 3638; x_wconf 90' lang='lat' dir='ltr'><strong>hic</strong></span> <span class='ocrx_word' id='word_1_530' title='bbox 705 3583 934 3654; x_wconf 86' lang='lat' dir='ltr'><strong>Spiritus</strong></span> <span class='ocrx_word' id='word_1_531' title='bbox 981 3595 1190 3640; x_wconf 89' lang='lat' dir='ltr'><strong>sanctus</strong></span> <span class='ocrx_word' id='word_1_532' title='bbox 1238 3602 1328 3655; x_wconf 88' lang='lat' dir='ltr'><strong>per</strong></span> <span class='ocrx_word' id='word_1_533' title='bbox 1375 3589 1624 3642; x_wconf 91' lang='lat' dir='ltr'><strong>unitatem</strong></span> 
     </span>
    </p>
   </div>
   <div class='ocr_carea' id='block_1_67' title="bbox 110 3672 1622 3746">
    <p class='ocr_par' dir='ltr' id='par_1_67' title="bbox 110 3672 1622 3746">
     <span class='ocr_line' id='line_1_67' title="bbox 110 3672 1622 3746; baseline 0.008 -27"><span class='ocrx_word' id='word_1_534' title='bbox 110 3672 395 3738; x_wconf 65' lang='lat' dir='ltr'><strong>substantiae,</strong></span> <span class='ocrx_word' id='word_1_535' title='bbox 419 3685 473 3734; x_wconf 88' lang='lat' dir='ltr'><strong>et</strong></span> <span class='ocrx_word' id='word_1_536' title='bbox 501 3674 692 3739; x_wconf 72' lang='lat' dir='ltr'><strong>Patris,</strong></span> <span class='ocrx_word' id='word_1_537' title='bbox 714 3685 766 3728; x_wconf 89' lang='lat' dir='ltr'><strong>et</strong></span> <span class='ocrx_word' id='word_1_538' title='bbox 789 3675 901 3728; x_wconf 79' lang='lat' dir='ltr'><strong>Filii</strong></span> <span class='ocrx_word' id='word_1_539' title='bbox 925 3689 1041 3728; x_wconf 86' lang='lat' dir='ltr'><strong>esse</strong></span> <span class='ocrx_word' id='word_1_540' title='bbox 1064 3674 1286 3742; x_wconf 90' lang='lat' dir='ltr'><strong>Spiritus</strong></span> <span class='ocrx_word' id='word_1_541' title='bbox 1309 3676 1622 3746; x_wconf 82' lang='lat' dir='ltr'><strong>declaratur,</strong></span> 
     </span>
    </p>
   </div>
   <div class='ocr_carea' id='block_1_68' title="bbox 110 3766 1634 3835">
    <p class='ocr_par' dir='ltr' id='par_1_68' title="bbox 110 3766 1634 3835">
     <span class='ocr_line' id='line_1_68' title="bbox 110 3766 1634 3835; baseline 0.009 -25"><span class='ocrx_word' id='word_1_542' title='bbox 110 3771 152 3812; x_wconf 84' lang='lat' dir='ltr'><strong>et</strong></span> <span class='ocrx_word' id='word_1_543' title='bbox 184 3767 352 3817; x_wconf 86' lang='lat' dir='ltr'><strong>merito</strong></span> <span class='ocrx_word' id='word_1_544' title='bbox 394 3766 686 3833; x_wconf 83' lang='lat' dir='ltr'><strong>procedere</strong></span> <span class='ocrx_word' id='word_1_545' title='bbox 731 3782 794 3818; x_wconf 87' lang='lat' dir='ltr'><strong>ex</strong></span> <span class='ocrx_word' id='word_1_546' title='bbox 844 3777 1063 3834; x_wconf 90' lang='lat' dir='ltr'><strong>utroque</strong></span> <span class='ocrx_word' id='word_1_547' title='bbox 1096 3767 1437 3835; x_wconf 84' lang='lat' dir='ltr'><strong>dignoscitur.</strong></span> <span class='ocrx_word' id='word_1_548' title='bbox 1485 3779 1538 3823; x_wconf 88' lang='lat' dir='ltr'><strong>et</strong></span> <span class='ocrx_word' id='word_1_549' title='bbox 1574 3769 1634 3824; x_wconf 89' lang='lat' dir='ltr'><strong>in</strong></span> 
     </span>
    </p>
   </div>
   <div class='ocr_carea' id='block_1_69' title="bbox 111 3840 1629 3927">
    <p class='ocr_par' dir='ltr' id='par_1_69' title="bbox 111 3840 1629 3927">
     <span class='ocr_line' id='line_1_69' title="bbox 111 3840 1629 3927; baseline 0.009 -28"><span class='ocrx_word' id='word_1_550' title='bbox 111 3852 178 3903; x_wconf 76' lang='lat' dir='ltr'><strong>vin</strong></span> <span class='ocrx_word' id='word_1_551' title='bbox 207 3855 284 3907; x_wconf 88' lang='lat' dir='ltr'><strong>ulo</strong></span> <span class='ocrx_word' id='word_1_552' title='bbox 315 3855 586 3909; x_wconf 73' lang='lat' dir='ltr'><strong>Trinitatis</strong></span> <span class='ocrx_word' id='word_1_553' title='bbox 627 3857 924 3908; x_wconf 87' lang='lat' dir='ltr'><strong>distinctam</strong></span> <span class='ocrx_word' id='word_1_554' title='bbox 970 3855 1163 3911; x_wconf 88' lang='lat' dir='ltr'><strong>habere</strong></span> <span class='ocrx_word' id='word_1_555' title='bbox 1206 3873 1477 3924; x_wconf 87' lang='lat' dir='ltr'><strong>personam</strong></span> <span class='ocrx_word' id='word_1_556' title='bbox 1512 3840 1629 3927; x_wconf 44' lang='lat' dir='ltr'><strong>per;</strong></span> 
     </span>
    </p>
   </div>
   <div class='ocr_carea' id='block_1_70' title="bbox 112 3941 1629 4013">
    <p class='ocr_par' dir='ltr' id='par_1_70' title="bbox 112 3941 1629 4013">
     <span class='ocr_line' id='line_1_70' title="bbox 112 3941 1629 4013; baseline 0.009 -24"><span class='ocrx_word' id='word_1_557' title='bbox 112 3941 317 4004; x_wconf 73' lang='lat' dir='ltr'><strong>spicitur,</strong></span> <span class='ocrx_word' id='word_1_558' title='bbox 358 3955 413 3998; x_wconf 88' lang='lat' dir='ltr'><strong>et</strong></span> <span class='ocrx_word' id='word_1_559' title='bbox 452 3945 542 4013; x_wconf 85' lang='lat' dir='ltr'><strong>qui</strong></span> <span class='ocrx_word' id='word_1_560' title='bbox 585 3944 837 4009; x_wconf 88' lang='lat' dir='ltr'><strong>Spiritum</strong></span> <span class='ocrx_word' id='word_1_561' title='bbox 883 3954 1121 3997; x_wconf 88' lang='lat' dir='ltr'><strong>sanctum</strong></span> <span class='ocrx_word' id='word_1_562' title='bbox 1168 3960 1269 3998; x_wconf 92' lang='lat' dir='ltr'><strong>nou</strong></span> <span class='ocrx_word' id='word_1_563' title='bbox 1317 3948 1499 4013; x_wconf 86' lang='lat' dir='ltr'><strong>habet,</strong></span> <span class='ocrx_word' id='word_1_564' title='bbox 1531 3963 1629 4003; x_wconf 85' lang='lat' dir='ltr'><strong>nec</strong></span> 
     </span>
    </p>
   </div>
   <div class='ocr_carea' id='block_1_71' title="bbox 111 4033 1628 4106">
    <p class='ocr_par' dir='ltr' id='par_1_71' title="bbox 111 4033 1628 4106">
     <span class='ocr_line' id='line_1_71' title="bbox 111 4033 1628 4106; baseline 0.008 -26"><span class='ocrx_word' id='word_1_565' title='bbox 111 4033 338 4088; x_wconf 79' lang='lat' dir='ltr'><strong>thr&#39;tstunt</strong></span> <span class='ocrx_word' id='word_1_566' title='bbox 364 4037 560 4090; x_wconf 88' lang='lat' dir='ltr'><strong>habere</strong></span> <span class='ocrx_word' id='word_1_567' title='bbox 583 4044 924 4089; x_wconf 88' lang='lat' dir='ltr'><strong>monstratur.</strong></span> <span class='ocrx_word' id='word_1_568' title='bbox 950 4036 1087 4090; x_wconf 90' lang='lat' dir='ltr'><strong>Deus</strong></span> <span class='ocrx_word' id='word_1_569' title='bbox 1111 4036 1282 4104; x_wconf 86' lang='lat' dir='ltr'><strong>itaque</strong></span> <span class='ocrx_word' id='word_1_570' title='bbox 1304 4047 1383 4091; x_wconf 89' lang='lat' dir='ltr'><strong>est</strong></span> <span class='ocrx_word' id='word_1_571' title='bbox 1403 4038 1628 4106; x_wconf 87' lang='lat' dir='ltr'><strong>Spiritus</strong></span> 
     </span>
    </p>
   </div>
   <div class='ocr_carea' id='block_1_72' title="bbox 114 4124 1644 4196">
    <p class='ocr_par' dir='ltr' id='par_1_72' title="bbox 114 4124 1644 4196">
     <span class='ocr_line' id='line_1_72' title="bbox 114 4124 1644 4196; baseline 0.008 -26"><span class='ocrx_word' id='word_1_572' title='bbox 114 4133 320 4186; x_wconf 83' lang='lat' dir='ltr'><strong>sanctus,</strong></span> <span class='ocrx_word' id='word_1_573' title='bbox 363 4124 698 4194; x_wconf 67' lang='lat' dir='ltr'><strong>quo&#39;ttegato</strong></span> <span class='ocrx_word' id='word_1_574' title='bbox 732 4135 949 4192; x_wconf 82' lang='lat' dir='ltr'><strong>negatur</strong></span> <span class='ocrx_word' id='word_1_575' title='bbox 979 4135 1031 4178; x_wconf 92' lang='lat' dir='ltr'><strong>et</strong></span> <span class='ocrx_word' id='word_1_576' title='bbox 1055 4126 1293 4180; x_wconf 84' lang='lat' dir='ltr'><strong>Christus</strong></span> <span class='ocrx_word' id='word_1_577' title='bbox 1333 4129 1419 4196; x_wconf 91' lang='lat' dir='ltr'><strong>qui</strong></span> <span class='ocrx_word' id='word_1_578' title='bbox 1456 4129 1586 4183; x_wconf 81' lang='lat' dir='ltr'><strong>dixit</strong></span> <span class='ocrx_word' id='word_1_579' title='bbox 1610 4136 1644 4187; x_wconf 73' lang='grc' dir='ltr'><strong>ε’</strong></span> 
     </span>
    </p>
   </div>
   <div class='ocr_carea' id='block_1_73' title="bbox 116 4207 1628 4283">
    <p class='ocr_par' dir='ltr' id='par_1_73' title="bbox 116 4207 1628 4283">
     <span class='ocr_line' id='line_1_73' title="bbox 116 4207 1628 4283; baseline 0.009 -23"><span class='ocrx_word' id='word_1_580' title='bbox 116 4207 251 4263; x_wconf 62' lang='lat' dir='ltr'><strong>Nemo</strong></span> <span class='ocrx_word' id='word_1_581' title='bbox 276 4215 402 4266; x_wconf 81' lang='lat' dir='ltr'><strong>venit</strong></span> <span class='ocrx_word' id='word_1_582' title='bbox 426 4215 491 4266; x_wconf 90' lang='lat' dir='ltr'><strong>ad</strong></span> <span class='ocrx_word' id='word_1_583' title='bbox 519 4212 721 4264; x_wconf 77' lang='lat' dir='ltr'><strong>Patrem</strong></span> <span class='ocrx_word' id='word_1_584' title='bbox 749 4214 846 4266; x_wconf 75' lang='lat' dir='ltr'><strong>n&#39;si</strong></span> <span class='ocrx_word' id='word_1_585' title='bbox 870 4230 953 4280; x_wconf 85' lang='lat' dir='ltr'><strong>per</strong></span> <span class='ocrx_word' id='word_1_586' title='bbox 975 4229 1069 4265; x_wconf 84' lang='lat' dir='ltr'><strong>me.</strong></span> <span class='ocrx_word' id='word_1_587' title='bbox 1092 4215 1189 4279; x_wconf 81' lang='lat' dir='ltr'><strong>Qui</strong></span> <span class='ocrx_word' id='word_1_588' title='bbox 1218 4214 1418 4283; x_wconf 85' lang='lat' dir='ltr'><strong>Spiritu</strong></span> <span class='ocrx_word' id='word_1_589' title='bbox 1443 4230 1628 4274; x_wconf 86' lang='lat' dir='ltr'><strong>sancto</strong></span> 
     </span>
    </p>
   </div>
   <div class='ocr_carea' id='block_1_74' title="bbox 115 4305 1630 4380">
    <p class='ocr_par' dir='ltr' id='par_1_74' title="bbox 115 4305 1630 4380">
     <span class='ocr_line' id='line_1_74' title="bbox 115 4305 1630 4380; baseline 0.008 -29"><span class='ocrx_word' id='word_1_590' title='bbox 115 4313 278 4357; x_wconf 75' lang='lat' dir='ltr'><strong>vacuus</strong></span> <span class='ocrx_word' id='word_1_591' title='bbox 305 4316 404 4368; x_wconf 89' lang='lat' dir='ltr'><strong>cst,</strong></span> <span class='ocrx_word' id='word_1_592' title='bbox 431 4305 626 4358; x_wconf 84' lang='lat' dir='ltr'><strong>Christi</strong></span> <span class='ocrx_word' id='word_1_593' title='bbox 653 4319 758 4379; x_wconf 78' lang='lat' dir='ltr'><strong>non</strong></span> <span class='ocrx_word' id='word_1_594' title='bbox 786 4315 885 4369; x_wconf 89' lang='lat' dir='ltr'><strong>est,</strong></span> <span class='ocrx_word' id='word_1_595' title='bbox 915 4314 968 4359; x_wconf 90' lang='lat' dir='ltr'><strong>et</strong></span> <span class='ocrx_word' id='word_1_596' title='bbox 996 4305 1168 4374; x_wconf 87' lang='lat' dir='ltr'><strong>perdit</strong></span> <span class='ocrx_word' id='word_1_597' title='bbox 1197 4307 1357 4374; x_wconf 86' lang='lat' dir='ltr'><strong>viam,</strong></span> <span class='ocrx_word' id='word_1_598' title='bbox 1381 4325 1482 4376; x_wconf 89' lang='lat' dir='ltr'><strong>qua</strong></span> <span class='ocrx_word' id='word_1_599' title='bbox 1511 4326 1630 4380; x_wconf 87' lang='lat' dir='ltr'><strong>per-</strong></span> 
     </span>
    </p>
   </div>
   <div class='ocr_carea' id='block_1_75' title="bbox 115 4391 1021 4450">
    <p class='ocr_par' dir='ltr' id='par_1_75' title="bbox 115 4391 1021 4450">
     <span class='ocr_line' id='line_1_75' title="bbox 115 4391 1021 4450; baseline 0.007 -9"><span class='ocrx_word' id='word_1_600' title='bbox 115 4391 292 4447; x_wconf 75' lang='lat' dir='ltr'><strong>venitur</strong></span> <span class='ocrx_word' id='word_1_601' title='bbox 318 4395 381 4449; x_wconf 91' lang='lat' dir='ltr'><strong>ad</strong></span> <span class='ocrx_word' id='word_1_602' title='bbox 411 4395 500 4450; x_wconf 84' lang='lat' dir='ltr'><strong>Pat</strong></span> <span class='ocrx_word' id='word_1_603' title='bbox 524 4399 564 4438; x_wconf 69' lang='grc' dir='ltr'>ιε’</span> <span class='ocrx_word' id='word_1_604' title='bbox 613 4431 616 4433; x_wconf 90' lang='grc'><strong><em>-</em></strong></span> <span class='ocrx_word' id='word_1_605' title='bbox 663 4402 665 4404; x_wconf 76' lang='grc'><strong><em>’</em></strong></span> <span class='ocrx_word' id='word_1_606' title='bbox 1013 4410 1021 4415; x_wconf 84' lang='grc'>·</span> 
     </span>
    </p>
   </div>
   <div class='ocr_carea' id='block_1_76' title="bbox 679 4531 1036 4588">
    <p class='ocr_par' dir='ltr' id='par_1_76' title="bbox 679 4531 1036 4588">
     <span class='ocr_line' id='line_1_76' title="bbox 679 4531 1036 4588; baseline 0.003 -3"><span class='ocrx_word' id='word_1_607' title='bbox 679 4531 898 4587; x_wconf 81' lang='lat' dir='ltr'><strong>CAPUT</strong></span> <span class='ocrx_word' id='word_1_608' title='bbox 947 4533 1036 4588; x_wconf 78' lang='lat' dir='ltr'><strong>XI.</strong></span> 
     </span>
    </p>
   </div>
   <div class='ocr_carea' id='block_1_77' title="bbox 251 4622 1465 4692">
    <p class='ocr_par' dir='ltr' id='par_1_77' title="bbox 251 4622 1465 4692">
     <span class='ocr_line' id='line_1_77' title="bbox 251 4622 1465 4692; baseline 0.007 -18"><span class='ocrx_word' id='word_1_609' title='bbox 251 4622 337 4676; x_wconf 86' lang='lat' dir='ltr'><strong>Dei</strong></span> <span class='ocrx_word' id='word_1_610' title='bbox 365 4626 626 4691; x_wconf 85' lang='lat' dir='ltr'><strong>proprium</strong></span> <span class='ocrx_word' id='word_1_611' title='bbox 653 4640 758 4677; x_wconf 86' lang='lat' dir='ltr'><strong>esse</strong></span> <span class='ocrx_word' id='word_1_612' title='bbox 785 4633 838 4676; x_wconf 88' lang='lat' dir='ltr'><strong>ut</strong></span> <span class='ocrx_word' id='word_1_613' title='bbox 869 4625 1140 4692; x_wconf 80' lang='lat' dir='ltr'><strong>sanctiﬁcet</strong></span> <span class='ocrx_word' id='word_1_614' title='bbox 1166 4636 1465 4682; x_wconf 66' lang='lat' dir='ltr'><strong>creatusaut.</strong></span> 
     </span>
    </p>
   </div>
   <div class='ocr_carea' id='block_1_78' title="bbox 173 4719 1632 4807">
    <p class='ocr_par' dir='ltr' id='par_1_78' title="bbox 173 4719 1632 4807">
     <span class='ocr_line' id='line_1_78' title="bbox 173 4719 1632 4807; baseline 0.006 -24"><span class='ocrx_word' id='word_1_615' title='bbox 173 4732 238 4784; x_wconf 82' lang='lat' dir='ltr'><strong>Ad</strong></span> <span class='ocrx_word' id='word_1_616' title='bbox 252 4731 548 4788; x_wconf 89' lang='lat' dir='ltr'><strong>Corinthios</strong></span> <span class='ocrx_word' id='word_1_617' title='bbox 569 4733 732 4798; x_wconf 91' lang='lat' dir='ltr'><strong>prima</strong></span> <span class='ocrx_word' id='word_1_618' title='bbox 753 4731 1006 4801; x_wconf 86' lang='lat' dir='ltr'><strong>Epistula.</strong></span> <span class='ocrx_word' id='word_1_619' title='bbox 1032 4733 1093 4786; x_wconf 80' lang='lat' dir='ltr'><strong>Et</strong></span> <span class='ocrx_word' id='word_1_620' title='bbox 1111 4735 1217 4788; x_wconf 79' lang='lat' dir='ltr'><strong>hcce</strong></span> <span class='ocrx_word' id='word_1_621' title='bbox 1231 4719 1632 4807; x_wconf 65' lang='lat' dir='ltr'><strong>quidemfuistis,</strong></span> 
     </span>
    </p>
   </div>
   <div class='ocr_carea' id='block_1_79' title="bbox 118 4821 1638 4894">
    <p class='ocr_par' dir='ltr' id='par_1_79' title="bbox 118 4821 1638 4894">
     <span class='ocr_line' id='line_1_79' title="bbox 118 4821 1638 4894; baseline 0.005 -22"><span class='ocrx_word' id='word_1_622' title='bbox 118 4821 188 4872; x_wconf 80' lang='lat' dir='ltr'><strong>sed</strong></span> <span class='ocrx_word' id='word_1_623' title='bbox 205 4823 346 4875; x_wconf 84' lang='lat' dir='ltr'><strong>abluti</strong></span> <span class='ocrx_word' id='word_1_624' title='bbox 370 4824 505 4884; x_wconf 85' lang='lat' dir='ltr'><strong>estis,</strong></span> <span class='ocrx_word' id='word_1_625' title='bbox 521 4823 879 4890; x_wconf 77' lang='lat' dir='ltr'><strong>sedjustiﬁcati</strong></span> <span class='ocrx_word' id='word_1_626' title='bbox 904 4822 1020 4875; x_wconf 74' lang='lat' dir='ltr'><strong>estis</strong></span> <span class='ocrx_word' id='word_1_627' title='bbox 1038 4825 1089 4876; x_wconf 89' lang='lat' dir='ltr'><strong>in</strong></span> <span class='ocrx_word' id='word_1_628' title='bbox 1110 4829 1309 4878; x_wconf 75' lang='lat' dir='ltr'><strong>nonsine</strong></span> <span class='ocrx_word' id='word_1_629' title='bbox 1322 4827 1520 4884; x_wconf 83' lang='lat' dir='ltr'><strong>Domini</strong></span> <span class='ocrx_word' id='word_1_630' title='bbox 1541 4845 1638 4894; x_wconf 77' lang='lat' dir='ltr'><strong>no-</strong></span> 
     </span>
    </p>
   </div>
   <div class='ocr_carea' id='block_1_80' title="bbox 120 4908 1638 4984">
    <p class='ocr_par' dir='ltr' id='par_1_80' title="bbox 120 4908 1638 4984">
     <span class='ocr_line' id='line_1_80' title="bbox 120 4908 1638 4984; baseline 0.008 -26"><span class='ocrx_word' id='word_1_631' title='bbox 120 4911 191 4959; x_wconf 82' lang='lat' dir='ltr'><strong>stri</strong></span> <span class='ocrx_word' id='word_1_632' title='bbox 209 4909 314 4964; x_wconf 87' lang='lat' dir='ltr'><strong>Iesu</strong></span> <span class='ocrx_word' id='word_1_633' title='bbox 336 4913 541 4976; x_wconf 81' lang='lat' dir='ltr'><strong>Christi,</strong></span> <span class='ocrx_word' id='word_1_634' title='bbox 559 4923 606 4964; x_wconf 88' lang='lat' dir='ltr'><strong>et</strong></span> <span class='ocrx_word' id='word_1_635' title='bbox 625 4914 676 4963; x_wconf 88' lang='lat' dir='ltr'><strong>in</strong></span> <span class='ocrx_word' id='word_1_636' title='bbox 692 4912 887 4979; x_wconf 78' lang='lat' dir='ltr'><strong>Spiritu</strong></span> <span class='ocrx_word' id='word_1_637' title='bbox 906 4912 996 4965; x_wconf 85' lang='lat' dir='ltr'><strong>Dei</strong></span> <span class='ocrx_word' id='word_1_638' title='bbox 1011 4916 1168 4965; x_wconf 82' lang='lat' dir='ltr'><strong>nostri</strong></span> <span class='ocrx_word' id='word_1_639' title='bbox 1187 4913 1239 4981; x_wconf 88' lang='grc' dir='ltr'><strong>(Ι</strong></span> <span class='ocrx_word' id='word_1_640' title='bbox 1255 4908 1369 4967; x_wconf 88' lang='lat' dir='ltr'><strong>Cor.</strong></span> <span class='ocrx_word' id='word_1_641' title='bbox 1393 4918 1484 4984; x_wconf 78' lang='lat' dir='ltr'><strong>vr).</strong></span> <span class='ocrx_word' id='word_1_642' title='bbox 1505 4917 1638 4971; x_wconf 86' lang='lat' dir='ltr'><strong>Ecce</strong></span> 
     </span>
    </p>
   </div>
   <div class='ocr_carea' id='block_1_81' title="bbox 121 5000 1640 5074">
    <p class='ocr_par' dir='ltr' id='par_1_81' title="bbox 121 5000 1640 5074">
     <span class='ocr_line' id='line_1_81' title="bbox 121 5000 1640 5074; baseline 0.01 -28"><span class='ocrx_word' id='word_1_643' title='bbox 121 5000 350 5057; x_wconf 77' lang='lat' dir='ltr'><strong>ethicsub</strong></span> <span class='ocrx_word' id='word_1_644' title='bbox 361 5003 448 5056; x_wconf 91' lang='lat' dir='ltr'><strong>Dei</strong></span> <span class='ocrx_word' id='word_1_645' title='bbox 464 5003 655 5066; x_wconf 87' lang='lat' dir='ltr'><strong>nostri,</strong></span> <span class='ocrx_word' id='word_1_646' title='bbox 671 5002 722 5054; x_wconf 90' lang='lat' dir='ltr'><strong>id</strong></span> <span class='ocrx_word' id='word_1_647' title='bbox 734 5009 815 5054; x_wconf 86' lang='lat' dir='ltr'><strong>est</strong></span> <span class='ocrx_word' id='word_1_648' title='bbox 826 5001 923 5054; x_wconf 87' lang='lat' dir='ltr'><strong>sub</strong></span> <span class='ocrx_word' id='word_1_649' title='bbox 934 5000 1104 5054; x_wconf 85' lang='lat' dir='ltr'><strong>Patris</strong></span> <span class='ocrx_word' id='word_1_650' title='bbox 1117 5006 1640 5074; x_wconf 76' lang='lat' dir='ltr'><strong>commemoratione,</strong></span> 
     </span>
    </p>
   </div>
   <div class='ocr_carea' id='block_1_82' title="bbox 123 5087 1638 5170">
    <p class='ocr_par' dir='ltr' id='par_1_82' title="bbox 123 5087 1638 5170">
     <span class='ocr_line' id='line_1_82' title="bbox 123 5087 1638 5170; baseline 0.007 -28"><span class='ocrx_word' id='word_1_651' title='bbox 123 5087 313 5154; x_wconf 85' lang='lat' dir='ltr'><strong>Spiritus</strong></span> <span class='ocrx_word' id='word_1_652' title='bbox 348 5105 560 5148; x_wconf 83' lang='lat' dir='ltr'><strong>sanctus</strong></span> <span class='ocrx_word' id='word_1_653' title='bbox 588 5092 982 5170; x_wconf 85' lang='lat' dir='ltr'><strong>Corinthiorum</strong></span> <span class='ocrx_word' id='word_1_654' title='bbox 1008 5093 1191 5147; x_wconf 80' lang='lat' dir='ltr'><strong>tideles</strong></span> <span class='ocrx_word' id='word_1_655' title='bbox 1210 5093 1427 5149; x_wconf 81' lang='lat' dir='ltr'><strong>Christo</strong></span> <span class='ocrx_word' id='word_1_656' title='bbox 1449 5110 1638 5163; x_wconf 73' lang='lat' dir='ltr'><strong>mepe—</strong></span> 
     </span>
    </p>
   </div>
   <div class='ocr_carea' id='block_1_83' title="bbox 125 5172 1673 5241">
    <p class='ocr_par' dir='ltr' id='par_1_83' title="bbox 125 5172 1673 5241">
     <span class='ocr_line' id='line_1_83' title="bbox 125 5172 1673 5241; baseline 0.003 -5"><span class='ocrx_word' id='word_1_657' title='bbox 125 5192 246 5236; x_wconf 79' lang='lat' dir='ltr'><strong>rante</strong></span> <span class='ocrx_word' id='word_1_658' title='bbox 291 5189 599 5240; x_wconf 77' lang='lat' dir='ltr'><strong>sanctiﬁcat.</strong></span> <span class='ocrx_word' id='word_1_659' title='bbox 649 5172 989 5238; x_wconf 66' lang='lat' dir='ltr'><strong>Sanctiﬁcare</strong></span> <span class='ocrx_word' id='word_1_660' title='bbox 1035 5187 1172 5238; x_wconf 87' lang='lat' dir='ltr'><strong>nulla</strong></span> <span class='ocrx_word' id='word_1_661' title='bbox 1215 5195 1450 5239; x_wconf 63' lang='lat' dir='ltr'><strong>creatura</strong></span> <span class='ocrx_word' id='word_1_662' title='bbox 1485 5189 1673 5241; x_wconf 62' lang='lat' dir='ltr'><strong>aliam-</strong></span> 
     </span>
    </p>
   </div>
   <div class='ocr_carea' id='block_1_84' title="bbox 129 5274 1642 5343">
    <p class='ocr_par' dir='ltr' id='par_1_84' title="bbox 129 5274 1642 5343">
     <span class='ocr_line' id='line_1_84' title="bbox 129 5274 1642 5343; baseline 0.003 -16"><span class='ocrx_word' id='word_1_663' title='bbox 129 5274 300 5337; x_wconf 81' lang='lat' dir='ltr'><strong>penitus</strong></span> <span class='ocrx_word' id='word_1_664' title='bbox 318 5286 508 5342; x_wconf 87' lang='lat' dir='ltr'><strong>p0test.</strong></span> <span class='ocrx_word' id='word_1_665' title='bbox 553 5275 786 5343; x_wconf 81' lang='lat' dir='ltr'><strong>Largitio</strong></span> <span class='ocrx_word' id='word_1_666' title='bbox 805 5275 1256 5340; x_wconf 78' lang='lat' dir='ltr'><strong>sanctificationis,</strong></span> <span class='ocrx_word' id='word_1_667' title='bbox 1285 5275 1642 5331; x_wconf 75' lang='lat' dir='ltr'><strong>muniﬁcentia</strong></span> 
     </span>
    </p>
   </div>
   <div class='ocr_carea' id='block_1_85' title="bbox 128 5363 1638 5433">
    <p class='ocr_par' dir='ltr' id='par_1_85' title="bbox 128 5363 1638 5433">
     <span class='ocr_line' id='line_1_85' title="bbox 128 5363 1638 5433; baseline 0.006 -23"><span class='ocrx_word' id='word_1_668' title='bbox 128 5363 259 5415; x_wconf 80' lang='lat' dir='ltr'><strong>solius</strong></span> <span class='ocrx_word' id='word_1_669' title='bbox 277 5379 353 5418; x_wconf 77' lang='grc' dir='ltr'><strong>εει</strong></span> <span class='ocrx_word' id='word_1_670' title='bbox 373 5365 690 5433; x_wconf 72' lang='lat' dir='ltr'><strong>maiestatis.</strong></span> <span class='ocrx_word' id='word_1_671' title='bbox 715 5364 830 5428; x_wconf 82' lang='lat' dir='ltr'><strong>Quo</strong></span> <span class='ocrx_word' id='word_1_672' title='bbox 857 5364 970 5416; x_wconf 88' lang='lat' dir='ltr'><strong>loco</strong></span> <span class='ocrx_word' id='word_1_673' title='bbox 993 5364 1043 5415; x_wconf 90' lang='lat' dir='ltr'><strong>in</strong></span> <span class='ocrx_word' id='word_1_674' title='bbox 1070 5364 1280 5418; x_wconf 80' lang='lat' dir='ltr'><strong>nomine</strong></span> <span class='ocrx_word' id='word_1_675' title='bbox 1301 5363 1426 5428; x_wconf 69' lang='lat' dir='ltr'><strong>Jes’u</strong></span> <span class='ocrx_word' id='word_1_676' title='bbox 1445 5366 1638 5419; x_wconf 61' lang='lat' dir='ltr'><strong>Christi</strong></span> 
     </span>
    </p>
   </div>
   <div class='ocr_carea' id='block_1_86' title="bbox 131 5453 1647 5521">
    <p class='ocr_par' dir='ltr' id='par_1_86' title="bbox 131 5453 1647 5521">
     <span class='ocr_line' id='line_1_86' title="bbox 131 5453 1647 5521; baseline 0.001 -16"><span class='ocrx_word' id='word_1_677' title='bbox 131 5461 171 5500; x_wconf 84' lang='lat' dir='ltr'><strong>et</strong></span> <span class='ocrx_word' id='word_1_678' title='bbox 202 5453 244 5506; x_wconf 87' lang='lat' dir='ltr'><strong>itt</strong></span> <span class='ocrx_word' id='word_1_679' title='bbox 269 5455 459 5521; x_wconf 78' lang='lat' dir='ltr'><strong>Spiritu</strong></span> <span class='ocrx_word' id='word_1_680' title='bbox 499 5456 590 5508; x_wconf 84' lang='lat' dir='ltr'><strong>Dei</strong></span> <span class='ocrx_word' id='word_1_681' title='bbox 622 5454 819 5516; x_wconf 88' lang='lat' dir='ltr'><strong>nostri,</strong></span> <span class='ocrx_word' id='word_1_682' title='bbox 851 5461 958 5504; x_wconf 81' lang='lat' dir='ltr'><strong>tres</strong></span> <span class='ocrx_word' id='word_1_683' title='bbox 995 5465 1220 5520; x_wconf 77' lang='lat' dir='ltr'><strong>agnoseo</strong></span> <span class='ocrx_word' id='word_1_684' title='bbox 1247 5465 1521 5518; x_wconf 74' lang='lat' dir='ltr'><strong>parsnnas.</strong></span> <span class='ocrx_word' id='word_1_685' title='bbox 1563 5454 1647 5507; x_wconf 79' lang='lat' dir='ltr'><strong>Ad</strong></span> 
     </span>
    </p>
   </div>
   <div class='ocr_carea' id='block_1_87' title="bbox 132 5539 1640 5607">
    <p class='ocr_par' dir='ltr' id='par_1_87' title="bbox 132 5539 1640 5607">
     <span class='ocr_line' id='line_1_87' title="bbox 132 5539 1640 5607; baseline 0.001 -16"><span class='ocrx_word' id='word_1_686' title='bbox 132 5539 388 5600; x_wconf 82' lang='lat' dir='ltr'><strong>Corinthios</strong></span> <span class='ocrx_word' id='word_1_687' title='bbox 409 5546 637 5600; x_wconf 83' lang='lat' dir='ltr'><strong>secunda</strong></span> <span class='ocrx_word' id='word_1_688' title='bbox 662 5563 674 5597; x_wconf 85' lang='lat'><strong>:</strong></span> <span class='ocrx_word' id='word_1_689' title='bbox 697 5544 879 5595; x_wconf 79' lang='lat' dir='ltr'><strong>Gratia</strong></span> <span class='ocrx_word' id='word_1_690' title='bbox 900 5541 1096 5595; x_wconf 85' lang='lat' dir='ltr'><strong>Domini</strong></span> <span class='ocrx_word' id='word_1_691' title='bbox 1116 5543 1273 5600; x_wconf 77' lang='lat' dir='ltr'><strong>nostri</strong></span> <span class='ocrx_word' id='word_1_692' title='bbox 1297 5541 1415 5593; x_wconf 78' lang='lat' dir='ltr'><strong>Iesu</strong></span> <span class='ocrx_word' id='word_1_693' title='bbox 1435 5541 1640 5607; x_wconf 80' lang='lat' dir='ltr'><strong>Christi,</strong></span> 
     </span>
    </p>
   </div>
   <div class='ocr_carea' id='block_1_88' title="bbox 133 5631 1645 5704">
    <p class='ocr_par' dir='ltr' id='par_1_88' title="bbox 133 5631 1645 5704">
     <span class='ocr_line' id='line_1_88' title="bbox 133 5631 1645 5704; baseline 0.001 -20"><span class='ocrx_word' id='word_1_694' title='bbox 133 5634 375 5692; x_wconf 75' lang='lat' dir='ltr'><strong>etcltaritas</strong></span> <span class='ocrx_word' id='word_1_695' title='bbox 401 5637 506 5704; x_wconf 85' lang='lat' dir='ltr'><strong>Dei,</strong></span> <span class='ocrx_word' id='word_1_696' title='bbox 537 5648 581 5690; x_wconf 84' lang='lat' dir='ltr'><strong>et</strong></span> <span class='ocrx_word' id='word_1_697' title='bbox 611 5633 994 5690; x_wconf 85' lang='lat' dir='ltr'><strong>communicatio</strong></span> <span class='ocrx_word' id='word_1_698' title='bbox 1014 5631 1414 5701; x_wconf 81' lang='lat' dir='ltr'><strong>sanctiSpiritus</strong></span> <span class='ocrx_word' id='word_1_699' title='bbox 1438 5635 1497 5686; x_wconf 85' lang='lat' dir='ltr'><strong>sit</strong></span> <span class='ocrx_word' id='word_1_700' title='bbox 1519 5651 1645 5688; x_wconf 59' lang='lat' dir='ltr'><strong>sent-</strong></span> 
     </span>
    </p>
   </div>
   <div class='ocr_carea' id='block_1_89' title="bbox 1729 3220 3281 3292">
    <p class='ocr_par' dir='ltr' id='par_1_89' title="bbox 1729 3220 3281 3292">
     <span class='ocr_line' id='line_1_89' title="bbox 1729 3220 3281 3292; baseline 0 -15"><span class='ocrx_word' id='word_1_701' title='bbox 1729 3223 2146 3277; x_wconf 83' lang='lat' dir='ltr'><strong>sanctilicatioue</strong></span> <span class='ocrx_word' id='word_1_702' title='bbox 2194 3220 2450 3291; x_wconf 87' lang='lat' dir='ltr'><strong>Spiritus,</strong></span> <span class='ocrx_word' id='word_1_703' title='bbox 2518 3221 2570 3276; x_wconf 88' lang='lat' dir='ltr'><strong>in</strong></span> <span class='ocrx_word' id='word_1_704' title='bbox 2619 3221 2927 3292; x_wconf 85' lang='lat' dir='ltr'><strong>aspersione</strong></span> <span class='ocrx_word' id='word_1_705' title='bbox 2978 3222 3281 3290; x_wconf 82' lang='lat' dir='ltr'><strong>sanguinis,</strong></span> 
     </span>
    </p>
   </div>
   <div class='ocr_carea' id='block_1_90' title="bbox 1728 3312 2307 3369">
    <p class='ocr_par' dir='ltr' id='par_1_90' title="bbox 1728 3312 2307 3369">
     <span class='ocr_line' id='line_1_90' title="bbox 1728 3312 2307 3369; baseline -0.002 0"><span class='ocrx_word' id='word_1_706' title='bbox 1728 3312 1969 3369; x_wconf 85' lang='lat' dir='ltr'><strong>Christus</strong></span> <span class='ocrx_word' id='word_1_707' title='bbox 1992 3312 2307 3368; x_wconf 88' lang='lat' dir='ltr'><strong>ostenditur.</strong></span> 
     </span>
    </p>
   </div>
   <div class='ocr_carea' id='block_1_91' title="bbox 2308 3450 2696 3506">
    <p class='ocr_par' dir='ltr' id='par_1_91' title="bbox 2308 3450 2696 3506">
     <span class='ocr_line' id='line_1_91' title="bbox 2308 3450 2696 3506; baseline -0.008 0"><span class='ocrx_word' id='word_1_708' title='bbox 2308 3450 2531 3506; x_wconf 81' lang='lat' dir='ltr'><strong>CAPUT</strong></span> <span class='ocrx_word' id='word_1_709' title='bbox 2581 3451 2696 3505; x_wconf 81' lang='lat' dir='ltr'><strong>XII.</strong></span> 
     </span>
    </p>
   </div>
   <div class='ocr_carea' id='block_1_92' title="bbox 1986 3546 3021 3618">
    <p class='ocr_par' dir='ltr' id='par_1_92' title="bbox 1986 3546 3021 3618">
     <span class='ocr_line' id='line_1_92' title="bbox 1986 3546 3021 3618; baseline -0.001 -14"><span class='ocrx_word' id='word_1_710' title='bbox 1986 3548 2218 3604; x_wconf 78' lang='lat' dir='ltr'><strong>Localem</strong></span> <span class='ocrx_word' id='word_1_711' title='bbox 2241 3565 2343 3603; x_wconf 88' lang='lat' dir='ltr'><strong>non</strong></span> <span class='ocrx_word' id='word_1_712' title='bbox 2371 3553 2475 3602; x_wconf 82' lang='lat' dir='ltr'><strong>esse</strong></span> <span class='ocrx_word' id='word_1_713' title='bbox 2497 3546 2746 3618; x_wconf 88' lang='lat' dir='ltr'><strong>Spiritum</strong></span> <span class='ocrx_word' id='word_1_714' title='bbox 2774 3555 3021 3603; x_wconf 88' lang='lat' dir='ltr'><strong>sanctum.</strong></span> 
     </span>
    </p>
   </div>
   <div class='ocr_carea' id='block_1_93' title="bbox 1799 3661 3286 3733">
    <p class='ocr_par' dir='ltr' id='par_1_93' title="bbox 1799 3661 3286 3733">
     <span class='ocr_line' id='line_1_93' title="bbox 1799 3661 3286 3733; baseline -0.002 -15"><span class='ocrx_word' id='word_1_715' title='bbox 1799 3664 1970 3730; x_wconf 39' lang='lat' dir='ltr'><strong>Deum,</strong></span> <span class='ocrx_word' id='word_1_716' title='bbox 1990 3662 2244 3733; x_wconf 87' lang='lat' dir='ltr'><strong>Spiritum</strong></span> <span class='ocrx_word' id='word_1_717' title='bbox 2273 3672 2511 3716; x_wconf 87' lang='lat' dir='ltr'><strong>sanctum</strong></span> <span class='ocrx_word' id='word_1_718' title='bbox 2543 3677 2606 3714; x_wconf 81' lang='lat' dir='ltr'><strong>ex</strong></span> <span class='ocrx_word' id='word_1_719' title='bbox 2636 3675 2744 3714; x_wconf 88' lang='lat' dir='ltr'><strong>suts</strong></span> <span class='ocrx_word' id='word_1_720' title='bbox 2772 3661 3050 3714; x_wconf 85' lang='lat' dir='ltr'><strong>virtutibus</strong></span> <span class='ocrx_word' id='word_1_721' title='bbox 3079 3671 3130 3715; x_wconf 89' lang='lat' dir='ltr'><strong>et</strong></span> <span class='ocrx_word' id='word_1_722' title='bbox 3160 3676 3286 3729; x_wconf 90' lang='lat' dir='ltr'><strong>0pc-</strong></span> 
     </span>
    </p>
   </div>
   <div class='ocr_carea' id='block_1_94' title="bbox 1728 3751 3282 3819">
    <p class='ocr_par' dir='ltr' id='par_1_94' title="bbox 1728 3751 3282 3819">
     <span class='ocr_line' id='line_1_94' title="bbox 1728 3751 3282 3819; baseline -0.001 -11"><span class='ocrx_word' id='word_1_723' title='bbox 1728 3754 1874 3808; x_wconf 84' lang='lat' dir='ltr'><strong>ribus</strong></span> <span class='ocrx_word' id='word_1_724' title='bbox 1897 3754 2338 3808; x_wconf 85' lang='lat' dir='ltr'><strong>demonstremus.</strong></span> <span class='ocrx_word' id='word_1_725' title='bbox 2358 3751 2541 3806; x_wconf 89' lang='lat' dir='ltr'><strong>Omnis</strong></span> <span class='ocrx_word' id='word_1_726' title='bbox 2559 3762 2800 3804; x_wconf 86' lang='lat' dir='ltr'><strong>creatura</strong></span> <span class='ocrx_word' id='word_1_727' title='bbox 2826 3753 2961 3806; x_wconf 87' lang='lat' dir='ltr'><strong>sicut</strong></span> <span class='ocrx_word' id='word_1_728' title='bbox 2988 3762 3282 3819; x_wconf 89' lang='lat' dir='ltr'><strong>temporum</strong></span> 
     </span>
    </p>
   </div>
   <div class='ocr_carea' id='block_1_95' title="bbox 1731 3847 3285 3918">
    <p class='ocr_par' dir='ltr' id='par_1_95' title="bbox 1731 3847 3285 3918">
     <span class='ocr_line' id='line_1_95' title="bbox 1731 3847 3285 3918; baseline -0.005 -12"><span class='ocrx_word' id='word_1_729' title='bbox 1731 3850 1900 3906; x_wconf 73' lang='lat' dir='ltr'><strong>initiis</strong></span> <span class='ocrx_word' id='word_1_730' title='bbox 1919 3849 2177 3918; x_wconf 77' lang='lat' dir='ltr'><strong>subiacet,</strong></span> <span class='ocrx_word' id='word_1_731' title='bbox 2202 3849 2272 3902; x_wconf 87' lang='lat' dir='ltr'><strong>ita</strong></span> <span class='ocrx_word' id='word_1_732' title='bbox 2297 3848 2476 3901; x_wconf 87' lang='lat' dir='ltr'><strong>localis</strong></span> <span class='ocrx_word' id='word_1_733' title='bbox 2496 3861 2614 3900; x_wconf 89' lang='lat' dir='ltr'><strong>esse</strong></span> <span class='ocrx_word' id='word_1_734' title='bbox 2635 3847 2795 3900; x_wconf 84' lang='lat' dir='ltr'><strong>certis</strong></span> <span class='ocrx_word' id='word_1_735' title='bbox 2814 3847 2998 3913; x_wconf 88' lang='lat' dir='ltr'><strong>spatiis</strong></span> <span class='ocrx_word' id='word_1_736' title='bbox 3019 3855 3072 3900; x_wconf 88' lang='lat' dir='ltr'><strong>et</strong></span> <span class='ocrx_word' id='word_1_737' title='bbox 3092 3848 3285 3899; x_wconf 82' lang='lat' dir='ltr'><strong>ﬁnibus</strong></span> 
     </span>
    </p>
   </div>
   <div class='ocr_carea' id='block_1_96' title="bbox 1728 3936 3285 4006">
    <p class='ocr_par' dir='ltr' id='par_1_96' title="bbox 1728 3936 3285 4006">
     <span class='ocr_line' id='line_1_96' title="bbox 1728 3936 3285 4006; baseline -0.001 -13"><span class='ocrx_word' id='word_1_738' title='bbox 1728 3939 2124 4006; x_wconf 78' lang='lat' dir='ltr'><strong>circumscripta</strong></span> <span class='ocrx_word' id='word_1_739' title='bbox 2171 3938 2530 4006; x_wconf 68' lang='lat' dir='ltr'><strong>cognoscitur.</strong></span> <span class='ocrx_word' id='word_1_740' title='bbox 2608 3936 2833 4003; x_wconf 88' lang='lat' dir='ltr'><strong>Spiritus</strong></span> <span class='ocrx_word' id='word_1_741' title='bbox 2875 3946 3086 3990; x_wconf 89' lang='lat' dir='ltr'><strong>sanctus</strong></span> <span class='ocrx_word' id='word_1_742' title='bbox 3130 3936 3285 3991; x_wconf 89' lang='lat' dir='ltr'><strong>nullis</strong></span> 
     </span>
    </p>
   </div>
   <div class='ocr_carea' id='block_1_97' title="bbox 1723 4014 3287 4096">
    <p class='ocr_par' dir='ltr' id='par_1_97' title="bbox 1723 4014 3287 4096">
     <span class='ocr_line' id='line_1_97' title="bbox 1723 4014 3287 4096; baseline 0.001 -19"><span class='ocrx_word' id='word_1_743' title='bbox 1723 4029 1967 4083; x_wconf 72' lang='lat' dir='ltr'><strong>terminis</strong></span> <span class='ocrx_word' id='word_1_744' title='bbox 1998 4014 2244 4096; x_wconf 59' lang='lat' dir='ltr'><strong>laminam</strong></span> <span class='ocrx_word' id='word_1_745' title='bbox 2277 4025 2474 4078; x_wconf 83' lang='lat' dir='ltr'><strong>factura</strong></span> <span class='ocrx_word' id='word_1_746' title='bbox 2504 4024 2868 4084; x_wconf 89' lang='lat' dir='ltr'><strong>concluditur;</strong></span> <span class='ocrx_word' id='word_1_747' title='bbox 2904 4025 3042 4078; x_wconf 90' lang='lat' dir='ltr'><strong>Deus</strong></span> <span class='ocrx_word' id='word_1_748' title='bbox 3071 4041 3287 4095; x_wconf 85' lang='lat' dir='ltr'><strong>necesse</strong></span> 
     </span>
    </p>
   </div>
   <div class='ocr_carea' id='block_1_98' title="bbox 1721 4111 3282 4183">
    <p class='ocr_par' dir='ltr' id='par_1_98' title="bbox 1721 4111 3282 4183">
     <span class='ocr_line' id='line_1_98' title="bbox 1721 4111 3282 4183; baseline -0.001 -13"><span class='ocrx_word' id='word_1_749' title='bbox 1721 4122 1849 4181; x_wconf 77' lang='lat' dir='ltr'><strong>est,</strong></span> <span class='ocrx_word' id='word_1_750' title='bbox 1874 4126 1970 4183; x_wconf 85' lang='lat' dir='ltr'><strong>pro</strong></span> <span class='ocrx_word' id='word_1_751' title='bbox 2000 4118 2121 4182; x_wconf 80' lang='lat' dir='ltr'><strong>ipsa</strong></span> <span class='ocrx_word' id='word_1_752' title='bbox 2162 4111 2408 4172; x_wconf 73' lang='lat' dir='ltr'><strong>ﬁbcrtate</strong></span> <span class='ocrx_word' id='word_1_753' title='bbox 2441 4112 2645 4165; x_wconf 66' lang='lat' dir='ltr'><strong>dill&#39;usaa</strong></span> <span class='ocrx_word' id='word_1_754' title='bbox 2686 4111 2974 4178; x_wconf 79' lang='lat' dir='ltr'><strong>majestatis</strong></span> <span class='ocrx_word' id='word_1_755' title='bbox 3011 4113 3282 4168; x_wconf 88' lang='lat' dir='ltr'><strong>habeatur.</strong></span> 
     </span>
    </p>
   </div>
   <div class='ocr_carea' id='block_1_99' title="bbox 1731 4202 3286 4276">
    <p class='ocr_par' dir='ltr' id='par_1_99' title="bbox 1731 4202 3286 4276">
     <span class='ocr_line' id='line_1_99' title="bbox 1731 4202 3286 4276; baseline 0.001 -17"><span class='ocrx_word' id='word_1_756' title='bbox 1731 4203 1943 4259; x_wconf 79' lang='lat' dir='ltr'><strong>Domini</strong></span> <span class='ocrx_word' id='word_1_757' title='bbox 1971 4203 2266 4276; x_wconf 68' lang='lat' dir='ltr'><strong>salvatoris</strong></span> <span class='ocrx_word' id='word_1_758' title='bbox 2294 4204 2358 4257; x_wconf 83' lang='lat' dir='ltr'><strong>ad</strong></span> <span class='ocrx_word' id='word_1_759' title='bbox 2389 4202 2657 4272; x_wconf 79' lang='lat' dir='ltr'><strong>apostolos</strong></span> <span class='ocrx_word' id='word_1_760' title='bbox 2686 4218 2783 4256; x_wconf 84' lang='lat' dir='ltr'><strong>vox</strong></span> <span class='ocrx_word' id='word_1_761' title='bbox 2813 4213 2892 4256; x_wconf 88' lang='lat' dir='ltr'><strong>est</strong></span> <span class='ocrx_word' id='word_1_762' title='bbox 2921 4221 2933 4256; x_wconf 87' lang='lat'><strong>:</strong></span> <span class='ocrx_word' id='word_1_763' title='bbox 2970 4204 3116 4258; x_wconf 87' lang='lat' dir='ltr'><strong>Dabit</strong></span> <span class='ocrx_word' id='word_1_764' title='bbox 3152 4209 3286 4260; x_wconf 86' lang='lat' dir='ltr'><strong>vobis</strong></span> 
     </span>
    </p>
   </div>
   <div class='ocr_carea' id='block_1_100' title="bbox 1731 4287 3289 4366">
    <p class='ocr_par' dir='ltr' id='par_1_100' title="bbox 1731 4287 3289 4366">
     <span class='ocr_line' id='line_1_100' title="bbox 1731 4287 3289 4366; baseline 0.001 -19"><span class='ocrx_word' id='word_1_765' title='bbox 1731 4287 1909 4362; x_wconf 65' lang='lat' dir='ltr'><strong>Pater,</strong></span> <span class='ocrx_word' id='word_1_766' title='bbox 1941 4293 2137 4366; x_wconf 86' lang='lat' dir='ltr'><strong>inquit,</strong></span> <span class='ocrx_word' id='word_1_767' title='bbox 2169 4293 2420 4364; x_wconf 75' lang='lat' dir='ltr'><strong>Spiritum</strong></span> <span class='ocrx_word' id='word_1_768' title='bbox 2443 4293 2697 4354; x_wconf 78' lang='lat' dir='ltr'><strong>veritatis,</strong></span> <span class='ocrx_word' id='word_1_769' title='bbox 2733 4292 2818 4360; x_wconf 87' lang='lat' dir='ltr'><strong>qui</strong></span> <span class='ocrx_word' id='word_1_770' title='bbox 2851 4292 3101 4345; x_wconf 81' lang='lat' dir='ltr'><strong>vobiscum</strong></span> <span class='ocrx_word' id='word_1_771' title='bbox 3137 4297 3199 4347; x_wconf 86' lang='lat' dir='ltr'><strong>sit</strong></span> <span class='ocrx_word' id='word_1_772' title='bbox 3237 4297 3289 4348; x_wconf 86' lang='lat' dir='ltr'><strong>iu</strong></span> 
     </span>
    </p>
   </div>
   <div class='ocr_carea' id='block_1_101' title="bbox 1732 4374 3284 4452">
    <p class='ocr_par' dir='ltr' id='par_1_101' title="bbox 1732 4374 3284 4452">
     <span class='ocr_line' id='line_1_101' title="bbox 1732 4374 3284 4452; baseline -0.001 -13"><span class='ocrx_word' id='word_1_773' title='bbox 1732 4397 1996 4439; x_wconf 65' lang='lat' dir='ltr'><strong>internum.</strong></span> <span class='ocrx_word' id='word_1_774' title='bbox 2019 4374 2412 4450; x_wconf 69' lang='lat' dir='ltr'><strong>Si&#39;loealis&#39;est,</strong></span> <span class='ocrx_word' id='word_1_775' title='bbox 2443 4390 2500 4437; x_wconf 86' lang='lat' dir='ltr'><strong>et</strong></span> <span class='ocrx_word' id='word_1_776' title='bbox 2526 4392 2780 4452; x_wconf 88' lang='lat' dir='ltr'><strong>perpetuo</strong></span> <span class='ocrx_word' id='word_1_777' title='bbox 2807 4384 2857 4436; x_wconf 88' lang='lat' dir='ltr'><strong>itt</strong></span> <span class='ocrx_word' id='word_1_778' title='bbox 2891 4383 2994 4437; x_wconf 91' lang='lat' dir='ltr'><strong>illis</strong></span> <span class='ocrx_word' id='word_1_779' title='bbox 3021 4387 3284 4450; x_wconf 87' lang='lat' dir='ltr'><strong>manebat,</strong></span> 
     </span>
    </p>
   </div>
   <div class='ocr_carea' id='block_1_102' title="bbox 1602 4470 3287 4562">
    <p class='ocr_par' dir='ltr' id='par_1_102' title="bbox 1602 4470 3287 4562">
     <span class='ocr_line' id='line_1_102' title="bbox 1602 4470 3287 4562; baseline -0.001 -34"><span class='ocrx_word' id='word_1_780' title='bbox 1602 4479 1606 4482; x_wconf 63' lang='lat'><em>‘</em></span> <span class='ocrx_word' id='word_1_781' title='bbox 1655 4505 1709 4562; x_wconf 64' lang='grc' dir='ltr'><strong><em>Β</em></strong></span> <span class='ocrx_word' id='word_1_782' title='bbox 1733 4477 1913 4549; x_wconf 78' lang='lat' dir='ltr'><strong>utique</strong></span> <span class='ocrx_word' id='word_1_783' title='bbox 1934 4474 2059 4528; x_wconf 88' lang='lat' dir='ltr'><strong>alibi</strong></span> <span class='ocrx_word' id='word_1_784' title='bbox 2078 4486 2198 4529; x_wconf 84' lang='lat' dir='ltr'><strong>esse</strong></span> <span class='ocrx_word' id='word_1_785' title='bbox 2221 4488 2324 4527; x_wconf 89' lang='lat' dir='ltr'><strong>non</strong></span> <span class='ocrx_word' id='word_1_786' title='bbox 2347 4480 2570 4562; x_wconf 72' lang='lat' dir='ltr'><strong>poterat.</strong></span> <span class='ocrx_word' id='word_1_787' title='bbox 2597 4470 2877 4525; x_wconf 89' lang='lat' dir='ltr'><strong>Videamus</strong></span> <span class='ocrx_word' id='word_1_788' title='bbox 2898 4473 2938 4525; x_wconf 89' lang='lat' dir='ltr'><strong>si</strong></span> <span class='ocrx_word' id='word_1_789' title='bbox 2969 4473 3082 4540; x_wconf 88' lang='lat' dir='ltr'><strong>ejus</strong></span> <span class='ocrx_word' id='word_1_790' title='bbox 3105 4484 3287 4527; x_wconf 89' lang='lat' dir='ltr'><strong>natura</strong></span> 
     </span>
    </p>
   </div>
   <div class='ocr_carea' id='block_1_103' title="bbox 1733 4553 3291 4628">
    <p class='ocr_par' dir='ltr' id='par_1_103' title="bbox 1733 4553 3291 4628">
     <span class='ocr_line' id='line_1_103' title="bbox 1733 4553 3291 4628; baseline 0.001 -12"><span class='ocrx_word' id='word_1_791' title='bbox 1733 4558 1985 4616; x_wconf 86' lang='lat' dir='ltr'><strong>localibus</strong></span> <span class='ocrx_word' id='word_1_792' title='bbox 2029 4563 2101 4615; x_wconf 89' lang='lat' dir='ltr'><strong>sit</strong></span> <span class='ocrx_word' id='word_1_793' title='bbox 2138 4553 2536 4616; x_wconf 76' lang='lat' dir='ltr'><strong>determin‘auda</strong></span> <span class='ocrx_word' id='word_1_794' title='bbox 2586 4559 2860 4612; x_wconf 77' lang='lat' dir='ltr'><strong>limitibus.</strong></span> <span class='ocrx_word' id='word_1_795' title='bbox 2911 4561 2996 4613; x_wconf 81' lang='lat' dir='ltr'><strong>Ait</strong></span> <span class='ocrx_word' id='word_1_796' title='bbox 3043 4564 3291 4628; x_wconf 87' lang='lat' dir='ltr'><strong>apostolis</strong></span> 
     </span>
    </p>
   </div>
   <div class='ocr_carea' id='block_1_104' title="bbox 1699 4649 3293 4718">
    <p class='ocr_par' dir='ltr' id='par_1_104' title="bbox 1699 4649 3293 4718">
     <span class='ocr_line' id='line_1_104' title="bbox 1699 4649 3293 4718; baseline -0.001 -12"><span class='ocrx_word' id='word_1_797' title='bbox 1699 4681 1707 4687; x_wconf 93' lang='lat'><strong>-</strong></span> <span class='ocrx_word' id='word_1_798' title='bbox 1737 4652 2030 4706; x_wconf 77' lang='lat' dir='ltr'><strong>Dominus:</strong></span> <span class='ocrx_word' id='word_1_799' title='bbox 2061 4651 2325 4718; x_wconf 72' lang='lat' dir='ltr'><strong>Accipietis</strong></span> <span class='ocrx_word' id='word_1_800' title='bbox 2354 4651 2586 4708; x_wconf 82' lang='lat' dir='ltr'><strong>virtutem</strong></span> <span class='ocrx_word' id='word_1_801' title='bbox 2617 4649 2841 4714; x_wconf 84' lang='lat' dir='ltr'><strong>Spiritus</strong></span> <span class='ocrx_word' id='word_1_802' title='bbox 2869 4651 3028 4702; x_wconf 86' lang='lat' dir='ltr'><strong>sancti</strong></span> <span class='ocrx_word' id='word_1_803' title='bbox 3060 4667 3293 4717; x_wconf 85' lang='lat' dir='ltr'><strong>superve-</strong></span> 
     </span>
    </p>
   </div>
   <div class='ocr_carea' id='block_1_105' title="bbox 1737 4734 3294 4806">
    <p class='ocr_par' dir='ltr' id='par_1_105' title="bbox 1737 4734 3294 4806">
     <span class='ocr_line' id='line_1_105' title="bbox 1737 4734 3294 4806; baseline 0.001 -14"><span class='ocrx_word' id='word_1_804' title='bbox 1737 4742 1918 4801; x_wconf 78' lang='lat' dir='ltr'><strong>nientis</strong></span> <span class='ocrx_word' id='word_1_805' title='bbox 1945 4744 1998 4793; x_wconf 84' lang='lat' dir='ltr'><strong>in</strong></span> <span class='ocrx_word' id='word_1_806' title='bbox 2024 4757 2108 4792; x_wconf 85' lang='lat' dir='ltr'><strong>vos</strong></span> <span class='ocrx_word' id='word_1_807' title='bbox 2126 4781 2141 4806; x_wconf 94' lang='lat'><strong>,</strong></span> <span class='ocrx_word' id='word_1_808' title='bbox 2180 4750 2222 4792; x_wconf 88' lang='lat' dir='ltr'><strong>et</strong></span> <span class='ocrx_word' id='word_1_809' title='bbox 2253 4740 2389 4792; x_wconf 82' lang='lat' dir='ltr'><strong>eritis</strong></span> <span class='ocrx_word' id='word_1_810' title='bbox 2418 4734 2541 4790; x_wconf 83' lang='lat' dir='ltr'><strong>mihi</strong></span> <span class='ocrx_word' id='word_1_811' title='bbox 2567 4748 2710 4791; x_wconf 87' lang='lat' dir='ltr'><strong>testes</strong></span> <span class='ocrx_word' id='word_1_812' title='bbox 2737 4739 2788 4790; x_wconf 88' lang='lat' dir='ltr'><strong>in</strong></span> <span class='ocrx_word' id='word_1_813' title='bbox 2813 4737 3094 4793; x_wconf 84' lang='lat' dir='ltr'><strong>Ierusalem</strong></span> <span class='ocrx_word' id='word_1_814' title='bbox 3111 4783 3125 4806; x_wconf 89' lang='lat'><strong>,</strong></span> <span class='ocrx_word' id='word_1_815' title='bbox 3168 4751 3214 4793; x_wconf 88' lang='lat' dir='ltr'><strong>et</strong></span> <span class='ocrx_word' id='word_1_816' title='bbox 3243 4744 3294 4794; x_wconf 86' lang='lat' dir='ltr'><strong>in</strong></span> 
     </span>
    </p>
   </div>
   <div class='ocr_carea' id='block_1_106' title="bbox 1740 4825 3294 4892">
    <p class='ocr_par' dir='ltr' id='par_1_106' title="bbox 1740 4825 3294 4892">
     <span class='ocr_line' id='line_1_106' title="bbox 1740 4825 3294 4892; baseline -0.001 -6"><span class='ocrx_word' id='word_1_817' title='bbox 1740 4825 1878 4886; x_wconf 77' lang='lat' dir='ltr'><strong>omni</strong></span> <span class='ocrx_word' id='word_1_818' title='bbox 1904 4831 2115 4892; x_wconf 71' lang='lat' dir='ltr'><strong>Iudaea,</strong></span> <span class='ocrx_word' id='word_1_819' title='bbox 2158 4840 2205 4883; x_wconf 86' lang='lat' dir='ltr'><strong>et</strong></span> <span class='ocrx_word' id='word_1_820' title='bbox 2234 4830 2498 4890; x_wconf 74' lang='lat' dir='ltr'><strong>Samaria,</strong></span> <span class='ocrx_word' id='word_1_821' title='bbox 2529 4839 2576 4882; x_wconf 89' lang='lat' dir='ltr'><strong>et</strong></span> <span class='ocrx_word' id='word_1_822' title='bbox 2605 4845 2761 4892; x_wconf 85' lang='lat' dir='ltr'><strong>usque</strong></span> <span class='ocrx_word' id='word_1_823' title='bbox 2785 4830 2849 4880; x_wconf 81' lang='lat' dir='ltr'><strong>ad</strong></span> <span class='ocrx_word' id='word_1_824' title='bbox 2879 4832 3110 4882; x_wconf 89' lang='lat' dir='ltr'><strong>ultimum</strong></span> <span class='ocrx_word' id='word_1_825' title='bbox 3140 4838 3294 4885; x_wconf 72' lang='lat' dir='ltr'><strong>terra:</strong></span> 
     </span>
    </p>
   </div>
   <div class='ocr_carea' id='block_1_107' title="bbox 1743 4921 3296 4990">
    <p class='ocr_par' dir='ltr' id='par_1_107' title="bbox 1743 4921 3296 4990">
     <span class='ocr_line' id='line_1_107' title="bbox 1743 4921 3296 4990; baseline -0.001 -15"><span class='ocrx_word' id='word_1_826' title='bbox 1743 4925 1876 4990; x_wconf 77' lang='lat' dir='ltr'><strong>(Aet.</strong></span> <span class='ocrx_word' id='word_1_827' title='bbox 1898 4922 1958 4987; x_wconf 91' lang='lat' dir='ltr'><strong>t).</strong></span> <span class='ocrx_word' id='word_1_828' title='bbox 1978 4922 2104 4975; x_wconf 86' lang='lat' dir='ltr'><strong>Post</strong></span> <span class='ocrx_word' id='word_1_829' title='bbox 2122 4923 2278 4988; x_wconf 77' lang='lat' dir='ltr'><strong>cujus</strong></span> <span class='ocrx_word' id='word_1_830' title='bbox 2289 4922 2652 4974; x_wconf 79' lang='lat' dir='ltr'><strong>ascensionem</strong></span> <span class='ocrx_word' id='word_1_831' title='bbox 2675 4922 2817 4974; x_wconf 83' lang='lat' dir='ltr'><strong>venit</strong></span> <span class='ocrx_word' id='word_1_832' title='bbox 2838 4921 3060 4986; x_wconf 88' lang='lat' dir='ltr'><strong>Spiritus</strong></span> <span class='ocrx_word' id='word_1_833' title='bbox 3083 4931 3296 4974; x_wconf 88' lang='lat' dir='ltr'><strong>sanctus</strong></span> 
     </span>
    </p>
   </div>
   <div class='ocr_carea' id='block_1_108' title="bbox 1744 5002 3297 5080">
    <p class='ocr_par' dir='ltr' id='par_1_108' title="bbox 1744 5002 3297 5080">
     <span class='ocr_line' id='line_1_108' title="bbox 1744 5002 3297 5080; baseline -0.003 -14"><span class='ocrx_word' id='word_1_834' title='bbox 1744 5027 1905 5080; x_wconf 82' lang='lat' dir='ltr'><strong>super</strong></span> <span class='ocrx_word' id='word_1_835' title='bbox 1933 5025 2048 5076; x_wconf 86' lang='lat' dir='ltr'><strong>eos,</strong></span> <span class='ocrx_word' id='word_1_836' title='bbox 2077 5022 2123 5064; x_wconf 88' lang='lat' dir='ltr'><strong>et</strong></span> <span class='ocrx_word' id='word_1_837' title='bbox 2159 5002 2501 5080; x_wconf 81' lang='lat' dir='ltr'><strong>apparuerunt</strong></span> <span class='ocrx_word' id='word_1_838' title='bbox 2528 5008 2632 5061; x_wconf 87' lang='lat' dir='ltr'><strong>illis</strong></span> <span class='ocrx_word' id='word_1_839' title='bbox 2667 5010 2944 5077; x_wconf 72' lang='lat' dir='ltr'><strong>dispartita?</strong></span> <span class='ocrx_word' id='word_1_840' title='bbox 2973 5010 3158 5080; x_wconf 75' lang='lat' dir='ltr'><strong>lingua:</strong></span> <span class='ocrx_word' id='word_1_841' title='bbox 3187 5021 3297 5064; x_wconf 79' lang='lat' dir='ltr'><strong>tan-</strong></span> 
     </span>
    </p>
   </div>
   <div class='ocr_carea' id='block_1_109' title="bbox 1742 5098 3297 5170">
    <p class='ocr_par' dir='ltr' id='par_1_109' title="bbox 1742 5098 3297 5170">
     <span class='ocr_line' id='line_1_109' title="bbox 1742 5098 3297 5170; baseline 0.001 -17"><span class='ocrx_word' id='word_1_842' title='bbox 1742 5117 1894 5170; x_wconf 85' lang='lat' dir='ltr'><strong>quam</strong></span> <span class='ocrx_word' id='word_1_843' title='bbox 1923 5102 2074 5169; x_wconf 85' lang='lat' dir='ltr'><strong>ignis,</strong></span> <span class='ocrx_word' id='word_1_844' title='bbox 2097 5101 2318 5166; x_wconf 85' lang='lat' dir='ltr'><strong>seditque</strong></span> <span class='ocrx_word' id='word_1_845' title='bbox 2346 5115 2503 5164; x_wconf 87' lang='lat' dir='ltr'><strong>supra</strong></span> <span class='ocrx_word' id='word_1_846' title='bbox 2532 5098 2753 5167; x_wconf 85' lang='lat' dir='ltr'><strong>singulos</strong></span> <span class='ocrx_word' id='word_1_847' title='bbox 2788 5114 2980 5152; x_wconf 85' lang='lat' dir='ltr'><strong>eorum.</strong></span> <span class='ocrx_word' id='word_1_848' title='bbox 3015 5099 3297 5155; x_wconf 82' lang='lat' dir='ltr'><strong>Videamus</strong></span> 
     </span>
    </p>
   </div>
   <div class='ocr_carea' id='block_1_110' title="bbox 1744 5179 3297 5258">
    <p class='ocr_par' dir='ltr' id='par_1_110' title="bbox 1744 5179 3297 5258">
     <span class='ocr_line' id='line_1_110' title="bbox 1744 5179 3297 5258; baseline 0.001 -16"><span class='ocrx_word' id='word_1_849' title='bbox 1744 5204 1910 5258; x_wconf 81' lang='lat' dir='ltr'><strong>quare</strong></span> <span class='ocrx_word' id='word_1_850' title='bbox 1942 5189 2180 5256; x_wconf 85' lang='lat' dir='ltr'><strong>primitus</strong></span> <span class='ocrx_word' id='word_1_851' title='bbox 2210 5179 2538 5242; x_wconf 81' lang='lat' dir='ltr'><strong>diversarum</strong></span> <span class='ocrx_word' id='word_1_852' title='bbox 2571 5191 2832 5240; x_wconf 89' lang='lat' dir='ltr'><strong>donantur</strong></span> <span class='ocrx_word' id='word_1_853' title='bbox 2872 5189 3162 5258; x_wconf 80' lang='lat' dir='ltr'><strong>linguarum</strong></span> <span class='ocrx_word' id='word_1_854' title='bbox 3203 5192 3297 5244; x_wconf 75' lang='lat' dir='ltr'><strong>bc-</strong></span> 
     </span>
    </p>
   </div>
   <div class='ocr_carea' id='block_1_111' title="bbox 1748 5276 3298 5353">
    <p class='ocr_par' dir='ltr' id='par_1_111' title="bbox 1748 5276 3298 5353">
     <span class='ocr_line' id='line_1_111' title="bbox 1748 5276 3298 5353; baseline 0.003 -23"><span class='ocrx_word' id='word_1_855' title='bbox 1748 5278 2095 5353; x_wconf 85' lang='lat' dir='ltr'><strong>nedictiones,</strong></span> <span class='ocrx_word' id='word_1_856' title='bbox 2124 5279 2367 5331; x_wconf 89' lang='lat' dir='ltr'><strong>nimirum</strong></span> <span class='ocrx_word' id='word_1_857' title='bbox 2401 5285 2455 5330; x_wconf 93' lang='lat' dir='ltr'><strong>ut</strong></span> <span class='ocrx_word' id='word_1_858' title='bbox 2495 5276 2668 5330; x_wconf 88' lang='lat' dir='ltr'><strong>idonei</strong></span> <span class='ocrx_word' id='word_1_859' title='bbox 2696 5278 3029 5332; x_wconf 83' lang='lat' dir='ltr'><strong>etlieerentur</strong></span> <span class='ocrx_word' id='word_1_860' title='bbox 3067 5278 3298 5334; x_wconf 82' lang='lat' dir='ltr'><strong>ﬁdelium</strong></span> 
     </span>
    </p>
   </div>
   <div class='ocr_carea' id='block_1_112' title="bbox 1747 5367 3299 5437">
    <p class='ocr_par' dir='ltr' id='par_1_112' title="bbox 1747 5367 3299 5437">
     <span class='ocr_line' id='line_1_112' title="bbox 1747 5367 3299 5437; baseline 0.001 -14"><span class='ocrx_word' id='word_1_861' title='bbox 1747 5371 2042 5423; x_wconf 87' lang='lat' dir='ltr'><strong>eruditione</strong></span> <span class='ocrx_word' id='word_1_862' title='bbox 2072 5370 2408 5437; x_wconf 88' lang='lat' dir='ltr'><strong>populorum.</strong></span> <span class='ocrx_word' id='word_1_863' title='bbox 2451 5367 2548 5432; x_wconf 89' lang='lat' dir='ltr'><strong>Qui</strong></span> <span class='ocrx_word' id='word_1_864' title='bbox 2587 5382 2711 5421; x_wconf 89' lang='lat' dir='ltr'><strong>vero</strong></span> <span class='ocrx_word' id='word_1_865' title='bbox 2750 5368 2798 5420; x_wconf 87' lang='lat' dir='ltr'><strong>itt</strong></span> <span class='ocrx_word' id='word_1_866' title='bbox 2834 5368 3067 5434; x_wconf 83' lang='lat' dir='ltr'><strong>singulos</strong></span> <span class='ocrx_word' id='word_1_867' title='bbox 3099 5371 3299 5424; x_wconf 82' lang='lat' dir='ltr'><strong>sedisse</strong></span> 
     </span>
    </p>
   </div>
   <div class='ocr_carea' id='block_1_113' title="bbox 1752 5462 3299 5530">
    <p class='ocr_par' dir='ltr' id='par_1_113' title="bbox 1752 5462 3299 5530">
     <span class='ocr_line' id='line_1_113' title="bbox 1752 5462 3299 5530; baseline 0.006 -19"><span class='ocrx_word' id='word_1_868' title='bbox 1752 5473 2098 5526; x_wconf 89' lang='lat' dir='ltr'><strong>memoratur,</strong></span> <span class='ocrx_word' id='word_1_869' title='bbox 2140 5463 2186 5515; x_wconf 92' lang='lat' dir='ltr'><strong>id</strong></span> <span class='ocrx_word' id='word_1_870' title='bbox 2224 5477 2396 5514; x_wconf 72' lang='lat' dir='ltr'><strong>causm</strong></span> <span class='ocrx_word' id='word_1_871' title='bbox 2432 5471 2514 5513; x_wconf 88' lang='lat' dir='ltr'><strong>est</strong></span> <span class='ocrx_word' id='word_1_872' title='bbox 2549 5471 2600 5513; x_wconf 91' lang='lat' dir='ltr'><strong>ttt</strong></span> <span class='ocrx_word' id='word_1_873' title='bbox 2645 5462 2957 5528; x_wconf 83' lang='lat' dir='ltr'><strong>intelligatur</strong></span> <span class='ocrx_word' id='word_1_874' title='bbox 2997 5479 3087 5530; x_wconf 91' lang='lat' dir='ltr'><strong>per</strong></span> <span class='ocrx_word' id='word_1_875' title='bbox 3127 5465 3299 5530; x_wconf 82' lang='lat' dir='ltr'><strong>plures</strong></span> 
     </span>
    </p>
   </div>
   <div class='ocr_carea' id='block_1_114' title="bbox 1750 5549 3299 5616">
    <p class='ocr_par' dir='ltr' id='par_1_114' title="bbox 1750 5549 3299 5616">
     <span class='ocr_line' id='line_1_114' title="bbox 1750 5549 3299 5616; baseline -0.001 -14"><span class='ocrx_word' id='word_1_876' title='bbox 1750 5567 1849 5602; x_wconf 85' lang='lat' dir='ltr'><strong>non</strong></span> <span class='ocrx_word' id='word_1_877' title='bbox 1872 5551 2032 5604; x_wconf 78' lang='lat' dir='ltr'><strong>fuisse</strong></span> <span class='ocrx_word' id='word_1_878' title='bbox 2053 5551 2272 5614; x_wconf 83' lang='lat' dir='ltr'><strong>divisus,</strong></span> <span class='ocrx_word' id='word_1_879' title='bbox 2294 5552 2548 5603; x_wconf 81' lang='lat' dir='ltr'><strong>mansisse</strong></span> <span class='ocrx_word' id='word_1_880' title='bbox 2571 5551 2621 5602; x_wconf 91' lang='lat' dir='ltr'><strong>in</strong></span> <span class='ocrx_word' id='word_1_881' title='bbox 2644 5549 2861 5616; x_wconf 76' lang='lat' dir='ltr'><strong>singulis</strong></span> <span class='ocrx_word' id='word_1_882' title='bbox 2879 5559 3038 5612; x_wconf 89' lang='lat' dir='ltr'><strong>totus,</strong></span> <span class='ocrx_word' id='word_1_883' title='bbox 3058 5552 3146 5604; x_wconf 88' lang='lat' dir='ltr'><strong>sed</strong></span> <span class='ocrx_word' id='word_1_884' title='bbox 3166 5554 3299 5608; x_wconf 85' lang='lat' dir='ltr'><strong>sicut</strong></span> 
     </span>
    </p>
   </div>
   <div class='ocr_carea' id='block_1_115' title="bbox 1752 5639 3299 5707">
    <p class='ocr_par' dir='ltr' id='par_1_115' title="bbox 1752 5639 3299 5707">
     <span class='ocr_line' id='line_1_115' title="bbox 1752 5639 3299 5707; baseline 0.003 -16"><span class='ocrx_word' id='word_1_885' title='bbox 1752 5639 1862 5693; x_wconf 73' lang='lat' dir='ltr'><strong>ﬁeri</strong></span> <span class='ocrx_word' id='word_1_886' title='bbox 1909 5641 2111 5707; x_wconf 77' lang='lat' dir='ltr'><strong>ignibus</strong></span> <span class='ocrx_word' id='word_1_887' title='bbox 2149 5655 2262 5695; x_wconf 87' lang='lat' dir='ltr'><strong>mos</strong></span> <span class='ocrx_word' id='word_1_888' title='bbox 2291 5648 2400 5704; x_wconf 89' lang='lat' dir='ltr'><strong>est,</strong></span> <span class='ocrx_word' id='word_1_889' title='bbox 2441 5640 2574 5693; x_wconf 89' lang='lat' dir='ltr'><strong>hanc</strong></span> <span class='ocrx_word' id='word_1_890' title='bbox 2613 5639 2750 5692; x_wconf 86' lang='lat' dir='ltr'><strong>enim</strong></span> <span class='ocrx_word' id='word_1_891' title='bbox 2784 5648 2839 5692; x_wconf 90' lang='lat' dir='ltr'><strong>ut</strong></span> <span class='ocrx_word' id='word_1_892' title='bbox 2879 5641 3116 5692; x_wconf 83' lang='lat' dir='ltr'><strong>novimus</strong></span> <span class='ocrx_word' id='word_1_893' title='bbox 3148 5643 3299 5697; x_wconf 75' lang='lat' dir='ltr'><strong>habet</strong></span> 
     </span>
    </p>
   </div>
  </div>
