3842 6226
507 358 575 410 9.5
1798 353 2147 411 PASCilASll
2189 353 2457 409 DIACONI
3666 355 3727 408 Et

508 481 749 525 tiatntatn
780 473 914 540 ignis
942 487 1217 534 accensus,
1251 483 1304 524 ιιι
1331 474 1511 539 quanti
1542 472 1604 523 ad
1631 485 1772 534 eum,
1802 470 1980 537 quanti
2009 468 2071 520 ad
2104 457 2150 526 Ᾱ
2182 476 2287 528 tur,
2315 479 2363 521 et
2390 470 2618 535 Spiritus
2639 477 2851 522 sanctus
2875 469 3160 537 procedere
3180 468 3533 536 signiﬁcatur?
3562 467 3623 519 Si
3652 484 3726 519 re-

505 562 708 613 crinem
739 563 985 629 purpurei
1017 562 1311 629 splendoris
1343 562 1681 630 aspexerint,
1727 562 1885 613 tantis
1915 575 2065 613 usum

506 666 617 706 suae
647 653 777 706 lucis
816 653 1108 720 itnpartiat,
1140 652 1299 705 lanulis
1327 651 1675 705 miniSIerium
1712 652 1795 705 sui
1834 650 2068 704 muneris

456 770 459 771 ν
506 741 724 808 tribuat,
757 751 809 795 et
839 740 1180 793 nihilominus
1209 742 1259 793 in
1288 742 1369 793 sui
1402 741 1704 809 integritate
1733 748 2067 806 permaneat:

510 832 581 887 Ita
609 834 779 887 sancti
800 832 1027 900 Spiritus
1054 835 1221 887 virtus
1246 832 1637 900 quantumlibet
1673 831 1874 899 el'lluat,
1904 846 2070 900 quan-

510 922 749 975 tumlibet
787 922 837 975 in
875 922 1129 990 plurimos
1157 923 1318 991 gratia
1347 910 1541 975 divina:
1578 922 1834 991 largitatis
1875 922 2073 975 exube-

510 1023 619 1075 ret,
663 1013 799 1065 sicut
840 1013 1035 1065 nullam
1083 1014 1331 1082 probatur
1365 1013 1601 1080 recipere
1636 1027 1960 1075 mensuram,
1998 1012 2069 1065 ita

510 1106 705 1157 nullam
748 1106 913 1158 sensit
950 1120 1258 1171 expensam.
1299 1103 1531 1157 Adverte
1567 1103 1733 1157 Deum
1761 1119 1823 1156 ex
1852 1118 2071 1171 operum

506 1195 781 1263 dignitate.
820 1196 1059 1265 Apostoli
1101 1195 1241 1263 pleni
1274 1193 1474 1263 Spiritu
1514 1205 1698 1248 sancto
1741 1209 1832 1260 per
1862 1208 2071 1247 omnem

510 1288 763 1340 mundum
814 1288 1090 1339 thesauros
1136 1285 1322 1338 salutis
1367 1286 1668 1353 erogaturi,
1717 1285 1935 1339 ewleste
1976 1283 2077 1336 hoc

511 1393 701 1429 mimus
728 1380 778 1429 in
810 1392 867 1430 se
889 1375 1285 1438 circumferunt,
1310 1374 1361 1427 in
1390 1376 1524 1428 alios
1550 1375 1791 1427 manibus
1818 1373 2078 1439 impositis

454 1449 458 1453 ’
509 1466 854 1520 transferunt.
881 1464 1276 1531 Accipientibus
1303 1464 1421 1517 sine
1450 1464 1645 1516 damno
1673 1465 1825 1515 datur
1853 1463 2078 1530 largien-

507 1553 597 1613 tis.
627 1552 979 1608 Credentibus
1008 1564 1149 1609 totus
1179 1555 1427 1617 traditur,
1451 1562 1506 1607 et
1531 1561 1671 1606 totus
1696 1568 1723 1603 a
1752 1552 2078 1605 tradentibus

508 1643 836 1713 possidetur,
868 1643 1136 1699 inlusione
1171 1643 1288 1712 ejus
1327 1644 1604 1697 universus
1632 1643 1776 1695 orbis
1807 1641 2076 1710 impletur,

507 1737 625 1791 sine
663 1736 956 1791 attentione
984 1735 1254 1802 dilatatur,
1297 1735 1413 1789 sine
1442 1735 1704 1788 divisione
1733 1734 2075 1800 diSpergitur.

2169 560 2354 627 quiras
2403 560 2529 628 quid
2562 561 2698 613 inter
2729 569 3032 613 nascentem
3063 569 3115 612 et
3147 558 3517 623 procedentem
3548 557 3729 615 distet.

2169 652 2446 705 evidenter
2472 650 2572 705 hoc
2600 652 2846 715 interest,
2870 652 2994 719 quia
3024 652 3122 704 iste
3149 666 3212 704 ex
3236 666 3343 704 uno
3373 650 3629 712 nascitur,
3654 650 3736 701 ille

2168 755 2233 793 ex
2267 749 2493 809 utroque
2531 741 2889 809 progreditur.
2931 741 3063 806 Quia
3102 755 3229 809 ergo
3265 740 3493 807 Spiritus
3526 750 3736 793 sanctus

2170 845 2200 883 a
2224 831 2383 885 Patre
2417 833 2679 900 procedit,
2714 834 2812 885 tria
2848 832 2899 885 in
2926 847 2991 886 eo
3019 833 3295 901 privilegia
3325 832 3535 885 deitatis
3560 840 3739 884 osten-

2170 922 2278 988 dit,
2309 924 2359 977 id
2390 934 2475 978 est
2502 933 2559 978 ut
2598 926 2649 978 in
2684 940 2910 994 persona
2940 938 3031 978 sua
3061 925 3385 990 subsistere,
3415 935 3468 980 et
3491 925 3609 978 sine
3639 926 3739 978 n'lo

2174 1016 2431 1081 temporis
2461 1018 2636 1081 spatio
2668 1029 2999 1083 permanere,
3030 1024 3083 1068 et
3112 1014 3332 1068 omnino
3359 1030 3421 1069 ex
3449 1015 3739 1067 substantia

2175 1101 2353 1157 Patris
2384 1105 2639 1172 probetur
2671 1106 2921 1158 existere.
2970 1104 3101 1157 Dum
3133 1119 3258 1171 ergo
3286 1104 3572 1170 procedere
3600 1117 3743 1155 corn-

2176 1202 2523 1256 memoratur,
2554 1195 2666 1261 ipsa
2694 1195 3016 1261 proprietate
3046 1195 3330 1257 sermonis,
3360 1195 3513 1246 nullis
3542 1204 3741 1259 tempo-

2176 1296 2291 1333 rum
2333 1283 2536 1348 legibus
2577 1285 2961 1351 circumscribi,
3000 1285 3093 1337 sed
3137 1286 3287 1337 initio
3324 1296 3371 1337 et
3420 1284 3519 1337 line
3559 1298 3743 1336 carere

2175 1389 2205 1427 c
2242 1369 2531 1442 gnoseitur.
2571 1377 2637 1429 Et
2664 1378 2785 1444 quia
2819 1377 3043 1445 legimus
3074 1392 3089 1430 ε
3122 1376 3231 1447 Ego
3258 1393 3369 1430 sum
3396 1378 3482 1444 qui
3507 1391 3647 1439 sum,
3674 1386 3743 1435 et,

2176 1463 2263 1531 qui
2294 1473 2366 1516 est
2397 1460 2527 1517 misit
2559 1481 2634 1517 me
2671 1462 2869 1531 (Exod.
2898 1466 2999 1533 In).
3044 1465 3154 1518 Hoc
3192 1464 3437 1518 similiter
3472 1464 3664 1516 indicat
3699 1472 3747 1513 ι·ι

2178 1554 2436 1621 procedit.
2473 1554 2601 1609 Esse
2630 1556 2771 1610 enim
2806 1567 2856 1608 et
2886 1557 3199 1624 procedere.
3232 1547 3389 1608 unius
3415 1554 3745 1619 sempiterni-

2180 1645 2302 1698 tatis
2327 1646 2619 1713 expressio.
2654 1647 2789 1716 Ergo
2832 1649 2944 1715 ipsa
2980 1648 3275 1715 processio,
3319 1662 3417 1700 nec
3456 1647 3629 1713 prima
3658 1659 3748 1697 nec

2181 1748 2420 1789 extrema
2460 1740 2793 1806 contingens,
2830 1738 2960 1791 nulli
3009 1738 3089 1791 vel
3138 1738 3395 1805 principio
3443 1737 3747 1803 intelligitur

508 1827 565 1880 lu
604 1827 692 1881 illa
728 1826 1030 1893 specialiter
1060 1824 1420 1878 sacratissima
1462 1822 1882 1893 regenerationis
1922 1830 2077 1876 nocte
2107 1820 2154 1879 B
2182 1825 2460 1892 subiacere
2490 1828 2571 1879 vel
2605 1828 2849 1880 termino.
2890 1826 3005 1881 Non
3037 1844 3165 1895 ergo
3205 1828 3328 1881 idco
3369 1827 3594 1880 localem
3635 1840 3747 1878 esse

509 1918 576 1971 ab
589 1916 809 1972 Oriente
827 1918 878 1971 in
901 1914 1261 1979 Occidentem,
1291 1930 1318 1966 a
1347 1914 1475 1967 solis
1496 1924 1613 1967 ortu
1643 1929 1805 1980 usque
1834 1914 1895 1965 ad
1923 1928 2075 1966 occa-

508 2022 645 2069 sum,
670 2008 737 2060 ab
758 2007 1003 2076 aquilone
1032 2014 1086 2059 et
1108 2005 1262 2069 mari,
1288 2004 1479 2073 ubique
1501 2004 1638 2057 idem
1660 2005 1912 2068 Spiritus,
1942 2018 2077 2057 unus

507 2107 562 2151 et
601 2098 785 2164 plenus
812 2105 1084 2162 operatur,
1118 2110 1213 2163 per
1248 2094 1427 2146 omnia
1470 2106 1704 2161 prmsens
1731 2103 1832 2157 est,
1866 2094 2077 2145 invoca-

509 2186 651 2241 tione
676 2187 926 2251 creditur,
953 2184 1325 2239 benedictione
1351 2185 1598 2246 sentitur,
1624 2182 1912 2235 innumerre
1937 2184 2075 2235 inul-

507 2279 762 2333 titndincs
782 2293 894 2348 μιιο
924 2277 1189 2346 baptismo
1215 2276 1491 2329 diluuntur
1511 2283 1583 2339 et,
1618 2286 1673 2327 ut
1700 2274 1833 2327 dixit
1853 2277 2079 2341 Aposto-

509 2370 613 2435 lus,
633 2386 733 2423 uno
751 2369 951 2437 Spiritu
969 2378 1224 2437 palantur,
1246 2369 1297 2421 in
1322 2382 1482 2421 unum
1504 2368 1800 2435 adoptantis
1819 2368 2076 2434 gremium

508 2470 881 2514 renascuntur.
910 2459 976 2511 Et
998 2458 1120 2512 ideo
1141 2458 1278 2511 dixit
1301 2457 1441 2511 Deus
1465 2473 1480 2510 :
1505 2455 1570 2508 In
1592 2456 1765 2509 diebus
1796 2457 1898 2510 illis
1916 2456 2081 2523 effun-

509 2550 627 2601 dam
642 2548 704 2601 de
716 2548 916 2613 Spiritu
936 2564 1045 2601 meo
1065 2564 1212 2617 super
1230 2563 1425 2599 omnem
1447 2562 1667 2599 carnem.
1688 2546 1917 2601 Adverte
1938 2547 2079 2615 quod

510 2637 644 2690 dixit
666 2653 679 2687 :
703 2636 964 2703 e/Tundam
985 2637 1044 2687 de
1060 2635 1259 2704 Spiritu
1282 2650 1408 2699 meo,
1434 2645 1486 2687 et
1510 2650 1612 2685 non
1630 2634 1762 2687 dixit
1783 2650 1795 2685 :
1816 2634 2079 2688 eli'undam

509 2728 764 2793 Spiritum
798 2742 995 2790 meum,
1028 2726 1079 2779 id
1108 2736 1190 2779 est
1217 2735 1417 2778 tantum
1443 2725 1511 2778 de
1540 2740 1605 2777 eo
1633 2736 1886 2793 quantum
1914 2728 2081 2793 possit

511 2822 741 2875 mundus
777 2820 1023 2887 accipere
1057 2817 1433 2886 dispensando.
1490 2817 1645 2871 Vides
1684 2818 1821 2885 quod
1866 2833 1893 2869 a
1925 2818 2080 2872 Patre

512 2910 814 2979 egreditur,
853 2924 949 2961 nec
995 2917 1167 2961 tamen
1208 2921 1237 2959 a
1272 2907 1425 2961 Patre
1464 2911 1761 2974 separatur,
1801 2909 2077 2970 emittitur.

510 3012 566 3056 et
610 3017 715 3055 non
764 2999 1043 3059 amittitur.
1084 2998 1370 3052 effunditur
1415 3008 1470 3053 et
1512 2999 1789 3063 retinetur,
1821 3011 1874 3053 et
1927 3001 1978 3053 in
2014 3015 2080 3055 eo

511 3096 652 3166 quod
679 3093 875 3148 ellundi
907 3093 1114 3162 legitur,
1142 3090 1448 3160 magnitudo
1472 3092 1813 3160 plenitudinis
1836 3091 2076 3145 declara-

512 3196 618 3243 tur.
644 3185 799 3240 Liber
814 3185 1086 3240 Geucseus
1109 3181 1247 3237 sacri
1271 3182 1554 3236 voluminis
1577 3190 1800 3237 testatur
1822 3183 2073 3237 exordio:
2104 3157 2150 3223 Ο

517 3278 741 3350 Spiritus
761 3290 937 3331 autem
956 3276 1157 3329 Domini
1174 3277 1430 3343 ferebatur
1449 3291 1598 3339 super
1613 3291 1791 3343 aquas,
1812 3276 2082 3342 ferebatur,

515 3371 705 3438 inquit,
727 3385 877 3439 super
898 3385 1058 3436 aquas
1081 3366 1229 3437 (Gen.
1257 3366 1330 3435 ι);
1358 3380 1538 3420 sermo
1566 3366 1679 3432 ipse
1709 3366 2081 3418 abundantiam

517 3461 757 3514 universa
781 3460 1120 3525 complentis,
1144 3467 1198 3510 et
1219 3457 1562 3510 eminentiam
1586 3455 1793 3508 videtur
1813 3457 2084 3523 assignare

518 3554 861 3608 dominantis.
891 3552 1163 3620 Propriam
1194 3536 1570 3617 quoque'lianc
1595 3548 1710 3616 ejus
1740 3548 2084 3618 magniﬁcen-

519 3643 666 3704 tiam,
698 3643 856 3695 nullis
892 3641 1127 3694 locorum
1163 3638 1347 3707 spatiis
1371 3639 1825 3705 circumscriptam
1860 3639 1971 3706 pari
2002 3646 2082 3690 at-

520 3730 807 3785 testatinne
834 3729 1171 3783 cencelebrat
1197 3728 1381 3782 dicens
1423 3744 1437 3780 :
1475 3728 1585 3793 Quo
1623 3728 1705 3779 ibo
1734 3744 1762 3778 a
1789 3728 1971 3795 spiritu
1999 3736 2085 3779 tuo

522 3820 696 3892 (Psal.
727 3826 1012 3886 cxxxvnt),
1054 3822 1153 3873 hoc
1191 3830 1274 3873 est
1314 3820 1402 3872 ubi
1434 3833 1517 3871 me
1547 3817 1864 3871 abscondam
1902 3833 1929 3866 a
1960 3832 2087 3870 con-

522 3921 704 3981 spectu
732 3912 1041 3979 ejus,quem
1073 3919 1263 3976 praesto
1285 3924 1401 3962 esse
1428 3924 1522 3975 per
1542 3908 1743 3971 omnia,
1769 3906 1818 3959 id
1845 3916 1927 3958 est
1951 3907 2085 3959 intra

523 4010 781 4069 extraque
820 4016 923 4052 non
972 4000 1214 4065 ambigo,
1254 3999 1402 4065 cujus
1439 3998 1648 4049 oculum
1680 3995 1897 4062 abyssos
1928 4009 2089 4061 pene-

524 4100 776 4153 trantem,
802 4090 935 4142 intra
966 4098 1167 4141 secreta
1198 4088 1299 4139 mei
1341 4086 1567 4153 pectoris
1591 4084 1898 4145 reformido,
1937 4084 2088 4151 cujus

523 4180 822 4251 przcsentiae
844 4180 1084 4231 universa
1106 4194 1222 4246 qua:
1243 4176 1481 4230 condidit
1502 4174 1779 4241 subjacere
1799 4173 2088 4242 cognosco?

529 4271 606 4324 De
633 4286 739 4338 quo
767 4270 885 4337 quia
924 4270 1057 4336 ignis
1086 4282 1401 4323 consumens
1432 4274 1543 4328 est,
1579 4262 1779 4318 dictum
1814 4262 2089 4317 evidenter

527 4361 780 4427 intelligo,
809 4374 897 4411 nec
924 4367 995 4409 est
1025 4358 1109 4424 qui
1138 4372 1190 4407 se
1220 4354 1493 4405 abscondat
1522 4370 1553 4404 a
1580 4354 1749 4404 calore
1778 4354 1889 4421 ejus
1919 4351 2087 4421 (Psal.

528 4449 700 4517 xvm).
743 4448 903 4513 Cujus
946 4443 1222 4498 inellabilis
1261 4441 1565 4509 magnitudo
1594 4442 1848 4509 profunda
1894 4441 2090 4495 infero-

530 4554 667 4603 rum,
694 4538 879 4591 dill‘usa
906 4537 1177 4600 ﬂuctuum,
1202 4543 1412 4586 extenta
1437 4543 1719 4593 terrarum,
1747 4536 1951 4587 excelsa
1978 4547 2088 4587 ca:-

530 4630 699 4683 lorum
733 4630 920 4689 intrat,
952 4623 1163 4691 implet,
1196 4622 1423 4675 excedit.
1470 4622 1602 4675 Mitti
1633 4637 1662 4674 a
1690 4623 1844 4674 Patre
1875 4631 1927 4675 et
1956 4620 2089 4675 Filio

532 4721 745 4779 dicitur,
773 4726 825 4771 et
853 4716 917 4768 de
943 4715 1176 4782 ipsorum
1203 4712 1489 4765 substantia
1521 4711 1825 4779 procedere,
1850 4724 1899 4766 et
1928 4729 2087 4766 unum

533 4825 653 4863 cum
683 4810 761 4860 eis
800 4821 929 4874 opus
967 4818 1122 4871 agere
1152 4800 1495 4870 dignoscitur,
1534 4811 1589 4855 et
1616 4812 1895 4871 prepterea
1930 4803 2089 4856 Filius

534 4900 602 4952 de
620 4913 684 4952 eo
704 4898 826 4959 dicit
854 4915 863 4947 :
886 4894 1181 4947 Paracletus
1202 4893 1337 4961 quia
1362 4892 1514 4944 Patre
1532 4892 1754 4961 procedit
1777 4892 1954 4962 (loan.
1975 4894 2089 4961 xv).

535 4991 649 5043 Non
672 4988 804 5041 dixit
819 4986 906 5054 qui
928 5000 957 5037 a
982 4985 1134 5038 Patre
1154 4980 1363 5038 creatus
1384 4994 1487 5046 est,
1513 4984 1605 5037 sed
1627 5000 1657 5034 a
1677 4982 1825 5034 Patre
1847 4985 2092 5052 procedit,
2122 4978 2123 4981 “

537 5081 585 5133 id
610 5088 690 5130 est
710 5078 777 5129 de
798 5086 1028 5143 paterna:
1050 5075 1300 5128 societate
1322 5073 1587 5140 potentire,
1610 5081 1664 5125 et
1686 5074 1750 5125 de
1774 5075 2093 5141 proprietate

539 5180 757 5221 naturai.
804 5165 908 5218 Sed
934 5181 993 5216 es
1030 5166 1144 5230 ipso
1174 5176 1455 5225 sermone,
1498 5176 1617 5213 cum
1647 5161 1853 5214 dicatur
1883 5180 1909 5214 a
1940 5164 2097 5217 Patre

541 5258 848 5325 procedere,
874 5255 1167 5309 ostenditur
1188 5270 1303 5307 eum
1332 5255 1486 5308 Patre
1507 5253 1712 5308 initium
1742 5269 1842 5306 non
1874 5255 2094 5310 habere.

544 5347 673 5411 Qud
703 5357 781 5400 est
809 5355 1003 5408 autem,
1028 5344 1165 5411 quod
1194 5358 1255 5397 ex
1283 5344 1389 5397 Deo
1416 5342 1570 5398 l’atrc
1600 5342 1745 5396 nasci
1776 5343 1941 5398 Filius
1968 5344 2098 5399 dici-

2175 1915 2466 1981 credimus,
2494 1917 2617 1983 quia
2652 1916 2783 1969 mitti
2811 1932 2930 1969 eum
2964 1933 2991 1968 a
3023 1916 3175 1970 Patre
3211 1932 3274 1969 ex
3320 1917 3543 1969 lectione
3575 1927 3747 1979 perce-

2179 2006 2375 2073 pimus,
2406 2020 2523 2058 nam
2562 2017 2611 2059 et
2642 2007 2709 2059 de
2737 2006 2892 2060 Patre
2926 2016 2979 2059 et
3000 2004 3133 2058 Filio
3164 2004 3412 2073 legimus,
3444 2003 3583 2072 quod
3617 2004 3747 2053 \‘clnt

2177 2096 2403 2163 quodam
2426 2105 2572 2149 motu
2610 2095 2934 2149 descendant
2971 2111 3033 2150 ac
3063 2097 3294 2148 veniant.
3325 2094 3609 2149 Videamus
3647 2096 3746 2145 ubi.

2178 2189 2289 2260 Ego
2329 2191 2542 2261 (inquit)
2573 2202 2617 2243 et
2659 2189 2812 2243 Pater
2842 2190 3129 2255 veniemus,
3178 2192 3221 2242 et
3261 2188 3578 2241 mansionem
3621 2194 3749 2256 apud
3810 2198 3811 2205 ‘

2178 2296 2291 2333 cum
2311 2280 2747 2350 faciemuonan.
2774 2280 2904 2349 xrv).
2945 2280 3011 2333 Et
3039 2281 3251 2345 iterum,
3281 2295 3403 2333 cum
3428 2280 3673 2347 gigantes
3702 2278 3747 2329 in
3812 2320 3813 2329 χ

2178 2372 2370 2425 εωιιιιιι
2418 2371 2729 2425 molirentur
2772 2370 2960 2423 turrim
3020 2371 3260 2439 erigere,
3310 2369 3482 2423 Patris
3530 2383 3747 2436 persona

2180 2462 2411 2528 loquitur
2439 2477 2452 2513 :
2505 2460 2679 2515 Venite
2702 2468 2748 2514 et
2775 2462 3147 2529 confundamus
3174 2461 3377 2529 linguas
3403 2476 3576 2514 eorum
3602 2458 3745 2527 (Gen.
3814 2518 3815 2525 η

2181 2551 2280 2619 xi).
2314 2551 2407 2604 llic
2435 2566 2562 2617 ergo
2592 2566 2684 2615 per
2718 2551 3002 2605 verborum
3036 2560 3339 2604 nostrorum
3366 2564 3549 2611 sonos,
3579 2549 3747 2603 sensi-

2181 2641 2277 2695 bus
2309 2641 2504 2695 nostris
2529 2656 2708 2707 rerum
2732 2641 3020 2696 efficientia
3046 2643 3464 2695 demonstratur.
3490 2640 3749 2693 (la-terum

2182 2731 2403 2784 localem
2433 2739 2632 2783 motum
2658 2731 2833 2785 virtus
2856 2731 3032 2783 divina
3058 2746 3162 2784 non
3187 2732 3402 2797 patitur,
3427 2744 3545 2798 qua:
3574 2743 3673 2783 nec
3693 2742 3747 2780 es

2180 2836 2339 2874 cursu
2378 2832 2567 2888 agente
2608 2821 2844 2885 advenit,
2882 2836 2981 2875 nec
3017 2836 3234 2875 recursu
3268 2821 3484 2877 labente
3511 2820 3748 2874 discedit.

2179 2913 2278 2978 Qui
2329 2926 2447 2964 cum
2492 2912 2699 2965 excedit
2741 2913 2950 2973 omnia,
2994 2926 3099 2977 quo
3141 2911 3377 2965 recedit?
3433 2910 3508 2965 De
3555 2910 3749 2974 Spiritu

2178 3012 2363 3054 sancto
2392 3001 2673 3054 didicimus
2704 3001 2968 3054 lectione:
3005 2999 3233 3053 Ecclesia
3252 3010 3421 3053 anilem
3449 3016 3625 3068 pacem
3657 2999 3745 3049 Isa-

2184 3097 2323 3149 bebat
2352 3111 2437 3165 per
2466 3105 2623 3148 totam
2655 3093 2893 3147 Judrzam
2934 3094 3202 3145 ambulans
3231 3094 3285 3145 in
3316 3098 3495 3145 timore
3524 3082 3759 3151 Domini,

2185 3198 2229 3241 et
2260 3187 2600 3241 consolatione
2630 3185 2855 3253 Spiritus
2884 3184 3042 3237 sancti
3070 3183 3359 3247 replebatur
3400 3182 3535 3251 (Act.
3560 3180 3658 3249 ιι).
3696 3182 3752 3232 Et

2184 3281 2451 3347 quomodo
2478 3279 2615 3331 inter
2639 3277 2753 3330 inec
2779 3292 2899 3330 eum
2931 3276 3150 3329 localem
3174 3275 3452 3342 quisquam
3482 3271 3756 3341 praesumit

2186 3383 2426 3422 asserere
2452 3380 2591 3420 creat
2603 3382 2771 3434 uram,
2795 3365 2883 3433 qui
2911 3366 3128 3418 inﬁnita:
3153 3362 3510 3417 multitudinis
3531 3362 3753 3427 implere

2185 3457 2436 3525 probatur
2464 3456 2754 3507 Ecclesium
2777 3493 2792 3516 ,
2824 3462 2882 3504 ut
2906 3463 2962 3506 et
2989 3451 3054 3505 ad
3087 3453 3258 3519 ipsum
3286 3452 3560 3519 pertinere
3590 3448 3753 3501 niani.

2184 3545 2377 3601 festum
2392 3544 2460 3597 sit
2475 3542 2613 3611 quod
2634 3542 2919 3609 Apostolus
2934 3540 3063 3593 dicit
3086 3557 3099 3590 :
3125 3539 3278 3591 Pater
3295 3537 3751 3591 misericordium

2185 3648 2231 3690 et
2260 3636 2395 3689 Deus
2438 3634 2588 3686 totius
2636 3631 2993 3685 consolationis
3031 3627 3083 3698 (1
3114 3627 3235 3681 Cor.
3269 3628 3351 3695 t)?
3391 3627 3661 3682 Habemus
3706 3625 3752 3675 in

2187 3726 2392 3794 psalmo
2418 3740 2429 3775 :
2450 3722 2702 3775 Fluminis
2721 3721 2932 3786 impetus
2955 3719 3177 3783 lwtiﬁcat
3200 3717 3446 3769 civitatem
3465 3714 3560 3767 Dei
3583 3713 3748 3783 (Psal.

2185 3818 2336 3885 xtv).
2360 3815 2487 3882 Quis
2507 3823 2589 3867 est
2612 3814 2711 3865 iste
2738 3810 2967 3863 ﬂuminis
2990 3810 3237 3888 impetus,
3267 3806 3364 3859 nisi
3389 3806 3475 3859 ille
3502 3804 3747 3857 nimirum

2185 3907 2253 3959 de
2274 3920 2379 3972 quo
2399 3904 2526 3955 dicit
2542 3902 2797 3953 Dominus
2820 3914 2916 3965 per
2940 3897 3196 3952 Joannem
3224 3911 3237 3946 :
3266 3894 3364 3960 Qui
3387 3895 3546 3948 credit
3574 3895 3627 3947 in
3650 3908 3741 3955 ure,

2186 3994 2399 4064 ﬂumina
2424 3991 2485 4042 de
2508 3998 2676 4041 ventre
2700 3990 2807 4054 ejus
2834 3987 2989 4053 ﬂuent
3018 4000 3164 4053 aqua:
3187 3985 3345 4037 vita!
3367 3983 3478 4035 Hoc
3505 3984 3636 4035 dixit
3660 3981 3750 4032 Do-

2187 4084 2351 4137 minus
2375 4079 2526 4133 Jesus
2555 4079 2615 4131 de
2648 4077 2845 4145 Spiritu
2872 4091 3019 4144 quem
3048 4074 3304 4139 accepturi
3333 4082 3473 4126 erant
3502 4072 3748 4124 credentes

2189 4174 2241 4225 in
2285 4188 2398 4225 eum
2438 4169 2706 4238 (learnt).
2774 4165 2904 4219 \‘ide
2955 4164 3395 4232 magniﬁcentiam
3441 4162 3747 4230 maiestatis.

2188 4262 2279 4317 Sic
2310 4263 2361 4315 in
2394 4262 2550 4314 terris
2579 4258 2827 4312 tribuitur
2850 4256 3105 4310 Ecclesia:
3134 4254 3248 4317 Dei,
3274 4264 3329 4306 ut
3356 4262 3539 4305 tamen
3570 4253 3621 4304 in
3649 4266 3746 4303 cm~

2192 4354 2261 4407 lis
2283 4352 2515 4406 latilicet
2533 4350 2798 4403 civitatem
2825 4347 2942 4411 Dei,
2971 4346 3022 4399 id
3045 4356 3125 4400 est
3146 4359 3426 4411 regnorum
3453 4342 3743 4397 rmlestiuui

2194 4442 2354 4504 cives,
2380 4452 2624 4507 supernae
2652 4437 2851 4491 militia)
2878 4436 3122 4503 populos,
3154 4432 3499 4501 principatus,
3526 4438 3745 4498 potesta-

2195 4540 2274 4585 tes
2308 4544 2369 4582 ae
2412 4527 2822 4586 dominationes,
2861 4523 3210 4577 ineliabilibus
3251 4520 3456 4589 gaudiis
3502 4534 3598 4587 pro
3625 4533 3747 4572 con-

2195 4620 2412 4677 scientia
2438 4628 2651 4672 :eternae
2677 4599 3016 4669 beatitudinis
3045 4613 3248 4680 irrigat,
3272 4623 3326 4665 et
3351 4611 3599 4664 ubertate
3623 4606 3743 4661 [atti-

2196 4712 2280 4765 tiaa
2306 4706 2656 4764 exundantius
2686 4704 2943 4769 inebriat,
2985 4709 3300 4755 concentum
3336 4699 3453 4753 ειειί
3493 4700 3546 4752 in
3581 4695 3743 4751 exsul.

2197 4803 2395 4855 latione
2441 4804 2681 4850 torrente
2732 4808 2843 4847 sua:
2889 4790 3324 4845 sanctiﬁcationis
3354 4789 3659 4843 exsuscitat.
3691 4784 3743 4836 Si

2197 4893 2311 4945 base
2352 4898 2490 4942 tanta
2536 4902 2629 4953 per
2672 4884 2902 4951 aliquam
2944 4888 3237 4934 creaturam
3269 4879 3454 4931 donari
3496 4874 3740 4944 epineris,

2200 4979 2391 5033 divina:
2439 4973 2686 5041 potentia:
2730 4970 2993 5039 proprium
3038 4968 3165 5020 nihil
3215 4966 3493 5034 relinquis.
3549 4964 3600 5018 Si
3642 4964 3740 5014 hare

2201 5066 2459 5137 (inquam)
2492 5080 2586 5131 per
2614 5062 2839 5129 aliquam
2869 5058 3139 5111 existimas
3167 5057 3573 5117 creaturam,-in
3597 5066 3739 5119 ange-

2199 5160 2365 5211 lorum
2409 5167 2460 5209 et
2504 5152 2941 5217 arcliangelortnu
2998 5147 3169 5200 tendis
3220 5147 3463 5215 injuriam
3491 5189 3506 5212 ,
3569 5146 3739 5212 quibus

2199 5259 2341 5302 tanta
2384 5257 2436 5301 et
2476 5246 2595 5298 talia
2642 5241 2798 5295 tribui
2840 5255 2934 5309 per
2972 5237 3212 5292 conservi
3250 5238 3487 5291 aestimas
3527 5234 3736 5297 largitio-

2201 5358 2341 5397 DCIII.
