3842 6226
127 351 189 405 25
1244 349 1328 402 DE
1371 348 1637 403 SPIllITU
1681 349 1947 403 SANCTO
1988 350 2111 403 LIB.
2156 349 2217 403 ll.
3286 353 3355 406 ει

1034 542 1508 654 LIBER
1581 549 2422 658 SECUNDUS.

1641 692 1867 704 ———

623 772 849 830 CAPUT
888 772 1169 827 PRIMUM.

193 870 319 935 Quia
350 866 497 921 nulla
526 877 763 921 creatura
798 865 1328 935 rationaliscOgnatw
1368 872 1612 915 creatura:

696 937 852 1004 possit
879 933 1105 1002 infundi.

191 1052 433 1121 Legimus
462 1050 530 1104 de
558 1049 757 1119 proflua
798 1047 1057 1102 effusione
1084 1046 1312 1114 Spiritus
1352 1046 1520 1099 sancti
1552 1062 1563 1097 :
1592 1044 1684 1097 Je-

131 1159 206 1195 stis
232 1150 401 1195 autem
431 1142 612 1208 plenus
645 1139 845 1207 Spiritu
877 1149 1050 1189 sancto
1092 1153 1345 1205 regressus
1387 1145 1459 1188 est
1498 1153 1528 1186 a
1558 1133 1681 1187 Jor-

131 1238 269 1285 dan.
300 1233 432 1298 Quis
471 1244 601 1299 ergo
631 1230 728 1283 nisi
756 1229 846 1297 qui
872 1228 1111 1297 ejusdem
1149 1236 1292 1280 esset
1320 1224 1680 1295 plenitudinis,

132 1324 429 1394 implentem
460 1324 635 1379 omnia
661 1324 826 1388 possit
855 1321 1093 1387 implere.
1128 1320 1202 1373 De
1246 1319 1499 1387 apostolis
1525 1318 1687 1372 refert

129 1430 292 1471 sermo
320 1415 578 1469 divinus:
610 1413 674 1467 Et
712 1408 888 1481 repleti
917 1422 1031 1464 sunt
1068 1425 1240 1462 omnes
1267 1409 1460 1479 Spiritu
1484 1420 1681 1462 sancto.

138 1506 195 1559 Et
238 1507 573 1575 loquebantur
618 1505 824 1557 verbum
868 1502 962 1554 Dei
1000 1514 1112 1551 cunt
1156 1500 1364 1566 ﬁducia.
1418 1500 1484 1552 Et
1529 1500 1685 1568 paulo

137 1606 245 1666 post
269 1615 283 1649 :
308 1598 572 1662 Quoniam
608 1606 659 1648 et
687 1595 738 1647 in
771 1594 1011 1647 nationes
1042 1591 1277 1659 integras
1317 1590 1534 1659 implere
1565 1604 1687 1658 pro-

135 1692 343 1752 hibetur,
368 1700 426 1744 et
453 1689 799 1742 inexhaustus
818 1698 976 1756 atque
1000 1687 1052 1739 in
1072 1700 1131 1739 se
1160 1685 1345 1753 plenus
1377 1692 1690 1753 permanere

135 1784 471 1851 dignosctur,
511 1779 565 1833 Si
596 1791 805 1833 creatus
832 1787 914 1833 est
937 1778 1185 1842 Spiritus,
1217 1775 1283 1829 de
1311 1790 1416 1843 quo
1457 1789 1685 1843 unquam

133 1874 306 1943 angelo
330 1874 414 1927 vel
456 1871 777 1940 archangelo
804 1871 997 1925 lectum
1026 1878 1131 1937 est,
1170 1870 1309 1937 quod
1354 1883 1414 1922 se
1442 1869 1684 1936 cuiquam

136 1968 311 2019 anima:
340 1967 664 2019 intrinsecus
695 1972 976 2032 susceptus
1006 1961 1292 2016 infuderit?
1323 1960 1414 2013 Die
1457 1960 1607 2026 milii,
1644 1958 1688 2011 si

136 2074 349 2126 unquam
383 2074 446 2112 ex
477 2056 739 2124 creaturis
767 2057 931 2109 ullam
963 2054 1156 2123 legeris
1188 2061 1501 2120 potestatem
1531 2058 1689 2119 atque

1710 789 1758 840 Α
1789 773 1963 825 turbat
1994 774 2231 837 incursu,
2261 788 2378 840 quze
2406 774 2670 828 interdum
2704 776 2826 827 vino
2864 776 3028 829 nimio
3081 776 3161 831 vel
3196 776 3353 831 febri-

1786 864 1861 915 tio
1899 864 2181 933 fatigantur
2223 880 2468 918 accenso.
2505 866 2557 918 lit
2587 866 2781 919 animm
2813 868 2989 934 itaque
3030 884 3219 921 sensus
3259 870 3352 920 ini-

1787 958 1921 1008 mica
1963 957 2182 1010 tentalio
2222 972 2316 1025 per
2354 958 2605 1012 malitiam
2647 960 2747 1013 scit
2786 960 3041 1026 irrepere,
3078 961 3353 1013 inanima:

1786 1063 1914 1100 vero
1960 1062 2201 1106 recessus
2248 1063 2342 1115 per
2375 1059 2614 1102 naturam
2646 1052 2815 1105 nescit
2863 1052 3105 1105 inlini-re.
3139 1053 3201 1105 Et
3237 1053 3354 1105 ideo

1787 1137 2085 1206 hujiismodi
2113 1130 2330 1205 spiritus
2357 1139 2661 1194 immundos
2683 1141 2928 1195 humana:
2951 1154 3155 1195 mentes
3179 1158 3246 1209 ac.
3264 1157 3353 1210 pe-

1786 1238 1931 1283 ctora
1964 1245 2067 1283 non
2101 1242 2404 1283 naturarum
2432 1232 2695 1301 inlusione
2723 1235 2960 1301 capiunt,
2994 1234 3085 1288 sed
3117 1235 3355 1289 volunta-

1788 1329 1895 1375 tum
1922 1322 2178 1389 pravitate
2200 1324 2524 1391 concipiunt.
2549 1325 2879 1379 Manifestum
2906 1328 3081 1394 itaque
3111 1330 3355 1399 estquod

1790 1423 2069 1481 penetrare
2104 1415 2397 1467 animarum
2438 1418 2764 1471 substantias
2811 1428 3101 1485 iii-queunt,
3132 1434 3357 1487 quat-nm

1788 1504 2137 1558 conscientias
2182 1506 2322 1559 scire
2372 1521 2475 1558 non
2504 1518 2745 1573 possunt.
2790 1506 2940 1572 Quod
2986 1510 3027 1561 si
3073 1510 3356 1576 aliquando

1790 1595 2126 1651 damonibns
2154 1612 2314 1652 nosse
2344 1600 2650 1668 contigerit,
2684 1600 2749 1652 de
2784 1601 3084 1667 perditione
3114 1614 3356 1673 estcon-

1790 1690 2092 1756 venientite,
2125 1706 2231 1744 non
2260 1688 2326 1746 de
2348 1703 2610 1759 potestate
2641 1704 2860 1748 natur-ar.
2892 1695 3015 1750 Sola
3038 1711 3166 1764 ergo
3199 1711 3256 1748 se
3278 1696 3356 1747 ili;

1789 1780 2192 1848 vina-potentia,
2222 1798 2341 1851 qua:
2367 1794 2420 1838 et
2443 1786 2493 1837 in
2527 1785 2723 1853 Spiritu
2753 1798 2936 1840 sancto
2964 1798 3040 1841 est
3066 1789 3357 1841 rationabi-

1795 1873 1933 1928 libus
1961 1876 2223 1929 creaturis
2250 1876 2421 1930 infusa
2458 1887 2513 1931 et
2538 1878 2854 1932 circumfusa
2890 1882 3192 1947 permiscet,
3224 1884 3357 1936 sicut

1794 1964 2130 2032 peculiariter
2159 1968 2210 2019 in
2236 1968 2329 2020 illo
2349 1968 2608 2028 dominici.
2630 1969 2861 2032 hominis
2884 1984 3132 2038 corpore,
3160 1988 3221 2026 ex
3249 1974 3357 2026 Ma-

1793 2056 1869 2108 ria
1901 2066 2068 2111 matre
2088 2068 2358 2126 suscepto,
2382 2060 2544 2127 gratia
2571 2061 2899 2116 exuberante
2922 2066 3199 2132 requievit,
3224 2067 3358 2119 sicut

136 2150 390 2212 virtutem,
415 2163 533 2216 qua:
556 2146 722 2199 multa
750 2145 911 2197 Simul
958 2143 1175 2210 ἱιηριθειι
1205 2151 1363 2208 alque
1393 2139 1678 2207 POSSideal.
1716 2154 1761 2212 Β
1787 2146 1854 2201 de
1883 2148 2059 2215 seipso
2082 2147 2248 2200 Filius
2276 2149 2669 2216 dieit:Spiritus
2704 2151 3076 2223 Dominisuper
3103 2172 3180 2207 me
3204 2156 3355 2223 (Luc.

135 2250 181 2291 ct
203 2239 336 2308 quod
375 2238 543 2306 magis
586 2244 689 2301 est,
718 2234 1033 2289 indiminuta
1090 2242 1250 2300 atque
1279 2230 1448 2283 divisa
1480 2243 1690 2296 perma-

131 2322 269 2383 neat.
308 2327 792 2397 lmpossibile,est,
841 2334 897 2378 ut
926 2314 1217 2393 spiriiualis
1257 2335 1319 2374 ac
1361 2317 1692 2374 rationabilis

138 2431 388 2484 creatura,
436 2425 675 2488 cognata:
715 2418 815 2472 sibi
868 2427 1070 2469 naturae
1113 2428 1343 2481 unquam
1388 2411 1565 2465 valeat
1610 2412 1692 2463 in-

142 2511 290 2565 fundi.
325 2511 505 2579 itaque
537 2524 623 2563 res
648 2508 938 2561 materialis
986 2504 1314 2559 materialem
1343 2504 1509 2555 nescit
1530 2514 1693 2570 pene-
1741 2516 1751 2530 κ

142 2613 268 2656 trare
303 2596 679 2655 substantidm.
717 2599 874 2652 Solus
906 2598 1043 2650 Deus
1072 2597 1126 2648 in
1152 2610 1259 2663 quo
1299 2593 1611 2661 intelligitur
1637 2600 1692 2644 et

144 2692 359 2759 Spiritus
390 2699 631 2754 sanctus,
671 2688 922 2755 simplex,
964 2683 1195 2747 subtilis,
1230 2696 1413 2753 purus,
1442 2683 1494 2735 in
1525 2680 1693 2734 factu-

146 2797 244 2835 rarn
272 2785 350 2837 vel
370 2782 691 2851 angelicam,
720 2782 800 2833 vel
828 2779 1112 2832 humanam
1138 2777 1336 2830 virtute
1367 2776 1694 2842 incorporea:

147 2874 427 2927 divinitatis
457 2872 715 2937 illabitur,
746 2887 862 2939 qua:
883 2869 996 2923 sola
1023 2869 1104 2922 sui
1136 2868 1315 2936 operis
1341 2866 1690 2935 penetratrix,

148 2963 331 3015 occulta
375 2961 595 3015 humani
640 2959 821 3013 cordis
856 2958 1172 3027 ingreditur.
1220 2956 1481 3024 Quaelibet
1516 2963 1692 3007 autem

148 3066 370 3106 creatura
414 3051 670 3114 ctelestis,
708 3050 758 3102 in
791 3059 992 3100 tantum
1033 3047 1313 3101 infundere
1351 3044 1438 3098 vel
1477 3044 1696 3111 implere

153 3142 398 3195 hominem
432 3154 533 3193 non
568 3149 763 3207 potest,
795 3149 851 3190 ut
882 3138 1057 3190 abdita
1085 3136 1423 3204 cogitationis
1454 3134 1697 3187 humana:

150 3232 268 3287 scire
303 3233 490 3301 possit.
524 3232 590 3285 Et
617 3232 736 3285 ideo
763 3231 828 3285 de
856 3231 973 3284 solo
1009 3231 1116 3283 Deo
1149 3228 1370 3298 legimus
1395 3247 1405 3277 :
1434 3230 1533 3292 Qui
1561 3230 1697 3280 solus

154 3325 264 3374 nosti
284 3326 442 3375 corda
462 3323 725 3374 hominum
746 3321 925 3389 (Prov.
949 3319 1045 3389 vn).
1072 3321 1137 3373 Et
1164 3321 1355 3373 iterum
1382 3336 1395 3371 :
1423 3321 1535 3388 lps-i
1554 3319 1695 3371 enim

155 3418 282 3467 norit
328 3415 535 3469 occulta
576 3427 920 3480 cognoscere,
961 3420 1015 3465 et
1058 3413 1158 3465 hoc
1193 3410 1238 3465 si
1281 3410 1570 3465 divinitatis
1616 3421 1698 3464 est

1795 2236 1891 2300 tv).
1924 2237 1980 2290 Si
2029 2252 2156 2305 ergo
2184 2236 2414 2305 Spiritus
2449 2250 2665 2293 sanctus
2695 2241 2895 2293 factura
2931 2243 3189 2312 subjectae
3218 2257 3360 2299 esset

1795 2326 2115 2379 conditionis
2162 2334 2217 2378 ut
2259 2327 2465 2391 dicunt,
2516 2337 2622 2381 tam
2668 2329 2997 2398 impossibile
3025 2344 3182 2402 quam
3224 2335 3360 2389 indi—

1796 2431 1955 2484 gnum
1986 2416 2094 2470 Deo
2124 2425 2258 2483 erat,
2288 2428 2342 2470 ut
2376 2427 2619 2471 creatura
2652 2420 2753 2472 ulla
2791 2422 3020 2475 animam
3052 2425 3134 2477 vel
3167 2438 3360 2494 corpus

1797 2507 2063 2575 impleret,
2094 2508 2144 2559 in
2171 2522 2275 2575 quo
2296 2508 2404 2575 jam
2446 2509 2613 2564 Filius
2653 2508 2768 2575 Dei',
2801 2511 2850 2564 id
2874 2522 2956 2567 est
2982 2514 3143 2579 Deus,
3168 2516 3359 2578 inerat.

1798 2600 1851 2650 in
1875 2614 1971 2664 quo
1988 2598 2096 2666 jam
2130 2599 2267 2659 sitis,
2295 2600 2369 2652 ait
2398 2600 2699 2665 Apostolus,
2740 2606 3072 2670 corporaliter
3098 2608 3362 2674 plenitudo

1799 2689 2076 2741 divinitatis
2105 2687 2418 2740 inhabitabat
2446 2688 2665 2757 (Coloss.
2698 2691 2779 2761 tt).
2811 2692 2864 2746 Si
2889 2704 3131 2747 creatura
3151 2708 3231 2750 est
3250 2697 3363 2764 Spi-

1798 2782 1934 2835 ritus
1964 2792 2197 2845 sanctus,
2227 2786 2495 2852 quomodo
2525 2796 2701 2854 potest
2726 2790 3000 2858 corruptio
3031 2792 3362 2861 incorrupte-

1799 2871 1927 2937 lam,
1966 2888 2028 2926 ac
2060 2873 2351 2941 maiestatis
2389 2891 2639 2945 capacem
2683 2879 2889 2948 fragilis
2916 2884 3155 2937 conditio
3190 2887 3362 2953 possi-

1798 2964 1958 3017 dere?
1981 2963 2039 3019 Si
2063 2963 2292 3032 Spiritus
2316 2977 2531 3022 sanctus
2557 2985 2693 3024 unus
2722 2982 2805 3024 est
2826 2982 3090 3027 creaturae
3119 2992 3182 3029 ex
3212 2978 3365 3045 plebe

1801 3054 2035 3116 factum,
2058 3058 2323 3122 quomodo
2344 3070 2587 3113 creatura
2617 3076 2737 3115 cum
2768 3076 3029 3129 creatore,
3062 3066 3111 3119 id
3135 3078 3217 3121 est
3244 3085 3369 3122 cum

1803 3147 1939 3200 Filio
1970 3149 2061 3203 Dei
2091 3150 2234 3201 velut
2264 3153 2557 3217 exaequari,
2588 3166 2773 3206 servus
2803 3169 2923 3208 cum
2956 3157 3179 3210 Domino
3205 3176 3363 3211 unum

1801 3239 1851 3291 in
1880 3238 2055 3292 anima
2088 3239 2382 3293 Salvatoris
2420 3245 2761 3308 praesumitur
2791 3244 3101 3312 hospitium,
3134 3260 3187 3301 et
3214 3254 3367 3317 quasi

1802 3330 1853 3384 in
1880 3346 1944 3384 eo
1974 3332 2254 3399 praesentia
2287 3332 2388 3387 sibi
2418 3349 2523 3387 non
2556 3335 2826 3389 sufficeret
2848 3338 3105 3402 auctoris,
3139 3339 3369 3396 famulus

1800 3423 2007 3475 accedit
2037 3422 2101 3474 ad
2128 3423 2401 3475 cumulum
2426 3425 2759 3479 sanctitatis?
2787 3426 2902 3479 Non
2926 3428 2997 3481 ita
3024 3438 3129 3481 est.
3161 3431 3265 3485 Sed
3291 3448 3351 3487 re

155 3510 442 3574 pri-prium,
511 3518 712 3576 quanto
779 3505 945 3573 magis
999 3504 1223 3557 scrutari
1286 3502 1542 3571 profunda
1600 3502 1695 3556 Dei
1724 3531 1769 3591 ο
1804 3514 2076 3580 cognoscit
2117 3512 2319 3565 socium
2362 3514 2460 3566 sibi
2496 3515 2749 3584 templum
2803 3516 3024 3572 caeleste
3060 3521 3365 3590 collegium.

152 3599 321 3653 summi
352 3602 404 3652 in
438 3613 660 3667 persona
691 3598 922 3665 Spiritus
949 3597 1138 3662 sancti,
1170 3596 1461 3662 majestatis
1490 3596 1697 3662 insigne

155 3671 225 3741 est
245 3706 259 3742 :
279 3690 491 3743 Auctori
515 3699 717 3742 tantum
743 3688 967 3741 debetur
991 3688 1089 3741 lioe
1115 3687 1471 3754 privilegium,
1494 3696 1551 3737 ut
1570 3700 1698 3738 con-

137 3774 400 3831 ‘scientiatn
434 3778 598 3846 possit
639 3762 840 3828 intrare
873 3782 1155 3827 secretam.
1198 3776 1383 3827 Anima
1426 3789 1551 3825 vero
1583 3774 1698 3825 ani-

153 3883 255 3929 niae,
282 3879 365 3920 aut
396 3866 617 3935 angelus
643 3864 831 3932 angelo
854 3856 1102 3931 conjungi
1138 3871 1337 3931 potest,
1362 3862 1561 3915 infundi
1590 3876 1692 3914 non

153 3966 319 4023 potest,
351 3958 474 4025 quia
506 3954 810 4023 huiusmodi
840 3963 1227 4015 creaturarum,
1258 3967 1452 4021 genera
1492 3960 1691 4004 tantum

153 4046 354 4113 Spiritus
383 4047 572 4112 sancti,
616 4047 666 4099 id
707 4054 790 4098 est
817 4044 984 4098 solius
1016 4042 1106 4096 Dei
1134 4045 1347 4111 eupaeia
1389 4053 1535 4105 sunt,
1570 4043 1690 4111 quia

154 4136 278 4205 liguli
312 4138 391 4193 sui
423 4154 544 4193 vasa
590 4145 737 4202 sunt,
765 4138 833 4190 ab
869 4138 957 4190 illo
986 4137 1102 4190 solo
1132 4136 1342 4200 impleri
1376 4146 1615 4204 possunt,
1660 4152 1688 4188 a

151 4244 243 4296 quo
266 4231 326 4283 de
353 4232 519 4285 niliilo
545 4231 681 4283 facta
704 4240 846 4296 sunt,
878 4242 932 4283 et
960 4230 1077 4281 sine
1106 4244 1211 4297 quo
1238 4243 1400 4280 vacua
1425 4242 1544 4281 esse
1571 4242 1691 4280 sen-

152 4320 343 4376 tiuntur.
372 4324 552 4393 Itaque
592 4322 882 4376 substantia
929 4322 1124 4374 animae
1172 4332 1356 4390 utpote
1394 4320 1689 4389 corporalis

152 4418 341 4471 materia
387 4419 476 4471 alii
494 4416 736 4470 rationali
763 4426 1021 4469 creatura:
1041 4415 1246 4481 penitus
1271 4417 1440 4469 nescit
1462 4414 1684 4466 infundi.

152 4502 469 4561 Crassitudini
529 4506 673 4560 enim
735 4505 1020 4559 exterioris
1093 4505 1321 4558 hominis
1382 4512 1685 4570 comparata

152 4597 302 4649 anima
327 4598 636 4667 incorporea
663 4595 766 4650 dici
804 4605 997 4665 potest,
1030 4596 1094 4649 ad
1131 4608 1401 4649 auctorem
1435 4611 1559 4647 vero
1598 4610 1683 4647 re-

152 4684 256 4749 lata,
283 4692 362 4741 cui
389 4687 886 4755 comprehensibilis
906 4694 989 4740 est
1008 4686 1226 4738 materia
1258 4700 1371 4746 sna,
1406 4696 1457 4736 et
1480 4684 1681 4737 factura

151 4791 226 4826 sua
254 4778 518 4845 palpabilis
553 4795 565 4829 :
597 4793 625 4829 a
657 4792 763 4846 quo
794 4778 929 4831 intra
968 4791 1163 4843 eorpus
1209 4776 1347 4828 inclu
1371 4774 1405 4827 li
1442 4783 1495 4828 et
1534 4777 1680 4827 colli-

1804 3601 1912 3653 Nec
1936 3600 2147 3666 mirum,
2172 3602 2217 3655 si
2248 3603 2297 3654 in
2322 3602 2408 3656 illa
2442 3604 2629 3658 illustri
2657 3614 2710 3660 et
2740 3607 2875 3660 beati
2910 3613 3152 3675 corporis
3191 3614 3365 3667 anima

1799 3688 1964 3741 Filius
1992 3701 2041 3743 et
2070 3689 2298 3753 Spiritus
2335 3701 2551 3745 sanctus
2581 3710 2743 3747 unum
2775 3697 3071 3751 sortiuntur
3097 3698 3357 3755 habitacu-

1798 3780 1929 3845 lum,
1961 3782 2153 3850 quibus
2177 3798 2458 3837 commune
2479 3794 2687 3839 constat
2715 3802 2835 3841 esse
2857 3798 2908 3842 et
2932 3792 3149 3845 C(BiUlll.

2413 3922 2637 3977 CAPUT
2676 3924 2739 3978 If.

1799 4010 1981 4087 Utrum
2006 4016 2161 4087 justo
2188 4014 2472 4087 opinionem
2502 4016 2872 4080 imperitorum,
2905 4018 3133 4087 Spiritus
3158 4033 3363 4077 sanctus

1866 4079 2074 4133 sicut’F
2078 4083 2198 4155 ilius
2221 4079 2293 4155 sit
2330 4084 2651 4155 incarnatus,
2683 4089 2820 4147 quod
2845 4097 2891 4138 et
2915 4079 3021 4155 ipse
3048 4092 3098 4143 in
3143 4092 3365 4149 Mariam

1865 4153 2169 4231 supervenit.
2212 4153 2289 4204 An
2332 4162 2526 4204 tantum
2567 4152 2733 4207 Filius
2772 4158 2834 4208 de
2885 4152 3092 4227 Virgine
3134 4178 3362 4228 procrea-

1863 4230 1941 4271 lus
1969 4230 2051 4272 sit.

1862 4332 1966 4385 Sed
2020 4331 2329 4389 dicitur:Si
2382 4334 2610 4402 Spiritus
2663 4346 2877 4392 sanctus
2925 4341 2979 4392 in
3035 4355 3262 4408 corpore
3310 4355 3363 4401 et

1794 4423 1967 4475 anima
2000 4422 2397 4490 redemptorum
2433 4425 2711 4490 habitavit,
2742 4434 2878 4494 ergo
2903 4437 2959 4481 et
2988 4429 3103 4496 ipse
3130 4430 3363 4499 Spiritus

1790 4513 2207 4568 incarnationem
2268 4516 2533 4569 videbitur
2590 4519 2913 4585 suscepisse.
2970 4522 3084 4577 Non
3140 4525 3208 4577 ita
3256 4538 3360 4579 est.

1785 4604 1916 4658 Nam
1947 4615 2073 4659 ante
2116 4607 2402 4660 creationis
2443 4608 2590 4661 initia
2642 4611 2920 4680 a'Spiritu
2960 4626 3145 4668 sancto
3184 4616 3360 4669 Maria:

1785 4711 1975 4766 corpus
1999 4698 2267 4767 impletur,
2289 4708 2342 4753 et
2369 4698 2510 4754 inter
2536 4701 2685 4756 initia
2724 4707 3012 4758 creationis
3045 4707 3212 4760 Filius
3239 4709 3358 4762 Vir-

1783 4788 1921 4855 ginis
1956 4788 2152 4857 Spiritu
2186 4800 2371 4842 sancto
2410 4802 2733 4857 cooperante
2778 4796 3096 4862 concipitur,
3151 4799 3245 4853 sed
3292 4801 3357 4852 ad

150 4867 259 4930 gari,
284 4876 433 4936 atque
462 4869 567 4937 igni
612 4877 867 4937 perpetuo
914 4867 1202 4934 mancipari
1232 4874 1404 4934 potest
1445 4867 1581 4921 sicut
1610 4869 1679 4921 le-
1706 4870 1759 4929 D
1786 4890 2063 4946 personam
2088 4878 2204 4931 Filii
2232 4880 2536 4944 Specialiter
2560 4898 2746 4935 novem
2776 4887 3053 4939 mensibus
3085 4889 3356 4954 possiden-

150 4957 314 5022 gitnus,
344 4969 397 5012 ut
421 4968 537 5012 eant
558 4960 611 5011 in
632 4960 797 5027 ignem
818 4966 1096 5021 wternum;
1121 4959 1205 5026 qui
1232 4967 1439 5025 paratus
1468 4969 1542 5009 est
1566 4959 1682 5009 dia—

152 5046 243 5098 bolo
264 5058 305 5101 et
332 5050 521 5123 angelis
545 5053 677 5120 ejus.
711 5049 843 5102 Huic
863 5048 1222 5102 indubitanter
1246 5050 1473 5115 auctori,
1505 5048 1679 5115 perfe-

152 5137 287 5190 ctoris
314 5140 365 5192 in
396 5155 452 5194 re
489 5153 748 5207 corporea
779 5148 879 5192 est.
910 5138 1014 5193 Sed
1048 5136 1270 5192 forsitan
1314 5139 1447 5192 dicis
1476 5157 1489 5189 :
1517 5138 1680 5191 Mani-

155 5226 318 5283 festum
381 5242 462 5287 est
498 5231 639 5300 quod
697 5244 755 5286 se
806 5233 965 5284 etiam
1014 5231 1316 5283 daemonum
1378 5234 1678 5297 importuna

153 5323 389 5389 violentia,
426 5326 477 5378 in
514 5324 760 5378 homines
788 5337 920 5390 quos
942 5322 1225 5376 tentandos
1264 5332 1539 5390 acceperat
1570 5323 1676 5375 tre-

156 5424 345 5478 quenter
383 5416 641 5500 infupdat.
690 5412 802 5467 Non
834 5412 902 5465 ita
955 5422 1036 5465 est
1066 5429 1080 5465 ε
1116 5428 1234 5465 nam
1277 5415 1515 5479 corporis
1547 5413 1677 5465 late-

156 5503 258 5556 bras
283 5504 469 5561 intrare
490 5514 735 5576 possunt,
761 5504 953 5561 animm
980 5518 1106 5557 vero
1129 5505 1377 5557 interiora
1404 5504 1551 5557 adire
1578 5518 1681 5557 non

158 5606 359 5657 tmssunt.
387 5600 666 5654 Sciendum
694 5614 821 5666 ergo
842 5609 922 5652 est
956 5599 1094 5667 quod
1116 5598 1467 5665 spiritualium
1500 5598 1683 5666 nequi-

162 5694 316 5742 tiartun
352 5692 533 5747 dolosa
568 5691 858 5752 subtilitas,
902 5689 989 5743 illa
1023 5689 1383 5744 membrorum
1434 5690 1547 5745 loca
1586 5707 1682 5745 suo

1782 4967 1904 5030 dus,
1931 4976 1983 5022 et
2011 4982 2129 5022 cum
2164 4968 2352 5023 eodem
2397 4970 2446 5023 in
2479 4971 2654 5025 lucem
2689 4988 3006 5043 progressus
3036 4977 3358 5044 infunditur,

1782 5057 1935 5125 cujus
1990 5059 2170 5127 utique
2220 5060 2473 5128 temporis
2530 5064 2849 5117 societatem
2903 5067 3038 5119 intra
3091 5079 3357 5123 seen-tutu

1781 5150 1920 5201 uteri
1965 5147 2236 5215 virginalis
2263 5150 2496 5216 Spiritus
2528 5152 2694 5205 sancti
2734 5168 2957 5220 persona
2995 5171 3099 5208 non
3144 5160 3352 5225 recipit,

1784 5237 2050 5292 hominem
2098 5236 2226 5304 ergo
2274 5255 2430 5307 quem
2474 5241 2635 5294 Filius
2678 5242 2767 5295 Dei
2810 5244 2947 5299 inter
2987 5248 3096 5314 ipsa
3135 5252 3355 5318 suscipit

1785 5328 2025 5390 exordia,
2059 5328 2287 5395 Spiritus
2320 5339 2533 5385 sanctus
2557 5347 2662 5385 non
2690 5344 2973 5401 susceptor
3001 5338 3093 5390 sed
3121 5343 3354 5393 sanctifi-

1787 5431 1934 5473 cator
1958 5420 2197 5473 intravit.
2229 5420 2326 5474 Ille
2354 5422 2496 5475 enim
2528 5424 2788 5489 nascitur,
2817 5426 2902 5479 hie
2932 5426 3247 5482 infunditur.
3276 5430 3353 5485 De

1799 5509 1936 5563 Filio
1954 5510 2188 5579 Virginis
2209 5512 2380 5564 anima
2404 5512 2486 5565 vel
2515 5528 2639 5567 caro
2664 5514 2781 5569 Filii
2808 5517 2897 5570 Dei
2926 5521 3277 5585 personaliter
3298 5531 3350 5576 et

1784 5601 2087 5668 specialiter
2121 5601 2223 5657 dici
2270 5612 2468 5669 potest,
2506 5603 2737 5672 Spiritus
2775 5616 2988 5660 sanctus
3020 5625 3147 5663 vero
3176 5612 3348 5665 anima

1790 5694 1872 5747 τοὶ
1906 5709 2028 5747 caro
2073 5695 2216 5749 nullo
2256 5695 2413 5749 modo
2452 5696 2553 5750 dici
2587 5706 2780 5762 potest.
2816 5699 2868 5752 lu
2909 5716 3011 5764 quo
3058 5701 3220 5755 Filius
3251 5701 3349 5755 Dei
