3842 6226
433 305 499 359 97
1745 284 2100 340 PASCllASil
2147 286 2408 343 DIACONI
3593 297 3669 348 23

437 420 558 473 ideo
581 417 719 469 Dens
750 413 930 482 gloria:
961 409 1152 464 dicitur
1181 404 1488 470 cruciﬁxus,
1536 399 1818 469 pertulisse
1844 399 1895 451 in
1938 410 2002 450 eo
2030 400 2078 453 A
2111 400 2388 453 lentiorem
2426 413 2483 455 se
2509 399 2721 468 majoris
2744 402 3025 471 impatiens
3049 403 3102 457 in
3127 402 3330 458 cmlesti
3353 403 3548 472 gaudio
3573 405 3672 459 de-

435 508 585 560 nullo
615 503 773 556 modo
800 501 903 554 dici
933 507 1104 567 potest
1131 495 1360 564 Spiritus
1394 501 1629 546 sanctus.
1664 489 1802 557 Ergo
1826 487 2004 541 diver-

441 600 570 650 sitas
619 604 699 649 est
756 606 1012 657 cperum,
1060 603 1165 641 non
1215 584 1500 640 diversitas
1561 579 2003 634 substantiarum.

440 689 572 743 Nam
604 688 740 738 sicut
767 683 945 734 dicere
974 696 1077 732 non
1105 691 1404 751 possumus,
1441 671 1579 740 quod
1607 671 1686 723 vel
1719 669 1881 722 Pater
1907 667 2005 720 de.

442 779 709 835 scendcrit
745 778 795 829 in
826 775 1006 841 specie
1041 771 1323 833 columbae,
1356 767 1438 821 vel
1479 767 1529 818 in
1563 765 1730 818 Patris
1765 776 1895 814 voce
1922 759 2007 812 Fi-

445 879 548 930 lius
589 875 657 928 sit
686 875 916 936 loeutus,
951 869 1161 937 quando
1201 866 1373 918 dixit:
1409 861 1508 915 llic
1553 870 1626 913 est
1658 856 1828 910 Filius
1866 871 2008 908 nteus

446 966 656 1036 (.llatth.
687 975 789 1028 lli),
823 962 891 1014 ita
937 961 1187 1037 Spiritum
1229 965 1468 1008 sanctum
1505 963 1749 1004 asserere
1776 961 1882 999 non
1911 959 2006 1037 po.

445 1035 547 1118 tes,
570 1053 654 1105 vel
681 1063 860 1105 natum
891 1035 970 1103 exi
995 1047 1227 1115 Virgine,
1261 1045 1340 1097 vel
1365 1044 1420 1096 in
1452 1054 1612 1094 carne
1649 1035 2009 1101 redemptoris

446 1143 750 1213 specialiter
788 1146 1182 1198 convcrsatum,
1209 1134 1293 1186 vel
1336 1133 1388 1185 in
1420 1132 1586 1197 ipsius
1611 1128 1860 1197 passione
1889 1139 2010 1177 cru-

448 1235 682 1294 ciﬁxum,
725 1232 803 1282 vel
847 1226 1242 1280 resurrectione
1286 1223 1336 1274 in
1377 1235 1571 1286 corpus
1598 1216 1890 1279 redditum,
1923 1214 2008 1268 vel

450 1325 761 1378 useemionc
792 1321 855 1372 ad
893 1318 1132 1374 coelestia
1176 1315 1538 1368 sublimatum.
1566 1309 1723 1378 Operi
1748 1319 1800 1362 et
1827 1320 2010 1376 perso-

453 1431 532 1467 ntc
564 1414 652 1465 ﬁlii
694 1409 947 1478 assignari
995 1411 1090 1460 ista
1145 1403 1445 1457 necessario
1492 1398 1777 1464 convenit,
1817 1395 2011 1452 ascribi

453 1519 579 1556 vero
627 1502 847 1571 Spiritui
896 1510 1082 1553 sancto
1125 1497 1266 1549 salva
1309 1494 1431 1547 licet
1481 1491 1768 1544 voluntatis
1816 1487 2030 1540 unitate

455 1609 559 1647 nun
589 1593 858 1647 convenit.
894 1589 1034 1642 Inter
1059 1588 1172 1640 hac
1194 1587 1387 1638 asserit
1414 1581 1772 1641 Macedonius,
1802 1586 2013 1630 creatu-

453 1701 565 1736 ram
596 1697 715 1736 esse
749 1681 1005 1748 Spiritum
1034 1685 1299 1730 sanctum.
1342 1671 1493 1727 Unde
1533 1669 1743 1722 videtur
1773 1665 2013 1734 incipiat,

2110 489 2498 557 prehendisset,
2543 491 2618 546 illi
2667 506 2727 548 se
2777 493 2944 563 magis
2997 494 3238 549 conferre
3281 495 3362 568 vel
3415 495 3671 562 praeferre

2108 589 2387 634 tentasset.
2420 581 2534 635 Duo
2574 582 2779 636 suntin
2822 582 3154 651 caelestibus,
3182 583 3270 652 qui
3310 585 3466 651 regit,
3494 593 3550 637 et
3577 585 3670 651 qni

2107 681 2382 738 reguntur,
2417 673 2562 727 nullo
2593 673 2645 726 in
2680 673 2858 727 medio
2880 674 3075 727 horum
3105 676 3315 728 tertium
3346 676 3551 728 exstitit
3575 690 3673 742 ge-

2109 777 2227 827 nus,
2258 763 2399 831 quod
2421 763 2669 817 secundis
2690 764 2884 832 majus,
2912 774 2963 817 et
2997 763 3222 817 summis
3251 773 3393 817 esset
3423 763 3669 817 inferius.

2109 853 2466 908 Excellentior
2510 863 2752 908 creatura
2783 856 2850 909 de
2877 855 3208 924 archangelis
3242 853 3464 908 forsitan
3494 854 3674 908 dicere

2110 953 2281 1013 potes,
2309 945 2433 998 licet
2451 947 2658 1000 caneris
2688 933 2878 1000 ordine
2897 947 3064 1015 magis
3085 948 3485 1014 pmeminesnt,
3512 961 3673 1013 quam

2109 1046 2317 1089 natura.
2358 1035 2465 1090 Sed
2496 1035 2714 1103 Spiritui
2755 1045 2939 1090 sancto
2977 1047 3030 1090 et
3058 1036 3361 1105 archangeli
3407 1039 3673 1102 serviunt,

2112 1141 2177 1178 ex
2206 1126 2400 1193 quibus
2428 1142 2565 1179 unus
2593 1128 2742 1194 quasi
2781 1127 3021 1180 minister
3045 1126 3328 1181 adventum
3358 1127 3475 1193 eius
3507 1129 3678 1180 beata:

2113 1215 2287 1269 Maria:
2315 1217 2595 1270 nuntiavit.
2627 1216 2731 1272 Sed
2767 1219 2902 1272 dicis
2931 1233 2946 1270 :
2981 1218 3117 1272 Ecce
3157 1219 3242 1272 ubi
3267 1219 3522 1284 Spiritum
3551 1233 3677 1272 san—

2111 1317 2252 1361 ctum
2301 1309 2465 1362 Amos
2506 1310 2767 1381 propheta
2807 1318 3106 1364 creaturam
3135 1311 3413 1364 evidenter
3443 1311 3678 1378 assignat

2113 1399 2183 1450 ita
2231 1398 2413 1452 dicens
2449 1397 2628 1452 :Ecce
2687 1416 2780 1468 ego
2822 1400 3030 1467 ﬁrmans
3069 1401 3370 1461 tonitruum,
3417 1409 3465 1452 et
3501 1416 3678 1453 crcuns

2113 1490 2350 1557 spiritum
2379 1490 2554 1557 (Amos
2585 1489 2681 1556 tv).
2715 1490 2951 1543 Primum
2990 1499 3070 1543 est
3098 1489 3237 1557 quod
3270 1489 3536 1543 interdum
3563 1490 3680 1557 spi-

2115 1583 2248 1632 ritus
2281 1594 2469 1633 nomen
2513 1569 2844 1646 nequaquam
2882 1580 2947 1632 ad
2977 1593 3256 1649 personam
3297 1579 3679 1633 sanctiﬁcantia

2117 1671 2336 1738 spiritus
2381 1670 2566 1724 referri
2615 1679 2807 1739 potest,
2856 1672 2957 1726 nisi
2994 1670 3257 1739 adjeceris
3305 1681 3392 1723 aut
3433 1671 3679 1723 sniritum

454 1774 612 1826 modo
648 1743 985 1824 nihil-verbis
1023 1769 1133 1821 suis
1171 1779 1329 1833 agere
1359 1770 1666 1831 praesumat,
1701 1773 1797 1810 nec
1825 1772 1853 1809 a
1893 1771 2014 1822 san-
2049 1743 2092 1802 Β
2128 1761 2242 1827 Dei,
2277 1772 2364 1815 aut
2396 1763 2647 1832 Spiritum
2679 1773 2942 1828 sanctum,
2977 1772 3065 1817 aut
3092 1765 3298 1834 spiritus
3327 1765 3410 1816 ubi
3440 1764 3546 1815 stult
3571 1765 3682 1831 τιή.

455 1866 558 1918 etis
590 1863 793 1932 paginis
823 1861 1178 1929 disputatione
1211 1853 1563 1915 transcendat,
1600 1852 1691 1905 sed
1727 1851 2017 1904 auctorita-

460 1968 562 2010 tem
587 1971 681 2025 per
713 1955 888 2008 omnia
907 1955 971 2006 de
1003 1949 1323 2005 testimoniis
1351 1948 1394 2000 si
1426 1946 1583 2008 valet,
1617 1942 1872 2012 proferat,
1901 1957 2018 2010 qua:

455 2055 642 2099 contra
693 2045 856 2097 tutius
905 2037 1083 2095 mundi
1126 2041 1300 2098 Iidem,
1344 2047 1399 2092 et
1449 2051 1692 2100 numero,
1733 2044 1787 2087 et
1824 2035 2017 2087 virtute

458 2136 797 2204 prtevaleant.
831 2132 1033 2201 Magnis
1059 2132 1174 2183 sine
1201 2127 1362 2181 dubio
1390 2126 1793 2194 allegationibus
1836 2132 1890 2177 ct
1929 2140 2018 2176 co-

459 2225 620 2293 piosis
657 2233 712 2277 et
740 2223 893 2276 valde
923 2221 1257 2276 evidentibus
1291 2230 1421 2285 opus
1453 2225 1534 2270 est
1565 2215 1917 2280 documentis,
1963 2223 2021 2266 ut

456 2317 675 2384 quisque
717 2315 864 2367 illum
907 2328 970 2366 ex
1019 2325 1244 2397 numero
1290 2318 1654 2371 creaturarum
1699 2319 1874 2376 unum.
1901 2318 2020 2357 esse

457 2408 758 2466 convincat,
783 2418 939 2472 quem
964 2392 1083 2454 cum
1113 2401 1268 2452 Patre
1296 2407 1347 2450 et
1375 2395 1506 2448 Filio
1530 2392 1767 2462 ejusdem
1803 2393 2018 2445 honoris

456 2507 507 2549 et
559 2497 739 2564 gloria:
788 2493 1035 2546 universa
1082 2501 1340 2542 terrarum
1400 2499 1558 2552 regna
1603 2482 2016 2544 concelebrant;

457 2602 616 2655 quem
651 2583 908 2636 catholica
946 2579 1181 2634 Ecclesia
1213 2568 1692 2630 ενεθιοτθηιῖηυιη
1735 2565 1790 2624 ἰιί
1830 2572 2017 2625 eodem

460 2686 796 2750 regenrrata‘
823 2673 1117 2742 cognoscit.
1161 2672 1223 2724 lit
1273 2678 1414 2722 recte
1453 2681 1608 2736 quem
1659 2675 2017 2734 reparatoretn

461 2768 732 2836 perspicit,
763 2747 984 2819 credere
1015 2779 1117 2816 non
1150 2769 1426 2815 cunctatur
1452 2747 1742 2810 auctorem.

1067 2919 1288 2975 CAPUT
1329 2919 1414 2972 Ill.

466 3017 692 3083 ()bjcctio
737 3014 1045 3076 Macedonii,
1077 3029 1179 3082 qua
1215 3011 1366 3083 impie
1395 3008 1646 3075 Spiritum
1678 3013 1905 3058 sanctum
1938 3018 2022 3056 ex—

800 3085 1136 3137 cellentiorem
1159 3082 1336 3134 asserit
1365 3089 1672 3131 creaturam.

531 3199 862 3262 Creaturam,
903 3197 1092 3266 inquit,
1131 3195 1272 3258 dico,
1318 3193 1409 3246 sed
1441 3189 1875 3246 excellentiorem
1907 3199 2022 3238 om-

466 3293 620 3345 nibus
661 3288 945 3343 creaturis.
985 3285 1260 3339 l’rtclocuti
1296 3295 1497 3344 sumus,
1532 3288 1588 3332 ut
1625 3281 1887 3331 actionem
1931 3290 2025 3327 no-

467 3395 627 3434 etram
659 3395 760 3431 non
788 3376 1218 3445 persuasionibus
1245 3372 1490 3441 propriis,
1517 3369 1608 3423 sed
1638 3367 1910 3421 catholicis
1934 3366 2024 3416 de-

469 3485 723 3538 ponamus
752 3468 998 3521 oraculis.
1039 3467 1110 3520 De
1146 3466 1251 3516 Deo
1281 3465 1434 3531 igitur
1462 3458 1812 3515 tractantibus
1847 3454 2022 3521 nubis,

470 3563 747 3628 propheta,
796 3558 1087 3625 apostolus,
1140 3554 1458 3622 evangelista
1493 3551 1828 3618 respondeat.
1863 3546 2022 3599 Crea-

470 3663 638 3710 tnram
653 3649 783 3701 dicis
796 3646 1225 3701 cxcellenliorcm
1241 3644 1484 3696 omnibus
1499 3640 1776 3694 creaturis.
1793 3636 2025 3690 Ostende

471 3741 521 3795 in
550 3739 737 3808 quibus
767 3739 913 3790 libris
949 3737 1012 3788 de
1039 3735 1237 3803 Spiritu
1269 3741 1453 3786 sancto
1478 3730 1636 3785 verba
1667 3729 1874 3796 legeris.
1905 3727 2015 3779 Non

471 3830 657 3896 opinor
684 3828 734 3880 in
767 3825 1059 3890 veteribus,
1090 3840 1191 3877 non
1222 3824 1271 3875 in
1303 3822 1451 3876 novis
1478 3818 1726 3873 docebis?
1747 3818 1877 3871 Cum
1903 3829 2028 3882 ergo

473 3917 710 3984 proferre
747 3932 847 3968 non
879 3915 1075 3976 valcas,
1122 3913 1246 3965 dum
1279 3922 1364 3965 tua
1409 3925 1513 3964 non
1555 3908 1815 3976 explicas,
1848 3915 2026 3959 nostra

473 3995 868 4062 conﬁrmamus.
902 4004 1035 4057 Dum
1067 4011 1361 4056 creaturam
1400 4014 1502 4053 non
1548 3996 1832 4065 appras,
1866 4005 2026 4048 etiam

475 4096 626 4158 nobis
655 4096 948 4150 tacentibus
977 4101 1270 4147 creatorem
1309 4104 1428 4143 esse
1470 4088 1823 4141 demonstras.
1853 4084 2030 4153 Itaque

475 4205 592 4244 cum
637 4187 737 4240 hoc
786 4186 1011 4237 assertio
1042 4191 1126 4234 tua
1170 4179 1234 4233 ad
1266 4177 1583 4232 catholicum
1632 4188 1867 4236 sensum,
1907 4188 2026 4226 cum

475 4280 689 4332 omnino
729 4274 794 4327 ad
844 4271 1204 4326 Christianum
1241 4283 1344 4321 non
1393 4265 1657 4332 pertineat
1705 4264 2028 4328 institutum,

476 4369 667 4425 diaboli
697 4379 923 4436 agnosce
945 4367 1326 4423 commentum,
1359 4357 1446 4426 qui
1482 4355 1672 4437 animat
1695 4354 1912 4417 donum,
1942 4353 2031 4406 ubi

2119 1862 2218 1914 rat,
2252 1851 2301 1905 id
2327 1863 2408 1906 est
2439 1853 2538 1906 nisi
2567 1853 2824 1921 adjeceris
2853 1863 2944 1907 aut
2971 1855 3149 1922 operis
3178 1864 3267 1906 aut
3289 1855 3487 1920 proprii
3512 1854 3682 1905 oonsi-

2119 1947 2200 1999 nis
2225 1945 2557 2015 dignitatem.
2597 1946 2794 2001 Deinde
2839 1947 2883 2000 si
2924 1948 2989 2000 sd
3032 1947 3276 2002 ordinem
3317 1949 3575 2016 respicias
3609 1948 3682 2002 le-

2121 2040 2334 2099 Ctionis.
2368 2042 2524 2093 istam
2566 2040 2999 2093 excellentiorem
3047 2047 3105 2092 ut
3140 2038 3334 2092 asseris
3358 2049 3684 2101 creaturam,

2121 2128 2276 2181 n’mis
2300 2126 2607 2195 despectam
2634 2141 2755 2182 esse
2780 2130 3113 2182 monstravit.
3141 2127 3273 2181 Nam
3306 2143 3424 2180 eam
3455 2137 3579 2196 post
3605 2138 3684 2180 to-

2123 2218 2281 2271 nitrui
2301 2228 2599 2272 creaturam
2633 2233 2752 2273 esse
2781 2218 3086 2288 desvripsit.
3117 2219 3270 2274 Unde
3296 2220 3684 2288 inconsequens

2124 2308 2237 2367 fuit,
2273 2317 2330 2360 ut
2357 2309 2506 2374 juxta
2549 2323 2764 2362 sensum
2800 2318 2944 2362 tuum
2977 2310 3267 2378 principale
3297 2309 3396 2363 hoc
3424 2324 3560 2377 opus
3593 2310 3685 2363 Dei

2125 2399 2475 2452 irrationabili
2509 2410 2872 2466 postponeret,
2920 2409 3010 2452 aut
3041 2402 3271 2454 sociaret
3295 2402 3582 2454 elemento.
3615 2401 3687 2453 De

2123 2503 2351 2556 persona
2399 2503 2502 2542 non
2541 2489 2712 2541 dicam
2744 2489 2939 2556 angeli,
2969 2489 3062 2542 sed
3095 2489 3374 2557 cujuslibet
3398 2491 3522 2555 justi
3552 2489 3688 2542 indi-

2121 2593 2282 2646 gnum
2320 2579 2421 2632 hoc
2449 2579 2613 2632 credi.
2656 2579 2817 2644 Magis
2847 2593 2975 2647 ergo
3003 2579 3105 2634 hoc
3135 2581 3432 2648 proximum
3473 2592 3525 2634 et
3553 2580 3688 2633 ami-

2123 2685 2243 2724 cum
2276 2685 2394 2724 6‘58
2422 2670 2741 2723 arbitremur
2780 2670 2990 2734 rationi,
3021 2671 3064 2722 si
3099 2681 3215 2738 post
3252 2673 3481 2724 tonitrua
3518 2672 3687 2726 ﬂabra

2123 2758 2480 2827 inte'ligamns
2519 2759 2807 2827 signiﬁcata
2844 2769 3144 2824 ventorum,
3185 2769 3241 2813 ut
3273 2761 3400 2814 illud
3444 2763 3496 2814 in
3546 2764 3688 2828 psal-

2125 2850 2222 2902 mis
2266 2867 2278 2901 :
2313 2850 2534 2918 Spiritus
2577 2850 2916 2918 procellarum
2971 2851 3055 2919 qui
3100 2852 3290 2918 faciunt
3337 2855 3537 2903 verbum
3578 2856 3690 2922 ejus

2124 2939 2292 3004 (Psal.
2325 2941 2566 3005 cxcvttt),
2607 2941 2684 2992 vel
2717 2939 2842 2993 illud
2874 2938 3143 3008 :Sulphur
3172 2939 3393 3007 Spiritus
3434 2945 3689 3008 procella-

2123 3045 2237 3080 rum
2273 3028 2444 3097 (Psal.
2477 3028 2556 3096 x),
2587 3029 2670 3084 vel
2703 3046 2715 3081 :
2743 3028 2944 3094 Spiritu
2973 3031 3245 3083 vehementi
3273 3042 3497 3084 conteres
3539 3049 3688 3085 naves

2045 3093 2092 3154 δ
2127 3093 2333 3172 Tharsis
2363 3093 2748 3189 (Psal.vau).
2783 3093 3016 3172 Diversis
3041 3120 3211 3173 modis
3241 3120 3462 3189 spiritus
3489 3122 3688 3176 intelli‘

2124 3209 2284 3276 gitur,
2315 3209 2527 3277 quando
2550 3221 2653 3262 non
2680 3223 2800 3262 cum
2834 3209 3121 3276 privilegiis
3145 3209 3255 3262 suis
3278 3211 3582 3278 specialiter
3605 3213 3688 3265 de»

2125 3298 2380 3367 signatur.
2414 3297 2517 3353 Sed
2545 3299 2756 3351 omissis
2783 3296 2866 3351 his
2894 3299 3158 3366 interroga
3190 3301 3549 3354 translationis
3585 3302 3687 3355 lle-

2126 3387 2321 3442 braictc
2362 3389 2662 3453 veritatem,
2708 3395 2760 3441 et
2803 3387 2872 3442 ibi
2912 3387 3280 3442 conlusibilem
3329 3391 3689 3457 persuasionis

2129 3486 2231 3530 tuae
2261 3477 2626 3542 deprehendes
2650 3493 2909 3532 errorem.
2940 3478 3014 3531 Ita
3042 3479 3184 3531 enim
3211 3479 3320 3532 illic
3349 3480 3542 3534 dictum
3567 3497 3690 3536 esse

2130 3569 2386 3634 reperies,
2418 3570 2535 3636 quia
2565 3585 2675 3621 ecce
2695 3585 2785 3637 ego
2813 3573 3034 3637 formans
3056 3581 3264 3634 montes,
3296 3581 3341 3623 et
3368 3588 3544 3624 creans
3574 3590 3690 3625 uen-

2132 3667 2256 3709 tum.
2289 3657 2420 3711 Vide
2451 3673 2605 3726 quam
2637 3659 2809 3720 nudis,
2841 3669 3021 3711 contra
3053 3659 3217 3712 Deum
3241 3661 3435 3722 verbis,
3455 3671 3686 3728 etquans

2131 3749 2373 3802 inanibus
2401 3749 2696 3804 credidisti.
2732 3749 2864 3803 Vide
2893 3765 3045 3817 quam
3078 3766 3268 3818 magno
3298 3761 3348 3804 te
3370 3762 3688 3819 argumento

2130 3847 2311 3891 contra
2337 3839 2622 3906 pOtentiam
2648 3838 2940 3907 majestatis
2966 3842 3204 3901 armasti,
3236 3853 3288 3894 et
3319 3850 3434 3908 post
3468 3842 3552 3893 illa
3580 3857 3688 3894 non

2133 3932 2324 3984 metuis
2353 3931 2492 3983 circa
2529 3940 2631 3982 tam
2661 3930 2926 3982 inﬁrmum
2956 3930 3156 3984 hzercre
3190 3933 3573 3998 ramusculum,
3599 3931 3688 4002 qui

2132 4021 2184 4074 in
2213 4027 2318 4073 tam
2345 4019 2664 4073 horrendum
2699 4020 2895 4087 pendes
2925 4020 3234 4088 abruptum.

2734 4179 2959 4236 CAPUT
2997 4180 3084 4236 Ν.

2141 4269 2472 4324 Macedonius
2518 4270 2814 4324 dualitatem
2863 4288 3105 4334 asserens,
3163 4270 3413 4340 Spiritum
3459 4281 3687 4325 sanctum

2419 4351 2565 4408 negat
2606 4343 2863 4410 propriam
2902 4340 3082 4394 habere
3121 4358 3404 4408 personant.

475 4464 671 4532 Spiritu
702 4469 882 4514 sancto
929 4471 1142 4512 vacuam
1185 4453 1394 4517 viderit,
1427 4451 1576 4521 quasi
1607 4449 1887 4504 contrariis
1931 4450 2028 4502 lto-
2064 4447 2110 4504 D
2212 4450 2408 4503 Deinde
2435 4450 2740 4504 dualitatem
2794 4451 3119 4514 intromittis,
3164 4459 3218 4505 et
3254 4451 3389 4504 dicis
3435 4451 3685 4518 Spiritum

477 4553 694 4626 spitibus
726 4550 969 4618 nequitia:
992 4545 1314 4614 septiformis
1345 4543 1552 4596 invidlt.
1581 4541 1680 4606 Qui
1707 4541 1849 4594 enim
1882 4539 2029 4593 illum

478 4644 725 4706 excludit,
767 4643 905 4694 hunc
946 4639 1154 4705 recipit.
1187 4637 1239 4689 lu
1282 4637 1374 4689 illo
1407 4635 1503 4688 luit
1545 4635 1643 4686 ista
1686 4632 2032 4686 excellentior

480 4744 739 4796 creatura,
771 4731 858 4799 qui
892 4731 942 4783 in
973 4727 1176 4783 ctelesti
1205 4727 1443 4779 claritate
1475 4723 1812 4792 praefulgens,
1843 4737 2030 4774 nume-

480 4828 554 4879 ris
582 4824 858 4880 cortscius.
889 4821 1122 4873 auctoris
1148 4819 1376 4885 ignarus,
1404 4814 1597 4866 habere
1623 4826 1682 4866 se
1710 4812 1855 4878 vidit,
1881 4825 2032 4863 acce-

482 4919 620 4986 pisse
650 4915 890 4975 nescivit,
919 4920 972 4966 et
1005 4911 1125 4963 ideo
1150 4909 1371 4977 gloriam
1404 4919 1557 4972 quam
1599 4905 1786 4958 beatus
1813 4917 1915 4954 non
1948 4903 2032 4954 in-

482 5008 703 5068 tellexit,
752 5007 921 5058 elatus
963 5001 1156 5063 amisit,
1188 5001 1257 5053 ita
1311 4999 1494 5052 dicens
1525 5013 1536 5048 :
1572 4997 1848 5048 Ascendam
1879 5010 2033 5058 supra

484 5109 623 5149 astra
654 5096 876 5155 nubium,
910 5107 1090 5159 ponam
1120 5105 1268 5155 super
1308 5088 1540 5138 thronum
1567 5085 1747 5136 solium
1779 5100 1960 5144 meum,
1987 5093 2033 5134 et

483 5206 566 5242 ero
595 5187 772 5239 similis
795 5185 1074 5248 Attissimo,
1105 5181 1187 5234 hic
1207 5195 1331 5248 ergo
1358 5176 1555 5230 nullum
1586 5175 1636 5227 in
1667 5173 1923 5227 creaturis
1943 5187 2030 5226 su-

484 5277 740 5344 periorem
763 5288 821 5326 se
848 5281 904 5323 ut
934 5285 1053 5323 reor
1081 5269 1278 5332 habuit,
1321 5267 1518 5320 nullum
1550 5264 1782 5317 medium
1816 5262 1955 5316 inter
1975 5277 2033 5315 se

483 5376 536 5421 et
569 5367 726 5418 Deum
748 5363 898 5424 vidit,
929 5362 978 5414 in
1003 5361 1151 5426 cujus
1177 5359 1512 5412 :emulationc
1539 5355 1800 5424 superbia:
1822 5354 2036 5407 stimulo

483 5456 774 5508 concitatus
815 5458 1135 5518 assurgeret,
1178 5458 1229 5500 et
1257 5449 1374 5501 ideo
1406 5447 1605 5498 nullum
1649 5452 1771 5497 ante
1811 5458 1867 5496 se
1896 5452 2035 5495 stare

483 5545 534 5596 in
568 5543 750 5595 ordine
779 5541 977 5594 militia:
1008 5539 1242 5593 caelestis
1277 5534 1559 5604 aspiciens,
1600 5532 1698 5601 ipsi
1733 5547 1906 5585 rerum
1936 5531 2038 5582 Do-

486 5636 625 5685 tuioo
654 5648 711 5686 se
754 5647 958 5696 :rquare
989 5629 1340 5699 prxsumpsit.
1385 5627 1536 5697 Quod
1580 5627 1624 5681 si
1656 5625 1817 5678 ullum
1857 5625 2037 5678 excel-

2135 4551 2374 4594 sanctmn
2407 4541 2668 4609 propriam
2717 4555 2822 4595 non
2857 4541 3052 4595 habere
3080 4555 3390 4610 personam,
3424 4555 3521 4595 nec
3561 4542 3689 4593 ami—

2135 4634 2267 4687 sisse
2301 4643 2350 4686 te
2381 4634 2547 4687 sentis
2571 4632 2982 4699 regenerationis
3009 4633 3250 4699 gratiam,
3282 4632 3368 4698 qui
3395 4633 3445 4684 in
3475 4646 3679 4698 regene-

2133 4725 2354 4777 rationis
2385 4723 2560 4777 tendis
2587 4724 2864 4789 ollensam,
2889 4739 3044 4791 quem
3067 4724 3168 4777 sibi
3197 4725 3246 4775 in
3271 4732 3554 4776 commune
3582 4739 3689 4774 tua-

2137 4813 2342 4880 jestatis
2368 4822 2420 4866 et
2453 4814 2663 4866 virtutis
2696 4815 2900 4866 unitum
2941 4814 3115 4867 divina
3138 4813 3331 4865 veritas
3374 4823 3688 4879 protestetur

2143 4905 2211 4957 ita
2244 4903 2430 4957 dicens
2459 4921 2470 4955 :
2498 4902 2598 4965 Ite,
2623 4904 2812 4972 inquit,
2844 4903 3090 4970 baptizata
3123 4919 3290 4955 omnes
3329 4914 3498 4971 gentes
3529 4907 3580 4957 in
3613 4920 3688 4956 no-

2142 4994 2277 5045 mine
2307 4992 2478 5046 Patris
2508 5002 2554 5045 et
2585 4992 2708 5045 Filii
2732 5002 2778 5045 et
2810 4993 3031 5061 Spiritus
3059 4994 3237 5046 sancti.
3272 4990 3337 5046 In
3365 4994 3583 5054 nomine,
3619 4995 3689 5046 ἰησ

2139 5085 2276 5151 quit,
2311 5083 2483 5137 Patris
2518 5094 2562 5136 et
2606 5082 2730 5136 Filii
2763 5094 2810 5136 et
2851 5083 3076 5150 Spiritus
3120 5085 3282 5137 sancti
3319 5081 3538 5151 (Matth.
3574 5079 3687 5144 ult.)

2141 5172 2381 5226 Nominis
2411 5173 2750 5239 singularitas
2791 5175 3043 5224 unitatem
3078 5173 3335 5239 loquitur,
3380 5173 3687 5240 appellatio.

2140 5280 2262 5316 mnu
2317 5265 2594 5322 diversitas
2640 5263 2971 5318 Trinitatem.
3004 5263 3058 5317 In
3087 5265 3300 5317 nomine
3346 5279 3472 5331 ergo
3525 5279 3682 5320 unus.

2136 5355 2226 5410 sed
2271 5357 2322 5406 in
2351 5369 2691 5421 personarum
2729 5354 3084 5420 distinctione,
3120 5369 3220 5405 non
3250 5367 3405 5406 unus.
3446 5352 3583 5418 Quid
3614 5362 3686 5404 est

2139 5446 2188 5496 in
2213 5446 2382 5497 tribus
2406 5446 2559 5496 unius
2587 5445 2816 5497 nominis
2843 5447 3207 5511 prmrogativa,
3241 5442 3342 5494 nisi
3373 5443 3586 5496 deitatis
3613 5447 3682 5493 in-

2138 5531 2365 5584 discreta
2395 5532 2672 5585 concordia
2704 5550 2712 5582 :
2742 5532 2820 5585 lac
2848 5533 3064 5599 gradum
3091 5531 3131 5584 si
3164 5542 3340 5600 potes,
3382 5531 3469 5584 ubi
3502 5543 3687 5596 prater

2139 5637 2298 5675 unum
2331 5622 2437 5675 Deo
2466 5621 2565 5676 hoc
2598 5621 2767 5690 ipsum
2818 5630 3098 5677 attestantc
3148 5621 3273 5675 nihil
3305 5620 3530 5677 invenis.
3563 5621 3682 5674 Tres
