3842 6226
119 318 174 370 29
1217 307 1298 361 DE
1335 303 1595 360 SPlltlTU
1635 313 1636 348 ἲ

1781 298 1894 358 ετυ
1932 302 2056 357 LIB.
2099 303 2162 359 ΙΙ.
3231 303 3298 355 50

119 427 269 486 audis,
290 438 353 477 ne
376 425 632 476 unitatem
663 421 699 476 S
717 421 946 474 ubelliana
976 417 1293 487 permisceat
1318 425 1374 470 et
1410 415 1631 468 confun-
1662 418 1711 473 Λ
1741 415 1938 470 Esurioi
1962 419 2113 478 enim.
2134 425 2184 470 et
2209 416 2418 469 dedistis
2441 415 2564 468 mihi
2589 415 2910 468 manducare.
2943 413 3117 480 Sitivi,
3137 421 3184 466 et
3212 416 3302 466 dc-

119 517 198 571 dat
225 515 475 582 impietas.
522 513 693 566 Unum
752 510 917 574 audis,
965 522 1032 562 ne
1077 508 1385 560 Trinitatem
1434 505 1636 558 dividat
1746 508 1890 558 distis
1918 507 2044 558 mihi
2088 507 2272 560 bibere.
2320 504 2456 570 Quid
2487 505 2559 558 ait
2611 516 2850 572 personat
2895 505 3107 556 unitas?
3137 503 3303 556 llonm

119 606 287 661 Ariana
305 603 641 672 perversitas.
669 600 1168 669 Spiritutusanctum
1199 596 1440 657 audis,ut
1463 594 1643 647 Mace-
1747 595 1980 662 pascitur
2007 605 2063 650 et
2092 597 2230 650 Deus
2257 596 2509 648 relicitur.
2560 594 2658 647 Pes
2685 596 3017 661 componitur
3057 601 3109 647 et
3145 602 3303 660 caput

121 695 308 747 donium
329 692 595 745 confodias
624 689 849 743 distincti
876 687 1103 741 nominis
1124 699 1374 754 expressa
1405 683 1642 750 proprie-
1748 686 2039 739 fomentum
2064 701 2123 741 se
2157 686 2355 739 sentire
2384 692 2627 736 testatur.
2659 683 2794 736 Dicit
2835 699 2960 752 ergo
2984 701 2998 737 :
3026 683 3303 750 Nunquam

122 796 207 838 tas.
225 784 391 849 Itaque
411 799 512 835 non
536 797 625 834 cre
644 791 808 845 σιω-ιε,
831 778 921 833 sed
936 777 1188 832 creatoris
1211 774 1642 829 incommutabile
1748 775 2022 828 Dominum
2051 777 2228 844 gloriae
2274 762 2662 842 cruci/ixisaent.
2709 774 2773 826 Et
2801 789 2831 827 e
2859 775 3102 827 diverso:
3139 772 3304 827 Nemo

123 877 435 942 upns‘agitur
460 915 475 937 ,
504 875 594 927 tibi
627 883 955 942 peccatorum
1002 869 1219 922 abolitio
1247 877 1302 923 et
1345 867 1646 919 immunitas
1746 868 1968 922 ascendit
1994 868 2046 920 in
2071 869 2270 933 emtum,
2293 867 2390 920 nisi
2416 866 2502 934 qui
2528 865 2782 919 descendit
2805 866 2866 917 de
2882 863 3023 928 caele,
3045 865 3182 931 ﬁlius
3211 865 3304 917 Ito.

123 975 362 1034 erogatur.
396 966 450 1018 In
482 964 582 1016 hoc
611 974 781 1029 tamen
812 957 1164 1014 in'dissecabili
1198 953 1488 1023 majestatis
1530 967 1643 1005 δηι-
1745 958 1896 1011 minis
1926 957 2014 1026 qui
2057 966 2132 1010 est
2180 957 2233 1008 in
2277 957 2419 1008 coelo.
2446 954 2580 1010 Vide
2627 953 2891 1022 quomodo
2920 966 3015 1020 per
3051 954 3302 1006 unitatem

125 1055 287 1121 plcxu,
317 1054 368 1106 in
394 1053 714 1121 pr0prietate
760 1063 995 1117 personae
1023 1047 1157 1100 alter
1181 1054 1261 1100 est
1304 1043 1489 1108 Pater,
1515 1043 1642 1095 alter

1785 1062 1991 1102 ersonte
2015 1047 2240 1100 humana
2270 1045 2480 1124 divinis,
2501 1055 2554 1097 et
2579 1045 2819 1098 bumanis
2841 1044 3012 1098 divina
3047 1044 3302 1097 miscean-

124 1153 191 1196 est
223 1142 400 1208 Filius,
429 1142 563 1194 alter
590 1150 671 1194 est
695 1138 921 1208 Spiritus
958 1145 1194 1200 sanctus,
1225 1133 1316 1188 sed
1365 1136 1416 1186 in
1447 1132 1647 1185 unitate
1723 1148 1853 1191 -tur.
1885 1136 2021 1190 Deus
2050 1135 2392 1202 cruciﬁgitur,
2433 1143 2487 1188 et
2513 1133 2671 1186 homo
2700 1133 2765 1185 de
2795 1133 2932 1186 caelo
2961 1133 3302 1194 descendere,

126 1249 215 1286 non
235 1233 392 1286 aliud.
422 1233 520 1297 Qui
553 1233 730 1300 utique
757 1231 801 1283 si
841 1229 979 1284 Deus
1019 1244 1123 1282 non
1152 1237 1315 1294 esset,
1357 1225 1506 1296 juxta
1543 1226 1644 1279 Pa-
1748 1226 1876 1280 etin
1906 1225 2042 1278 calo
2073 1238 2383 1293 permanere
2418 1232 2761 1276 memoratur.
2779 1222 2905 1286 Quze
2926 1236 3042 1274 cum
3080 1224 3147 1275 ita
3175 1222 3302 1281 sint,

126 1335 240 1378 trem
268 1332 318 1377 et
342 1323 527 1376 Filium
555 1309 832 1390 personam
868 1319 1131 1386 propriam
1160 1318 1358 1372 habere
1399 1307 1501 1369 non
1528 1321 1647 1383 ρος-
1750 1316 2140 1385 perspiciamus
2163 1315 2231 1368 de
2248 1314 2414 1367 sacris
2440 1313 2794 1367 voluminibus
2822 1314 3047 1382 gemina:
3065 1313 3306 1367 substan-

124 1422 216 1476 set;
243 1413 464 1480 denique
487 1414 696 1480 quando
741 1410 969 1465 Verbum
1015 1409 1201 1462 transit
1229 1408 1285 1460 in
1313 1421 1528 1461 carnem
1554 1447 1569 1472 ,
1595 1416 1648 1460 et
1750 1407 1836 1460 tia:
1865 1404 2281 1459 distinctionem.
2313 1404 2402 1457 Ait
2445 1404 2622 1470 itaque
2652 1403 2835 1457 beatus
2868 1405 3075 1471 Moyses
3100 1420 3115 1455 :
3148 1405 3306 1472 Caput

128 1503 331 1555 hominis
349 1504 576 1555 habitum
595 1502 731 1555 Deus
754 1500 1003 1563 induit,et
1023 1498 1134 1552 siin
1162 1497 1387 1551 circuitu
1418 1496 1532 1566 ejus
1564 1505 1646 1549 ta-
1749 1511 1861 1548 cum
1910 1495 2117 1564 pedibus
2170 1494 2459 1557 comedetis,
2501 1502 2548 1546 et
2592 1493 2828 1545 intestina
2855 1496 2965 1563 ejus
3006 1491 3306 1544 devorabitis

127 1592 588 1659 bernaculumejus,
612 1601 663 1646 et
683 1590 1013 1659 splendorem
1033 1601 1181 1641 suum
1206 1587 1437 1642 tenebris
1454 1595 1648 1641 nostrae
1751 1587 1943 1657 (Exod.
1993 1586 2111 1654 xu).
2142 1587 2197 1639 ln
2246 1585 2468 1653 pedibus
2489 1585 2900 1646 humanitatem,
2929 1591 2984 1637 et
3031 1583 3083 1635 in
3131 1582 3304 1648 capite

129 1681 400 1749 fragilitatis
417 1682 655 1745 involvit,
677 1691 731 1734 et
751 1681 895 1746 ponit
912 1679 1155 1734 tenebras
1172 1677 1444 1733 latibulum
1469 1693 1645 1745 suum,
1752 1679 2030 1734 credamus
2057 1679 2404 1746 majestatem.
2432 1676 2504 1732 ita
2537 1678 2590 1730 lit
2616 1687 2669 1730 ut
2701 1677 2824 1730 dum
2854 1677 2967 1731 haec
2996 1678 3127 1729 intra
3171 1676 3308 1729 litto-

131 1769 207 1822 Dei
227 1770 431 1840 quidem
458 1778 510 1823 et
539 1769 764 1824 hominis
785 1769 972 1836 duplex
986 1755 1282 1822 substantia
1313 1779 1416 1832 est,
1449 1767 1542 1819 sed
1574 1777 1651 1819 ta-
1679 1751 1724 1810 Β
1753 1766 1863 1826 ηπ,
1893 1770 2130 1834 latentia,
2156 1770 2256 1822 llde
2283 1777 2647 1836 perscrutantc
2665 1767 3050 1836 cognoscimus,
3076 1766 3210 1832 ignis
3237 1765 3309 1818 in.

130 1873 231 1911 me“
257 1874 352 1912 “"3
381 1872 622 1928 Persona-
653 1859 819 1928 Quam
843 1856 912 1911 οδ
941 1855 1089 1911 rem?
1112 1856 1241 1924 Quia
1272 1857 1396 1909 dum
1429 1856 1649 1910 Ῐυηηηηι
1752 1854 1964 1931 testina,
1998 1868 2050 1923 id
2081 1878 2161 1922 est
2183 1869 2563 1937 mysteriorum.
2585 1865 2788 1918 occulta
2818 1877 3105 1925 sumamus.
3140 1862 3305 1918 Scru-

130 1949 247 2004 servi
268 1950 551 2019 accipiens,
574 1947 768 2005 famulo
794 1948 934 2004 Deus
950 1948 1452 2019 jungitur,'minoris
1484 1949 1647 2002 bumi-

1788 1961 1907 2015 andi
1933 1960 2072 2014 enim
2104 1960 2333 2013 studium
2355 2000 2367 2017 .
2402 1957 2623 2013 aviditas
2662 1956 2968 2023 intelligitur
2997 1952 3305 2008 devorandi.

132 2043 232 2092 litas
255 2041 384 2095 intra
416 2044 763 2100 reverentiam
798 2043 1008 2111 majoris
1033 2041 1394 2108 absconditur,
1423 2053 1475 2096 et
1495 2043 1649 2110 supe-

1785 2057 1901 2107 .icut
1928 2035 1981 2107 et
2007 2050 2114 2105 alio
2140 2051 2259 2105 loco
2291 2049 2518 2117 duplicis
2547 2047 2852 2100 substantiae
2886 2045 3268 2099 absolutionem
3289 2083 3302 2104 ,

134 2131 267 2183 τίοτίε
288 2131 492 2186 tum"?
510 2129 759 2186 θκίηδιιιίιί
787 2134 1131 2197 consumitur.
1160 2147 1222 2186 ac
1249 2134 1324 2185 δίο
1354 2132 1650 2200 Ρτορτίθιδο
1752 2143 1892 2198 idem
1927 2141 2401 2208 ,sacrameutbrum
2459 2141 2670 2192 revelat:
2693 2153 2719 2191 r
2766 2137 2996 2190 insinuat
3020 2177 3034 2200 ,
3087 2134 3304 2189 dicens:

134 2232 221 2272 tetu
250 2237 481 2288 persona:
528 2223 826 2276 humanitas
872 2223 1142 2277 divinitate
1183 2209 1531 2276 obumbrante
1570 2223 1653 2277 vel
1764 2231 1950 2300 Vulpes
1981 2231 2149 2299 fovea;
2172 2229 2380 2287 habent,
2411 2239 2456 2281 ει
2480 2225 2703 2280 volucre;
2731 2226 2842 2278 caeli
2867 2225 3031 2288 nidos,
3054 2220 3193 2292 ﬁlius
3211 2237 3306 2273 αα-

135 2315 376 2366 eminente
419 2327 522 2365 non
551 2314 773 2366 obtinet.
798 2312 872 2365 “li
918 2328 1043 2382 ergo
1071 2321 1241 2381 potest
1267 2328 1384 2366 esse
1407 2326 1656 2381 persona-
1755 2331 1852 2374 (em
1875 2321 2090 2374 hominis
2114 2336 2213 2372 non
2243 2318 2390 2370 habet
2422 2318 2504 2370 ubi
2527 2327 2675 2388 caput
2693 2333 2838 2370 artum
2864 2314 3066 2368 reclinet
3095 2311 3325 2383 (Matth,_

137 2418 234 2453 rtltu
264 2403 512 2472 parilitas,
547 2404 632 2456 tibi
659 2404 961 2455 meritorum
984 2418 1046 2457 ac
1071 2403 1383 2470 dignitatum
1413 2403 1656 2456 consistit
1752 2427 1864 2477 Vm,
1882 2410 2005 2463 Luc,
2030 2409 2125 2478 ιχ),
2143 2408 2249 2462 [Ioc
2274 2417 2356 2462 est
2375 2407 2574 2460 dolosa:
2600 2408 2830 2462 [um-eses
2850 2417 2900 2460 ει
2916 2406 3206 2459 tenebrosa:
3229 2405 3308 2456 vel

136 2493 403 2557 inqualitas.
449 2493 512 2545 Et
551 2493 669 2545 ideo
707 2493 959 2560 Spiritum
1008 2507 1244 2547 sanetum
1275 2508 1393 2546 Cum
1428 2493 1579 2546 Patre
1602 2488 1655 2546 el
1755 2515 1926 2554 aereae
1961 2509 2251 2567 potestates
2271 2497 2451 2551 sedem
2498 2496 2598 2550 sibi
2639 2499 2691 2550 in
2739 2496 3036 2563 pectoribus
3063 2495 3309 2548 humanis

138 2579 276 2645 Filio,
299 2598 454 2634 unum
475 2582 764 2650 tuajestatis
787 2584 994 2636 noveris
1011 2584 1279 2653 possidere
1302 2583 1655 2651 privilegium,

1793 2591 2011 2646 rofunda
2043 2590 2381 2644 damnatione
2406 2571 2710 2656 posuerunt,
2738 2602 2822 2640 me
2849 2599 2973 2640 vero
2997 2586 3048 2639 in
3075 2586 3305 2638 lidelinm

137 2686 271 2737 ίμιθω
302 2687 536 2740 Ρωεοηὲ
565 2673 714 2726 Vides
735 2672 980 2728 οδίίυθτθ
1001 2673 1090 2742 ius
1117 2674 1406 2741 proprium.
1433 2675 1582 2740 Quod
1611 2674 1654 2728 Si
1755 2684 1914 2738 corda
1936 2682 2024 2753 qui
2054 2683 2322 2755 hominem
2347 2681 2397 2734 itt
2429 2695 2591 2734 carne
2613 2679 2962 2744 Conspiciuut,
2989 2678 3149 2732 Deum
3175 2678 3308 2730 intra

139 2762 302 2829 aliquis
343 2773 570 2837 opponat
596 2773 650 2817 et
678 2763 821 2818 dicat
848 2781 861 2817 :
892 2763 947 2818 Si
979 2765 1030 2818 in
1059 2761 1266 2818 Christo
1320 2765 1428 2820 Deo
1458 2768 1656 2832 pariter

1796 2777 2021 2831 ominem
2053 2760 2222 2827 latere
2253 2788 2355 2826 non
2384 2771 2610 2826 credunt
2635 2789 2648 2834 ;
2696 2769 2873 2824 foveas
2910 2771 3048 2824 enim
3079 2779 3131 2822 et
3160 2766 3309 2821 nidos

142 2850 407 2907 etrboniiue
433 2855 561 2906 duas
592 2854 912 2909 substantias
943 2854 1186 2918 dicimus,
1218 2871 1379 2923 quare
1400 2870 1503 2910 non
1525 2857 1656 2911 duas

1799 2885 1862 2921 un
1896 2866 2198 2920 transitoria
2228 2874 2276 2919 et
2308 2872 2674 2918 tuomentanea
2706 2862 2944 2930 deSignat
2977 2860 3268 2914 habitacula
3294 2903 3308 2918 ,

143 2940 275 2997 simili
298 2947 495 2997 ratione
524 2943 802 3016 credamus
828 2945 1122 3014 personas?
1146 2944 1260 2998 Non
1285 2947 1352 2996 ita
1381 2957 1480 2999 εει·
1524 2945 1654 3000 Nam
1759 2960 1850 3012 sed
1877 2959 2122 3011 diuturna
2148 2964 2200 3009 et
2229 2969 2417 3009 secura
2445 2953 2777 3022 possessione
2801 2950 3031 3015 fundata,
3056 2961 3171 3019 quae
3198 2963 3311 3001 ser-

145 3033 215 3100 qui
234 3034 354 3089 duas
394 3048 643 3114 personas
676 3036 727 3087 in
761 3036 969 3089 Christo
995 3035 1144 3102 facit,
1176 3036 1494 3106 impietatem
1523 3052 1651 3106 qu-i-

1801 3046 1976 3099 t-ntiita
2006 3044 2254 3098 vitiorum
2289 3041 2637 3110 multiplicent
2663 3039 3001 3094 nutrimenta.
3032 3037 3316 3106 Apostolus

149 3125 380 3178 ternitatis
401 3127 699 3190 introducit,
727 3141 881 3196 quam
908 3125 1115 3195 penitus
1139 3143 1313 3184 rerum
1346 3138 1531 3182 natura
1554 3144 1658 3183 non

1800 3136 1901 3189 nim
1933 3135 2064 3188 (luas
2102 3134 2423 3186 substantias
2472 3128 2743 3185 evidenter
2769 3139 2968 3182 remota
2999 3128 3317 3181 sacramenti

148 3215 325 3283 recipit.
355 3217 425 3268 De
447 3216 652 3269 duabus
692 3218 1032 3273 rationalibus
1071 3217 1397 3286 diversisque
1424 3220 1660 3275 substan-
1761 3226 2085 3278 obscuritate
2107 3222 2317 3290 adjecit,
2335 3223 2400 3273 ita
2417 3220 2625 3274 dicens:
2648 3215 2831 3272 Patres
2854 3216 3013 3270 nostri
3029 3233 3092 3271 eo;
3107 3216 3320 3269 nubibus

150 3303 247 3368 uis,
293 3307 578 3373 prtesertim
604 3306 672 3360 de
704 3307 792 3361 Dei
824 3315 877 3360 ct
919 3307 1179 3370 hominis,
1207 3309 1274 3362 de
1323 3310 1578 3366 creatoris
1607 3309 1668 3366 et
1760 3298 1998 3370 Christus
2021 3311 2294 3364 secundum
2324 3324 2553 3370 carnem,
2583 3306 2666 3373 qui
2703 3317 2774 3360 est
2802 3318 2956 3376 super
2983 3306 3154 3360 omnia
3180 3304 3322 3358 Deus

149 3407 370 3451 creatura
398 3413 498 3450 una
521 3398 634 3452 fieri
664 3414 769 3451 non
802 3409 990 3464 potest,
1015 3400 1083 3454 de
1102 3399 1302 3453 duabus
1325 3415 1450 3456 vero
1479 3415 1660 3468 perso-
1737 3403 2046 3464 ,benedictus
2081 3402 2133 3455 in
2157 3401 2365 3454 siccaria.
2406 3399 2510 3455 Sed
2534 3398 2704 3455 dicis:
2747 3397 3031 3467 Apostolus
3053 3398 3184 3450 duas
3207 3407 3318 3449 tan-

150 3485 233 3547 uis,
259 3501 351 3539 una
379 3486 490 3541 ﬁeri
522 3497 721 3556 potest,
771 3490 905 3542 sicut
933 3489 1151 3558 legimus
1175 3502 1326 3557 caput
1358 3501 1411 3545 et
1431 3507 1656 3559 corpus,
1762 3503 1870 3547 tum
1908 3505 2163 3562 personas
2195 3492 2246 3543 lu
2289 3480 2507 3556 operum
2554 3501 2770 3542 suorum
2799 3487 3066 3540 volumine
3101 3486 3318 3538 conlue-

149 3574 383 3631 Christum
411 3589 462 3631 et
485 3579 770 3632 Ecclesiam
791 3594 942 3632 unam
964 3590 1142 3653 tenere
1173 3584 1658 3648 personam.Eruut
1761 3591 1878 3645 tur,
1922 3581 2058 3636 sicut
2104 3580 2169 3633 ad
2215 3577 2515 3632 Corintbios
2560 3577 2797 3653 loquitur
2831 3591 2845 3627 :
2880 3575 3070 3627 Paulus
3111 3581 3318 3626 iocatus

150 3664 276 3727 enim,
319 3667 504 3734 inquit,
535 3671 638 3720 duo
686 3668 738 3720 in
764 3683 913 3721 carne
951 3652 1068 3724 und.
1104 3671 1169 3723 Et
1197 3673 1331 3742 sicut
1382 3675 1517 3740 apud
1549 3673 1662 3728 nos
1761 3671 2030 3737 Apostolus
2047 3668 2176 3739 'Jes'u
2206 3667 2393 3720 Christi
2418 3682 2510 3734 per
2534 3651 2842 3718 uoluntatem
2881 3663 2992 3716 Dei.
3025 3663 3086 3716 Et
3116 3659 3178 3715 ad
3210 3659 3318 3715 Ga-

152 3750 360 3808 ltomines
387 3755 545 3812 Filius
573 3756 740 3810 Patris
771 3757 992 3812 familias
1015 3758 1164 3827 juxta
1195 3760 1402 3814 Patrem
1445 3763 1527 3816 vel
1549 3779 1663 3817 ser-
1761 3761 1895 3814 latas
1922 3758 2116 3812 Paulus
2154 3755 2457 3824 apostolus,
2484 3771 2583 3807 non
2616 3753 2680 3810 ab
2712 3754 2991 3807 hominibus
3035 3767 3191 3820 neque
3228 3766 3318 3819 per

150 3842 371 3911 “slum
403 3846 704 3908 Dominum.
725 3862 964 3914 personae
988 3853 1209 3918 proprie:
1236 3851 1408 3907 locum
1440 3868 1540 3905 non
1570 3855 1662 3908 ιη-
1728 3862 1734 3874 '
1761 3851 2012 3908 hominem
2031 3847 2164 3913 ,‘sed
2195 3863 2282 3915 per
2307 3844 2485 3900 Jesum
2510 3843 2783 3899 Christum
2808 3853 2854 3896 et
2883 3843 3042 3895 Deum
3072 3839 3277 3894 Putrem
3301 3880 3320 3918 ε

152 3932 241 3995 bet,
260 3933 324 3988 ita
352 3935 401 3989 in
423 3937 530 3991 Deo
552 3945 609 3990 et
627 3938 859 3999 homine,
883 3940 1093 4007 gemina
1112 3941 1322 4008 quidem
1347 3943 1660 4009 substantia,
1760 3942 1847 4011 qui
1892 3939 2149 4010 suscitavit
2184 3952 2297 3990 eum
2321 3952 2354 3989 a
2391 3935 2623 3990 mortuis.
2655 3934 2722 3990 Et
2757 3934 2978 3997 iterum,
3011 3948 3141 3987 unus
3179 3934 3317 3984 Deus

150 4020 226 4076 sed
246 4038 340 4077 non
363 4028 568 4094 gemina
599 4042 821 4095 persona
846 4038 949 4094 est,
973 4030 1094 4097 quia
1132 4047 1350 4106 persona
1381 4048 1659 4102 personam

1803 4018 1929 4083 'ater
1958 4043 2022 4082 ea:
2050 4044 2147 4097 quo
2187 4028 2358 4080 omnia
2385 4036 2433 4078 et
2460 4041 2549 4078 nos
2596 4025 2650 4077 in
2678 4025 2808 4094 ipso,
2838 4032 2884 4075 et
2912 4037 3043 4075 unus
3073 4020 3320 4074 Dominus

152 4119 426 4170 mue“
453 4127 646 4184 P0test,
679 4118 968 4172 substantia
991 4135 1120 4178 vero
1161 4125 1520 4181 substantiam,
1537 4140 1664 4184 con-
1761 4118 1914 4173 Iesus
1943 4118 2192 4179 Christus,
2216 4131 2306 4185 per
2323 4130 2471 4185 quem
2509 4113 2677 4167 omnia
2701 4122 2747 4164 et
2765 4126 2872 4181 nos
2895 4124 2986 4181 per
3011 4111 3196 4179 ipsum.
3221 4110 3317 4164 Se.

150 4203 330 4258 “more
355 4220 457 4258 non
487 4215 684 4274 potest.
709 4208 761 4260 Si
789 4208 996 4274 quidem
1029 4224 1251 4278 persona
1286 4228 1370 4266 res
1392 4214 1530 4287 juris
1556 4225 1660 4279 est,
1762 4213 1991 4273 cundum
2019 4212 2129 4265 btec
2153 4210 2284 4264 dicis
2300 4209 2493 4262 nullam
2521 4206 2588 4262 de
2603 4207 2799 4275 Spiritu
2825 4215 3006 4260 sant-to
3031 4205 3141 4260 ﬁeri
3172 4221 3328 4259 men!

152 4294 408 4351 substantia
436 4313 522 4353 res
543 4308 767 4351 naturai.
794 4299 900 4353 lloe
920 4300 1037 4354 loco
1059 4305 1413 4380 necessarium
1435 4305 1660 4370 videtur,
1768 4306 1984 4357 tionem.
2018 4301 2103 4356 Ut'
2121 4300 2357 4355 breviter
2384 4298 2642 4364 dicamus,
2666 4297 2866 4350 oblitos
2903 4310 2960 4349 es
2990 4293 3131 4363 quod
3180 4298 3322 4364 Apoe

152 4384 258 4438 utin
277 4385 477 4440 Christo
505 4387 731 4442 Domino
759 4389 953 4456 pariter
978 4398 1032 4444 et
1055 4384 1279 4446 hominis
1301 4410 1455 4446 unam
1483 4409 1664 4460 perso-
1691 4435 1744 4498 Β
1765 4395 1931 4449 stolas
1957 4393 2155 4462 Spiritu
2195 4392 2379 4446 sancto
2405 4393 2590 4459 plenus
2613 4431 2630 4457 ,
2660 4387 2776 4445 ’ttec.
2794 4389 3049 4458 apostolis
3083 4382 3201 4458 ipso
3242 4383 3323 4442 in;

155 4488 250 4498 υ..
303 4487 344 4498 ,Α
377 4479 492 4498 Α---
535 4494 555 4498 Α
599 4480 699 4498 l-.,
755 4481 846 4498 --e,
902 4492 913 4498 -
986 4484 1017 4498 .-
1153 4485 1182 4495 η
1592 4488 1625 4498 ι.
1833 4485 1845 4497 ο
1953 4497 1959 4498 ,
2103 4484 2114 4498 ι
2199 4483 2235 4498 n
2275 4493 2285 4498 -
2336 4473 2344 4498 Ῑ
2399 4481 2520 4498 nuo,
2577 4496 2601 4498 ,_
2675 4481 2862 4498 ηηᾼιρ-
2904 4480 2986 4498 ιγ.
3064 4478 3319 4498 l-___-_..'.

153 4488 272 4542 nam,
297 4487 347 4532 et
369 4479 497 4533 duas
532 4480 852 4535 substantias
901 4484 1214 4538 testimoniis
1242 4499 1557 4540 asseramus.
1590 4488 1662 4546 Da
1691 4473 1741 4498 ⁵³
1766 4485 1998 4552 Spirante
2019 4525 2034 4550 ,
2084 4484 2152 4537 de
2197 4473 2352 4536 Patre
2399 4481 2638 4551 Filioque
2674 4480 3012 4551 praedicabat.
3063 4478 3319 4548 Loquenti

153 4578 282 4622 "nam
306 4570 651 4639 redemptoris
685 4571 778 4626 Dei
819 4572 1149 4641 hominisque
1190 4589 1488 4643 personam.
1520 4579 1664 4645 Apoc
1765 4577 1925 4644 igitur
1945 4576 2011 4628 de
2043 4576 2214 4630 Patris
2235 4589 2297 4628 ac
2319 4573 2434 4628 Filii
2470 4575 2780 4642 Operatione
2803 4579 2857 4627 et
2885 4570 2976 4627 ille
2995 4586 3098 4628 non
3121 4572 3336 4642 deerat,’

153 4656 293 4713 stolus
331 4661 456 4717 dicit
487 4680 500 4715 :
543 4662 608 4717 Si
639 4664 774 4718 enim
803 4656 1482 4742 cognovissetttjapientiam
1532 4668 1626 4723 Dei
1651 4705 1668 4732 ,
1768 4667 1855 4734 qui
1887 4665 2145 4733 loquenda
2189 4664 2438 4725 dictabat,
2469 4662 2756 4717 secundum
2788 4663 2915 4717 illud
2944 4679 2958 4716 :
3001 4652 3164 4716 Nemo
3201 4663 3326 4715 dicit

155 4761 379 4818 unquam
424 4751 698 4805 Dominum
722 4753 898 4822 gloria:
922 4754 1302 4822 cruciﬁxirsent.
1345 4759 1398 4814 Si
1438 4759 1668 4828 requiris
1770 4755 2014 4808 Dominus
2028 4752 2200 4818 Iesus,
2229 4755 2324 4807 nisi
2345 4755 2398 4806 in
2425 4751 2621 4824 Spiritu
2645 4760 2836 4808 sancto.
2869 4753 2965 4820 Qui
2991 4766 3121 4819 ergo
3149 4751 3322 4805 credi-

155 4842 385 4901 quomodo
405 4842 726 4898 inviolabilis
772 4845 998 4910 potuerit
1028 4848 1154 4914 pati,
1181 4857 1235 4903 et
1260 4851 1666 4918 iucompreben-
1770 4855 1919 4897 turns
1944 4844 2026 4897 vel
2054 4845 2392 4896 confessurus
2413 4844 2497 4896 vel
2526 4845 2899 4911 praedicaturus
2919 4851 3000 4896 est
3027 4840 3339 4909 Cbristutn,’

154 4923 296 4982 sibilis
320 4932 568 5000 cruciﬁgi,
598 4947 837 5000 personm
867 4935 1038 4988 unitas
1076 4936 1219 5001 facit,
1252 4949 1306 4991 ut
1337 4939 1475 5006 quod
1507 4941 1665 4992 homo
1770 4936 1917 4990 vides
1945 4934 2083 5003 quod
2117 4944 2238 4989 ante
2280 4937 2330 4987 in
2361 4949 2419 4989 se
2469 4934 2743 4990 habiturus
2784 4941 2866 4987 est
2915 4931 3166 4999 Spiritum
3196 4946 3323 4991 san.-

156 5020 355 5085 pertolit,
389 5023 525 5076 Deus
551 5024 830 5090 pertulisse
855 5024 1116 5081 credatur.
1140 5025 1265 5083 Item
1292 5042 1409 5080 cum
1444 5042 1667 5096 evange-
1769 5036 1934 5086 ctum.
1964 5026 2075 5080 Non
2105 5040 2232 5096 ergo
2262 5025 2489 5080 honores
2511 5025 2666 5078 ﬁdem
2697 5033 2857 5087 tuam,
2888 5021 3026 5091 quod
3057 5023 3334 5079 interdum

157 5104 254 5161 lists
280 5123 653 5165 commemorat
679 5132 690 5164 :
725 5112 888 5165 Nemo
915 5113 1134 5166 ascendit
1163 5117 1259 5168 nisi
1301 5118 1386 5183 qui
1412 5117 1666 5172 descendit
1768 5118 1882 5170 sine
1902 5118 2405 5173 commemoratione
2438 5115 2665 5181 Spiritus
2693 5113 2893 5178 sancti,
2921 5112 3090 5168 Patris
3119 5113 3322 5166 mentio

155 5197 206 5250 de
229 5205 356 5266 ario,
381 5205 516 5270 ﬁlius
552 5205 790 5269 hominis,
814 5207 900 5274 qui
924 5215 996 5257 est
1019 5207 1069 5257 in
1109 5206 1265 5260 caelo:
1295 5209 1558 5277 quomodo
1583 5210 1667 5263 hic
1769 5209 1990 5262 habetur
2014 5221 2076 5261 ac
2106 5204 2389 5260 Filii.Nam
2418 5221 2558 5273 scepe
2580 5218 2863 5272 suppresso
2892 5196 3061 5256 Patris
3088 5202 3322 5263 neruine,

160 5286 296 5342 tilium
322 5291 546 5346 hominis
569 5304 694 5347 ante
736 5293 995 5362 passionis
1019 5294 1100 5348 vel
1131 5274 1530 5351 resurrectionis
1554 5299 1666 5352 sive
1769 5300 1886 5352 Filii
1910 5307 1964 5353 et
1983 5299 2207 5367 Spiritus
2222 5296 2387 5353 sancti
2403 5295 2637 5363 operatio
2654 5292 3090 5361 praedicatumAit
3106 5292 3161 5346 S.
3183 5274 3334 5344 Atta-.5

157 5381 446 5435 ascensionis
461 5383 599 5437 diem
621 5385 768 5450 dicit,
793 5394 842 5438 et
862 5384 927 5439 de
947 5386 1086 5439 caelo
1099 5386 1662 5453 asseritdescendisse,
1767 5396 1882 5445 nias
1912 5390 1976 5446 ad
2005 5390 2220 5444 Paulum
2245 5404 2259 5442 :
2295 5385 2452 5439 Saule
2479 5384 2657 5452 frater,
2686 5382 2935 5436 Dominus
2965 5384 3096 5434 misit
3124 5369 3203 5432 me
3232 5378 3337 5432 1e».

159 5472 203 5516 et
239 5467 281 5521 in
307 5471 600 5528 cretestibus
630 5489 973 5541 permanere,
1003 5475 1104 5528 nisi
1143 5479 1242 5531 hoc
1270 5492 1364 5544 per
1409 5479 1663 5532 unitatem
1766 5497 1872 5544 sus,
1904 5481 1988 5550 qui
2016 5479 2252 5548 apparuit
2282 5476 2370 5529 tibi
2396 5477 2446 5527 in
2495 5476 2574 5527 oin
2617 5491 2719 5544 qua
2743 5473 2968 5526 veniebas
2996 5482 3049 5526 ut
3077 5472 3246 5524 videas
3274 5481 3323 5534 et

163 5569 364 5617 I‘mona:
407 5566 537 5619 ratio
571 5564 808 5618 veritatis
855 5566 1132 5620 abSolvat?
1160 5566 1306 5621 Sicut
1343 5569 1453 5621 alio
1509 5569 1624 5624 loco
1645 5613 1659 5636 ,
1762 5576 2006 5645 replearis
2035 5574 2229 5642 Spiritu
2268 5583 2460 5627 sancto.
2498 5572 2691 5638 Aperte
2722 5571 2804 5624 hic
2833 5572 3054 5623 duarum
3085 5579 3167 5623 est
3196 5585 3325 5623 con.

161 5651 318 5722 0altilis
341 5663 391 5714 et
415 5659 651 5732 corporis
704 5657 932 5716 sociatur
981 5673 1227 5734 persona,
1271 5677 1386 5715 cum
1435 5661 1662 5735 legitur:
1767 5667 1925 5728 noxio
1963 5678 2329 5734 personarum.
2383 5663 2519 5721 Ecce
2564 5658 3052 5720 PauluSaCluisto.
3095 5666 3322 5717 cmcaws
