3802 6242
439 372 499 425 3r
1700 368 2036 425 mscnasu
2079 369 2352 428 DI.\CON[
2767 358 2776 364 ’
3379 349 3382 353 ’
3571 377 3624 431 se

439 483 695 552 arguitur.
720 480 916 550 Spiritu
932 487 1113 534 sancto
1141 478 1465 548 ijluminatns
1487 479 1753 547 impletur,
1775 490 1828 534 et
1851 483 1987 534 nulla
2024 487 2066 540 Α
2096 497 2156 534 ac
2186 483 2356 535 virtus
2383 483 2657 548 asscritur,
2690 483 2821 538 sicut
2853 485 3074 554 legimus
3105 485 3155 538 in
3187 486 3401 541 Actibus
3431 500 3622 555 aposto.

441 575 525 627 hic
552 575 717 626 I'atris
740 571 1211 625 tncntioinseritnr.
1242 570 1366 623 ltern
1390 587 1506 623 cum
1534 572 1720 624 Paulus
1737 572 1989 640 quosdam

437 680 503 716 ex
531 663 804 732 discipu'i-z
854 662 1236 728 interrogaret,
1287 662 1336 712 in
1383 677 1486 726 quo
1536 661 1783 728 baptizati
1828 664 1990 726 estis,

435 734 571 817 quos
599 762 717 819 post
743 751 1108 804 ascensionem
1135 750 1335 802 Domini
1367 751 1417 803 in
1435 751 1749 818 baptismate
1778 752 1993 806 Joannis

437 844 732 911 baptizatos
761 856 882 895 esse
898 842 1190 902 constabat,
1220 848 1336 905 post
1359 841 1696 909 praedicatum
1729 843 1990 907 Baptisma

435 933 702 997 Trinitas,
736 947 855 986 cum
902 932 1060 985 e.iam
1114 930 1238 983 illud
1291 931 1599 1000 mysterium
1631 945 1734 998 quo
1764 930 1993 985 Joannes

436 1024 709 1093 baptizare
754 1030 1138 1084 consueverat,
1169 1021 1217 1074 iJ
1247 1031 1328 1074 est
1359 1023 1409 1073 in
1456 1036 1575 1074 eum
1607 1021 1695 1088 qui
1744 1030 1995 1074 venturus

434 1125 537 1178 est,
569 1115 617 1167 in
642 1131 825 1168 eorum
855 1116 1114 1180 baptismo
1138 1114 1450 1181 probaretur
1475 1112 1748 1176 omissum,
1783 1113 1991 1167 dicente

435 1208 601 1260 Paulo
646 1197 884 1274 apostolo
908 1223 920 1257 :
948 1203 1172 1257 Joannes
1201 1205 1402 1273 quidem
1445 1205 1748 1272 baptizavit,
1800 1204 1890 1256 sed
1916 1205 1989 1255 τίη

435 1316 550 1351 eum
570 1301 654 1368 qui
676 1311 908 1350 venturus
930 1307 1001 1350 est
1026 1297 1160 1363 (Act.
1187 1295 1318 1363 xu),
1346 1295 1445 1348 hoc
1466 1293 1743 1349 estdicere
1763 1309 1894 1357 ;non
1919 1295 1988 1346 ita

438 1389 680 1456 baptizati
708 1387 856 1441 estis.
884 1387 990 1440 llos
1019 1401 1138 1438 cum
1165 1387 1511 1452 interrogaret
1543 1385 1733 1437 Paulus
1757 1402 1769 1434 :
1797 1383 1855 1438 Si
1874 1384 1995 1453 Spi-

435 1483 590 1531 ritum
632 1489 860 1532 sanctum
907 1478 1169 1544 accepistis
1213 1476 1484 1540 credentes,
1519 1476 1607 1543 qui
1652 1476 1832 1543 utique
1878 1485 1995 1544 post

435 1569 754 1634 baptismum
783 1569 1076 1622 Salvatoris
1101 1582 1192 1633 per
1211 1567 1596 1634 impositionem
1622 1581 1872 1619 manuum
1897 1566 2000 1619 rite

435 1657 682 1726 baptizati
713 1659 948 1724 fuerant,
982 1660 1320 1712 confitentur.
1373 1661 1437 1710 At
1467 1658 1539 1711 illi
1571 1659 1992 1722 responderunt:

437 1748 616 1814 Neque
643 1749 686 1800 si
711 1750 922 1816 spiritus
951 1756 1024 1801 est
1061 1749 1364 1800 audivimus.
1397 1747 1490 1799 His
1520 1749 1707 1801 auditis
1755 1749 1996 1816 baptizati

435 1851 552 1892 sunt
579 1840 629 1892 in
658 1841 854 1891 nomine
883 1840 1084 1893 Domini
1113 1838 1258 1894 Jesu.
1303 1840 1367 1891 Et
1398 1856 1508 1891 cum
1545 1841 1859 1906 imposuisset
1889 1842 1992 1894 illis
2023 1827 2069 1886 Β

435 1947 616 1988 manus
647 1929 858 1995 Paulus,
891 1931 1020 1984 venit
1049 1947 1202 1998 super
1231 1947 1312 1985 eos
1344 1931 1568 1999 Spiritus
1593 1942 1817 1996 sanctus,
1847 1934 1998 1998 etio-

433 2020 713 2086 quebantur
739 2020 947 2087 linguis,
969 2030 1016 2073 et
1050 2021 1434 2086 pt-Opltetabant.
1482 2021 1713 2076 Adverte
1750 2022 1839 2090 qui
1879 2036 1997 2075 cum

440 2109 844 2177 baptizanturin
876 2110 1090 2162 nomine
1122 2111 1327 2174 Domini
1347 2110 1494 2174 Jesu,
1523 2119 1702 2188 postea
1734 2113 1999 2180 accipiunt

435 2201 691 2269 Spiritum
723 2209 962 2254 sanctum
991 2240 1005 2264 ,
1039 2211 1091 2252 et
1120 2201 1482 2268 pr0plteticam
1528 2216 1592 2255 ex
1621 2202 1880 2256 Paraeleti
1914 2205 1996 2256 in-

434 2292 711 2346 vocatione
733 2292 999 2344 virtutem.
1020 2291 1155 2344 Vere
1180 2292 1316 2343 Deus
1338 2291 1525 2358 estqui
1547 2301 1665 2360 post
1688 2291 1775 2346 Dei
1800 2293 1995 2346 donum

435 2379 751 2448 plenitudini
786 2379 1011 2446 imponit
1038 2388 1427 2445 argumentum.
1459 2379 1597 2432 Ecce
1635 2380 1840 2432 duabus
1881 2395 2000 2448 per-

433 2474 579 2527 sonis
611 2475 661 2526 in
693 2474 957 2542 baptismo
996 2473 1334 2541 significatis,
1381 2472 1537 2526 Pater
1565 2474 1836 2528 invocatus
1878 2489 1996 2529 esse

435 2579 542 2618 non
575 2565 787 2633 legitur,
825 2563 915 2617 sed
947 2574 1168 2628 tantum,
1199 2572 1257 2617 ut
1285 2563 1428 2617 credi
1453 2573 1682 2632 oportet,
1708 2580 1826 2618 cum
1859 2565 1995 2619 Filio

439 2665 493 2710 et
513 2654 715 2722 Spiritu
745 2662 927 2706 saneto
953 2653 1154 2707 unitate
1184 2655 1456 2721 potestatis
1483 2665 1535 2708 et
1569 2655 1780 2709 deitatis
1806 2645 1995 2724 opera-

437 2755 540 2806 tur,
571 2759 724 2813 quem
757 2743 986 2796 abfuisse
1007 2757 1157 2796 sacra
1190 2744 1346 2796 lectio
1370 2759 1471 2796 non
1510 2747 1736 2813 negavit.
1761 2743 1888 2799 Cum
1914 2763 1995 2799 ve-

433 2835 585 2886 nisset
612 2832 839 2899 Spiritus
867 2843 1072 2884 sant-tus
1099 2849 1249 2900 super
1268 2849 1374 2900 eos,
1399 2843 1514 2886 tunc
1543 2833 1877 2903 loquebantur
1897 2839 1996 2889 lin-

432 2925 610 2994 guiaet
640 2922 1028 2992 proplietabant.
1057 2922 1184 2974 Vide
1201 2933 1394 2990 quanta
1428 2926 1656 2991 potentia
1673 2927 1742 2980 sit
1764 2926 1994 2994 Spiritus

433 3017 625 3069 sancti.
654 3018 705 3066 In
739 3015 1002 3081 baptismo
1030 3024 1362 3082 peccatorum
1393 3014 1682 3069 abremissa
1708 3017 1989 3082 donantur,

432 3105 486 3160 in
509 3105 735 3160 adventu
759 3103 988 3168 Spiritus
1008 3105 1172 3157 sancti
1195 3104 1441 3157 virtutum
1468 3120 1687 3159 munera
1712 3106 1995 3162 conferun-

2098 572 2264 623 lorum
2285 589 2296 622 :
2328 571 2430 635 Vos
2457 573 2829 638 baptizabimini
2854 575 3050 643 Spiritu
3073 587 3242 628 sancto
3263 593 3363 628 non
3385 587 3496 644 post
3517 582 3625 632 mal-

2095 669 2170 710 tos
2201 660 2290 712 nos
2311 660 2344 711 ά
2367 676 2416 712 es
2439 660 2572 729 (Act.
2590 661 2646 726 ι),
2675 661 2821 715 Sicut
2840 673 2892 716 et
2918 663 2970 716 in
3001 664 3283 733 Evangelio
3304 665 3369 719 de
3395 666 3624 734 singulari

2098 764 2319 811 t-ersona
2346 749 2573 818 Spiritus
2602 750 2769 804 sancti
2795 753 3093 807 continetur
3117 771 3130 805 :
3163 754 3280 808 Nisi
3307 756 3420 823 quis
3446 767 3626 810 renatus

2097 840 2247 905 fuerit
2273 854 2337 891 es
2360 855 2494 906 aqua
2515 849 2559 892 et
2589 840 2784 909 Spiritu
2810 827 3016 905 sancto,
3047 859 3147 895 non
3189 854 3347 911 potest
3375 846 3562 897 intrare
3583 849 3624 898 in

2099 944 2309 996 regnum
2349 928 2442 981 Dei
2489 928 2677 995 (Joan.
2710 928 2819 997 nt).
2843 930 3084 996 Nunquid
3132 932 3229 984 hoc
3258 933 3374 985 loco
3417 934 3563 987 Pater
3584 947 3627 988 et

2105 1020 2286 1081 Filius,
2319 1022 2438 1088 quia
2461 1022 2672 1075 minime
2699 1024 3061 1088 nominantur,
3088 1032 3236 1076 tanto
3255 1038 3317 1075 ac
3342 1033 3446 1076 tam
3469 1025 3627 1080 divino

2098 1112 2298 1166 muneri
2323 1096 2554 1167 defuisse
2582 1113 2900 1166 credentur?
2926 1113 3038 1168 Non
3061 1113 3131 1173 ita
3159 1122 3262 1166 est.
3294 1114 3423 1167 Nam
3451 1116 3630 1181 absque

2097 1201 2256 1253 dubio
2282 1200 2405 1254 dum
2433 1211 2617 1255 sancto
2648 1201 2869 1270 Spiritui
2896 1217 3012 1254 cum
3036 1218 3140 1268 quo
3167 1202 3246 1256 els
3273 1218 3372 1256 una
3404 1203 3630 1256 substan-

2097 1290 2163 1341 tia
2189 1299 2274 1343 est
2299 1332 2315 1353 ,
2347 1291 2615 1359 mysteriis
2650 1290 3020 1357 beneﬁciisque
3049 1292 3366 1359 iunguntur,
3413 1293 3512 1346 etsi
3540 1310 3631 1348 non

2094 1383 2616 1447 commemoratione,
2646 1381 2847 1435 unitate
2877 1391 3047 1435 tamen
3063 1382 3270 1450 pietatis
3292 1393 3451 1451 atque
3471 1386 3632 1454 Operis

2096 1480 2511 1536 prmsentantur.

2699 1560 2918 1616 CAPUT
2956 1561 3019 1615 V.

2099 1649 2324 1719 Objectio
2347 1651 2480 1724 quod
2517 1667 2676 1704 sermo
2702 1652 2786 1704 ille
2813 1669 2956 1724 quem
2987 1654 3193 1722 legimus
3228 1671 3246 1707 :
3283 1655 3398 1708 Nisi
3427 1657 3534 1724 quis
3559 1673 3631 1709 re-

2166 1721 2490 1794 natus/uerit
2514 1737 2574 1773 ea:
2599 1737 2731 1784 aqua
2754 1731 2799 1775 et
2821 1722 3018 1787 Spiritu
3037 1721 3235 1786 sancto,
3257 1721 3448 1793 aquam
3464 1728 3636 1794 pariter

2165 1800 2210 1840 et
2237 1790 2494 1855 Spiritum
2519 1800 2743 1842 sanctum
2772 1802 3048 1844 creaturam
3075 1808 3180 1846 csse
3207 1790 3439 1847 testatur.

2166 1897 2273 1952 Sed
2304 1898 2464 1951 dicis:
2494 1897 2548 1951 ln
2572 1908 2772 1954 tantum
2794 1910 3035 1955 creatura
3059 1911 3143 1957 est
3162 1901 3390 1970 Spiritus
3415 1914 3638 1970 sanctus,

2099 1997 2155 2040 ut
2183 2003 2331 2056 aquae
2355 1988 2622 2042 elemento
2643 2029 2659 2052 ,
2691 2005 2808 2058 quas
2837 1990 2922 2044 hic
2948 1992 3119 2060 primo
3147 1993 3263 2048 loco
3285 2005 3443 2063 atque
3465 1995 3638 2048 ordine

2100 2081 2329 2147 ponitur,
2359 2080 2595 2134 videatur
2618 2081 2895 2149 adjunctus
2924 2083 3211 2138 secundum
3256 2086 3638 2154 evangelicam,

2097 2183 2213 2236 qua:
2241 2171 2485 2236 superius
2531 2183 2940 2224 commemorata
2983 2181 3088 2237 est;
3139 2175 3501 2229 sententiam:
3535 2175 3640 2227 Nisi

2097 2259 2208 2324 quis
2237 2266 2440 2311 renatus
2475 2260 2626 2327 fuerit
2650 2277 2712 2313 ea:
2738 2277 2869 2323 aqua
2897 2272 2944 2314 et
2973 2262 3171 2330 Spiritu
3200 2273 3399 2329 sancto,
3434 2281 3535 2318 non
3562 2282 3645 2330 po-

2097 2357 2188 2400 test
2239 2350 2425 2401 intrare
2468 2352 2518 2402 in
2566 2367 2773 2419 regnum
2818 2350 2911 2405 Dei
2955 2351 3164 2423 (lbid.).
3196 2354 3530 2426 Manifestum
3570 2367 3644 2409 est

2095 2438 2257 2502 enim,
2293 2440 2379 2506 qui
2405 2439 2519 2494 haec
2553 2439 2780 2508 loquitur
2804 2457 2905 2494 non
2934 2443 3102 2496 solum
3124 2445 3352 2515 divinam
3380 2446 3430 2498 in
3453 2445 3646 2512 Spiritu

2097 2539 2284 2581 sancto
2305 2538 2637 2596 potestatem,
2667 2531 2758 2583 sed
2786 2531 2951 2596 ipsam
2982 2532 3224 2602 baptismi
3257 2534 3464 2589 nescire
3494 2535 3648 2589 ratio-

2097 2633 2240 2671 nem.
2273 2619 2557 2684 Apostolus
2579 2629 2752 2675 autem
2789 2621 2918 2674 dicit
2946 2639 2959 2674 :
2987 2621 3046 2677 Si
3074 2633 3241 2676 autem
3267 2624 3454 2676 mortui
3481 2639 3648 2676 suntm

2096 2723 2209 2759 cum
2235 2705 2456 2772 Christo,
2488 2710 2736 2763 credimus
2764 2712 2881 2780 quia
2909 2713 3064 2765 simul
3100 2716 3249 2766 etiam
3287 2715 3510 2768 vivemus
3542 2731 3650 2767 eum

2097 2796 2296 2849 Christo
2343 2798 2519 2864 (Rom.
2564 2800 2656 2861 vi).
2688 2801 2963 2866 Quomodo
3011 2815 3185 2858 autem
3235 2807 3503 2872 possimus
3532 2820 3648 2869 cum

2096 2888 2308 2941 Christo
2338 2889 2472 2940 mori
2497 2891 2578 2942 vel
2610 2905 2905 2958 reatngere,
2935 2895 2976 2948 si
3005 2899 3241 2964 reqnfras
3265 2897 3509 2951 adverte.
3536 2898 3653 2950 0m-

2097 2994 2190 3032 nes
2221 2979 2520 3048 quicunque
2548 2994 2700 3035 sacro
2731 2983 2876 3038 fonte
2901 2983 3310 3053 submergimur,
3341 2966 3569 3040 mortem
3602 2996 3653 3039 et

2095 3071 2416 3135 sepulturam
2433 3069 2802 3138 Redemptoris
2816 3072 3101 3138 imitamur,
3120 3075 3249 3128 sicut
3268 3075 3403 3129 idem
3423 3080 3656 3143 Aposto-

433 3205 608 3262 tur,et
627 3211 653 3248 a
681 3194 1025 3258 conﬁrmatis,
1050 3195 1318 3261 signorum
1351 3196 1604 3248 miracula
1631 3197 1990 3256 celebrantur.
2018 3175 2062 3235 Ο
2097 3157 2177 3211 lus
2201 3168 2306 3212 an:
2336 3161 2416 3260 n
2439 3177 2644 3262 'gnoms.
2663 3179 2779 3262 q'im
2799 3167 3079 3262 ﬂuuium?
3108 3168 3159 3218 in
3189 3167 3400 3262 Chii“.
3417 3169 3656 3262 baphia“

431 3290 771 3345 Solentenim
802 3291 1041 3342 veritatis
1071 3289 1247 3356 alieni,
1279 3291 1435 3343 etiam
1453 3290 1519 3344 de
1544 3291 1762 3361 syllabis
1789 3293 1990 3346 calum-

434 3384 589 3434 niari.
622 3381 751 3435 Nam
783 3396 905 3434 cum
930 3381 996 3434 de
1017 3380 1278 3434 Trinitate
1296 3381 1490 3434 dictum
1519 3382 1758 3435 absolute
1782 3385 1992 3437 noveri-

432 3486 571 3536 mus,
602 3472 841 3538 quoniam
888 3486 951 3522 ex
996 3471 1106 3537 ipso
1132 3479 1176 3522 et
1206 3486 1292 3538 per
1318 3472 1522 3539 ipsum,
1564 3482 1609 3524 et
1643 3472 1696 3524 in
1741 3474 1849 3539 ipso
1875 3483 1991 3526 sunt

431 3563 601 3614 omnia
632 3561 806 3628 (Rom.
835 3559 969 3626 vni),
996 3562 1111 3627 plus
1141 3575 1258 3613 esse
1285 3561 1478 3628 exipso
1509 3576 1662 3629 quam
1690 3563 1988 3630 peripsum,

431 3659 487 3705 et
516 3650 640 3703 item
661 3650 1088 3718 pratpositionem
1114 3650 1266 3710 hanc,
1288 3649 1339 3703 id
1367 3660 1448 3702 est
1479 3667 1585 3717 per,
1611 3651 1829 3720 majoris
1854 3667 1989 3720 prte-

430 3740 681 3809 rogativre
710 3755 826 3792 esse
855 3747 1097 3792 asserunt
1124 3751 1279 3807 quam
1308 3739 1358 3792 iu
1407 3740 1540 3806 ipso.
1573 3740 1679 3794 Sed
1711 3742 1754 3794 si
1785 3741 1835 3794 in
1878 3742 1990 3806 ipso

431 3832 499 3885 de
527 3830 723 3898 Spiritu
751 3840 936 3883 sancto
957 3846 1079 3883 cum
1109 3830 1458 3883 diminutione
1490 3832 1764 3899 potestatis
1791 3833 1986 3885 dictum

389 3980 392 3984 ,
432 3923 779 3984 arbitrantur,
803 3921 1021 3975 audiant
1050 3923 1434 3989 praepositionis
1465 3921 1620 3990 hujus
1647 3924 1986 3992 magniﬁcen-

432 4013 584 4078 tiam,
617 4022 670 4066 et
690 4012 949 4081 accipiant
979 4013 1100 4081 quia
1127 4013 1285 4064 etiam
1315 4012 1608 4066 secundum
1639 4014 1869 4080 ipsorum
1899 4029 1985 4066 as-

431 4105 715 4160 sertionem
739 4102 804 4156 de
817 4103 1017 4170 Spiritu
1038 4112 1220 4155 sancto
1235 4102 1630 4171 intelligendum
1654 4114 1752 4156 est.
1775 4102 1839 4154 In
1857 4105 1987 4172 ipso,

432 4195 645 4264 inquit,
678 4194 916 4256 vivimus,
947 4210 1231 4258 movemur,
1263 4203 1310 4245 et
1351 4209 1524 4247 sumus
1552 4193 1694 4263 (Act.
1728 4194 1888 4259 xvu).
1925 4195 1989 4246 Et

435 4283 629 4336 merito
658 4283 710 4335 in
741 4283 854 4349 ipso
883 4284 1105 4335 vivimus
1124 4323 1139 4347 ,
1171 4298 1445 4336 movemur
1474 4292 1528 4336 et
1566 4278 1769 4347 Sumus,
1804 4285 1855 4337 in
1882 4299 1988 4352 quo

436 4377 666 4442 reparati
692 4383 746 4429 et
769 4375 1056 4442 regenerati
1085 4388 1291 4426 sumus.
1311 4373 1415 4428 Sed
1439 4383 1492 4430 et
1521 4391 1612 4442 per
1639 4374 1805 4443 ipsum
1828 4377 1982 4427 etiam

432 4466 496 4518 ad
528 4463 1051 4534 Spiritnm'sanctum
1105 4461 1444 4516 referendum
1486 4478 1603 4516 esse
1654 4464 1983 4531 agnoscimus

433 4558 561 4608 sicut
592 4555 770 4610 habes.
804 4555 902 4606 Alii
929 4545 1130 4620 quidem
1166 4568 1253 4620 per
1278 4554 1511 4619 spiritum
1537 4554 1687 4605 datur
1717 4570 1880 4605 sermo
1901 4571 1982 4606 sa-

433 4646 656 4712 pientiaz,
684 4644 772 4696 alii
801 4659 961 4696 sermo
985 4643 1208 4695 scientia:
1232 4639 1288 4710 (Ι
1325 4642 1442 4694 Cor.
1475 4643 1593 4710 ιιι).
1636 4643 1760 4696 Item
1792 4645 1858 4695 ad
1893 4645 1984 4696 Hc-

433 4735 605 4787 brmos
631 4751 642 4784 :
675 4733 772 4795 Qui
796 4749 882 4800 per
912 4731 1163 4796 Spiritum
1194 4740 1422 4783 sanctum
1456 4734 1772 4798 semetipsum
1803 4735 1983 4786 obtulit

433 4826 808 4876 immaculatum
836 4823 974 4874 Deo:
999 4821 1062 4874 Et
1086 4824 1301 4874 iterum:
1331 4820 1562 4874 Charitas
1588 4822 1680 4875 Dei
1703 4823 1890 4888 di/fusa
1911 4833 1984 4876 est

433 4916 484 4967 in
527 4913 760 4966 cordibus
790 4913 972 4964 nostris
1017 4927 1105 4980 per
1136 4911 1301 4977 ipsum
1339 4922 1570 4963 sanctum
1611 4913 1694 4979 qui
1737 4914 1884 4966 datus
1913 4921 1984 4966 est

434 5003 595 5057 nobis.
624 5002 753 5057 Nam
785 5003 828 5056 si
859 5011 909 5056 et
935 5002 1001 5054 de
1030 5002 1182 5054 Patre
1203 5000 1588 5069 intelligamus,
1621 5017 1686 5056 ex
1708 5004 1894 5069 ipsoet
1923 5021 1985 5058 ex
2041 5048 2044 5052 .

434 5095 631 5160 Spiritu
676 5097 858 5147 'sancto
889 5093 1086 5148 dictum
1115 5091 1358 5145 similiter
1397 5092 1717 5147 invenimus.
1750 5095 1900 5148 Sicut
1933 5096 1985 5147 in

434 5187 654 5241 Joannis
681 5179 957 5251 Evangelio
979 5167 1262 5239 habemus:
1288 5185 1435 5247 Quod
1455 5194 1625 5237 natum
1640 5196 1712 5238 est
1734 5203 1795 5238 ea:
1817 5203 1987 5250 carne,

434 5293 552 5330 caro
581 5287 688 5341 est;
713 5285 759 5328 et
797 5277 927 5342 quod
967 5285 1137 5329 natum
1176 5287 1248 5328 est
1275 5290 1336 5329 cx
1381 5275 1612 5337 Spiritu,
1641 5274 1866 5346 Spiritus
1917 5286 1989 5329 est

438 5367 614 5437 (Joan.
646 5367 743 5436 tn).
768 5366 834 5419 Et
863 5366 914 5418 in
945 5367 1284 5420 conclusione
1329 5365 1544 5434 capituli
1570 5382 1581 5418 :
1616 5365 1704 5420 Sic
1732 5377 1801 5419 est
1827 5369 1988 5420 omnis

435 5460 520 5527 qui
541 5467 688 5511 natus
712 5466 782 5511 est
807 5473 867 5511 ea:
894 5456 1106 5525 Spiritu.
1132 5459 1220 5511 Sic
1247 5473 1371 5525 ergo
1395 5473 1498 5510 non
1531 5457 1836 5524 prtejudicat
1873 5459 1990 5526 Spi-

435 5549 554 5601 ritui
585 5558 791 5612 sancto,
822 5561 940 5601 cum
1000 5562 1284 5615 suppresso
1315 5548 1428 5616 ejus
1460 5549 1674 5601 nomine
1721 5548 1890 5601 Patris
1930 5565 1992 5603 ac

437 5638 554 5693 Filii
581 5655 738 5708 opera
761 5620 1263 5704 commemorantur,
1292 5641 1425 5692 sicut
1447 5639 1602 5694 Pater
1620 5647 1673 5694 et
1694 5640 1856 5694 Filius
1886 5656 1990 5693 non

437 5738 713 5796 negantur,
745 5730 952 5799 quando
995 5729 1295 5801 specialiter
1346 5728 1572 5797 Spiritus
1603 5740 1814 5789 sanctus
1858 5749 1990 5800 opus

2094 3263 2296 3312 sumus,
2329 3250 2381 3302 in
2423 3261 2582 3305 morte
2628 3253 2785 3320 ipsius
2830 3255 3072 3321 baptizati
3115 3259 3334 3310 sumus?
3362 3257 3661 3328 Consepulti

2092 3339 2223 3391 enim
2253 3355 2425 3391 sumus
2448 3356 2559 3393 cum
2589 3342 2678 3394 illo
2708 3359 2796 3410 per
2825 3345 3127 3411 baptismum
3157 3346 3210 3398 in
3236 3357 3449 3400 mortem
3477 3348 3655 3416 (Rom.

2095 3429 2190 3497 ts).
2220 3429 2369 3484 Sicut
2395 3431 2536 3484 enim
2565 3433 2651 3487 ille
2678 3433 2913 3488 triduana
2938 3448 3105 3490 morte
3130 3438 3376 3505 sepulcro
3405 3440 3662 3493 canditus

2093 3517 2207 3582 fuit,
2244 3518 2313 3571 ita
2336 3530 2388 3572 et
2415 3535 2510 3572 nos
2534 3521 2668 3575 intra
2696 3535 2869 3590 aquai,
2897 3524 2946 3576 id
2970 3535 3052 3579 est
3086 3525 3224 3579 inter
3243 3538 3486 3593 cognata:
3508 3541 3663 3580 crea-

2094 3617 2226 3662 turae
2269 3609 2616 3664 Strbstantiam
2650 3612 2786 3665 trina
2822 3613 3188 3670 subniersionc
3231 3617 3498 3684 depositi,
3532 3616 3668 3671 dum

2091 3697 2461 3754 descendimus
2481 3700 2785 3767 scpelimur,
2814 3703 2934 3756 dum
2965 3707 3288 3772 emergimus
3305 3709 3660 3761 suscitumur.

2092 3790 2194 3844 Per
2218 3806 2407 3861 aquam
2441 3796 2614 3860 itaque
2641 3794 2938 3848 celebratur
2963 3797 3183 3850 imitatio
3214 3799 3536 3865 sepulturae,
3567 3813 3665 3864 per

2093 3880 2345 3945 Spiritum
2369 3892 2605 3935 sanetum
2634 3882 2901 3937 confertur
2929 3885 3126 3939 verit-as
3171 3886 3293 3938 Vilae
3319 3896 3374 3939 et
3413 3902 3551 3955 spes
3580 3902 3666 3938 sa-

2093 3970 2214 4022 lutis
2251 3980 2482 4024 sclerum.
2539 3973 2770 4039 Denique
2816 3961 3430 4044 removeatur‘Spiritns
3487 3980 3664 4032 sancti

2092 4062 2376 4126 invocatio,
2409 4071 2460 4115 et
2484 4063 2754 4117 videamus
2781 4067 2824 4120 si
2854 4067 3136 4136 quidquam
3185 4084 3336 4137 aqua:
3366 4051 3519 4124 illius
3546 4073 3666 4124 sola

2091 4152 2342 4218 prodesse
2373 4154 2536 4220 possit
2564 4155 2775 4209 inlusio.
2802 4157 3055 4212 Creatura
3084 4159 3262 4227 itaque
3301 4170 3384 4212 est
3411 4176 3545 4228 qua:
3580 4176 3669 4216 se—

2092 4244 2318 4309 pelicndi
2347 4253 2571 4311 praestat
2605 4246 2858 4312 olhcium,
2914 4247 3050 4301 Dens
3089 4260 3169 4302 est
3209 4250 3298 4317 qui
3330 4249 3668 4304 beneﬁcium

2091 4333 2272 4385 tribuit
2298 4334 2625 4387 renascendi.
2657 4335 2820 4400 Quem
2851 4351 2977 4404 ergo
3008 4339 3267 4404 perspicis
3289 4338 3669 4405 reparationis

2089 4430 2378 4488 parentem,
2403 4421 2571 4490 ipsum
2591 4438 2707 4476 esse
2727 4440 2953 4492 agnosce
2970 4436 3022 4478 et
3044 4415 3459 4480 resurrectionis
3487 4437 3674 4482 aucto-

2019 4521 2063 4578 1)
2092 4528 2224 4565 rem.
2256 4514 2326 4566 lle
2356 4527 2459 4580 quo
2488 4514 2821 4578 vaticinatur,
2856 4526 2908 4567 et
2939 4500 3002 4567 ad
3037 4515 3240 4570 Patrem
3275 4518 3554 4584 protibeta
3589 4519 3671 4570 sic

2092 4603 2327 4669 loquitur
2356 4620 2368 4654 :
2399 4601 2586 4654 Emitte
2620 4603 2868 4676 Spiritum
2887 4615 2932 4657 et
2965 4607 3286 4673 creabantur,
3310 4616 3354 4658 et
3383 4609 3678 4660 renovabis

2092 4693 2273 4759 [aciem
2315 4701 2461 4745 terra:
2489 4693 2660 4758 (l’sal.
2690 4694 2822 4762 cui).
2857 4695 2989 4759 Quid
3024 4695 3184 4748 distat
3215 4695 3354 4747 inter
3395 4691 3572 4756 aquai
3621 4708 3677 4749 et

2090 4782 2316 4849 Spiritus
2342 4787 2508 4835 sant-ti
2539 4785 2940 4847 operationem?
2974 4785 3076 4838 Per
3103 4799 3291 4852 aquam
3337 4786 3556 4840 deduci
3597 4789 3676 4840 vi-

2092 4875 2277 4928 demur
2305 4875 2354 4926 in
2384 4877 2637 4927 tumulum
2665 4893 2674 4926 :
2703 4891 2793 4942 per
2813 4877 3063 4944 Spiritum
3085 4887 3326 4929 sanctum
3356 4878 3677 4946 praeparari

2095 4964 2332 5018 videmur
2363 4965 2427 5019 ad
2459 4980 2700 5034 regnum.
3151 4966 3154 4967 ⁷
3217 5006 3222 5011 .
3641 4957 3660 4970 '

2697 5104 2922 5160 CAPUT
2959 5106 3042 5160 Vl.

2194 5191 2289 5247 Ubi
2322 5193 2562 5267 quaeritur
2611 5203 2772 5245 utrum
2825 5195 3044 5264 Spiritus
3085 5197 3246 5249 sancti
3285 5199 3602 5267 appellatio

2322 5266 2333 5277 ‘
2471 5278 2738 5333 cognomen
2767 5275 2964 5332 putetur
2991 5283 3055 5318 an
3080 5283 3275 5320 nomen.

2167 5371 2268 5426 Sed
2300 5372 2438 5425 inter
2467 5371 2581 5426 lucc
2612 5373 2985 5441 requirendum
3023 5374 3226 5438 credis.
3257 5386 3452 5431 utrum
3485 5377 3681 5450 appel-

2096 5461 2222 5514 latio
2244 5461 2471 5530 Spiritus
2495 5464 2681 5525 sancd,
2709 5480 2861 5530 quem
2901 5452 3063 5532 Deum
3093 5480 3310 5520 necesse
3338 5478 3440 5520 est
3461 5483 3688 5524 nuncu-

2099 5554 2232 5620 pari,
2265 5568 2452 5606 nomen
2474 5569 2540 5628 an
2569 5555 2788 5608 lortasse
2809 5570 3100 5621 cognomen
3128 5558 3215 5609 sit.
3249 5556 3352 5611 Sed
3390 5573 3694 5630 cognosco

2099 5647 2218 5713 qua
2259 5644 2307 5697 id
2338 5646 2474 5713 quod
2519 5645 2653 5713 apud
2689 5647 2929 5699 homines
2963 5647 3161 5700 nomini
3189 5649 3444 5704 solemus
3477 5654 3692 5718 adiun-

2102 5753 2244 5802 gere,
2279 5736 2368 5792 Dei
2400 5752 2504 5791 non
2559 5735 2812 5790 condecet
2861 5736 3144 5806 maiestati,
3195 5738 3247 5794 in
3294 5740 3424 5810 ejus
3457 5745 3696 5804 nomina
