3842 6226
444 279 516 341 '55

1727 272 2068 332 P.\SCli.tSll
2113 271 2380 333 DlACthi
2440 336 2450 344 ,

3586 285 3677 343 ‘56

444 403 560 455 cula
588 399 1029 454 conscientiarum
1072 393 1273 450 relaxat
1291 433 1308 457 ,
1338 400 1392 446 et
1424 390 1688 445 hominem
1718 404 1772 443 tn
1798 404 1857 442 se
1889 403 2006 442 crc-
2032 397 2078 453 Α
2111 391 2434 444 honorantes
2463 391 2648 455 Deum,
2677 390 2743 446 de
2764 392 2877 445 suis
2898 392 3054 461 jttstis
3080 394 3347 449 laboribus
3369 398 3677 454 remigium

444 494 656 547 dentem
684 499 945 558 corrupta:
993 499 1194 541 naturae
1224 485 1462 539 fmditate
1486 480 1755 551 dispoliat.
1777 490 1827 535 ct
1856 479 2006 534 indu-

444 591 625 637 mento
653 579 999 642 innocentius,
1026 578 1218 632 decore
1246 574 1496 644 justiti-.e,
1526 572 1661 626 stola
1694 568 2008 640 immortali.

449 673 575 726 tatis
598 680 861 734 exornat,
885 677 938 721 et
968 667 1107 720 iiiios
1134 680 1258 719 suos
1292 665 1341 741 in
1380 661 1671 732 angelicum
1700 669 1891 713 statum
1925 655 2009 724 pia

448 757 767 830 paternitate
789 758 1095 813 conscribit.
1127 755 1290 809 Nemo
1317 753 1569 822 Spirittnn
1594 749 1838 802 sanctum
1861 760 2013 800 crea-

370 915 377 920 _
446 854 585 907 turis
623 851 894 905 existimet
921 846 1249 901 sociandum.
1293 844 1450 896 Extra
1480 837 1749 893 servitutis
1773 844 1857 917 est
1881 849 2023 889 συιδ--

448 945 706 997 ditionem
757 941 845 1008 qui
897 950 1147 992 aeternam
1201 943 1376 1002 potest
1417 931 1644 984 tribuere
1688 928 2008 980 libertatem.

453 1031 573 1085 Non
598 1030 753 1095 enim,
782 1029 950 1097 inquit
996 1024 1277 1094 Apostolus
1295 1064 1310 1087 ,
1341 1019 1602 1088 accepistis
1636 1016 1874 1083 spiritum
1899 1029 2010 1067 ser-

452 1122 620 1175 ritutt's
648 1122 832 1173 iterum
865 1118 917 1170 in
942 1118 1115 1169 timore
1135 1153 1152 1179 ,
1174 1112 1264 1166 sed
1297 1108 1554 1174 accepistis
1597 1106 1848 1175 Spiritum
1888 1103 2014 1155 ade.

452 1214 639 1283 ptionis
686 1211 947 1281 filiorum,
991 1217 1038 1260 et
1068 1207 1174 1277 ipse
1203 1202 1427 1272 Spiritus
1466 1197 1806 1250 testiinonium
1845 1192 2013 1247 reddit

453 1303 654 1369 spiritui
682 1308 876 1363 nostra,
898 1299 1033 1366 quod
1060 1309 1233 1349 sumus
1278 1292 1375 1360 filii
1401 1288 1497 1342 Dei
1530 1287 1703 1357 (Rom.
1727 1288 1825 1353 γι).
1855 1283 2014 1339 ludu-

453 1395 682 1449 bitanter
732 1392 866 1455 Dens
908 1397 991 1443 est
1032 1386 1119 1455 qui
1152 1382 1645 1453 periremissionem
1671 1384 2012 1447 peccatorum

455 1484 592 1537 filios
621 1480 713 1535 Dei
750 1479 891 1533 facit.
939 1477 1244 1531 llnirersam
1277 1481 1571 1527 creaturam
1602 1469 1761 1522 etiam
1791 1466 2013 1535 angelo-

454 1586 573 1626 rum
614 1579 772 1638 atque
820 1564 1253 1635 archangelorum
1279 1598 1294 1624 ,
1336 1567 1553 1630 peccato
1596 1565 1803 1611 constat
1844 1555 2014 1609 fuisse

454 1662 735 1716 obnoxiam
762 1664 781 1728 ,‘
826 1672 1051 1727 quorum
1100 1664 1274 1709 ta‘lnen
1322 1652 1374 1705 in
1421 1651 1583 1704 Deum
1631 1646 2010 1711 obedientiam,

2088 480 2431 534 «substantias
2447 495 2591 543 suas,
2607 488 2661 547 t-t
2675 483 2938 549 ponebant
2959 494 3081 536 ante
3102 485 3264 552 pedes
3282 488 3674 553 apostolorum,

2110 570 2219 623 Deo
2257 579 2435 624 votum
2482 560 2789 638 premisisse
2838 573 3176 640 agnoscitur,
3222 574 3440 645 Spiritui
3477 591 3680 632 sancto

2110 659 2365 714 Incutitus
2384 661 2642 729 arguitur,
2660 662 2797 714 sicut
2812 661 2997 716 Petrus
3014 666 3285 731 apostolus
3306 667 3379 718 ait
3400 682 3415 719 :
3443 668 3675 733 Asturica,

2109 766 2200 802 cur
2224 752 2427 803 tentavit
2455 751 2674 818 Satanas
2702 769 2787 804 cor
2813 762 2973 819 tuum,
2998 756 3195 807 mentiri
3219 764 3267 808 te
3295 756 3510 824 Spiritui
3534 774 3677 812 suss-

2109 848 2188 891 cto
2212 841 2348 907 (Act.
2376 839 2490 908 tu)?
2515 840 2580 893 Et
2602 842 2915 896 subsecutus
2944 843 3133 910 adjecit
3165 860 3179 895 :
3210 843 3331 898 Non
3358 862 3411 899 es
3432 850 3680 900 mentitus

2112 930 2421 991 hominibus,
2461 931 2551 983 sed
2581 929 2706 984 Deo.
2758 930 2891 995 Quid
2940 942 3021 985 est
3064 932 3205 986 hoc?
3256 934 3311 987 In
3361 934 3678 990 Creatorem

2109 1030 2321 1091 peccat,
2362 1030 2419 1075 et
2456 1022 2525 1074 ita
2556 1022 2827 1090 Scriptura
2863 1032 3129 1088 peccatum
3167 1026 3283 1092 ejus
3310 1036 3567 1092 attenuat,
3611 1040 3682 1082 ut

2112 1128 2233 1168 eum
2272 1114 2416 1181 juxta
2446 1113 2731 1182 impietatis
2759 1128 2972 1167 sensum
2999 1155 3015 1180 ,
3058 1125 3314 1169 creaturae
3366 1134 3508 1171 reum
3543 1134 3681 1173 esse

2110 1203 2411 1267 constituat,
2443 1214 2495 1257 et
2525 1204 2713 1280 minori
2738 1204 3034 1259 debitorem
3059 1207 3127 1260 de
3152 1210 3471 1263 contumelia
3500 1211 3682 1278 majo-

2110 1294 2185 1347 ris
2218 1293 2465 1349 addicat?
2507 1292 2620 1347 Non
2644 1294 2713 1361 ita
2736 1303 2839 1349 est.
2876 1296 3153 1351 Mauil‘esto
3188 1300 3444 1366 prmditus
3472 1312 3549 1355 est
3582 1302 3683 1354 di-

2112 1385 2233 1437 vina
2257 1384 2511 1451 potentia,
2540 1382 2604 1438 ad
2627 1399 2783 1454 quem
2815 1376 3071 1457 sacrilegii
3102 1387 3330 1443 refertur
3358 1391 3569 1455 oll’ensa,
3599 1393 3683 1446 de

2111 1488 2214 1542 quo
2242 1473 2347 1527 alio
2368 1474 2484 1528 loco
2511 1474 2639 1529 dicit
2668 1490 2683 1527 :
2712 1474 2813 1541 Qui
2840 1486 3009 1529 autem
3036 1478 3450 1545 blasphemauerit
3477 1482 3528 1534 in
3550 1482 3686 1549 Spi-

2109 1565 2261 1616 ritum
2290 1576 2537 1631 sanctum,
2565 1580 2663 1627 non
2697 1564 2892 1618 habebit
2925 1568 3287 1636 remissionem,
3310 1565 3471 1637 achate
3491 1571 3543 1623 in
3568 1573 3683 1625 hoc

2108 1655 2319 1717 sarculo,
2347 1671 2503 1725 neque
2530 1656 2580 1707 in
2609 1656 2780 1725 futuro
2809 1655 3017 1726 (Matth.
3051 1656 3147 1725 ιι).
3176 1655 3307 1711 Cum
3334 1671 3462 1727 ergo
3491 1650 3679 1713 trans-

455 1749 905 1811 sollicitudinem,
959 1744 1268 1801 cbaritatem
1292 1782 1308 1807 ,
1354 1749 1804 1809 transgressurum
1856 1737 2005 1790 ruina
2038 1738 2082 1798 Β
2109 1742 2383 1812 gressione
2405 1744 2682 1797 tentnverit
2706 1744 2869 1798 Deum
2890 1784 2904 1809 ,
2934 1744 3179 1800 fefellisse
3199 1745 3394 1800 dicitur
3412 1746 3684 1815 Spiritum

459 1838 720 1903 tundavit;
753 1836 1021 1891 humilitas
1046 1832 1409 1902 subjectionis,
1438 1828 1745 1885 stabilitatis
1770 1826 1905 1882 facta
1928 1836 2012 1882 est

457 1931 806 1995 conﬁrmatio,
832 1927 1125 1997 fragilitatis
1146 1923 1364 1990 agnitio,
1391 1921 1620 1991 Spiritus
1642 1933 1879 1974 sanctus.
1901 1918 2013 1973 Nisi

460 2034 568 2087 pra:
598 2017 841 2071 omnibus
871 2018 1003 2070 liber
1030 2023 1190 2077 esset,
1214 2016 1279 2066 de
1305 2014 1473 2065 servis
1495 2010 1689 2063 liberos
1712 2009 1883 2063 facere
1907 2022 2013 2061 non

459 2118 653 2175 posset.
687 2107 815 2160 Nam
840 2104 885 2159 si
924 2114 1163 2159 creatura
1193 2110 1366 2165 esset,
1398 2098 1687 2168 quamlibet
1714 2100 1765 2151 in
1794 2112 1862 2153 eo
1887 2111 2015 2151 con-

460 2201 661 2251 terente
685 2196 905 2264 gratiam
933 2190 1249 2259 sanctitatis,
1281 2190 1625 2243 remansisset
1670 2197 1844 2241 tamen
1886 2200 2017 2240 con-

458 2288 679 2342 scientia
704 2282 1073 2339 debitoris.'Et
1095 2280 1214 2334 ideo
1236 2280 1363 2334 dicit
1390 2296 1404 2331 :
1440 2277 1602 2331 Nemo
1632 2266 1789 2344 potest
1826 2277 2016 2329 donare

461 2386 664 2442 peccata
690 2374 788 2427 nisi
807 2373 944 2427 solus
971 2371 1102 2423 Deus
1134 2368 1321 2440 (Marc.
1346 2382 1417 2432 n;
1449 2366 1575 2419 Luc.
1600 2368 1680 2435 v).
1710 2366 2016 2433 Quicunque

460 2468 551 2521 ille
579 2475 660 2520 est
676 2507 700 2534 j,
730 2465 891 2533 eligat
939 2472 1111 2514 utrum
1152 2459 1319 2525 velit,
1350 2467 1441 2512 aut
1480 2450 1731 2525 Siti-itum
1778 2464 2015 2508 sanctum

461 2567 673 2628 peccata
704 2556 985 2609 (tonantem
1009 2552 1325 2608 conﬁteatur
1363 2564 1455 2617 per
1482 2545 1654 2602 omnia
1696 2545 1860 2599 Deum
1886 2583 1901 2609 ,
1929 2553 2019 2598 aut

466 2653 511 2704 si
544 2665 637 2719 per
659 2662 779 2702 eum
806 2646 988 2699 donari
1021 2637 1175 2713 posse
1200 2657 1306 2696 non
1332 2640 1500 2695 credit
1529 2638 1734 2705 veniam
1769 2646 2016 2704 peccato-

465 2757 617 2804 rum,
648 2738 919 2793 evacuavit
964 2736 1019 2790 in
1048 2720 1123 2789 se
1170 2730 1582 2801 regenerationis
1626 2727 1936 2783 beneﬁcium
1964 2735 2020 2781 et

464 2830 708 2898 baptismi
730 2835 1112 2881 sacramentum
1139 2843 1153 2877 :
1179 2822 1270 2877 Dei
1298 2831 1425 2891 ergo
1446 2821 1614 2875 solius
1638 2827 1720 2873 est
1741 2818 2020 2872 absolvere

458 2926 678 2987 innexa,
702 2919 1067 2986 redintegrare
1095 2906 1610 2987 corrupta,expiare
1637 2910 1914 2962 maculata.
1955 2905 2022 2961 Et

468 3013 585 3065 ideo
613 2986 678 3064 ad
718 3022 837 3063 eum
867 3005 1065 3061 conscii
1096 3015 1293 3063 nostras
1335 2986 1657 3057 inﬁrmitatis
1695 3010 1748 3052 et
1775 3012 1885 3051 sua:
1911 3012 2022 3050 ma-

2111 1845 2370 1888 sanctum.
2418 1834 2748 1903 Quapropter
2788 1835 3015 1903 Spiritus
3055 1846 3270 1891 sanctus
3306 1846 3359 1891 et
3392 1838 3483 1892 Dei
3508 1850 3685 1892 unum

2096 1939 2348 2005 causam,
2373 1922 2529 1978 unam
2557 1926 2800 1997 gloriam,
2820 1940 2981 1980 unam
3006 1940 3266 1995 cognosce
3294 1929 3683 1982 reverentiam.

2116 2014 2178 2068 Et
2232 2014 2350 2072 ideo
2393 2015 2785 2070 evidentissima
2831 2017 2900 2069 de
2954 2016 3149 2085 Spiritu
3196 2027 3382 2073 sancto
3428 2020 3686 2085 sequenti

2112 2114 2362 2161 sermone
2389 2106 2657 2160 concludit
2695 2122 2710 2159 :
2755 2104 2877 2159 Non
2904 2123 2986 2171 es,
3023 2107 3220 2176 inquit,
3247 2109 3483 2160 mentitas
3508 2107 3687 2161 homi-
3715 2100 3728 2110 ’

2114 2196 2284 2261 nibus,
2310 2196 2398 2249 sed
2424 2195 2547 2250 Deo.
2587 2195 2844 2265 Loquenti:
2871 2196 3028 2251 Petro
3052 2197 3118 2251 ad
3146 2196 3471 2261 Cornelium,
3498 2202 3685 2251 obstu-

2117 2294 2331 2353 puerunt
2346 2302 2408 2339 ex
2423 2287 2799 2340 circumcisione
2818 2288 2991 2354 ﬁdeles
3012 2289 3099 2356 qui
3115 2298 3351 2341 venerant
3368 2306 3483 2342 cum
3499 2288 3686 2348 Petro.

2115 2380 2231 2445 quia
2244 2393 2290 2431 et
2302 2379 2356 2430 in
2367 2380 2591 2431 nationes
2606 2379 2769 2448 gratia
2784 2377 3005 2448 Spiritus
3016 2380 3175 2432 sancti
3189 2378 3350 2444 effusa
3365 2388 3439 2433 est
3449 2378 3688 2448 (Act.x).

2118 2467 2282 2522 Vides
2307 2468 2559 2536 Spiritum
2586 2477 2827 2524 sanctum
2858 2483 2961 2524 non
2998 2470 3067 2524 de
3093 2472 3301 2533 alieno,
3331 2470 3423 2524 sed
3453 2470 3524 2524 de
3555 2485 3692 2538 pro-

2118 2560 2235 2628 prio
2254 2559 2563 2613 contulis-e.
2592 2560 2650 2614 Si
2679 2562 2913 2630 requiras
2960 2561 3079 2629 quis
3105 2560 3174 2613 sit
3204 2560 3305 2614 iste
3332 2560 3421 2628 qui
3452 2558 3689 2628 gratiam

2117 2640 2433 2715 dedit'illis,
2470 2650 2625 2704 Deus.
2676 2649 2827 2703 Hunc
2852 2652 3033 2718 gratia:
3083 2650 3384 2718 largitorem
3433 2648 3695 2716 superius

2119 2741 2372 2809 Spiritum
2410 2751 2678 2805 sanctum,
2721 2740 2806 2795 hic
2836 2743 2998 2796 Deum
3031 2741 3328 2809 specialiter
3363 2739 3688 2794 declaravit.

2119 2832 2232 2887 illic
2267 2833 2503 2901 proprio,
2536 2832 2567 2887 b
2590 2848 2619 2887 c
2658 2834 2923 2889 communi
2956 2832 3168 2887 nomine
3209 2831 3465 2901 probatur
3494 2831 3691 2884 iterata

2119 2922 2301 2977 confes
2330 2922 2403 2978 io.
2431 2921 2560 2977 Cum
2585 2933 2756 2978 autem
2782 2923 2963 2992 gratia,
2990 2920 3135 2983 dicit,
3160 2933 3207 2975 et
3228 2925 3279 2974 in
3306 2923 3537 2974 nationes
3560 2921 3689 2992 δρία

2119 3013 2426 3067 ritns‘sancti
2444 3010 2603 3080 e/fusa
2622 3022 2713 3077 est,
2739 3012 2851 3080 ipse
2873 3022 3071 3067 natura:
3097 3008 3234 3065 Deus
3254 3018 3355 3072 est,
3378 3011 3466 3080 qui
3495 3022 3691 3064 auctor

464 3091 701 3169 jost'atis.
728 3114 849 3153 cum
875 3098 1069 3167 gu-mitu
1102 3094 1484 3163 proclamamus
1517 3107 1535 3147 :
1567 3090 1676 3142 Tibi
1703 3090 1796 3143 soli
1824 3088 2021 3157 peccaui

2128 3120 2203 3159 est
2236 3107 2437 3175 gratiae.
2482 3104 2591 3158 Soli
2638 3105 2743 3171 Deo
2787 3101 3039 3171 competit
3067 3103 3133 3155 de
3176 3117 3274 3155 suo
3297 3100 3691 3155 charismatum

466 3189 640 3261 (Psal.
668 3192 747 3257 ι),
772 3188 1011 3251 Domine,
1033 3185 1122 3254 qui
1148 3183 1292 3238 solus
1315 3197 1419 3235 non
1445 3180 1640 3235 teneris
1661 3179 1775 3247 lege
1802 3176 2023 3244 peccati,

467 3281 555 3349 qui
584 3280 726 3333 solus
748 3279 816 3331 ab
839 3293 899 3331 ea
922 3292 1024 3330 non
1049 3274 1339 3336 at-tualiter,
1363 3272 1457 3326 sed
1484 3272 1792 3324 naturaliter
1811 3268 2024 3321 alienus

468 3384 526 3423 es
549 3408 565 3434 ,
596 3378 649 3421 et
690 3367 806 3420 ideo
834 3370 975 3420 solus
1014 3364 1289 3418 absolvere
1328 3361 1595 3415 debitores
1640 3370 1787 3427 potes
1811 3398 1826 3423 ,
1867 3359 1957 3427 qui
1994 3371 2026 3412 ι

466 3461 660 3517 debitis
680 3460 824 3513 solus
846 3458 1093 3512 immunis
1110 3470 1170 3510 es
1191 3495 1207 3519 ,
1229 3454 1316 3523 qui
1341 3453 1480 3522 quod
1505 3453 1665 3506 babes
1690 3466 1791 3505 non
1814 3450 2025 3506 aliunde

468 3557 738 3602 mutuatus
776 3562 834 3602 es
857 3586 875 3612 ,
912 3547 1005 3600 sed
1031 3546 1099 3600 de
1127 3555 1217 3599 tuo
1246 3544 1433 3611 plenus
1458 3558 1537 3597 es.
1568 3542 1683 3595 Non
1713 3541 1854 3595 enim
1883 3538 2028 3609 prior

468 3641 745 3706 quisquam
775 3636 920 3690 dedit
951 3634 1078 3700 tibi,
1103 3648 1200 3688 nec
1229 3632 1444 3686 aliunde
1469 3631 1719 3685 derivatis
1747 3630 2027 3683 virtutibus

469 3729 723 3798 irrigaris,
746 3742 844 3781 nec
861 3742 928 3781 ex
958 3727 1062 3779 alio
1082 3726 1257 3795 aliquo
1286 3726 1335 3778 in
1369 3733 1421 3779 te
1449 3724 1581 3776 iacta
1608 3722 1890 3777 transfusio
1911 3727 2023 3786 est;

470 3821 562 3871 sed
595 3820 706 3885 ipse
755 3818 871 3870 fons
897 3832 957 3869 es
998 3817 1225 3869 ﬂuminis
1256 3816 1360 3879 tui,
1386 3822 1441 3867 et
1465 3814 1629 3882 gloria
1656 3822 1743 3865 tua
1769 3851 1782 3875 ,
1818 3820 1904 3863 tua
1935 3826 2028 3863 na-

474 3922 585 3961 tura
638 3918 759 3975 est,
808 3908 943 3960 sicut
989 3906 1223 3959 nuntium
1273 3903 1599 3964 κεραμεῖα
1627 3902 1757 3954 nihil
1794 3918 1822 3953 a
1854 3901 2027 3967 priore

469 4002 704 4069 suscepit
741 3997 918 4066 (Joan.
951 4014 1069 4062 stv;
1108 3995 1257 4050 Rom.
1289 4009 1408 4059 vnt;
1440 3993 1563 4046 Luc.
1598 3989 1742 4059 xvn).

1059 4153 1280 4209 CAPUT
1322 4154 1447 4208 V'lll.

478 4250 572 4302 Ubi
598 4246 837 4317 templum
869 4242 964 4296 Dei
992 4245 1227 4312 templum
1254 4258 1357 4294 esse
1384 4241 1541 4294 sancti
1575 4239 1799 4308 Spiritus
1825 4239 2029 4291 demon-

1143 4322 1349 4364 stratur.

2129 3196 2263 3249 dona
2293 3196 2487 3264 largiri,
2521 3202 2576 3263 ut
2607 3202 2662 3248 et
2685 3193 2751 3247 de
2781 3207 2845 3246 eo
2880 3193 3161 3259 Apostolus
3188 3192 3389 3245 dixisse
3416 3190 3692 3251 videatur.

2132 3282 2480 3338 Abundantius
2499 3284 2603 3338 illis
2625 3282 2851 3337 omnibus
2872 3283 3111 3336 laborari.
3139 3279 3252 3334 Non
3269 3296 3357 3348 rgo
3379 3290 3572 3344 autem,
3596 3286 3692 3333 sed

2130 3378 2293 3448 gratia
2318 3376 2411 3429 Dei
2428 3390 2616 3427 mecum
2647 3374 2699 3443 (1
2725 3372 2840 3427 Cor.
2872 3375 2985 3441 xv).
3005 3374 3189 3427 Merito
3208 3373 3341 3424 Dens
3372 3364 3687 3439 pron‘untia-

2132 3476 2235 3527 tut,
2258 3466 2344 3532 qui
2366 3464 2698 3532 dispensator
2726 3471 2805 3516 est
2829 3462 3013 3531 gratitc
3032 3473 3085 3514 et
3113 3461 3295 3513 salutis
3322 3461 3593 3513 lnnnarue.
3624 3460 3690 3512 Et

2130 3552 2328 3607 addidit
2356 3547 2539 3607 Petrus
2572 3570 2585 3604 :
2620 3552 2743 3618 Quis
2784 3568 2875 3621 ego
2912 3568 3045 3605 eram
3074 3552 3158 3619 qui
3198 3567 3387 3621 possent
3416 3550 3690 3617 prohibere

2131 3640 2287 3695 Deum
2316 3642 2447 3711 (Act.
2482 3642 2591 3711 x1)?
2634 3640 2781 3698 Illum
2814 3640 2992 3707 utique
3020 3638 3180 3692 Deum
3212 3639 3299 3707 qtti
3322 3647 3402 3693 est
3429 3639 3480 3691 in
3512 3640 3688 3692 natio-

2129 3749 2223 3788 nes
2246 3774 2259 3795 ,
2296 3732 2378 3786 vel
2413 3732 2709 3789 Cornelium
2745 3733 2995 3801 impetum
3032 3731 3215 3799 gratite
3259 3730 3571 3785 inundantia
3601 3730 3685 3784 cf-

2130 3823 2279 3876 fudit.

2730 3890 2952 3946 CAPUT
2992 3880 3079 3943 lx.

2133 3983 2227 4039 Ubi
2254 3994 2428 4035 contra
2471 3981 2778 4034 Novarianos
2806 3980 2937 4033 Deus
2976 3981 3198 4047 gentibus
3235 3980 3579 4048 ptenitentium
3618 3986 3688 4032 ad

2198 4054 2347 4104 vitam
2373 4054 2527 4113 dedit,
2549 4052 2633 4121 qui
2656 4052 2818 4114 utique
2843 4050 2973 4103 Dens
2998 4050 3217 4116 Spiritus
3238 4062 3433 4101 sanctus
3455 4066 3573 4101 esse
3596 4065 3687 4117 per

2199 4124 2421 4174 ordinem
2456 4120 2616 4183 ipsum
2649 4122 2874 4173 lectionis
2907 4120 3199 4173 ostenditur.

2200 4234 2429 4307 Adverte
2457 4232 2716 4299 quomodo
2745 4232 2793 4283 in
2826 4245 3048 4299 persona
3091 4231 3256 4283 sancti
3300 4229 3529 4295 Spiritus
3549 4270 3566 4291 ,
3598 4233 3681 4296 qui

2133 4324 2307 4378 subito
2331 4322 2632 4377 Cornelium
2659 4331 2711 4373 et
2740 4324 2911 4373 socios
2937 4322 3048 4386 ejus
3078 4320 3328 4386 impletit,
3364 4319 3451 4370 Dei
3480 4332 3681 4372 nomen

552 4429 907 4484 llnbitatorem
940 4425 1117 4478 cordis
1158 4424 1367 4475 humani
1414 4435 1560 4474 sacra
1590 4422 1793 4488 eloquia
1824 4418 2031 4486 proprie
2061 4443 2105 4500 Ι)
2136 4414 2757 4481 multipliciattestatione
2780 4412 3201 4465 concelebratur.
3224 4410 3318 4463 llis
3352 4412 3574 4473 auditis,
3608 4413 3685 4463 in.

476 4521 729 4587 Spiritum
771 4532 889 4571 esse
944 4515 1201 4568 deﬁniunt
1232 4532 1240 4564 :
1274 4512 1458 4575 Dabit,
1494 4512 1688 4579 inquit,
1726 4510 1859 4563 vobis
1890 4520 2030 4577 pater

474 4612 632 4659 ultum
675 4606 1025 4669 I’aracletum,
1066 4615 1119 4656 ut
1155 4613 1353 4654 maneat
1394 4602 1644 4653 vobiscum
1694 4602 1746 4651 in
1789 4610 2030 4652 retentum

471 4701 525 4767 ll
560 4699 673 4750 Cor.
706 4712 788 4760 nt;
822 4694 848 4747 1
877 4695 995 4747 Cor.
1030 4694 1121 4762 Vl).
1157 4696 1218 4747 Et
1246 4694 1308 4745 ad
1339 4694 1638 4746 Romanos:
1676 4689 1954 4757 Vivi/icabit
1986 4699 2030 4741 ct

472 4789 713 4839 tnortalia
742 4802 951 4852 corpora
981 4796 1139 4837 vestra
1167 4793 1365 4851 propter
1396 4783 1751 4835 inhabitantem
1782 4781 2031 4847 Spiritum

480 4882 584 4946 ejus
622 4882 671 4928 in
702 4881 853 4928 vobis.
905 4878 966 4927 lit
998 4878 1115 4928 ideo
1142 4878 1206 4927 de
1235 4874 1430 4940 Spiritu
1463 4880 1645 4925 Sancto
1676 4872 2029 4935 COtlSCl‘iplUlil

480 4978 621 5021 recte
648 4968 983 5033 intelligimus
1013 4980 1027 5016 :
1060 4952 1284 5032 Regnum
1308 4963 1398 5014 Dei
1427 4965 1555 5013 intra
1586 4975 1670 5011 vos
1694 4970 1783 5011 est.
1818 4958 1907 5011 Dei
1938 4958 2033 5009 uti-

482 5076 583 5117 que
609 5075 821 5124 regnum
844 5066 986 5125 sunt,
1009 5059 1094 5129 qui
1123 5058 1172 5109 ei
1206 5070 1387 5121 parere
1416 5052 1684 5107 uterentur
1711 5054 1759 5103 itt
1784 5051 2033 5113 templum

486 5146 573 5202 Dei
602 5153 801 5216 utique,
831 5165 933 5203 non
955 5160 1228 5203 Ci’eiitUI‘XC.
1264 5148 1395 5198 Audi
1431 5162 1519 5211 per
1544 5145 1849 5209 Apostolnm
1884 5142 2033 5193 habi-

482 5241 664 5291 Liltlrls
693 5242 852 5291 nostri
873 5255 1083 5291 vocent:
1114 5238 1208 5290 Vos
1226 5240 1358 5299 estis,
1378 5235 1561 5302 inquit,
1590 5238 1821 5298 templum
1854 5230 1963 5294 Dei,
1992 5240 2036 5283 et

486 5332 703 5391 Spiritus
729 5329 817 5381 Dei
832 5330 1019 5381 Itabi:at
1052 5334 1099 5381 in
1124 5330 1271 5381 vobis.
1303 5328 1363 5379 Et
1388 5329 1441 5377 in
1466 5326 1568 5377 alio
1594 5326 1727 5385 loco,
1760 5326 1891 5375 sicut
1912 5323 2037 5375 dicit

490 5422 622 5471 iietts
650 5437 661 5469 :
694 5420 989 5471 Ita/rabilabo
1015 5422 1063 5468 in
1083 5420 1201 5479 illis,
1228 5429 1271 5471 et
1293 5416 1631 5479 inambulabo,
1654 5424 1697 5464 et
1722 5428 1804 5465 et'o
1834 5414 2037 5465 illorum

492 5509 644 5558 Deus.
680 5510 809 5559 Ecce
842 5510 951 5574 ipse
982 5512 1066 5574 qui
1110 5509 1354 5573 templum
1390 5508 1599 5558 ltumnnt
1632 5504 1805 5555 cordis
1834 5503 2036 5555 inhabi-

488 5605 577 5660 ιλιι,
610 5598 768 5649 υςιιιιι
799 5614 851 5653 se
882 5616 995 5650 C550
1034 5578 1357 5661 pronuntiat.
1400 5598 1627 5649 Attnnias
1660 5595 1794 5647 inter
1820 5609 1911 5647 eos
1943 5594 2033 5659 qui

2134 4508 2267 4573 quit,
2285 4514 2567 4566 tacuerunt,
2591 4514 2635 4554 et
2657 4504 3055 4571 gloriﬁcaverunt
3088 4501 3245 4553 Deum
3262 4502 3507 4552 dicentes:
3548 4501 3685 4569 Ergo

2136 4607 2177 4647 et
2197 4597 2419 4666 gentibus
2450 4594 2577 4646 Deus
2600 4593 2934 4661 paenitentiam
2956 4592 3021 4642 ad
3046 4591 3197 4642 vitam
3236 4590 3370 4642 dedit
3398 4590 3541 4656 (Act.
3574 4590 3687 4655 st)?

2136 4688 2249 4753 Quo
2295 4688 2409 4739 loco
2454 4696 2631 4737 contra
2663 4684 2982 4737 Novatianos
3024 4681 3395 4736 advertendum
3425 4692 3507 4733 est
3543 4676 3705 4748 quod

2140 4778 2495 4845 ptl‘llilettllam
2518 4777 2643 4828 dare
2665 4776 2874 4837 dicitur,
2900 4789 3052 4841 quant
3074 4774 3249 4840 utique
3276 4786 3376 4823 non
3398 4771 3563 4823 aliter
3590 4772 3684 4823 nisi

2139 4885 2407 4923 servorum
2432 4883 2641 4921 suorum
2666 4866 3112 4919 administratione
3134 4862 3346 4926 largitur
3369 4879 3378 4909 :
3402 4862 3533 4911 dum
3566 4878 3684 4922 ergo

2139 4960 2259 5010 dicit
2295 4978 2306 5009 :
2344 4957 2467 5021 Quis
2488 4973 2575 5023 ego
2596 4972 2729 5008 cram
2774 4956 2856 5021 qui
2888 4970 3077 5021 possem
3116 4952 3371 5020 prohibere
3400 4950 3605 5011 ltcum,
3639 4962 3684 5001 et

2140 5052 2325 5101 iterum
2376 5066 2385 5098 :
2438 5048 2572 5114 Ergo
2613 5046 2746 5097 Deus
2786 5046 3007 5111 gentibus
3046 5043 3380 5111 pertinentium
3422 5042 3488 5089 ml
3537 5044 3684 5091 titan:

2139 5143 2272 5192 dedit
2298 5179 2312 5201 ,
2356 5155 2469 5204 qua:
2504 5141 2551 5190 itt
2583 5138 2869 5189 manifestis
2901 5138 3057 5185 rebus
3087 5134 3462 5185 manilestauda
3496 5142 3585 5185 c~t
3614 5136 3681 5184 in—

2141 5232 2461 5296 tt-rpretatio,
2492 5229 2571 5280 cui
2599 5230 2680 5278 vel
2714 5227 2890 5293 ignaro
2924 5241 3023 5275 non
3057 5222 3355 5281 satisfaciat,
3393 5226 3470 5271 vel
3519 5224 3685 5275 incre-

2142 5322 2265 5374 dnlo
2293 5338 2343 5372 tn
2370 5318 2537 5371 sancti
2570 5317 2791 5383 Spiritus
2818 5314 3044 5367 adventu
3064 5357 3076 5379 ,
3108 5313 3296 5365 totiens
3326 5310 3493 5363 dtVllll
3520 5312 3679 5364 notui-

2144 5414 2224 5464 nls
2250 5409 2469 5476 repetita
2493 5408 2769 5461 confesso.
3308 5412 3309 5415 ‘
