3842 6226
92 122 429 180 -”

88 288 158 343 :7
1199 280 1305 353 ps
1342 277 1607 338 smmru

1734 239 1908 337 uero
1948 281 2071 336 ιιι).
2113 280 2177 337 ιι.
3213 281 3285 351 ss

89 491 191 545 Ubi
205 490 263 544 ad
279 486 563 544 Corinthios
586 487 766 554 prima,
790 486 1013 553 Spiritus
1036 493 1240 539 sanctus
1263 500 1366 539 esse
1382 486 1625 550 victutum

383 557 812 610 distributionibus
841 554 976 607 Deus
1001 554 1310 609 declaratur.

153 666 338 736 Accipe
356 666 421 720 ad
444 665 747 720 Corinthios
773 682 785 719 :
808 663 949 734 quod
975 664 1147 719 solum
1170 664 1340 733 possit
1362 678 1459 733 pro
1482 677 1626 719 asse-

83 758 244 811 renda
271 754 492 824 Spiritus
527 755 697 809 sancti
734 752 1009 808 divinitate
1040 751 1325 817 sufﬁcere.
1372 752 1505 807 Dicit
1526 766 1627 822 per

86 845 362 914 Epistulam
385 844 447 897 ad
479 844 726 899 Hebrmos
756 860 769 895 :
802 840 1119 897 Contsstante
1139 839 1245 895 Deo
1262 841 1417 911 signis
1437 848 1485 894 et
1510 858 1629 911 por-

82 935 226 987 tentis
250 943 295 987 et
319 934 466 987 aeriis
488 933 743 985 virtutibus
761 972 776 997 ,
813 940 860 984 et
881 931 1108 998 Spiritus
1128 929 1290 983 sancti
1319 930 1626 984 distributio—

83 1027 223 1079 nibus
253 1024 515 1077 secundum
540 1038 685 1076 suum
712 1022 1019 1075 voluntatem
1055 1019 1238 1091 (Hebr.
1272 1022 1352 1089 ιι).
1383 1020 1629 1075 ιΙιιιοιτο-

82 1128 260 1183 gemas
281 1112 445 1181 ipsum
475 1109 791 1181 apostolum,
822 1121 995 1163 utrum
1020 1124 1155 1163 unus
1186 1124 1249 1164 ex
1271 1108 1534 1183 creaturis
1560 1109 1628 1162 sit

85 1204 183 1256 iste
208 1201 572 1256 charismatum
596 1198 921 1254 distributor.
950 1197 1213 1253 Habemus
1234 1199 1300 1251 ad
1314 1197 1629 1253 "Corinthios

82 1291 244 1356 prima
275 1306 289 1341 :
321 1287 509 1341 Notum
538 1288 675 1341 vobis
703 1288 857 1358 facio,
881 1288 1016 1357 quod
1048 1303 1192 1341 nemo
1223 1287 1277 1339 in
1307 1285 1503 1355 Spiritu
1537 1285 1629 1340 Dei

83 1381 301 1446 loquens,
337 1379 456 1431 dicit
494 1377 762 1431 anathema
797 1374 942 1430 Iesu.
986 1375 1054 1429 Et
1092 1393 1236 1430 nemo
1272 1386 1431 1446 potest
1464 1377 1629 1430 dicere

82 1469 319 1521 Dominus
337 1465 504 1531 Iesus,
526 1467 623 1519 nisi
644 1467 697 1519 in
729 1464 929 1535 Spiritu
955 1477 1129 1519 sancto
1160 1464 1208 1535 (l
1230 1459 1348 1519 Cor.
1380 1467 1498 1535 ιιι).
1516 1465 1625 1519 Ad-

82 1568 224 1612 verte
252 1558 514 1627 quomon
557 1555 645 1611 hic
680 1556 932 1624 Spiritum
977 1554 1072 1609 Dei
1102 1554 1353 1625 Spiritum
1382 1563 1624 1609 sanctum

82 1661 211 1712 esse,
243 1645 633 1703 absolutissime
660 1644 980 1715 designavit,
1010 1644 1213 1715 Spiritu
1241 1657 1444 1714 saneto,
1473 1660 1626 1715 quem

1652 398 1705 455 Α
1732 395 1905 461 operis
1935 395 2220 461 potentiam
2263 394 2503 462 loquatur
2530 394 2788 457 auctoris,
2818 403 2991 448 tamen
3019 393 3085 459 de
3117 408 3182 448 eo
3208 396 3282 449 ita

1726 476 1986 539 conclusit
2017 502 2029 536 :
2058 484 2183 538 Haec
2202 494 2367 538 autem
2387 485 2554 538 omnia
2573 474 2809 553 operatur
2826 500 2956 537 unus
2977 495 3126 553 atque
3148 485 3280 538 idem

1727 574 1951 642 Spiritus
1971 575 2197 628 dividens
2220 575 2431 645 singulis
2451 585 2597 641 prout
2618 575 2741 627 vult.
2763 575 2912 630 Sicut
2932 583 2984 628 et
3001 576 3106 629 alio
3125 575 3274 629 loco:

1725 663 1949 737 Spiritus
1970 665 2053 717 ubi
2074 666 2177 719 vult
2198 666 2377 734 spirat.
2424 664 2492 719 Et
2520 665 2709 719 iterum
2738 682 2751 719 :
2785 664 2849 717 Et
2878 664 3097 735 Spiritus
3118 676 3277 720 suncts

1725 752 2158 808 distributionibus
2180 756 2455 808 secundum
2476 771 2619 808 suum
2637 756 2937 808 voluntatem
2958 754 3010 825 (Ι
3026 754 3143 809 Cor.
3157 764 3281 825 ιιι).

1723 842 1838 896 Non
1865 841 1952 896 bie
1978 858 2108 913 ergo
2142 854 2223 898 eat
2262 843 2512 913 subjecta
2540 843 2952 898 ministeriorum
2981 844 3269 910 servitutis,

1725 932 1819 986 sed
1848 933 2027 987 liberas
2052 918 2333 988 arbitrium
2361 934 2675 1002 potestatis,
2711 945 2871 1001 atque
2901 933 2953 986 in
2982 933 3274 987 caelestium

1726 1022 1983 1077 bonorum
2021 1023 2478 1078 distributionibus
2514 1038 2732 1081 summa!
2766 1024 3020 1093 largitatis
3048 1026 3140 1077 'cst
3180 1040 3275 1078 ex-

1684 1148 1689 1153 .
1726 1110 1911 1163 hausta
1938 1112 2123 1180 pietas.
2144 1111 2416 1178 Quomodo
2435 1112 2558 1165 dicit
2586 1122 2638 1167 et
2659 1106 2886 1181 Spiritus
2905 1114 3069 1166 sancti
3098 1113 3273 1166 distrio

1728 1200 1958 1255 butionis
1999 1210 2081 1256 est
2108 1201 2206 1256 iste
2252 1202 2563 1255 distrLbutor
2585 1240 2601 1267 ,
2636 1201 2686 1255 id
2712 1211 2793 1255 est
2816 1203 3019 1257 divisor
3039 1241 3055 1268 ,
3100 1192 3270 1256 utrum

1736 1292 1876 1346 Deus
1905 1292 1970 1344 sit
1999 1291 2063 1344 ad
2092 1290 2391 1345 Corinthios
2440 1291 2617 1345 docuit
2653 1291 2833 1345 dicens
2862 1308 2874 1344 :
2906 1292 2972 1344 Et
3009 1292 3273 1344 divisiones

1728 1380 2075 1444 operationum
2095 1388 2232 1447 sunt,
2254 1378 2385 1433 idem
2409 1389 2576 1432 autem
2600 1378 2753 1433 Deus.
2782 1379 3023 1448 Legimus
3053 1375 3106 1434 in
3132 1380 3273 1435 Acti-

1730 1468 1825 1522 bus
1854 1468 2243 1535 aposutlorum:
2273 1468 2555 1543 Attendite,
2586 1469 2775 1537 inquit,
2803 1471 2941 1523 vobis
2964 1480 3011 1524 et
3040 1472 3273 1524 universo

1727 1558 1895 1625 gregi,
1926 1558 1978 1609 in
2004 1572 2103 1626 quo
2131 1572 2215 1610 vos
2242 1557 2462 1625 Spiritus
2495 1568 2698 1611 sanctus
2725 1560 2889 1625 posuit
2916 1560 3174 1629 episcopos
3192 1574 3277 1613 re-
3339 1574 3344 1580 ‘

1729 1661 1841 1713 gtre
1864 1642 2140 1698 Ecclesium
2166 1644 2262 1697 Dei
2292 1645 2425 1715 (Act.
2448 1640 2565 1714 xx).
2594 1647 2740 1701 Hunc
2761 1648 2848 1715 qui
2874 1648 3047 1716 posuit
3070 1652 3272 1715 episco-

82 1737 141 1790 de
164 1736 418 1804 superiori
444 1736 727 1800 sententia,
754 1735 1005 1808 Spiritum
1034 1735 1123 1789 Dei
1152 1736 1291 1804 loqui
1321 1738 1591 1806 proposuit
1644 1730 1689 1790 B
1716 1745 1812 1799 pos
1844 1730 1895 1784 in
1922 1731 2211 1787 Ecelesiam
2242 1732 2309 1787 ad
2338 1732 2639 1788 Corinthios
2671 1734 2772 1789 Vas
2802 1736 3081 1790 electionis
3108 1737 3271 1791 Deum

86 1826 351 1894 Perspicue
380 1834 693 1895 sequuntur,
721 1840 877 1896 quam
904 1823 1179 1879 manifeste
1208 1826 1354 1879 illum
1383 1826 1545 1880 Deum
1570 1834 1623 1880 et

87 1914 346 1966 Dominum
368 1927 486 1967 esse
512 1922 789 1967 testantur.
814 1898 1114 1977 Divisiones,
1139 1914 1323 1981 inquit,
1347 1914 1623 1981 gratiarum

86 2012 207 2066 sunt,
227 2004 355 2055 idem
374 2014 539 2057 autem
562 2002 787 2071 Spiritus
809 2017 828 2069 ς
846 2012 891 2055 et
911 2002 1177 2057 divisiones
1200 2004 1622 2063 ministrationum

87 2104 215 2155 sunt,
235 2094 365 2155 idem
396 2106 563 2146 autem
594 2092 841 2146 Dominus
864 2108 883 2146 :
905 2102 949 2147 et
980 2095 1245 2147 divisiones
1274 2094 1623 2161 operationum

89 2192 205 2244 sunt,
232 2184 358 2236 idem
388 2193 556 2234 autem
587 2181 739 2234 Deus.
769 2182 1037 2249 Tanquam
1065 2183 1111 2237 si
1139 2184 1325 2236 beatus
1353 2183 1624 2247 apostolus

89 2272 145 2321 de
170 2269 389 2336 Spiritus
428 2269 600 2323 sancti
633 2269 908 2324 divinitate
935 2269 1120 2324 luisset
1161 2271 1432 2326 consultus
1454 2312 1469 2335 ,
1508 2271 1621 2325 evi-

92 2357 255 2413 denter
279 2359 345 2414 de
371 2374 476 2428 quo
499 2359 741 2423 dixerat,
770 2360 904 2412 idem
943 2360 1170 2429 Spiritus
1198 2400 1213 2424 ,
1251 2361 1318 2415 de
1342 2374 1407 2416 eo
1434 2360 1581 2415 addit
1605 2379 1619 2416 :

92 2446 216 2501 Idem
256 2447 415 2513 Deus,
450 2450 537 2518 qui
570 2442 805 2515 operatur
831 2449 998 2502 omnia
1030 2436 1082 2502 in
1113 2449 1362 2503 omnibus.
1403 2449 1622 2519 Operari

92 2540 248 2592 omnia
276 2555 376 2592 non
409 2549 621 2607 posset,
666 2539 713 2593 si
756 2552 895 2595 esset
939 2554 1071 2593 unus
1100 2554 1165 2594 ex
1203 2540 1447 2594 omnibus
1470 2579 1489 2608 ,
1535 2542 1623 2598 bic

94 2629 316 2693 Spiritum
342 2640 581 2683 sanctum
611 2639 719 2682 tam
746 2630 797 2682 in
836 2644 931 2684 suo
964 2630 1177 2683 nomine
1215 2645 1369 2699 quam
1398 2629 1622 2685 Domino

97 2729 140 2771 et
167 2719 264 2773 Deo
288 2760 305 2785 ,
340 2731 429 2773 aut
466 2730 614 2774 certe
649 2721 918 2774 evidenter
963 2733 1271 2788 expressum
1295 2758 1313 2785 ,
1349 2729 1441 2774 aut
1475 2718 1622 2775 certe

98 2806 315 2860 Trinitati
335 2821 561 2876 agnosce
584 2807 858 2860 sociatum.
882 2805 987 2861 Sed
1016 2808 1099 2860 hic
1124 2809 1177 2861 in
1202 2808 1461 2862 donorum
1488 2807 1621 2862 divi-

100 2897 348 2966 sionibus,
396 2898 561 2967 magis
610 2912 785 2951 sermo
832 2898 1038 2951 divinus
1087 2898 1337 2966 Spiritum
1381 2901 1618 2953 sanctum

102 2986 382 3057 intelligitur
397 2986 734 3068 designasse,
746 2989 863 3054 quia
880 2989 1118 3056 superius
1136 2990 1424 3057 accipimus
1444 2989 1620 3043 distri-

1725 1837 1843 1876 esse
1879 1822 2141 1887 declarat,
2181 1824 2249 1877 ita
2292 1822 2471 1877 dicens
2521 1843 2534 1877 :
2580 1825 2834 1891 Quosdam
2872 1827 3071 1895 quidem
3109 1828 3275 1897 posuit

1727 1912 1865 1966 Deus
1904 1915 1954 1966 in
1982 1911 2281 1967 Ecclesium.
2327 1914 2460 1979 Quid
2500 1924 2620 1969 sunt
2646 1916 2748 1969 nisi
2779 1916 3004 1984 Spiritus
3030 1927 3267 1982 sanctus,

1722 2000 1873 2067 cujus
1895 2016 2132 2070 perSona:
2148 2002 2377 2056 ostendit
2397 2002 2625 2057 ollieium
2648 2003 2945 2057 distributio
2963 2005 3277 2075 gratiarum,

1721 2076 1856 2145 sicut
1876 2091 2164 2146 continenti
2196 2106 2442 2146 sermone
2463 2093 2827 2161 subsequitur?
2856 2092 3051 2156 Posuit,
3079 2096 3268 2163 inquit,
3296 2088 3301 2093 ⁷

1727 2179 1866 2232 Deus
1894 2181 1945 2231 in
1978 2178 2255 2233 Ecclesium
2283 2182 2500 2246 primunt
2523 2182 2796 2245 apostolos,
2818 2184 3035 2234 secundo
3056 2184 3271 2249 prophe-

1722 2277 1819 2330 tas,
1852 2270 1995 2321 tertio
2024 2269 2274 2331 doctores,
2307 2268 2489 2323 deinde
2512 2270 2734 2331 virtutes,
2763 2271 2940 2324 exinde
2964 2273 3152 2339 gratias
3185 2289 3270 2324 cu-

1721 2358 2004 2421 rationum,
2034 2358 2415 2427 Opitulationes.
2444 2357 2842 2428 qubernutiones.
2870 2375 3050 2427 genera
3074 2361 3270 2427 lingua-

1724 2465 1858 2502 rum.
1885 2449 2159 2512 Quosdam,
2181 2448 2368 2521 inquit,
2391 2446 2524 2499 Deus
2545 2447 2707 2515 posuit
2730 2447 2780 2500 in
2804 2445 3097 2500 Ecclesium.
3121 2448 3271 2512 Quod

1724 2537 1811 2591 bic
1856 2535 2020 2602 Deum
2059 2534 2124 2589 de
2167 2534 2363 2603 Spiritu
2393 2544 2576 2589 sancto
2603 2533 2830 2600 dixerit,
2882 2536 2995 2604 ipsa
3043 2550 3159 2602 qua:
3204 2537 3275 2591 ad

1726 2625 1980 2694 Spiritum
2012 2633 2251 2679 sanctum
2293 2624 2515 2691 pertinet
2545 2624 2865 2694 dispensatio
2904 2625 3275 2679 sanctiﬁcatio-

1725 2732 1847 2771 num
1871 2716 2227 2783 virtutumque
2248 2714 2567 2770 manifestat.
2596 2715 2711 2781 Ipse
2739 2715 2876 2768 enim
2901 2715 3271 2784 prophetarum

1721 2820 1813 2858 ora
1831 2806 2131 2871 locup’etat,
2158 2805 2487 2867 curationum
2507 2802 2737 2857 remedia
2757 2803 3041 2869 dispensat,
3068 2804 3269 2858 charis-

1722 2906 1916 2948 matum
1956 2902 2258 2947 ornamenta
2288 2893 2635 2960 multiplicat,
2682 2907 2787 2961 quo
2828 2894 2879 2946 in
2909 2895 3159 2962 apostolis
3191 2898 3265 2949 in-
3308 2886 3309 2889 “

1724 2985 1941 3049 ﬂuente,
1968 2984 2127 3037 Deum
2156 2983 2300 3036 illum
2329 2981 2684 3037 universitatis
2708 2996 2848 3047 esse,
2875 2982 3142 3053 signorum
3175 3003 3265 3037 nu-

104 3074 339 3128 butionum
369 3077 590 3144 gratiam
632 3066 845 3143 Spiritui
886 3087 1069 3131 sancto
1096 3079 1309 3147 speciali
1341 3079 1621 3147 dispensa-
1649 3066 1697 3129 C
1727 3074 1904 3128 racula
1930 3081 1981 3126 et
2015 3074 2303 3140 linguarum
2332 3072 2534 3125 diversa
2565 3086 2758 3139 seuera
2788 3073 3113 3149 cecinerunt.

106 3164 223 3220 tione
253 3177 573 3234 competere.
610 3166 759 3232 Quod
794 3178 925 3221 vero
965 3168 1094 3221 dixit
1123 3184 1135 3219 :
1166 3166 1311 3221 Idem
1348 3169 1620 3233 Dominus,

108 3254 213 3303 idem
244 3264 408 3307 autem
443 3254 577 3306 Deus
600 3293 614 3317 ,
654 3254 707 3307 in
744 3256 985 3323 sequenti
1013 3256 1244 3323 capitulo
1273 3257 1338 3310 ad
1368 3256 1619 3324 Spiritum

110 3354 309 3398 unctum
344 3345 580 3399 Osleltdil
607 3361 727 3399 esse
765 3345 1096 3399 referendum
1128 3346 1310 3401 dicens
1340 3364 1355 3400 :
1382 3348 1483 3400 Alii
1514 3348 1623 3415 qui-

113 3433 199 3483 dem
230 3452 307 3500 per
335 3435 587 3503 Spiritum
630 3430 972 3489 datur"sermo
1010 3438 1293 3505 sapientius,
1333 3439 1424 3491 alii
1461 3454 1622 3492 sermo

113 3524 292 3578 scientiae
332 3528 383 3579 in
428 3528 657 3580 eumdem
704 3527 973 3597 Spiritum,
1012 3530 1165 3581 alteri
1201 3529 1328 3597 ﬁdes
1366 3530 1421 3584 in
1452 3530 1624 3583 eodem
1714 3548 1724 3559 κ

115 3614 299 3681 Spiritu,
316 3619 457 3670 alteri
478 3620 646 3686 gratia
665 3618 937 3670 sanitatum
956 3618 1009 3671 in
1026 3634 1128 3670 uno
1146 3616 1344 3687 Spiritu
1358 3658 1373 3683 ,
1395 3616 1487 3671 alii
1506 3634 1629 3685 ope-

115 3709 218 3757 ratio
228 3710 464 3775 virtutum,
480 3712 570 3761 alii
584 3709 860 3778 prapltetia,
876 3708 963 3761 alii
977 3710 1207 3762 discretio
1224 3708 1523 3777 Spirituum,
1537 3710 1625 3762 alii

116 3814 261 3861 genera
273 3801 571 3868 linguarum,
585 3800 674 3851 alii
687 3800 1023 3868 interpretatio
1036 3799 1452 3868 sermonum/tuac
1463 3808 1547 3852 aut
1577 3814 1624 3852 ιιι

116 3888 251 3939 omnia
268 3901 491 3958 operatur
515 3904 641 3942 unus
671 3901 818 3955 atque
851 3891 981 3943 idem
1016 3890 1241 3957 Spiritus
1265 3892 1489 3944 dividens
1514 3891 1623 3943 sin-

117 3979 219 4040 gulis
243 3990 376 4047 prout
404 3982 527 4032 vult.
567 3980 702 4032 Nulli
732 3980 999 4043 subditur,
1032 3981 1124 4035 sed
1157 3980 1391 4035 cmlestis
1418 3988 1499 4035 est
1524 3980 1627 4034 Do-

119 4066 292 4131 minus,
320 4070 404 4137 qui
432 4069 567 4123 dona
613 4070 846 4122 ccelestia
889 4072 1099 4139 propria
1138 4071 1409 4125 voluntate
1432 4109 1447 4136 ,
1480 4080 1532 4125 et
1559 4070 1625 4124 de

120 4156 324 4217 potentia:
347 4174 451 4211 sua:
472 4159 591 4226 jure
622 4158 856 4227 largitur.

674 4295 895 4351 CAPUT
936 4295 1022 4350 Xl.

125 4381 443 4469 Adsertendum
484 4390 621 4452 quod
658 4387 784 4438 sicut
808 4404 975 4469 Ianum
1005 4386 1186 4469 Deum,
1224 4391 1291 4439 ita
1319 4404 1471 4469 unum
1508 4388 1626 4469 dicit
1654 4411 1701 4469 ι)

176 4450 391 4525 Spiritum
411 4450 665 4519 sanctum,
685 4456 818 4523 quod
838 4458 898 4508 de
917 4456 1106 4524 plebeia
1129 4467 1373 4521 creatura,
1398 4458 1471 4508 vel
1491 4459 1624 4525 quod

176 4521 336 4574 diuidat
364 4527 573 4593 singulis
598 4521 743 4591 prout
775 4525 900 4587 vult,
917 4521 1014 4576 dici
1037 4528 1172 4576 nullo
1187 4531 1330 4577 modo
1346 4521 1519 4591 possit.

180 4632 313 4689 Vides
335 4641 467 4705 quod
498 4640 635 4693 sicut
661 4653 797 4691 unus
826 4639 997 4702 Pater,
1028 4648 1079 4691 et
1110 4654 1240 4692 unus
1270 4639 1447 4701 Filius,
1480 4637 1547 4689 ita
1574 4646 1626 4691 et

128 4737 230 4776 unus
248 4726 458 4791 Spiritus
488 4740 739 4791 sanctus,
775 4727 908 4782 sicut
941 4736 1323 4795 consequenter
1350 4727 1581 4794 assignat
1612 4744 1623 4777 :

130 4807 289 4864 Etenim
316 4817 363 4867 in
403 4834 502 4869 uno
544 4817 743 4883 Spiritu
782 4817 937 4882 potati
966 4831 1157 4869 sumus.
1191 4815 1279 4869 llic
1308 4814 1351 4866 si
1380 4814 1447 4867 de
1474 4815 1627 4882 plebe

132 4902 188 4953 vel
211 4904 268 4958 de
294 4909 616 4961 multitudine
641 4917 896 4961 creatura:
924 4916 1085 4969 esset,
1126 4922 1258 4958 unus
1286 4907 1499 4959 omnino
1528 4908 1628 4959 dici

133 5006 207 5043 non
234 5008 413 5059 posset.
453 4999 518 5051 Et
550 5014 669 5051 cum
699 4997 783 5050 hic
816 4998 1007 5050 habeas
1034 4998 1177 5050 alteri
1202 5037 1215 5061 ,
1248 4997 1450 5062 inquit,
1481 4998 1629 5047 datur

136 5081 227 5143 idet
261 5089 306 5138 in
344 5093 508 5142 eodem
553 5091 751 5160 Spiritu
796 5090 967 5156 (Hom.
992 5091 1083 5157 Ill)
1111 5129 1123 5151 ,
1169 5089 1282 5156 quis
1315 5089 1447 5139 banc
1475 5088 1625 5139 ﬁdem

136 5175 322 5241 tribuat;
365 5182 495 5235 idem
546 5183 611 5234 ad
654 5182 951 5234 Corinthios
994 5179 1275 5247 Apostolus
1314 5178 1625 5238 declaravit,

139 5261 279 5319 dlcens
310 5285 319 5319 :
350 5269 407 5321 Et
429 5273 697 5339 unicuique
716 5271 839 5321 sicut
864 5267 992 5322 Deus
1015 5270 1177 5321 divisit
1206 5283 1487 5321 mensuram
1512 5266 1629 5331 ﬁdei

140 5351 321 5423 Nlo-lin).
347 5359 491 5415 Vides
512 5363 653 5429 quod
678 5361 1029 5415 indubitanter
1052 5362 1185 5413 hunc
1211 5360 1325 5412 ﬁdei
1351 5358 1629 5410 divisorem

143 5442 267 5496 “eum
296 5464 399 5502 esse
432 5453 753 5521 pronuntiat.
797 5452 937 5505 Licet
971 5453 1019 5503 in
1052 5462 1153 5505 tam
1193 5451 1465 5517 multiplici
1515 5460 1626 5501 tan-

145 5542 274 5586 l'trttm
304 5554 561 5596 munerum
598 5541 852 5608 largitate,
888 5543 995 5609 ipsa
1026 5556 1113 5608 per
1151 5558 1206 5594 se
1247 5540 1629 5607 magnificentia

2312 3230 2536 3284 CAPUT
2574 3229 2686 3283 xu.
3092 3298 3097 3309 ι

1727 3322 1821 3377 Ubi
1855 3339 1939 3375 eos
1976 3324 2061 3389 qui
2100 3318 2318 3391 Spiritus
2360 3322 2521 3375 sancti
2560 3322 2797 3391 templum
2826 3320 2989 3387 eﬁ‘ecti
3015 3332 3162 3386 sunt;
3201 3326 3272 3376 ita

1791 3392 1911 3444 dicit
1942 3390 2182 3458 pro/icere
2219 3393 2392 3445 debere
2415 3430 2430 3455 ,
2470 3400 2523 3442 ut
2556 3390 2715 3442 Deum
2750 3404 2947 3458 portare
2981 3394 3031 3443 in
3067 3408 3278 3461 corpore

1792 3472 2094 3512 mereantur.

1794 3571 1882 3627 Ait
1911 3574 2086 3638 itaque
2112 3572 2397 3639 Apostolus
2433 3570 2495 3624 ad
2526 3570 2828 3624 Corinthios
2860 3587 2873 3622 :
2908 3569 3125 3623 Nescitis
3154 3573 3280 3638 quia

1723 3680 1932 3732 corpora
1955 3674 2116 3717 vestra
2147 3664 2383 3731 templum
2409 3672 2524 3714 sunt
2555 3661 2814 3728 Spiritus?
2854 3661 3128 3729 Templum
3155 3662 3272 3730 Spi-

1725 3756 1858 3809 ritus
1888 3756 2072 3817 sancti,
2112 3754 2360 3818 templum
2391 3768 2507 3806 esse
2539 3752 2626 3805 Dei
2660 3752 3007 3819 praecedentia
3036 3752 3279 3818 ejusdem

1726 3847 1973 3914 Epistula:
1998 3846 2268 3897 evidenter
2296 3844 2578 3907 insinuant,
2606 3858 2722 3895 cum
2750 3842 2945 3896 dicitur
2976 3864 2988 3897 :
3018 3846 3092 3895 An
3116 3846 3274 3896 nescia

1723 3939 1808 3999 tis,
1834 3938 1952 4005 quia
1982 3938 2218 3997 templum
2246 3934 2336 3986 Dei
2360 3936 2514 3986 estis?
2538 3946 2583 3987 et
2606 3934 2830 4003 Spiritus
2852 3944 3049 3987 sanctus
3063 3936 3277 3986 habitat

1724 4030 1775 4080 in
1806 4028 1964 4091 vobis,
1990 4038 2032 4079 et
2061 4028 2303 4094 Spiritus.
2342 4026 2522 4091 inquit,
2554 4025 2647 4075 Dei
2672 4025 2860 4076 habitat
2890 4026 2941 4076 in
2963 4027 3114 4077 vobis.
3146 4026 3275 4090 Quis

1727 4117 1843 4169 illus
1872 4116 2075 4171 dubitet
2105 4114 2217 4179 ejus
2250 4113 2341 4165 Dei
2371 4127 2488 4165 esse
2523 4112 2797 4178 templum,
2824 4113 2973 4181 cujus
3000 4126 3115 4165 esse
3150 4127 3274 4178 pro-

1678 4230 1679 4233 η
1726 4207 1913 4258 bantur
1943 4203 2328 4257 habitaculum?
2370 4202 2435 4255 Et
2462 4216 2578 4255 cum
2607 4204 2823 4256 dixisset
2864 4219 2879 4254 :
2914 4202 3132 4255 Nescitis
3156 4205 3273 4270 quia

1726 4310 1939 4362 corpora
1974 4303 2131 4345 vestra
2167 4293 2402 4361 templum
2429 4302 2545 4343 sunt
2572 4291 2792 4358 Spiritus
2819 4292 2999 4353 sancti,
3030 4292 3097 4343 ita
3128 4293 3272 4358 capia

1728 4386 1890 4437 tulum
1915 4383 2175 4435 luculenta
2201 4383 2416 4437 veritate
2441 4379 3053 4447 conclusihﬂloriﬁcate,
3080 4382 3271 4448 inquit,

1729 4483 1774 4527 et
1804 4481 1994 4538 portate
2023 4468 2177 4521 Deum
2221 4473 2271 4522 in
2308 4486 2513 4536 corpore
2549 4479 2727 4521 vestro.
2778 4470 2911 4535 Ergo
2941 4470 3027 4537 qtti
3057 4471 3271 4537 Spiritui

1729 4573 1911 4612 sancto
1938 4560 2174 4611 studiose
2198 4550 2435 4625 puritatis
2458 4561 2701 4624 templum
2731 4568 2987 4625 prwparat
3009 4560 3057 4611 in
3088 4561 3272 4621 corde,

1732 4662 1823 4714 per
1847 4648 2136 4699 castitatem
2164 4656 2217 4697 et
2247 4647 2697 4700 mortiﬁcationem
2722 4646 2893 4699 carnis
2918 4647 3075 4700 Deum
3101 4659 3273 4714 portat

1734 4741 1785 4790 in
1816 4751 2055 4804 corpore.
2091 4737 2218 4789 Eum
2258 4752 2471 4790 necesse
2508 4748 2586 4789 est
2619 4737 2964 4803 corporaliter
2996 4750 3201 4803 portare
3240 4754 3275 4787 a

1732 4841 1835 4895 quo
1866 4826 2203 4893 Spiritualiter
2236 4827 2579 4892 possidentur.
2612 4826 2937 4891 Quapropter
2965 4840 3115 4891 quem
3143 4836 3275 4877 tem4

1733 4917 1817 4981 plo
1847 4916 2101 4983 perspicis
2131 4918 2363 4981 dignum,
2390 4916 2576 4966 divinis
2607 4914 2889 4966 honoribus
2918 4917 3120 4966 now-ris
3146 4918 3271 4965 adna

1730 5006 1947 5055 randum
1969 5044 1981 5066 ,
2010 5005 2377 5055 celebrandum
2407 5006 2559 5061 votis.
2594 5004 2864 5056 sacriﬁciis
2905 5004 3273 5055 excolendum.

1730 5095 1806 5145 Ad
1840 5096 2185 5145 universalem
2228 5110 2350 5160 ergo
2381 5096 2606 5158 loquitur
2640 5097 2883 5159 magister
2913 5096 3137 5159 gentium
3178 5095 3275 5144 lic--

1730 5186 1940 5236 clesiam
1970 5202 1981 5235 :
2020 5184 2235 5235 Nescitis
2261 5187 2375 5251 quia
2408 5188 2638 5249 tenaplum
2674 5185 2927 5241 liciestis,
2970 5196 3011 5233 et
3050 5185 3272 5245 Spiritus

1733 5285 1931 5325 sanctus
1966 5275 2155 5324 habitat
2196 5276 2242 5323 in
2272 5276 2420 5325 vobis.
2460 5275 2590 5325 Nulli
2624 5276 2719 5327 hoc
2752 5274 2993 5341 possibile
3021 5284 3271 5324 (reatum:

1738 5374 1833 5423 cst,
1871 5364 1961 5416 sed
1987 5364 2175 5415 divium
2210 5364 2367 5429 majes
2397 5366 2493 5415 alis
2528 5365 2727 5429 insigne
2765 5372 2863 5424 est,
2898 5376 2945 5413 ut
2976 5362 3267 5427 singulatim

1739 5471 1829 5521 per
1857 5468 2277 5521 unumquemque
2304 5454 2517 5519 populos
2548 5455 2776 5518 impluat,
2809 5464 2852 5501 ot
2886 5463 3051 5501 tnnwn
3082 5454 3127 5499 in
3156 5452 3265 5514 ριν·-

1738 5544 1983 5596 nitudinis
2008 5543 2484 5595 SUIDitlthttletlc
2512 5542 3274 5609 lCl‘ll'!31tt‘al,dtt'itt;I‘,ilttittll,
