3802 6242
496 313 566 367 so
1778 310 2189 368 sntit-acutis
2229 311 2399 366 mra
3625 327 3674 379 ω

495 427 762 494 singulare
803 427 1174 494 propriumque
1224 431 1428 476 natura!
1473 431 1596 488 est,
1635 424 1763 476 locis
1805 425 2052 476 omnibus
2083 428 2126 482 Α
2155 423 2351 475 debitis
2381 435 2576 474 exuere
2603 460 2618 481 ,
2667 420 2900 487 purgatis
2940 424 3281 494 conscientiis
3326 427 3571 480 innovare
3613 431 3681 485 hei

497 524 688 579 pra-sto
724 531 872 576 esse;
917 516 966 566 in
1001 515 1172 566 omnia
1205 514 1428 575 intrare,
1463 521 1516 565 et
1554 514 1726 565 omnia
1759 513 2052 565 continere.

496 604 619 669 Dei,
656 606 853 672 inquit,
888 605 1158 672 peculiare
1196 612 1315 669 est,
1351 603 1486 656 lilios
1517 602 1827 670 perditionis
1858 612 2059 656 natura:

2166 515 2301 567 filios
2327 515 2518 593 facere,
2544 519 2597 564 et
2624 512 2672 563 in
2695 513 2929 565 ccelestis
2957 514 3100 582 regni
3127 517 3293 584 gloria
3316 518 3610 574 sublimare.

1172 832 1676 912 PASCHASII
1751 830 2238 906 EPISTOLA
2311 832 2441 905 AD
2515 831 3039 910 EUGIPIUM.

570 989 798 1043 Domino
821 995 1007 1041 sancto
1031 1001 1346 1056 semperque
1365 986 1636 1039 carissimo
1663 984 1882 1052 Eugipio
1899 998 2050 1052 pres-

498 1082 682 1146 bytero
713 1080 1030 1134 Paschasius
1061 1080 1312 1132 diaconus
1341 1079 1503 1130 frater
1541 1078 1594 1129 in
1649 1075 1862 1131 Christo
1891 1079 2053 1129 caris-

496 1173 678 1223 simus.

566 1261 695 1320 Dum
734 1270 947 1314 sanctos
987 1259 1182 1328 peritiae
1234 1269 1336 1311 tum
1382 1255 1621 1311 facundia
1674 1267 1723 1309 et
1765 1253 1857 1309 otii
1889 1255 2054 1307 felici-

496 1361 620 1413 tate,
647 1354 978 1420 perpendens
1002 1348 1400 1411 amaritudines,
1423 1348 1897 1413 océnpationesque
1921 1345 2052 1396 mul-

497 1441 706 1510 tiplices
737 1451 1089 1508 peccatorum,
1141 1446 1190 1490 te
1220 1447 1446 1490 tractare
1473 1434 1809 1487 contemnis:
1835 1431 2050 1499 pudoris

493 1531 752 1596 iacturam
805 1519 1100 1582 dilectionis
1147 1523 1593 1592 contemplatione
1639 1521 1894 1574 sustineo.
1959 1520 2051 1571 Di-

446 1623 452 1628 ’
494 1621 676 1673 rexisti
707 1617 1281 1678 connnemoraforium,
1328 1615 1410 1667 cui
1458 1612 1586 1666 nihil
1629 1613 1792 1679 possit
1819 1609 2052 1676 adjicere

493 1711 730 1764 facundia
778 1710 1100 1777 peritorum;
1149 1713 1203 1758 et
1242 1719 1375 1772 opus
1417 1702 1556 1772 quod
1590 1701 1838 1755 Ecclesiae
1887 1700 2052 1767 possit

493 1799 810 1852 universitas
853 1808 1168 1858 recensere,
1227 1792 1371 1844 brevi
1421 1791 1668 1844 reserasti
1710 1790 2044 1858 compendio,

2156 991 2408 1048 quantum
2444 983 2673 1038 fervoris
2709 985 3020 1050 attribuant,
3071 999 3320 1058 quantum
3369 996 3601 1057 puritatis
3628 997 3687 1050 in-

2155 1074 2375 1127 fundant
2400 1092 2413 1126 :
2450 1077 2513 1128 de
2546 1077 2642 1130 hac
2664 1093 2719 1131 re
2747 1079 3047 1144 apostolicae
3072 1083 3213 1136 vocis
3243 1086 3527 1137 auctoritas
3557 1086 3687 1140 latius

2157 1164 2498 1236 innotescens
2530 1164 2581 1233 (Ι
2614 1164 2753 1221 Petr.
2788 1171 2843 1234 ν)
2869 1185 2881 1220 :
2911 1169 3119 1232 Forma,
3169 1171 3353 1238 inquit,
3384 1173 3502 1225 facti
3547 1177 3690 1242 gregi,

2154 1263 2207 1304 ct
2250 1254 2432 1306 beatus
2472 1255 2661 1307 Paulus
2709 1256 2987 1309 Timotheo
3038 1260 3274 1326 prtecipit
3312 1259 3410 1329 (II
3456 1262 3584 1315 Tim.
3621 1266 3688 1330 η),

2155 1342 2378 1394 formant
2412 1358 2530 1396 esse
2560 1343 2825 1399 fidelibus.
2872 1345 3020 1400 Unde
3067 1348 3200 1400 idem
3233 1351 3502 1412 apostolus
3527 1351 3692 1420 (Hebr.

2156 1433 2550 1500 xtn)justorum
2573 1434 2870 1502 catalogtnn
2894 1451 3097 1488 summa
3122 1438 3376 1494 btevitate
3396 1451 3690 1510 contexens,

2154 1519 2223 1576 ab
2248 1524 2386 1577 Abel
2420 1525 2696 1593 incipiens,
2727 1526 3004 1596 insignium
3033 1531 3264 1584 virorum
3305 1535 3468 1601 pergit
3497 1550 3696 1590 narrare

2156 1614 2395 1667 virtutes.
2443 1615 2531 1669 Sic
2579 1624 2635 1670 et
2681 1617 2770 1671 ille
2816 1617 3155 1673 fidelissimus
3199 1621 3508 1678 hlathathias
3559 1626 3694 1680 morti

2153 1703 2543 1770 gloriosissime
2565 1704 2674 1773 jam
2697 1707 3076 1775 propinquans,
3102 1710 3219 1762 filiis
3243 1711 3351 1764 suis
3375 1712 3698 1768 hereditario

2149 1793 2268 1860 jure
2289 1802 2591 1847 sanctorum
2616 1797 2858 1863 exempla
2884 1797 3148 1852 diSIribuit
3175 1817 3185 1851 :
3211 1815 3431 1868 quorum
3471 1807 3696 1857 certami-

491 1888 616 1941 dnm
649 1886 786 1940 beati
828 1884 1064 1939 Severini
1107 1881 1356 1935 finitimas
1396 1878 1782 1934 Pannoniorum
1829 1877 2046 1946 provin-
2080 1881 2126 1940 B
2155 1883 2307 1935 nibus
2330 1883 2658 1937 admirandis
2686 1885 2947 1939 celebrius
2976 1888 3209 1954 excitati,
3243 1892 3443 1943 animas
3470 1906 3594 1947 suas
3615 1907 3700 1958 pro

491 1983 599 2032 cias
631 1978 909 2032 incolentis
942 1979 1096 2028 vitam
1131 1987 1413 2040 moresque
1455 1973 1629 2025 verius
1669 1970 1967 2039 explicasti,
1995 1978 2049 2024 et

488 2083 607 2136 qnte
638 2084 729 2136 per
756 2067 901 2120 illum
922 2065 1095 2120 divina
1119 2067 1284 2116 virtus
1308 2072 1388 2116 est
1416 2070 1629 2129 Operata
1659 2059 1911 2113 miracula
1933 2059 2049 2113 diu-

489 2159 657 2213 turnis
678 2169 923 2210 mansnra
948 2153 1270 2223 temporibus
1293 2151 1553 2206 tradidisti
1576 2150 1847 2204 memoria:
1866 2157 2046 2218 poste-

489 2265 691 2304 rerum.
721 2248 974 2302 Nesciunt
1000 2247 1133 2299 facta
1162 2245 1367 2312 piurnm
1393 2242 1565 2310 perire
1584 2254 1704 2293 cum
1733 2237 1929 2293 sacculo
1954 2256 1966 2290 :
1993 2247 2049 2292 ut

488 2352 674 2392 omnes
704 2345 1016 2406 prtesentem
1049 2333 1297 2400 habeant,
1346 2342 1400 2385 et
1453 2343 1631 2384 secum
1659 2327 2047 2398 quodammodo

487 2429 719 2484 sentiant
747 2425 1085 2488 commorari,
1132 2423 1320 2493 quibus
1350 2434 1470 2475 eum
1513 2420 1701 2474 relatio
1741 2418 2048 2487 pervexerit

486 2518 747 2572 lectionis.
797 2517 860 2569 Et
898 2517 1018 2569 ideo
1054 2514 1174 2583 quia
1205 2522 1258 2565 tu
1298 2513 1409 2564 haec
1443 2526 1562 2580 qua:
1586 2524 1620 2562 ει
1660 2523 1745 2564 me
1783 2507 2043 2562 narranda

485 2610 761 2680 poscebas,
789 2609 1031 2664 elocutus
1061 2620 1119 2660 es
1145 2603 1457 2673 simplicius,
1493 2601 1769 2670 explicasti
1805 2600 2039 2654 facilius:

487 2700 614 2754 nihil
643 2699 994 2767 adjiciendum
1025 2695 1192 2750 labori
1221 2702 1418 2761 vestro,
1459 2692 1637 2746 Studio
1663 2690 1844 2745 hostro
1871 2689 2045 2745 credi-

486 2789 683 2842 dimus.
718 2786 988 2857 Siquidem
1032 2786 1184 2838 aliter
1218 2784 1393 2837 audita
1425 2795 1719 2846 narramus,
1769 2780 1923 2836 aliter
1948 2796 2042 2835 ex-

484 2892 633 2950 perta
664 2879 1037 2948 depromim’us.
1065 2876 1292 2936 Facilius
1345 2876 1564 2928 virtutes
1611 2873 1979 2941 magistrorum
2009 2889 2040 2927 a

489 2969 757 3038 discipulis
817 2975 1151 3036 exponuntur
1197 2967 1336 3036 (qua:
1395 2973 1744 3043 suggeruntur
1801 2963 2040 3038 crebrius

487 3059 882 3115 ronversatione
898 3057 1220 3126 docentium)
1243 3054 1429 3109 divinis
1449 3052 1852 3109 charismatibus
1878 3052 2041 3123 inspi-

489 3152 613 3203 iatis
639 3149 834 3203 sanctis
862 3148 1118 3201 bonorum
1148 3144 1411 3200 mentibus
1438 3141 1767 3197 excolendis.

553 3240 816 3305 Quantum
860 3249 1003 3306 gesta
1051 3244 1354 3291 sanctorum
1424 3234 1664 3287 utilitatis
1716 3232 2036 3300 impertiant,
2065 3223 2110 3284 C

1319 3362 1471 3374 ..-

489 3363 1472 3398 -_—_,===_—_=====.—————

2153 1974 2355 2042 legibus
2381 1974 2718 2042 sempiternis
2742 1977 3034 2030 sanctitatis
3057 1976 3265 2034 fervore
3289 1990 3697 2036 contemnerent.

2150 2062 2256 2116 Nec
2286 2075 2502 2131 paterna
2534 2064 2725 2118 liberos
2756 2063 2940 2119 fefellit
2984 2068 3280 2122 instructio.
3311 2070 3541 2126 Tantum
3570 2075 3701 2126 enim

2148 2151 2458 2219 profuerunt
2503 2155 2808 2208 memoratis
2837 2155 2972 2210 facta
3004 2158 3280 2225 majorum,
3311 2170 3368 2214 ut
3395 2172 3581 2230 aperta
3609 2163 3701 2216 fide

2146 2249 2385 2296 armatos
2410 2244 2674 2312 principes
2690 2243 3048 2311 deterrerent,
3076 2257 3247 2302 castra
3275 2250 3532 2320 sacrilega
3561 2267 3701 2320 supe-

2151 2343 2353 2396 rarent,
2382 2334 2555 2387 cultus
2584 2347 2807 2404 arasque
2833 2337 3186 2393 dremoniacas
3217 2341 3368 2409 longe
3395 2343 3609 2412 lateque
3635 2344 3704 2396 di-

2147 2434 2384 2489 ruerent,
2414 2422 2738 2494 civicamgue
2762 2439 3035 2493 coronam,
3068 2430 3230 2497 gestis
3257 2430 3489 2486 decorati
3525 2448 3700 2503 pereu-

2146 2512 2320 2578 nibus,
2367 2512 2665 2582 splendenti
2709 2517 2907 2585 patriae
2952 2519 3307 2587 providerent.
3352 2521 3503 2577 Unde
3535 2534 3594 2577 et
3618 2540 3707 2582 nos

2143 2606 2479 2658 ornamentis
2525 2619 2732 2673 sponsa:
2761 2605 2955 2661 Christi
2998 2609 3244 2677 quiddam
3285 2610 3523 2667 fraterno
3555 2615 3705 2666 mini-

2143 2699 2309 2753 sterio
2340 2695 2602 2766 provideri
2632 2701 2958 2767 gaudemus:
2993 2717 3094 2756 non
3124 2718 3230 2771 quo
3274 2704 3414 2769 ullis,
3445 2715 3503 2758 ut
3533 2709 3707 2764 credo.

2143 2788 2470 2856 temporibus
2496 2787 2727 2843 defuerit
2754 2788 2945 2844 clarior
2975 2792 3076 2844 vita
3109 2792 3393 2859 majomm,
3444 2795 3542 2849 sed
3573 2797 3705 2862 quod

2141 2878 2355 2931 domum
2391 2876 2562 2944 magni
2585 2876 2743 2945 Regis
2780 2878 3120 2948 plurimorum
3162 2880 3348 2934 vexilla
3388 2892 3710 2950 tmpmomtn

2144 2965 2339 3019 habere
2367 2967 2666 3020 conveniat.
2719 2965 2831 3020 Non
2863 2969 3003 3023 enim
3034 2984 3157 3022 vera
3203 2970 3370 3024 virtus
3409 2972 3710 3026 excluditur

2142 3052 2530 3112 numerositate
2557 3054 2834 3120 victorum,
2870 3057 2964 3109 sed
2987 3058 3178 3126 optatis
3202 3058 3546 3113 successibus
3573 3071 3712 3114 eate-

2150 3157 2250 3197 nus
2288 3142 2590 3212 ampliatur.

1993 3362 3704 3397 mm

1554 3466 1716 3508 ANNO
1761 3465 1986 3507 DOMIM
2029 3466 2596 3510 ccccxcvm-nxrv.

975 3588 2429 3829 SYMMAQEQS
2495 3555 2498 3559 ’
2563 3591 3238 3749 PAPA.

1817 3893 2328 3999 'NOTITIA.

1809 4041 1900 4105 (Ex
1927 4044 2049 4092 libro
2072 4043 2376 4108 Pontiﬁcnli.)

552 4159 592 4214 Ι.
635 4158 715 4228 (a)
743 4157 1117 4229 Symmachus,
1164 4155 1375 4209 natione
1401 4160 1414 4175 '
1451 4154 1750 4214 Romanus,
1791 4165 1852 4215 ex
1894 4160 2044 4219 patre

486 4250 802 4312 Fortunato,
835 4250 968 4302 sedit
999 4262 1163 4300 annos
1196 4248 1278 4310 15,
1312 4256 1335 4282 ε·
1384 4260 1592 4298 menses
1627 4253 1764 4307 octo,
1809 4241 1923 4294 dies
1949 4240 2039 4294 26.

486 4339 579 4392 llic
608 4339 706 4391 fuit
753 4336 1078 4402 temporibus
1115 4334 1425 4387 Theoderici
1465 4335 1634 4400 regis,
1685 4342 1738 4384 et
1777 4328 2040 4383 Anastasii

486 4429 700 4496 Augusti
739 4442 766 4479 a
805 4427 892 4480 die
939 4442 970 4478 ι
1000 4424 1337 4503 calendarum
1377 4421 1831 4502 Decembriarum,
1869 4433 2035 4484 usque

486 4522 536 4572 in
566 4521 704 4571 diem
736 4533 822 4571 xiv
853 4496 1183 4570 calendarum
1224 4496 1596 4581 Augustarum.
1647 4511 1741 4564 Hic
1779 4511 1876 4563 sub
1914 4523 2040 4561 con-

486 4611 720 4664 tettlione
757 4610 1029 4662 ordinatus
1053 4614 1135 4659 est
1163 4620 1266 4657 uno
1294 4606 1380 4658 die
1404 4620 1521 4657 cum
1553 4603 1854 4656 Laurentio.
1889 4601 2043 4672 Sym—

487 4705 702 4755 machus
719 4703 769 4754 in
793 4699 1006 4755 basilica
1029 4697 1478 4759 Constantiniana,
1502 4691 1817 4748 Laurentius
1838 4707 1964 4745 vero
1987 4692 2039 4743 in

488 4794 699 4863 basilica
742 4791 907 4844 beata:
952 4790 1145 4842 Mariae.
1197 4786 1273 4839 Ex
1315 4801 1414 4854 qua
1447 4800 1601 4838 causa
1645 4790 1918 4856 separatus
1960 4789 2042 4833 est

487 4884 656 4933 cit-rus
686 4885 726 4943 ',
756 4889 809 4932 et
836 4878 1034 4930 divisus
1059 4886 1138 4929 est
1163 4883 1216 4928 et
1248 4885 1481 4926 senatus.
1514 4873 1611 4924 Alii
1649 4886 1768 4923 cum
1799 4869 2041 4938 Symma-

488 4973 618 5031 cho,
662 4970 748 5021 alii
782 4983 908 5022 vero
936 4982 1053 5020 cum
1087 4964 1386 5018 Laurentio.
1434 4963 1496 5015 Et
1535 4963 1665 5014 facta
1709 4959 2044 5012 contentione

492 5060 590 5113 hoc
614 5067 632 5082 '
657 5060 1074 5119 constituerunt,
1097 5060 1114 5078 ‘
1147 5064 1349 5122 partes,
1378 5063 1434 5105 ut
1462 5051 1617 5103 ambo
1645 5051 1708 5102 ad
1740 5051 2036 5102 ltavennatn
2066 5063 2117 5123 ι)

492 5157 786 5216 pergerent,
804 5148 864 5199 ad
878 5147 1130 5214 judicium
1147 5146 1283 5212 regis
1299 5141 1634 5206 Theudorici,
1650 5139 1734 5208 qui
1747 5139 1870 5191 dum
1887 5135 2040 5188 ambo

493 5237 793 5291 introissent
825 5238 872 5294 in
903 5238 1234 5297 Ravennam,
1270 5234 1367 5284 hoc
1397 5229 1646 5298 judicium
1675 5226 1932 5294 aequitatis
1962 5223 2040 5276 in-

492 5338 789 5383 venerunt:
825 5326 892 5381 Ut
929 5328 1014 5395 qui
1061 5326 1226 5394 primo
1268 5309 1540 5376 ordinatus
1583 5320 1795 5382 fuisset,
1825 5317 1908 5370 vel
1951 5314 2040 5368 ubi

495 5435 615 5489 pars
657 5420 879 5472 maxima
926 5428 1344 5485 cognosceretur,
1394 5416 1505 5482 ipse
1562 5413 1767 5466 sederet
1814 5411 1864 5463 in
1915 5407 2040 5462 sede

568 5578 641 5646 (a)
672 5578 724 5630 in
755 5577 888 5627 notis
922 5572 1310 5646 marginalihus
1338 5569 1620 5646 Fabrotti:
1650 5565 1845 5646 indicat
1888 5564 2036 5618 codi-

494 5637 829 5707 ccm'Vclseri
854 5637 1097 5698 collatnin
1125 5657 1242 5692 cum
1273 5641 1549 5702 Vaticano;
1585 5637 1643 5705 Β,
1674 5638 1926 5691 lectiones
1963 5649 2029 5688 ex

2144 4151 2452 4217 apostolica.
2481 4152 2630 4218 Quod
2673 4153 2880 4210 tandem
2910 4159 3129 4225 aequitas
3173 4159 3224 4214 in
3266 4161 3614 4231 Symmacho
3645 4169 3722 4220 in-
3770 4151 3771 4216 ἐ

2143 4241 2314 4306 venit,
2347 4246 2365 4262 ‘
2405 4242 2757 4310 cognitionem
2785 4246 3041 4306 veritatis.
3086 4248 3150 4302 Et
3185 4251 3352 4305 factus
3391 4265 3480 4309 est
3519 4257 3726 4325 praui

2142 4331 2508 4402 Symmachus.

2650 4428 2803 4467 ΝΟΤΒ
2844 4431 3182 4473 ιΑηϐιΝΑιεε.

2211 4506 2230 4526 ⁹
2258 4499 2316 4560 C.
2349 4501 2407 4566 Β,
2442 4500 2659 4572 Sardus.
2683 4530 2754 4541 —
2777 4511 2801 4539 ε
2829 4503 2886 4565 Β,
2918 4519 2988 4558 m.
3027 4506 3077 4560 8.
3109 4509 3270 4560 minus
3296 4511 3348 4561 d.
3382 4510 3444 4572 4,
3503 4529 3542 4564 ι
3583 4513 3729 4565 (ἔστι.
3770 4503 3771 4511 “

2145 4571 2347 4624 Paulini
2376 4579 2421 4634 et
2455 4570 2684 4639 Scythtv,
2714 4571 2782 4622 ad
2813 4573 2886 4624 Μ.
2919 4573 3043 4628 Aur.
3078 4570 3438 4632 Cassiodortmt
3463 4581 3633 4637 Coa.
3659 4609 3728 4622 -

2143 4645 2161 4664 ⁸
2197 4642 2318 4692 Vide
2345 4639 2534 4693 Baron.
2571 4641 2638 4691 ad
2666 4657 2751 4692 an.
2787 4641 2987 4694 Domini
3008 4645 3129 4699 £98.
3163 4675 3231 4685 --
3258 4652 3274 4668 ⁹
3295 4647 3360 4708 C.
3390 4661 3732 4706 construxe-

2141 4721 2281 4764 runt.
2316 4711 2334 4730 ‘
2364 4718 2418 4762 ut
2442 4710 2611 4763 ambae
2643 4722 2837 4776 partes.
2866 4740 2934 4749 —-
2964 4717 2981 4741 '
3004 4712 3063 4775 C,
3092 4725 3147 4768 et
3173 4716 3431 4785 cognitio.

2359 4815 2406 4852 [η
2443 4813 2497 4853 ν.
2527 4815 2776 4853 FABROT'I'I
2802 4817 2866 4854 EX
2897 4815 3012 4854 COD.
3045 4818 3268 4858 FREREII
3291 4822 3320 4858 Δ
3348 4821 3420 4858 ΕΤ
3449 4824 3514 4864 Β.

2218 4877 2372 4929 Num.
2405 4879 2453 4942 1,
2484 4877 2577 4931 lin.
2611 4877 2660 4943 1,
2702 4878 2740 4929 Β
2766 4878 2980 4932 Sardus.
3013 4879 3128 4934 Lin.
3157 4882 3192 4934 2
3223 4885 3261 4935 Α
3295 4897 3481 4939 mens.
3515 4887 3580 4940 7.
3609 4887 3654 4941 Β
3679 4887 3730 4940 Ι.

2146 4946 2506 5020 2'71.l.in.i5.
2548 4947 3124 5020 consiliummquitatis
3180 4951 3407 5007 invenit.
3454 4955 3599 5010 Lin.
3649 4955 3736 5020 16,

2145 5016 2453 5140 33ἐὶἒὶιὲοά
2472 5017 2681 5070 tandem
2709 5017 2970 5084 aequitatis
2985 5018 3235 5086 judicium
3258 5024 3474 5079 invenit

2163 5105 2166 5110 .
2331 5105 2343 5139 ι
2379 5124 2393 5137 ⁸
2728 5125 2735 5127 _

2520 5190 2584 5228 EX
2622 5189 2740 5229 COD.
2783 5191 2900 5230 ΠΕΟ.
2941 5193 3061 5230 ΙΑΖ.
3100 5195 3166 5232 ΕΤ
3203 5195 3325 5233 THE.

2215 5261 2331 5315 Litt.
2359 5263 2407 5323 i,
2431 5261 2488 5315 S.
2515 5270 2622 5313 nat.
2652 5261 2870 5317 Sardus.
2896 5263 3011 5316 Lin.
3033 5267 3086 5327 2,
3112 5280 3278 5317 mens.
3309 5264 3360 5326 6,
3384 5265 3451 5318 d.
3479 5267 3586 5321 27.
3613 5267 3736 5322 υ..

2144 5335 2196 5396 '5,
2220 5331 2530 5384 Theoderici
2554 5331 2646 5399 (Μ.
2673 5331 2964 5400 Theodor.)
2989 5335 3078 5386 lin.
3104 5339 3154 5395 4,
3184 5337 3238 5398 5,
3259 5337 3361 5387 cal.
3398 5336 3740 5392 Decembri!
3769 5362 3771 5373 ι

2146 5403 2245 5472 (δι.
2271 5400 2658 5469 Decembrium)
2678 5415 2841 5469 usque
2861 5403 2910 5455 in
2940 5403 2991 5454 d.
3016 5405 3412 5471 xcaI.Augusti.
3443 5407 3662 5473 Lind],
3683 5409 3738 5460 9.

2144 5563 2262 5617 cod.
2285 5562 2430 5616 card.
2457 5561 2662 5632 Baronii
2691 5576 2702 5610 ε
2729 5558 2790 5610 Β.
2809 5576 2874 5632 ex
2899 5560 3133 5632 ejusdem
3150 5562 3292 5613 card.
3320 5566 3622 5620 sententia
3643 5585 3660 5632 ;
3679 5567 3742 5632 ο.

2144 5649 2210 5688 ex
2238 5633 2475 5687 conciliis
2504 5631 2656 5684 editis
2683 5645 2775 5695 per
2803 5629 3036 5682 Suriutn.

3770 4439 3771 4511 ξ

3769 4996 3771 5093 l

3769 5178 3771 5227 |
