  <div class='ocr_page' id='page_1' title='image "/cluster/home/n/w/nwhite01/storage/ocr_20150623/61-62/uva.x000827102/611.png"; bbox 0 0 3802 6242; ppageno 0'>
   <div class='ocr_carea' id='block_1_1' title="bbox 550 378 613 429">
    <p class='ocr_par' dir='ltr' id='par_1_1' title="bbox 550 378 613 429">
     <span class='ocr_line' id='line_1_1' title="bbox 550 378 613 429; baseline -0.032 0"><span class='ocrx_word' id='word_1_1' title='bbox 550 378 613 429; x_wconf 67' lang='grc'><strong>47</strong></span> 
     </span>
    </p>
   </div>
   <div class='ocr_carea' id='block_1_2' title="bbox 975 493 1675 537">
    <p class='ocr_par' dir='ltr' id='par_1_2' title="bbox 975 493 1675 537">
     <span class='ocr_line' id='line_1_2' title="bbox 975 493 1675 537; baseline -0.013 0"><span class='ocrx_word' id='word_1_2' title='bbox 975 500 1039 537; x_wconf 68' lang='grc' dir='ltr'><strong>Εἰ</strong></span> <span class='ocrx_word' id='word_1_3' title='bbox 1069 498 1185 537; x_wconf 76' lang='lat' dir='ltr'><strong>COD.</strong></span> <span class='ocrx_word' id='word_1_4' title='bbox 1214 496 1409 535; x_wconf 66' lang='lat' dir='ltr'><strong>TﬂUAN.</strong></span> <span class='ocrx_word' id='word_1_5' title='bbox 1445 493 1675 532; x_wconf 72' lang='grc' dir='ltr'><strong>Αιτεῐιο.</strong></span> 
     </span>
    </p>
   </div>
   <div class='ocr_carea' id='block_1_3' title="bbox 618 563 2106 641">
    <p class='ocr_par' dir='ltr' id='par_1_3' title="bbox 618 563 2106 641">
     <span class='ocr_line' id='line_1_3' title="bbox 618 563 2106 641; baseline -0.011 -14"><span class='ocrx_word' id='word_1_6' title='bbox 618 578 730 627; x_wconf 86' lang='lat' dir='ltr'><strong>Litt.</strong></span> <span class='ocrx_word' id='word_1_7' title='bbox 760 575 816 638; x_wconf 90' lang='lat'><strong>8,</strong></span> <span class='ocrx_word' id='word_1_8' title='bbox 861 574 1116 641; x_wconf 83' lang='lat' dir='ltr'><strong>peettniis.</strong></span> <span class='ocrx_word' id='word_1_9' title='bbox 1152 571 1264 624; x_wconf 86' lang='lat' dir='ltr'><strong>Lin.</strong></span> <span class='ocrx_word' id='word_1_10' title='bbox 1302 566 1687 641; x_wconf 73' lang='lat' dir='ltr'><strong>l3,_ll7._l.i_n.</strong></span> <span class='ocrx_word' id='word_1_11' title='bbox 1726 563 1810 628; x_wconf 76' lang='grc' dir='ltr'><strong>Η,</strong></span> <span class='ocrx_word' id='word_1_12' title='bbox 1845 563 1932 641; x_wconf 70' lang='grc' dir='ltr'><strong>ιε,</strong></span> <span class='ocrx_word' id='word_1_13' title='bbox 1964 564 2106 629; x_wconf 79' lang='lat' dir='ltr'><strong>Apu-</strong></span> 
     </span>
    </p>
   </div>
   <div class='ocr_carea' id='block_1_4' title="bbox 547 634 2107 707">
    <p class='ocr_par' dir='ltr' id='par_1_4' title="bbox 547 634 2107 707">
     <span class='ocr_line' id='line_1_4' title="bbox 547 634 2107 707; baseline -0.007 -12"><span class='ocrx_word' id='word_1_14' title='bbox 547 647 664 697; x_wconf 85' lang='lat' dir='ltr'><strong>stoli</strong></span> <span class='ocrx_word' id='word_1_15' title='bbox 687 634 915 696; x_wconf 39' lang='lat' dir='ltr'><strong>sim-cal.</strong></span> <span class='ocrx_word' id='word_1_16' title='bbox 944 642 1076 707; x_wconf 70' lang='lat' dir='ltr'><strong>Aug.</strong></span> <span class='ocrx_word' id='word_1_17' title='bbox 1101 653 1153 693; x_wconf 87' lang='lat' dir='ltr'><strong>et</strong></span> <span class='ocrx_word' id='word_1_18' title='bbox 1174 654 1311 693; x_wconf 81' lang='lat' dir='ltr'><strong>ccss.</strong></span> <span class='ocrx_word' id='word_1_19' title='bbox 1338 638 1501 707; x_wconf 15' lang='lat' dir='ltr'><strong>epiisc.</strong></span> <span class='ocrx_word' id='word_1_20' title='bbox 1523 636 1582 707; x_wconf 10' lang='lat' dir='ltr'><strong>id.</strong></span> <span class='ocrx_word' id='word_1_21' title='bbox 1607 636 1732 702; x_wconf 87' lang='lat' dir='ltr'><strong>7.q.</strong></span> <span class='ocrx_word' id='word_1_22' title='bbox 1763 648 1812 687; x_wconf 90' lang='lat' dir='ltr'><strong>e.</strong></span> <span class='ocrx_word' id='word_1_23' title='bbox 1845 634 1880 686; x_wconf 91' lang='lat' dir='ltr'><strong>i.</strong></span> <span class='ocrx_word' id='word_1_24' title='bbox 1905 650 1956 700; x_wconf 90' lang='lat' dir='ltr'><strong>p.</strong></span> <span class='ocrx_word' id='word_1_25' title='bbox 1981 648 2031 684; x_wconf 93' lang='lat' dir='ltr'><strong>e.</strong></span> <span class='ocrx_word' id='word_1_26' title='bbox 2051 646 2107 699; x_wconf 91' lang='lat' dir='ltr'><strong>q.</strong></span> 
     </span>
    </p>
   </div>
   <div class='ocr_carea' id='block_1_5' title="bbox 547 706 2033 782">
    <p class='ocr_par' dir='ltr' id='par_1_5' title="bbox 547 706 2033 782">
     <span class='ocr_line' id='line_1_5' title="bbox 547 706 2033 782; baseline -0.007 -20"><span class='ocrx_word' id='word_1_27' title='bbox 547 714 815 782; x_wconf 75' lang='lat' dir='ltr'><strong>depositus</strong></span> <span class='ocrx_word' id='word_1_28' title='bbox 838 713 938 765; x_wconf 88' lang='lat' dir='ltr'><strong>sub</strong></span> <span class='ocrx_word' id='word_1_29' title='bbox 965 706 1052 763; x_wconf 85' lang='lat' dir='ltr'><strong>die</strong></span> <span class='ocrx_word' id='word_1_30' title='bbox 1082 713 1147 764; x_wconf 82' lang='lat' dir='ltr'><strong>l9</strong></span> <span class='ocrx_word' id='word_1_31' title='bbox 1179 709 1377 762; x_wconf 86' lang='lat' dir='ltr'><strong>mensis</strong></span> <span class='ocrx_word' id='word_1_32' title='bbox 1405 706 1555 759; x_wconf 79' lang='lat' dir='ltr'><strong>Julii.</strong></span> <span class='ocrx_word' id='word_1_33' title='bbox 2029 706 2033 709; x_wconf 71' lang='lat'>‘</span> 
     </span>
    </p>
   </div>
   <div class='ocr_carea' id='block_1_6' title="bbox 892 827 1762 881">
    <p class='ocr_par' dir='ltr' id='par_1_6' title="bbox 892 827 1762 881">
     <span class='ocr_line' id='line_1_6' title="bbox 892 827 1762 881; baseline -0.011 -8"><span class='ocrx_word' id='word_1_34' title='bbox 892 835 944 873; x_wconf 74' lang='grc' dir='ltr'><strong>ν.</strong></span> <span class='ocrx_word' id='word_1_35' title='bbox 982 837 1027 873; x_wconf 77' lang='grc' dir='ltr'>ι.</span> <span class='ocrx_word' id='word_1_36' title='bbox 1061 833 1316 873; x_wconf 60' lang='grc' dir='ltr'><strong>ηυιμςτεκ.</strong></span> <span class='ocrx_word' id='word_1_37' title='bbox 1348 831 1415 870; x_wconf 75' lang='grc' dir='ltr'><strong>ετ</strong></span> <span class='ocrx_word' id='word_1_38' title='bbox 1445 827 1762 881; x_wconf 59' lang='grc' dir='ltr'><strong>δεηειεεετιι.</strong></span> 
     </span>
    </p>
   </div>
   <div class='ocr_carea' id='block_1_7' title="bbox 624 900 2113 973">
    <p class='ocr_par' dir='ltr' id='par_1_7' title="bbox 624 900 2113 973">
     <span class='ocr_line' id='line_1_7' title="bbox 624 900 2113 973; baseline -0.01 -6"><span class='ocrx_word' id='word_1_39' title='bbox 624 915 720 967; x_wconf 91' lang='lat' dir='ltr'><strong>llic</strong></span> <span class='ocrx_word' id='word_1_40' title='bbox 748 912 1038 973; x_wconf 77' lang='lat' dir='ltr'><strong>cunstituit,</strong></span> <span class='ocrx_word' id='word_1_41' title='bbox 1070 920 1125 963; x_wconf 87' lang='lat' dir='ltr'><strong>ut</strong></span> <span class='ocrx_word' id='word_1_42' title='bbox 1154 911 1296 961; x_wconf 77' lang='lat' dir='ltr'><strong>Olliltl</strong></span> <span class='ocrx_word' id='word_1_43' title='bbox 1330 908 1416 961; x_wconf 89' lang='lat' dir='ltr'><strong>dic</strong></span> <span class='ocrx_word' id='word_1_44' title='bbox 1441 905 1731 967; x_wconf 90' lang='lat' dir='ltr'><strong>dominico,</strong></span> <span class='ocrx_word' id='word_1_45' title='bbox 1756 902 1836 973; x_wconf 82' lang='lat' dir='ltr'><strong>vel</strong></span> <span class='ocrx_word' id='word_1_46' title='bbox 1864 900 2113 973; x_wconf 74' lang='lat' dir='ltr'><strong>natalitiis</strong></span> 
     </span>
    </p>
   </div>
   <div class='ocr_carea' id='block_1_8' title="bbox 555 969 2115 1052">
    <p class='ocr_par' dir='ltr' id='par_1_8' title="bbox 555 969 2115 1052">
     <span class='ocr_line' id='line_1_8' title="bbox 555 969 2115 1052; baseline -0.011 -15"><span class='ocrx_word' id='word_1_47' title='bbox 555 995 841 1052; x_wconf 90' lang='lat' dir='ltr'><strong>martyrum</strong></span> <span class='ocrx_word' id='word_1_48' title='bbox 875 969 1099 1052; x_wconf 75' lang='lat' dir='ltr'><strong>hymnus</strong></span> <span class='ocrx_word' id='word_1_49' title='bbox 1130 980 1396 1052; x_wconf 78' lang='lat' dir='ltr'><strong>diceretur</strong></span> <span class='ocrx_word' id='word_1_50' title='bbox 1423 974 1715 1052; x_wconf 75' lang='lat' dir='ltr'><strong>angelicus,</strong></span> <span class='ocrx_word' id='word_1_51' title='bbox 1758 972 1808 1052; x_wconf 76' lang='lat' dir='ltr'><strong>id</strong></span> <span class='ocrx_word' id='word_1_52' title='bbox 1835 980 1918 1024; x_wconf 82' lang='lat' dir='ltr'><strong>est</strong></span> <span class='ocrx_word' id='word_1_53' title='bbox 1940 969 2115 1049; x_wconf 67' lang='lat' dir='ltr'><strong>Gloria</strong></span> 
     </span>
    </p>
   </div>
   <div class='ocr_carea' id='block_1_9' title="bbox 553 1040 2106 1105">
    <p class='ocr_par' dir='ltr' id='par_1_9' title="bbox 553 1040 2106 1105">
     <span class='ocr_line' id='line_1_9' title="bbox 553 1040 2106 1105; baseline -0.01 -2"><span class='ocrx_word' id='word_1_54' title='bbox 553 1055 605 1105; x_wconf 81' lang='lat' dir='ltr'><strong>in</strong></span> <span class='ocrx_word' id='word_1_55' title='bbox 625 1040 834 1105; x_wconf 61' lang='lat' dir='ltr'><strong>excelsis</strong></span> <span class='ocrx_word' id='word_1_56' title='bbox 869 1040 992 1102; x_wconf 63' lang='lat' dir='ltr'><strong>Dira.</strong></span> <span class='ocrx_word' id='word_1_57' title='bbox 1025 1050 1118 1102; x_wconf 89' lang='lat' dir='ltr'><strong>llic</strong></span> <span class='ocrx_word' id='word_1_58' title='bbox 1144 1048 1266 1100; x_wconf 77' lang='lat' dir='ltr'><strong>fecit</strong></span> <span class='ocrx_word' id='word_1_59' title='bbox 1298 1040 1649 1099; x_wconf 78' lang='lat' dir='ltr'><strong>cmmiterium</strong></span> <span class='ocrx_word' id='word_1_60' title='bbox 1675 1040 2024 1093; x_wconf 85' lang='lat' dir='ltr'><strong>.lordanorum</strong></span> <span class='ocrx_word' id='word_1_61' title='bbox 2058 1040 2106 1089; x_wconf 89' lang='lat' dir='ltr'><strong>in</strong></span> 
     </span>
    </p>
   </div>
   <div class='ocr_carea' id='block_1_10' title="bbox 554 1107 2115 1187">
    <p class='ocr_par' dir='ltr' id='par_1_10' title="bbox 554 1107 2115 1187">
     <span class='ocr_line' id='line_1_10' title="bbox 554 1107 2115 1187; baseline -0.012 -12"><span class='ocrx_word' id='word_1_62' title='bbox 554 1122 742 1175; x_wconf 89' lang='lat' dir='ltr'><strong>melius</strong></span> <span class='ocrx_word' id='word_1_63' title='bbox 795 1131 1012 1187; x_wconf 85' lang='lat' dir='ltr'><strong>propter</strong></span> <span class='ocrx_word' id='word_1_64' title='bbox 1035 1115 1444 1187; x_wconf 17' lang='lat' dir='ltr'><strong>corpnsisaucti</strong></span> <span class='ocrx_word' id='word_1_65' title='bbox 1477 1109 1787 1187; x_wconf 74' lang='lat' dir='ltr'><strong>Alexandri.</strong></span> <span class='ocrx_word' id='word_1_66' title='bbox 1833 1109 1928 1162; x_wconf 85' lang='lat' dir='ltr'><strong>llic</strong></span> <span class='ocrx_word' id='word_1_67' title='bbox 1971 1107 2115 1185; x_wconf 76' lang='lat' dir='ltr'><strong>omni</strong></span> 
     </span>
    </p>
   </div>
   <div class='ocr_carea' id='block_1_11' title="bbox 552 1176 2114 1257">
    <p class='ocr_par' dir='ltr' id='par_1_11' title="bbox 552 1176 2114 1257">
     <span class='ocr_line' id='line_1_11' title="bbox 552 1176 2114 1257; baseline -0.011 -13"><span class='ocrx_word' id='word_1_68' title='bbox 552 1205 694 1243; x_wconf 89' lang='lat' dir='ltr'><strong>anno</strong></span> <span class='ocrx_word' id='word_1_69' title='bbox 724 1176 815 1257; x_wconf 65' lang='lat' dir='ltr'><strong>pei&#39;</strong></span> <span class='ocrx_word' id='word_1_70' title='bbox 843 1176 1094 1246; x_wconf 67' lang='lat' dir='ltr'><strong>Ali-iram.</strong></span> <span class='ocrx_word' id='word_1_71' title='bbox 1127 1176 1208 1238; x_wconf 71' lang='lat' dir='ltr'><strong>vel</strong></span> <span class='ocrx_word' id='word_1_72' title='bbox 1237 1183 1534 1257; x_wconf 81' lang='lat' dir='ltr'><strong>Sardiniam</strong></span> <span class='ocrx_word' id='word_1_73' title='bbox 1576 1177 1645 1232; x_wconf 90' lang='lat' dir='ltr'><strong>ad</strong></span> <span class='ocrx_word' id='word_1_74' title='bbox 1669 1178 1948 1257; x_wconf 77' lang='lat' dir='ltr'><strong>episcopos</strong></span> <span class='ocrx_word' id='word_1_75' title='bbox 1969 1217 1986 1242; x_wconf 92' lang='lat'><strong>,</strong></span> <span class='ocrx_word' id='word_1_76' title='bbox 2018 1176 2114 1257; x_wconf 44' lang='lat' dir='ltr'><strong>.ch</strong></span> 
     </span>
    </p>
   </div>
   <div class='ocr_carea' id='block_1_12' title="bbox 555 1245 2117 1316">
    <p class='ocr_par' dir='ltr' id='par_1_12' title="bbox 555 1245 2117 1316">
     <span class='ocr_line' id='line_1_12' title="bbox 555 1245 2117 1316; baseline -0.01 -3"><span class='ocrx_word' id='word_1_77' title='bbox 555 1262 608 1312; x_wconf 90' lang='lat' dir='ltr'><strong>in</strong></span> <span class='ocrx_word' id='word_1_78' title='bbox 637 1245 824 1313; x_wconf 76' lang='lat' dir='ltr'><strong>exsilio</strong></span> <span class='ocrx_word' id='word_1_79' title='bbox 863 1265 1014 1310; x_wconf 90' lang='lat' dir='ltr'><strong>erant</strong></span> <span class='ocrx_word' id='word_1_80' title='bbox 1057 1245 1282 1316; x_wconf 89' lang='lat' dir='ltr'><strong>retrusi,</strong></span> <span class='ocrx_word' id='word_1_81' title='bbox 1315 1251 1614 1316; x_wconf 83' lang='lat' dir='ltr'><strong>pecuniam,</strong></span> <span class='ocrx_word' id='word_1_82' title='bbox 1643 1245 1715 1303; x_wconf 13' lang='lat' dir='ltr'><strong>et,</strong></span> <span class='ocrx_word' id='word_1_83' title='bbox 1741 1256 1919 1299; x_wconf 89' lang='lat' dir='ltr'><strong>vestes</strong></span> <span class='ocrx_word' id='word_1_84' title='bbox 1961 1245 2117 1316; x_wconf 88' lang='lat' dir='ltr'><strong>mini-</strong></span> 
     </span>
    </p>
   </div>
   <div class='ocr_carea' id='block_1_13' title="bbox 554 1315 2117 1391">
    <p class='ocr_par' dir='ltr' id='par_1_13' title="bbox 554 1315 2117 1391">
     <span class='ocr_line' id='line_1_13' title="bbox 554 1315 2117 1391; baseline -0.011 -10"><span class='ocrx_word' id='word_1_85' title='bbox 554 1330 773 1381; x_wconf 88' lang='lat' dir='ltr'><strong>strabat.</strong></span> <span class='ocrx_word' id='word_1_86' title='bbox 813 1326 908 1379; x_wconf 91' lang='lat' dir='ltr'><strong>llic</strong></span> <span class='ocrx_word' id='word_1_87' title='bbox 935 1325 1171 1391; x_wconf 83' lang='lat' dir='ltr'><strong>captivos</strong></span> <span class='ocrx_word' id='word_1_88' title='bbox 1199 1315 1289 1391; x_wconf 83' lang='lat' dir='ltr'><strong>per</strong></span> <span class='ocrx_word' id='word_1_89' title='bbox 1321 1315 1617 1384; x_wconf 75' lang='lat' dir='ltr'><strong>Liguriam.</strong></span> <span class='ocrx_word' id='word_1_90' title='bbox 1662 1327 1717 1391; x_wconf 81' lang='lat' dir='ltr'><strong>et</strong></span> <span class='ocrx_word' id='word_1_91' title='bbox 1742 1330 1837 1383; x_wconf 88' lang='lat' dir='ltr'><strong>per</strong></span> <span class='ocrx_word' id='word_1_92' title='bbox 1860 1315 2117 1391; x_wconf 61' lang='lat' dir='ltr'><strong>Mediola-</strong></span> 
     </span>
    </p>
   </div>
   <div class='ocr_carea' id='block_1_14' title="bbox 557 1385 2120 1464">
    <p class='ocr_par' dir='ltr' id='par_1_14' title="bbox 557 1385 2120 1464">
     <span class='ocr_line' id='line_1_14' title="bbox 557 1385 2120 1464; baseline -0.009 -14"><span class='ocrx_word' id='word_1_93' title='bbox 557 1412 705 1464; x_wconf 91' lang='lat' dir='ltr'><strong>num,</strong></span> <span class='ocrx_word' id='word_1_94' title='bbox 738 1405 790 1449; x_wconf 90' lang='lat' dir='ltr'><strong>et</strong></span> <span class='ocrx_word' id='word_1_95' title='bbox 814 1410 904 1461; x_wconf 89' lang='lat' dir='ltr'><strong>per</strong></span> <span class='ocrx_word' id='word_1_96' title='bbox 929 1385 1166 1447; x_wconf 76' lang='lat' dir='ltr'><strong>diversas</strong></span> <span class='ocrx_word' id='word_1_97' title='bbox 1200 1385 1753 1464; x_wconf 44' lang='lat' dir='ltr'><strong>provin_cias__pec‘unia</strong></span> <span class='ocrx_word' id='word_1_98' title='bbox 1780 1385 2033 1464; x_wconf 74' lang='lat' dir='ltr'><strong>redemit,</strong></span> <span class='ocrx_word' id='word_1_99' title='bbox 2065 1390 2120 1436; x_wconf 88' lang='lat' dir='ltr'><strong>et</strong></span> 
     </span>
    </p>
   </div>
   <div class='ocr_carea' id='block_1_15' title="bbox 556 1454 2116 1531">
    <p class='ocr_par' dir='ltr' id='par_1_15' title="bbox 556 1454 2116 1531">
     <span class='ocr_line' id='line_1_15' title="bbox 556 1454 2116 1531; baseline -0.008 -14"><span class='ocrx_word' id='word_1_100' title='bbox 556 1454 1107 1531; x_wconf 48' lang='lat' dir='ltr'><strong>dona&#39;mnl&#39;tipltcavit,</strong></span> <span class='ocrx_word' id='word_1_101' title='bbox 1139 1454 1433 1515; x_wconf 53' lang='lat' dir='ltr'><strong>et&#39;dimisit.</strong></span> <span class='ocrx_word' id='word_1_102' title='bbox 1476 1454 1573 1511; x_wconf 83' lang='lat' dir='ltr'><strong>llic</strong></span> <span class='ocrx_word' id='word_1_103' title='bbox 1595 1454 1729 1531; x_wconf 75' lang='lat' dir='ltr'><strong>fecit</strong></span> <span class='ocrx_word' id='word_1_104' title='bbox 1774 1454 2116 1531; x_wconf 62' lang='lat' dir='ltr'><strong>ordinationes</strong></span> 
     </span>
    </p>
   </div>
   <div class='ocr_carea' id='block_1_16' title="bbox 559 1519 2120 1600">
    <p class='ocr_par' dir='ltr' id='par_1_16' title="bbox 559 1519 2120 1600">
     <span class='ocr_line' id='line_1_16' title="bbox 559 1519 2120 1600; baseline -0.008 -14"><span class='ocrx_word' id='word_1_105' title='bbox 559 1546 772 1600; x_wconf 78' lang='lat' dir='ltr'><strong>quatuor</strong></span> <span class='ocrx_word' id='word_1_106' title='bbox 798 1535 850 1587; x_wconf 83' lang='lat' dir='ltr'><strong>in</strong></span> <span class='ocrx_word' id='word_1_107' title='bbox 869 1519 994 1585; x_wconf 54' lang='lat' dir='ltr'><strong>&#39;urle</strong></span> <span class='ocrx_word' id='word_1_108' title='bbox 1026 1519 1183 1584; x_wconf 82' lang='lat' dir='ltr'><strong>Roma</strong></span> <span class='ocrx_word' id='word_1_109' title='bbox 1212 1541 1541 1600; x_wconf 64' lang='lat' dir='ltr'><strong>permensem</strong></span> <span class='ocrx_word' id='word_1_110' title='bbox 1588 1519 1907 1600; x_wconf 58' lang='lat' dir='ltr'><strong>Decembrem</strong></span> <span class='ocrx_word' id='word_1_111' title='bbox 1936 1532 1989 1575; x_wconf 89' lang='lat' dir='ltr'><strong>et</strong></span> <span class='ocrx_word' id='word_1_112' title='bbox 2017 1519 2120 1573; x_wconf 76' lang='lat' dir='ltr'><strong>Fe-</strong></span> 
     </span>
    </p>
   </div>
   <div class='ocr_carea' id='block_1_17' title="bbox 559 1593 2119 1668">
    <p class='ocr_par' dir='ltr' id='par_1_17' title="bbox 559 1593 2119 1668">
     <span class='ocr_line' id='line_1_17' title="bbox 559 1593 2119 1668; baseline -0.01 -11"><span class='ocrx_word' id='word_1_113' title='bbox 559 1593 850 1666; x_wconf 78' lang='lat' dir='ltr'><strong>bruarium,</strong></span> <span class='ocrx_word' id='word_1_114' title='bbox 879 1602 1184 1668; x_wconf 75' lang='lat' dir='ltr'><strong>presbyteros</strong></span> <span class='ocrx_word' id='word_1_115' title='bbox 1213 1598 1228 1668; x_wconf 50' lang='grc' dir='ltr'>ἦ</span> <span class='ocrx_word' id='word_1_116' title='bbox 1253 1597 1343 1661; x_wconf 69' lang='grc'><strong>92,</strong></span> <span class='ocrx_word' id='word_1_117' title='bbox 1366 1596 1606 1668; x_wconf 76' lang='lat' dir='ltr'><strong>diaconos</strong></span> <span class='ocrx_word' id='word_1_118' title='bbox 1637 1594 1723 1655; x_wconf 79' lang='grc'><strong>16,</strong></span> <span class='ocrx_word' id='word_1_119' title='bbox 1744 1593 2119 1668; x_wconf 42' lang='lat' dir='ltr'><strong>episcopos-per</strong></span> 
     </span>
    </p>
   </div>
   <div class='ocr_carea' id='block_1_18' title="bbox 559 1659 2114 1735">
    <p class='ocr_par' dir='ltr' id='par_1_18' title="bbox 559 1659 2114 1735">
     <span class='ocr_line' id='line_1_18' title="bbox 559 1659 2114 1735; baseline -0.01 -10"><span class='ocrx_word' id='word_1_120' title='bbox 559 1674 766 1726; x_wconf 86' lang='lat' dir='ltr'><strong>diversa</strong></span> <span class='ocrx_word' id='word_1_121' title='bbox 791 1659 901 1723; x_wconf 68' lang='lat' dir='ltr'><strong>loco</strong></span> <span class='ocrx_word' id='word_1_122' title='bbox 936 1674 951 1693; x_wconf 84' lang='lat'>&#39;</span> <span class='ocrx_word' id='word_1_123' title='bbox 984 1659 1106 1730; x_wconf 73' lang='lat'><strong>167,</strong></span> <span class='ocrx_word' id='word_1_124' title='bbox 1145 1666 1233 1735; x_wconf 91' lang='lat' dir='ltr'><strong>qui</strong></span> <span class='ocrx_word' id='word_1_125' title='bbox 1264 1659 1421 1720; x_wconf 84' lang='lat' dir='ltr'><strong>etiam</strong></span> <span class='ocrx_word' id='word_1_126' title='bbox 1460 1664 1686 1735; x_wconf 73' lang='lat' dir='ltr'><strong>sepultus</strong></span> <span class='ocrx_word' id='word_1_127' title='bbox 1710 1670 1781 1714; x_wconf 78' lang='lat' dir='ltr'><strong>est</strong></span> <span class='ocrx_word' id='word_1_128' title='bbox 1814 1661 1870 1735; x_wconf 74' lang='lat' dir='ltr'><strong>in</strong></span> <span class='ocrx_word' id='word_1_129' title='bbox 1901 1659 2114 1735; x_wconf 58' lang='lat' dir='ltr'><strong>basilica</strong></span> 
     </span>
    </p>
   </div>
   <div class='ocr_carea' id='block_1_19' title="bbox 561 1729 2116 1806">
    <p class='ocr_par' dir='ltr' id='par_1_19' title="bbox 561 1729 2116 1806">
     <span class='ocr_line' id='line_1_19' title="bbox 561 1729 2116 1806; baseline -0.007 -13"><span class='ocrx_word' id='word_1_130' title='bbox 561 1742 695 1794; x_wconf 82' lang='lat' dir='ltr'><strong>beati</strong></span> <span class='ocrx_word' id='word_1_131' title='bbox 723 1740 865 1793; x_wconf 83' lang='lat' dir='ltr'><strong>Petri</strong></span> <span class='ocrx_word' id='word_1_132' title='bbox 889 1729 1138 1806; x_wconf 77' lang='lat' dir='ltr'><strong>apostoli,</strong></span> <span class='ocrx_word' id='word_1_133' title='bbox 1154 1729 1176 1757; x_wconf 78' lang='grc'><strong>·’</strong></span> <span class='ocrx_word' id='word_1_134' title='bbox 1192 1746 1244 1790; x_wconf 91' lang='lat' dir='ltr'><strong>et</strong></span> <span class='ocrx_word' id='word_1_135' title='bbox 1269 1734 1473 1806; x_wconf 72' lang='lat' dir='ltr'><strong>cessarit</strong></span> <span class='ocrx_word' id='word_1_136' title='bbox 1490 1729 1806 1803; x_wconf 69' lang='lat' dir='ltr'><strong>episcopatus</strong></span> <span class='ocrx_word' id='word_1_137' title='bbox 1821 1729 1934 1783; x_wconf 89' lang='lat' dir='ltr'><strong>dies</strong></span> <span class='ocrx_word' id='word_1_138' title='bbox 1950 1730 2003 1792; x_wconf 83' lang='grc' dir='ltr'><em>Ἰ,</em></span> <span class='ocrx_word' id='word_1_139' title='bbox 2029 1729 2116 1797; x_wconf 90' lang='lat' dir='ltr'><strong>qui</strong></span> 
     </span>
    </p>
   </div>
   <div class='ocr_carea' id='block_1_20' title="bbox 562 1804 1513 1877">
    <p class='ocr_par' dir='ltr' id='par_1_20' title="bbox 562 1804 1513 1877">
     <span class='ocr_line' id='line_1_20' title="bbox 562 1804 1513 1877; baseline -0.008 -13"><span class='ocrx_word' id='word_1_140' title='bbox 562 1812 719 1865; x_wconf 84' lang='lat' dir='ltr'><strong>etiam</strong></span> <span class='ocrx_word' id='word_1_141' title='bbox 748 1811 800 1864; x_wconf 92' lang='lat' dir='ltr'><strong>in</strong></span> <span class='ocrx_word' id='word_1_142' title='bbox 831 1804 958 1877; x_wconf 83' lang='lat' dir='ltr'><strong>pace</strong></span> <span class='ocrx_word' id='word_1_143' title='bbox 992 1807 1266 1860; x_wconf 78' lang='lat' dir='ltr'><strong>confessor</strong></span> <span class='ocrx_word' id='word_1_144' title='bbox 1294 1804 1513 1873; x_wconf 85' lang='lat' dir='ltr'><strong>quievit.</strong></span> 
     </span>
    </p>
   </div>
   <div class='ocr_carea' id='block_1_21' title="bbox 1109 1922 1581 1965">
    <p class='ocr_par' dir='ltr' id='par_1_21' title="bbox 1109 1922 1581 1965">
     <span class='ocr_line' id='line_1_21' title="bbox 1109 1922 1581 1965; baseline -0.013 0"><span class='ocrx_word' id='word_1_145' title='bbox 1109 1927 1247 1965; x_wconf 65' lang='grc' dir='ltr'><strong>110τῶ</strong></span> <span class='ocrx_word' id='word_1_146' title='bbox 1277 1922 1581 1963; x_wconf 62' lang='grc' dir='ltr'><strong>ΙΑΒῦὶΝΑι-Β.</strong></span> 
     </span>
    </p>
   </div>
   <div class='ocr_carea' id='block_1_22' title="bbox 628 1990 2124 2058">
    <p class='ocr_par' dir='ltr' id='par_1_22' title="bbox 628 1990 2124 2058">
     <span class='ocr_line' id='line_1_22' title="bbox 628 1990 2124 2058; baseline -0.007 -10"><span class='ocrx_word' id='word_1_147' title='bbox 628 2000 642 2019; x_wconf 84' lang='grc'><strong>·</strong></span> <span class='ocrx_word' id='word_1_148' title='bbox 674 1998 758 2047; x_wconf 61' lang='grc' dir='ltr'>ιρις.</span> <span class='ocrx_word' id='word_1_149' title='bbox 784 1997 951 2058; x_wconf 67' lang='lat' dir='ltr'><strong>Codd,</strong></span> <span class='ocrx_word' id='word_1_150' title='bbox 977 1996 1145 2046; x_wconf 73' lang='lat'><strong>22.—-°</strong></span> <span class='ocrx_word' id='word_1_151' title='bbox 1163 1995 1308 2055; x_wconf 81' lang='lat' dir='ltr'><strong>Flor.,</strong></span> <span class='ocrx_word' id='word_1_152' title='bbox 1335 1992 1585 2055; x_wconf 78' lang='lat' dir='ltr'><strong>Episcopus</strong></span> <span class='ocrx_word' id='word_1_153' title='bbox 1608 1991 1813 2040; x_wconf 54' lang='grc' dir='ltr'><strong>ινα-ο</strong></span> <span class='ocrx_word' id='word_1_154' title='bbox 1839 1990 1981 2039; x_wconf 79' lang='lat' dir='ltr'><strong>Addit</strong></span> <span class='ocrx_word' id='word_1_155' title='bbox 1998 1990 2124 2038; x_wconf 78' lang='lat' dir='ltr'><strong>Flor.</strong></span> 
     </span>
    </p>
   </div>
   <div class='ocr_carea' id='block_1_23' title="bbox 577 2059 1048 2121">
    <p class='ocr_par' dir='ltr' id='par_1_23' title="bbox 577 2059 1048 2121">
     <span class='ocr_line' id='line_1_23' title="bbox 577 2059 1048 2121; baseline -0.006 -14"><span class='ocrx_word' id='word_1_156' title='bbox 577 2074 671 2108; x_wconf 75' lang='lat' dir='ltr'><strong>xrv.</strong></span> <span class='ocrx_word' id='word_1_157' title='bbox 700 2059 796 2109; x_wconf 74' lang='lat' dir='ltr'><strong>Ital.</strong></span> <span class='ocrx_word' id='word_1_158' title='bbox 829 2059 1048 2121; x_wconf 79' lang='lat' dir='ltr'><strong>Augusti.</strong></span> 
     </span>
    </p>
   </div>
   <div class='ocr_carea' id='block_1_24' title="bbox 824 2170 1776 2217">
    <p class='ocr_par' dir='ltr' id='par_1_24' title="bbox 824 2170 1776 2217">
     <span class='ocr_line' id='line_1_24' title="bbox 824 2170 1776 2217; baseline -0.011 0"><span class='ocrx_word' id='word_1_159' title='bbox 824 2200 829 2207; x_wconf 85' lang='lat'><strong><em>-</em></strong></span> <span class='ocrx_word' id='word_1_160' title='bbox 917 2179 969 2216; x_wconf 76' lang='grc' dir='ltr'><strong><em>ν.</em></strong></span> <span class='ocrx_word' id='word_1_161' title='bbox 1004 2179 1054 2217; x_wconf 85' lang='grc' dir='ltr'><strong>ι..</strong></span> <span class='ocrx_word' id='word_1_162' title='bbox 1086 2176 1256 2215; x_wconf 70' lang='grc' dir='ltr'><strong>ΡΕΝΙᾸΞ</strong></span> <span class='ocrx_word' id='word_1_163' title='bbox 1287 2175 1352 2214; x_wconf 78' lang='grc' dir='ltr'>ει</span> <span class='ocrx_word' id='word_1_164' title='bbox 1383 2173 1505 2212; x_wconf 71' lang='grc' dir='ltr'><strong>σου.</strong></span> <span class='ocrx_word' id='word_1_165' title='bbox 1536 2170 1776 2211; x_wconf 68' lang='grc' dir='ltr'>ελνιιιιει.</span> 
     </span>
    </p>
   </div>
   <div class='ocr_carea' id='block_1_25' title="bbox 638 2247 2058 2322">
    <p class='ocr_par' dir='ltr' id='par_1_25' title="bbox 638 2247 2058 2322">
     <span class='ocr_line' id='line_1_25' title="bbox 638 2247 2058 2322; baseline -0.011 -9"><span class='ocrx_word' id='word_1_166' title='bbox 638 2258 758 2313; x_wconf 88' lang='lat' dir='ltr'><strong>Lin.</strong></span> <span class='ocrx_word' id='word_1_167' title='bbox 792 2256 859 2311; x_wconf 69' lang='grc'><strong>12</strong></span> <span class='ocrx_word' id='word_1_168' title='bbox 891 2263 946 2309; x_wconf 93' lang='lat' dir='ltr'><strong>et</strong></span> <span class='ocrx_word' id='word_1_169' title='bbox 978 2253 1064 2316; x_wconf 78' lang='grc'><strong>13,</strong></span> <span class='ocrx_word' id='word_1_170' title='bbox 1092 2254 1371 2322; x_wconf 84' lang='lat' dir='ltr'><strong>episcopos</strong></span> <span class='ocrx_word' id='word_1_171' title='bbox 1400 2263 1494 2316; x_wconf 87' lang='lat' dir='ltr'><strong>per</strong></span> <span class='ocrx_word' id='word_1_172' title='bbox 1519 2248 1727 2301; x_wconf 89' lang='lat' dir='ltr'><strong>diversa</strong></span> <span class='ocrx_word' id='word_1_173' title='bbox 1754 2247 1866 2298; x_wconf 90' lang='lat' dir='ltr'><strong>loca</strong></span> <span class='ocrx_word' id='word_1_174' title='bbox 1892 2259 2058 2299; x_wconf 77' lang='lat' dir='ltr'><strong>cxvu.</strong></span> 
     </span>
    </p>
   </div>
   <div class='ocr_carea' id='block_1_26' title="bbox 770 2436 1931 2509">
    <p class='ocr_par' dir='ltr' id='par_1_26' title="bbox 770 2436 1931 2509">
     <span class='ocr_line' id='line_1_26' title="bbox 770 2436 1931 2509; baseline -0.007 -10"><span class='ocrx_word' id='word_1_175' title='bbox 770 2440 1239 2499; x_wconf 72' lang='lat' dir='ltr'><strong>rnacusnruu</strong></span> <span class='ocrx_word' id='word_1_176' title='bbox 1270 2439 1345 2509; x_wconf 85' lang='grc' dir='ltr'><strong>(α)</strong></span> <span class='ocrx_word' id='word_1_177' title='bbox 1375 2436 1713 2494; x_wconf 68' lang='lat' dir='ltr'><strong>ausurus</strong></span> <span class='ocrx_word' id='word_1_178' title='bbox 1752 2436 1931 2491; x_wconf 79' lang='lat' dir='ltr'><strong>va</strong></span> 
     </span>
    </p>
   </div>
   <div class='ocr_carea' id='block_1_27' title="bbox 712 2541 1991 2591">
    <p class='ocr_par' dir='ltr' id='par_1_27' title="bbox 712 2541 1991 2591">
     <span class='ocr_line' id='line_1_27' title="bbox 712 2541 1991 2591; baseline -0.009 1"><span class='ocrx_word' id='word_1_179' title='bbox 712 2550 942 2591; x_wconf 67' lang='lat' dir='ltr'><strong>EIUSDEM</strong></span> <span class='ocrx_word' id='word_1_180' title='bbox 994 2546 1285 2587; x_wconf 69' lang='lat' dir='ltr'><strong>PONTIFICIS</strong></span> <span class='ocrx_word' id='word_1_181' title='bbox 1326 2547 1356 2584; x_wconf 80' lang='grc' dir='ltr'><strong>Δ</strong></span> <span class='ocrx_word' id='word_1_182' title='bbox 1395 2541 1740 2583; x_wconf 68' lang='grc' dir='ltr'>εειιιειλτιεο</span> <span class='ocrx_word' id='word_1_183' title='bbox 1782 2542 1991 2590; x_wconf 73' lang='grc' dir='ltr'>ρυοωιι</span> 
     </span>
    </p>
   </div>
   <div class='ocr_carea' id='block_1_28' title="bbox 1087 2613 1628 2655">
    <p class='ocr_par' dir='ltr' id='par_1_28' title="bbox 1087 2613 1628 2655">
     <span class='ocr_line' id='line_1_28' title="bbox 1087 2613 1628 2655; baseline -0.007 -1"><span class='ocrx_word' id='word_1_184' title='bbox 1087 2615 1269 2655; x_wconf 65' lang='grc' dir='ltr'><strong>εοενο</strong></span> <span class='ocrx_word' id='word_1_185' title='bbox 1308 2613 1628 2653; x_wconf 63' lang='grc' dir='ltr'>υεδειιιιιτά..</span> 
     </span>
    </p>
   </div>
   <div class='ocr_carea' id='block_1_29' title="bbox 646 2692 2137 2787">
    <p class='ocr_par' dir='ltr' id='par_1_29' title="bbox 646 2692 2137 2787">
     <span class='ocr_line' id='line_1_29' title="bbox 646 2692 2137 2787; baseline -0.011 -16"><span class='ocrx_word' id='word_1_186' title='bbox 646 2714 992 2787; x_wconf 80' lang='lat' dir='ltr'><strong>Symmachus</strong></span> <span class='ocrx_word' id='word_1_187' title='bbox 1040 2710 1178 2766; x_wconf 88' lang='lat' dir='ltr'><strong>sedit</strong></span> <span class='ocrx_word' id='word_1_188' title='bbox 1222 2722 1390 2763; x_wconf 88' lang='lat' dir='ltr'><strong>annos</strong></span> <span class='ocrx_word' id='word_1_189' title='bbox 1416 2704 1736 2776; x_wconf 89' lang='lat' dir='ltr'><strong>quindecim,</strong></span> <span class='ocrx_word' id='word_1_190' title='bbox 1779 2716 1990 2757; x_wconf 87' lang='lat' dir='ltr'><strong>menses</strong></span> <span class='ocrx_word' id='word_1_191' title='bbox 2018 2692 2137 2767; x_wconf 88' lang='lat' dir='ltr'><strong>sep-</strong></span> 
     </span>
    </p>
   </div>
   <div class='ocr_carea' id='block_1_30' title="bbox 582 2790 2142 2871">
    <p class='ocr_par' dir='ltr' id='par_1_30' title="bbox 582 2790 2142 2871">
     <span class='ocr_line' id='line_1_30' title="bbox 582 2790 2142 2871; baseline -0.012 -9"><span class='ocrx_word' id='word_1_192' title='bbox 582 2818 709 2871; x_wconf 88' lang='lat' dir='ltr'><strong>tem,</strong></span> <span class='ocrx_word' id='word_1_193' title='bbox 734 2804 849 2860; x_wconf 89' lang='lat' dir='ltr'><strong>dies</strong></span> <span class='ocrx_word' id='word_1_194' title='bbox 874 2801 1052 2870; x_wconf 78' lang='lat' dir='ltr'><strong>viginti</strong></span> <span class='ocrx_word' id='word_1_195' title='bbox 1100 2809 1155 2854; x_wconf 88' lang='lat' dir='ltr'><strong>et</strong></span> <span class='ocrx_word' id='word_1_196' title='bbox 1198 2807 1401 2866; x_wconf 89' lang='lat' dir='ltr'><strong>septem</strong></span> <span class='ocrx_word' id='word_1_197' title='bbox 1427 2813 1441 2849; x_wconf 90' lang='lat'><strong>:</strong></span> <span class='ocrx_word' id='word_1_198' title='bbox 1471 2808 1594 2861; x_wconf 90' lang='lat' dir='ltr'><strong>cum</strong></span> <span class='ocrx_word' id='word_1_199' title='bbox 1626 2793 1725 2847; x_wconf 85' lang='lat' dir='ltr'><strong>hoc</strong></span> <span class='ocrx_word' id='word_1_200' title='bbox 1765 2800 1941 2847; x_wconf 89' lang='lat' dir='ltr'><strong>autem</strong></span> <span class='ocrx_word' id='word_1_201' title='bbox 1972 2790 2142 2844; x_wconf 87' lang='lat' dir='ltr'><strong>fuerat</strong></span> 
     </span>
    </p>
   </div>
   <div class='ocr_carea' id='block_1_31' title="bbox 584 2883 2145 2956">
    <p class='ocr_par' dir='ltr' id='par_1_31' title="bbox 584 2883 2145 2956">
     <span class='ocr_line' id='line_1_31' title="bbox 584 2883 2145 2956; baseline -0.012 -2"><span class='ocrx_word' id='word_1_202' title='bbox 584 2896 899 2954; x_wconf 86' lang='lat' dir='ltr'><strong>Laurentius</strong></span> <span class='ocrx_word' id='word_1_203' title='bbox 940 2893 1193 2948; x_wconf 62' lang='lat' dir='ltr'><strong>Romanae</strong></span> <span class='ocrx_word' id='word_1_204' title='bbox 1247 2888 1497 2943; x_wconf 74' lang='lat' dir='ltr'><strong>Ecclesia:</strong></span> <span class='ocrx_word' id='word_1_205' title='bbox 1548 2886 1825 2956; x_wconf 78' lang='lat' dir='ltr'><strong>presbyter</strong></span> <span class='ocrx_word' id='word_1_206' title='bbox 1871 2883 2145 2937; x_wconf 85' lang='lat' dir='ltr'><strong>ordinatus</strong></span> 
     </span>
    </p>
   </div>
   <div class='ocr_carea' id='block_1_32' title="bbox 585 2974 2144 3059">
    <p class='ocr_par' dir='ltr' id='par_1_32' title="bbox 585 2974 2144 3059">
     <span class='ocr_line' id='line_1_32' title="bbox 585 2974 2144 3059; baseline -0.011 -17"><span class='ocrx_word' id='word_1_207' title='bbox 585 2990 889 3059; x_wconf 81' lang='lat' dir='ltr'><strong>episcopus;</strong></span> <span class='ocrx_word' id='word_1_208' title='bbox 920 2992 1170 3052; x_wconf 87' lang='lat' dir='ltr'><strong>tantaque</strong></span> <span class='ocrx_word' id='word_1_209' title='bbox 1214 2980 1418 3033; x_wconf 85' lang='lat' dir='ltr'><strong>clerum</strong></span> <span class='ocrx_word' id='word_1_210' title='bbox 1450 2991 1514 3031; x_wconf 82' lang='lat' dir='ltr'><strong>ac</strong></span> <span class='ocrx_word' id='word_1_211' title='bbox 1547 2975 1797 3045; x_wconf 84' lang='lat' dir='ltr'><strong>populum</strong></span> <span class='ocrx_word' id='word_1_212' title='bbox 1848 2974 2144 3028; x_wconf 78' lang='lat' dir='ltr'><strong>Romanum</strong></span> 
     </span>
    </p>
   </div>
   <div class='ocr_carea' id='block_1_33' title="bbox 588 3062 2144 3135">
    <p class='ocr_par' dir='ltr' id='par_1_33' title="bbox 588 3062 2144 3135">
     <span class='ocr_line' id='line_1_33' title="bbox 588 3062 2144 3135; baseline -0.014 0"><span class='ocrx_word' id='word_1_213' title='bbox 588 3078 847 3135; x_wconf 81' lang='lat' dir='ltr'><strong>discordia</strong></span> <span class='ocrx_word' id='word_1_214' title='bbox 883 3074 1062 3130; x_wconf 90' lang='lat' dir='ltr'><strong>feralis</strong></span> <span class='ocrx_word' id='word_1_215' title='bbox 1099 3071 1389 3133; x_wconf 80' lang='lat' dir='ltr'><strong>invaserat,</strong></span> <span class='ocrx_word' id='word_1_216' title='bbox 1422 3077 1479 3120; x_wconf 91' lang='lat' dir='ltr'><strong>ut</strong></span> <span class='ocrx_word' id='word_1_217' title='bbox 1507 3081 1606 3122; x_wconf 87' lang='lat' dir='ltr'><strong>nec</strong></span> <span class='ocrx_word' id='word_1_218' title='bbox 1633 3065 1809 3119; x_wconf 87' lang='lat' dir='ltr'><strong>divina</strong></span> <span class='ocrx_word' id='word_1_219' title='bbox 1836 3062 2144 3117; x_wconf 84' lang='lat' dir='ltr'><strong>considera-</strong></span> 
     </span>
    </p>
   </div>
   <div class='ocr_carea' id='block_1_34' title="bbox 590 3149 2146 3236">
    <p class='ocr_par' dir='ltr' id='par_1_34' title="bbox 590 3152 2146 3236">
     <span class='ocr_line' id='line_1_34' title="bbox 590 3152 2146 3236; baseline -0.013 -12"><span class='ocrx_word' id='word_1_220' title='bbox 590 3174 685 3236; x_wconf 87' lang='lat' dir='ltr'><strong>tio,</strong></span> <span class='ocrx_word' id='word_1_221' title='bbox 736 3184 833 3222; x_wconf 90' lang='lat' dir='ltr'><strong>nec</strong></span> <span class='ocrx_word' id='word_1_222' title='bbox 864 3175 1036 3219; x_wconf 88' lang='lat' dir='ltr'><strong>metus</strong></span> <span class='ocrx_word' id='word_1_223' title='bbox 1066 3160 1242 3229; x_wconf 73' lang='lat' dir='ltr'><strong>regius</strong></span> <span class='ocrx_word' id='word_1_224' title='bbox 1266 3169 1441 3227; x_wconf 88' lang='lat' dir='ltr'><strong>partes</strong></span> <span class='ocrx_word' id='word_1_225' title='bbox 1468 3172 1497 3211; x_wconf 86' lang='lat' dir='ltr'><strong>a</strong></span> <span class='ocrx_word' id='word_1_226' title='bbox 1529 3156 1736 3225; x_wconf 89' lang='lat' dir='ltr'><strong>propria</strong></span> <span class='ocrx_word' id='word_1_227' title='bbox 1766 3152 2037 3208; x_wconf 85' lang='lat' dir='ltr'><strong>collisione</strong></span> <span class='ocrx_word' id='word_1_228' title='bbox 2055 3166 2146 3205; x_wconf 90' lang='lat' dir='ltr'><strong>co-</strong></span> 
     </span>
    </p>
   </div>
   <div class='ocr_carea' id='block_1_35' title="bbox 2246 3149 3802 3236">
    <p class='ocr_par' dir='ltr' id='par_1_35' title="bbox 2259 3149 3802 3236">
     <span class='ocr_line' id='line_1_35' title="bbox 2259 3149 3802 3236; baseline -0.008 -17"><span class='ocrx_word' id='word_1_229' title='bbox 2259 3176 2442 3228; x_wconf 89' lang='lat' dir='ltr'><strong>vatur,</strong></span> <span class='ocrx_word' id='word_1_230' title='bbox 2473 3165 2517 3217; x_wconf 90' lang='lat' dir='ltr'><strong>si</strong></span> <span class='ocrx_word' id='word_1_231' title='bbox 2573 3164 2827 3217; x_wconf 84' lang='lat' dir='ltr'><strong>innocens</strong></span> <span class='ocrx_word' id='word_1_232' title='bbox 2872 3161 3047 3225; x_wconf 87' lang='lat' dir='ltr'><strong>fuerit,</strong></span> <span class='ocrx_word' id='word_1_233' title='bbox 3075 3159 3180 3224; x_wconf 92' lang='lat' dir='ltr'><strong>vel,</strong></span> <span class='ocrx_word' id='word_1_234' title='bbox 3205 3158 3251 3212; x_wconf 91' lang='lat' dir='ltr'><strong>si</strong></span> <span class='ocrx_word' id='word_1_235' title='bbox 3296 3173 3417 3213; x_wconf 85' lang='lat' dir='ltr'><strong>reus</strong></span> <span class='ocrx_word' id='word_1_236' title='bbox 3457 3156 3752 3223; x_wconf 74' lang='lat' dir='ltr'><strong>exstiterit,</strong></span> <span class='ocrx_word' id='word_1_237' title='bbox 3792 3149 3802 3236; x_wconf 34' lang='grc' dir='ltr'><strong>ᾗ</strong></span> 
     </span>
    </p>
   </div>
   <div class='ocr_carea' id='block_1_36' title="bbox 592 3243 2150 3321">
    <p class='ocr_par' dir='ltr' id='par_1_36' title="bbox 592 3243 2150 3321">
     <span class='ocr_line' id='line_1_36' title="bbox 592 3243 2150 3321; baseline -0.013 -5"><span class='ocrx_word' id='word_1_238' title='bbox 592 3262 816 3316; x_wconf 83' lang='lat' dir='ltr'><strong>ltibcret.</strong></span> <span class='ocrx_word' id='word_1_239' title='bbox 853 3257 1002 3310; x_wconf 80' lang='lat' dir='ltr'><strong>&#39;l‘uuc</strong></span> <span class='ocrx_word' id='word_1_240' title='bbox 1028 3260 1291 3321; x_wconf 71' lang='lat' dir='ltr'><strong>coguntur</strong></span> <span class='ocrx_word' id='word_1_241' title='bbox 1320 3250 1550 3318; x_wconf 86' lang='lat' dir='ltr'><strong>utrique,</strong></span> <span class='ocrx_word' id='word_1_242' title='bbox 1573 3247 1923 3317; x_wconf 79' lang='lat' dir='ltr'><strong>Symmachus</strong></span> <span class='ocrx_word' id='word_1_243' title='bbox 1946 3243 2150 3297; x_wconf 83' lang='lat' dir='ltr'><strong>scilicet</strong></span> 
     </span>
    </p>
   </div>
   <div class='ocr_carea' id='block_1_37' title="bbox 589 3338 2149 3414">
    <p class='ocr_par' dir='ltr' id='par_1_37' title="bbox 589 3338 2149 3414">
     <span class='ocr_line' id='line_1_37' title="bbox 589 3338 2149 3414; baseline -0.013 -6"><span class='ocrx_word' id='word_1_244' title='bbox 589 3362 643 3408; x_wconf 80' lang='lat' dir='ltr'><strong>et</strong></span> <span class='ocrx_word' id='word_1_245' title='bbox 676 3348 1018 3410; x_wconf 86' lang='lat' dir='ltr'><strong>Laurentius,</strong></span> <span class='ocrx_word' id='word_1_246' title='bbox 1050 3344 1251 3414; x_wconf 79' lang='lat' dir='ltr'><strong>regium</strong></span> <span class='ocrx_word' id='word_1_247' title='bbox 1280 3340 1503 3395; x_wconf 84' lang='lat' dir='ltr'><strong>subituri</strong></span> <span class='ocrx_word' id='word_1_248' title='bbox 1529 3338 1779 3408; x_wconf 78' lang='lat' dir='ltr'><strong>judicium</strong></span> <span class='ocrx_word' id='word_1_249' title='bbox 1802 3378 1815 3401; x_wconf 92' lang='lat'><strong>,</strong></span> <span class='ocrx_word' id='word_1_250' title='bbox 1848 3345 2027 3405; x_wconf 89' lang='lat' dir='ltr'><strong>petere</strong></span> <span class='ocrx_word' id='word_1_251' title='bbox 2054 3350 2149 3388; x_wconf 91' lang='lat' dir='ltr'><strong>co-</strong></span> 
     </span>
    </p>
   </div>
   <div class='ocr_carea' id='block_1_38' title="bbox 596 3425 2147 3507">
    <p class='ocr_par' dir='ltr' id='par_1_38' title="bbox 596 3425 2147 3507">
     <span class='ocr_line' id='line_1_38' title="bbox 596 3425 2147 3507; baseline -0.014 -9"><span class='ocrx_word' id='word_1_252' title='bbox 596 3444 854 3498; x_wconf 84' lang='lat' dir='ltr'><strong>mitatum.</strong></span> <span class='ocrx_word' id='word_1_253' title='bbox 902 3438 974 3492; x_wconf 89' lang='lat' dir='ltr'><strong>lbi</strong></span> <span class='ocrx_word' id='word_1_254' title='bbox 1008 3433 1357 3507; x_wconf 81' lang='lat' dir='ltr'><strong>Symmachus</strong></span> <span class='ocrx_word' id='word_1_255' title='bbox 1404 3431 1583 3485; x_wconf 87' lang='lat' dir='ltr'><strong>multis</strong></span> <span class='ocrx_word' id='word_1_256' title='bbox 1618 3427 1853 3498; x_wconf 85' lang='lat' dir='ltr'><strong>pecuniis</strong></span> <span class='ocrx_word' id='word_1_257' title='bbox 1907 3425 2147 3481; x_wconf 90' lang='lat' dir='ltr'><strong>obtinet:</strong></span> 
     </span>
    </p>
   </div>
   <div class='ocr_carea' id='block_1_39' title="bbox 597 3515 2151 3595">
    <p class='ocr_par' dir='ltr' id='par_1_39' title="bbox 597 3515 2151 3595">
     <span class='ocr_line' id='line_1_39' title="bbox 597 3515 2151 3595; baseline -0.015 -7"><span class='ocrx_word' id='word_1_258' title='bbox 597 3532 906 3589; x_wconf 77' lang='lat' dir='ltr'><strong>Laurentius</strong></span> <span class='ocrx_word' id='word_1_259' title='bbox 948 3526 1012 3580; x_wconf 85' lang='lat' dir='ltr'><strong>ad</strong></span> <span class='ocrx_word' id='word_1_260' title='bbox 1059 3522 1451 3595; x_wconf 75' lang='lat' dir='ltr'><strong>gubernandum</strong></span> <span class='ocrx_word' id='word_1_261' title='bbox 1486 3518 1773 3573; x_wconf 75' lang='lat' dir='ltr'><strong>Ecclesiam</strong></span> <span class='ocrx_word' id='word_1_262' title='bbox 1815 3515 2151 3577; x_wconf 82' lang='lat' dir='ltr'><strong>Nucerinam,</strong></span> 
     </span>
    </p>
   </div>
   <div class='ocr_carea' id='block_1_40' title="bbox 599 3606 2154 3694">
    <p class='ocr_par' dir='ltr' id='par_1_40' title="bbox 599 3606 2154 3694">
     <span class='ocr_line' id='line_1_40' title="bbox 599 3606 2154 3694; baseline -0.014 -14"><span class='ocrx_word' id='word_1_263' title='bbox 599 3622 904 3694; x_wconf 70' lang='lat' dir='ltr'><strong>Campania:</strong></span> <span class='ocrx_word' id='word_1_264' title='bbox 929 3620 1222 3679; x_wconf 87' lang='lat' dir='ltr'><strong>civitatem,</strong></span> <span class='ocrx_word' id='word_1_265' title='bbox 1247 3611 1483 3683; x_wconf 84' lang='lat' dir='ltr'><strong>plurimis</strong></span> <span class='ocrx_word' id='word_1_266' title='bbox 1508 3619 1721 3664; x_wconf 88' lang='lat' dir='ltr'><strong>coactus</strong></span> <span class='ocrx_word' id='word_1_267' title='bbox 1751 3607 1905 3661; x_wconf 91' lang='lat' dir='ltr'><strong>minis</strong></span> <span class='ocrx_word' id='word_1_268' title='bbox 1926 3606 2154 3675; x_wconf 88' lang='lat' dir='ltr'><strong>promis-</strong></span> 
     </span>
    </p>
   </div>
   <div class='ocr_carea' id='block_1_41' title="bbox 602 3703 2156 3781">
    <p class='ocr_par' dir='ltr' id='par_1_41' title="bbox 602 3703 2156 3781">
     <span class='ocr_line' id='line_1_41' title="bbox 602 3703 2156 3781; baseline -0.013 -11"><span class='ocrx_word' id='word_1_269' title='bbox 602 3716 944 3781; x_wconf 87' lang='lat' dir='ltr'><strong>sionibusque</strong></span> <span class='ocrx_word' id='word_1_270' title='bbox 970 3710 1237 3778; x_wconf 78' lang='lat' dir='ltr'><strong>dirigitur.</strong></span> <span class='ocrx_word' id='word_1_271' title='bbox 1270 3704 1398 3759; x_wconf 88' lang='lat' dir='ltr'><strong>Post</strong></span> <span class='ocrx_word' id='word_1_272' title='bbox 1430 3703 1631 3771; x_wconf 86' lang='lat' dir='ltr'><strong>aliquot</strong></span> <span class='ocrx_word' id='word_1_273' title='bbox 1656 3708 1831 3753; x_wconf 88' lang='lat' dir='ltr'><strong>autem</strong></span> <span class='ocrx_word' id='word_1_274' title='bbox 1863 3710 2032 3752; x_wconf 88' lang='lat' dir='ltr'><strong>annos</strong></span> <span class='ocrx_word' id='word_1_275' title='bbox 2061 3711 2156 3765; x_wconf 87' lang='lat' dir='ltr'><strong>pro</strong></span> 
     </span>
    </p>
   </div>
   <div class='ocr_carea' id='block_1_42' title="bbox 604 3791 2155 3866">
    <p class='ocr_par' dir='ltr' id='par_1_42' title="bbox 604 3791 2155 3866">
     <span class='ocr_line' id='line_1_42' title="bbox 604 3791 2155 3866; baseline -0.014 -5"><span class='ocrx_word' id='word_1_276' title='bbox 604 3806 782 3861; x_wconf 89' lang='lat' dir='ltr'><strong>multis</strong></span> <span class='ocrx_word' id='word_1_277' title='bbox 801 3800 1109 3857; x_wconf 91' lang='lat' dir='ltr'><strong>criminibus</strong></span> <span class='ocrx_word' id='word_1_278' title='bbox 1129 3797 1263 3866; x_wconf 86' lang='lat' dir='ltr'><strong>apud</strong></span> <span class='ocrx_word' id='word_1_279' title='bbox 1292 3809 1470 3863; x_wconf 82' lang='lat' dir='ltr'><strong>regem</strong></span> <span class='ocrx_word' id='word_1_280' title='bbox 1492 3791 1841 3863; x_wconf 77' lang='lat' dir='ltr'><strong>Symmachus</strong></span> <span class='ocrx_word' id='word_1_281' title='bbox 1859 3798 2155 3851; x_wconf 85' lang='lat' dir='ltr'><strong>accusatur,</strong></span> 
     </span>
    </p>
   </div>
   <div class='ocr_carea' id='block_1_43' title="bbox 606 3882 2159 3968">
    <p class='ocr_par' dir='ltr' id='par_1_43' title="bbox 606 3882 2159 3968">
     <span class='ocr_line' id='line_1_43' title="bbox 606 3882 2159 3968; baseline -0.012 -19"><span class='ocrx_word' id='word_1_282' title='bbox 606 3911 761 3968; x_wconf 88' lang='lat' dir='ltr'><strong>quem</strong></span> <span class='ocrx_word' id='word_1_283' title='bbox 815 3910 907 3948; x_wconf 81' lang='lat' dir='ltr'><strong>rex</strong></span> <span class='ocrx_word' id='word_1_284' title='bbox 936 3892 1035 3946; x_wconf 86' lang='lat' dir='ltr'><strong>sub</strong></span> <span class='ocrx_word' id='word_1_285' title='bbox 1076 3888 1355 3945; x_wconf 86' lang='lat' dir='ltr'><strong>occasione</strong></span> <span class='ocrx_word' id='word_1_286' title='bbox 1401 3884 1670 3955; x_wconf 83' lang='lat' dir='ltr'><strong>paschali,</strong></span> <span class='ocrx_word' id='word_1_287' title='bbox 1717 3882 1856 3950; x_wconf 89' lang='lat' dir='ltr'><strong>quod</strong></span> <span class='ocrx_word' id='word_1_288' title='bbox 1888 3896 1991 3933; x_wconf 92' lang='lat' dir='ltr'><strong>non</strong></span> <span class='ocrx_word' id='word_1_289' title='bbox 2038 3893 2159 3932; x_wconf 90' lang='lat' dir='ltr'><strong>cum</strong></span> 
     </span>
    </p>
   </div>
   <div class='ocr_carea' id='block_1_44' title="bbox 610 3977 2161 4047">
    <p class='ocr_par' dir='ltr' id='par_1_44' title="bbox 610 3977 2161 4047">
     <span class='ocr_line' id='line_1_44' title="bbox 610 3977 2161 4047; baseline -0.014 -1"><span class='ocrx_word' id='word_1_290' title='bbox 610 3990 953 4046; x_wconf 85' lang='lat' dir='ltr'><strong>universitate</strong></span> <span class='ocrx_word' id='word_1_291' title='bbox 997 3984 1387 4047; x_wconf 84' lang='lat' dir='ltr'><strong>celebraverat,</strong></span> <span class='ocrx_word' id='word_1_292' title='bbox 1436 3982 1499 4031; x_wconf 86' lang='lat' dir='ltr'><strong>ad</strong></span> <span class='ocrx_word' id='word_1_293' title='bbox 1548 3977 1852 4031; x_wconf 89' lang='lat' dir='ltr'><strong>comitatum</strong></span> <span class='ocrx_word' id='word_1_294' title='bbox 1901 3988 2161 4027; x_wconf 89' lang='lat' dir='ltr'><strong>convo....</strong></span> 
     </span>
    </p>
   </div>
   <div class='ocr_carea' id='block_1_45' title="bbox 610 4062 2162 4139">
    <p class='ocr_par' dir='ltr' id='par_1_45' title="bbox 610 4062 2162 4139">
     <span class='ocr_line' id='line_1_45' title="bbox 610 4062 2162 4139; baseline -0.015 0"><span class='ocrx_word' id='word_1_295' title='bbox 610 4083 985 4139; x_wconf 89' lang='lat' dir='ltr'><strong>rationem.....</strong></span> <span class='ocrx_word' id='word_1_296' title='bbox 1045 4072 1343 4129; x_wconf 81' lang='lat' dir='ltr'><strong>festivitatis</strong></span> <span class='ocrx_word' id='word_1_297' title='bbox 1402 4068 1731 4123; x_wconf 86' lang='lat' dir='ltr'><strong>dissonantia</strong></span> <span class='ocrx_word' id='word_1_298' title='bbox 1793 4062 2162 4127; x_wconf 87' lang='lat' dir='ltr'><strong>redditurum;</strong></span> 
     </span>
    </p>
   </div>
   <div class='ocr_carea' id='block_1_46' title="bbox 614 4154 2163 4243">
    <p class='ocr_par' dir='ltr' id='par_1_46' title="bbox 614 4154 2163 4243">
     <span class='ocr_line' id='line_1_46' title="bbox 614 4154 2163 4243; baseline -0.015 -12"><span class='ocrx_word' id='word_1_299' title='bbox 614 4176 843 4243; x_wconf 91' lang='lat' dir='ltr'><strong>fecitque</strong></span> <span class='ocrx_word' id='word_1_300' title='bbox 888 4168 1027 4237; x_wconf 91' lang='lat' dir='ltr'><strong>apud</strong></span> <span class='ocrx_word' id='word_1_301' title='bbox 1057 4166 1352 4221; x_wconf 87' lang='lat' dir='ltr'><strong>Ariminum</strong></span> <span class='ocrx_word' id='word_1_302' title='bbox 1400 4160 1675 4223; x_wconf 78' lang='lat' dir='ltr'><strong>resedere;</strong></span> <span class='ocrx_word' id='word_1_303' title='bbox 1716 4170 1943 4225; x_wconf 82' lang='lat' dir='ltr'><strong>cumque</strong></span> <span class='ocrx_word' id='word_1_304' title='bbox 1972 4154 2163 4209; x_wconf 90' lang='lat' dir='ltr'><strong>ibidem</strong></span> 
     </span>
    </p>
   </div>
   <div class='ocr_carea' id='block_1_47' title="bbox 615 4247 2171 4324">
    <p class='ocr_par' dir='ltr' id='par_1_47' title="bbox 615 4247 2171 4324">
     <span class='ocr_line' id='line_1_47' title="bbox 615 4247 2171 4324; baseline -0.015 -2"><span class='ocrx_word' id='word_1_305' title='bbox 615 4281 731 4322; x_wconf 88' lang='lat' dir='ltr'><strong>cum</strong></span> <span class='ocrx_word' id='word_1_306' title='bbox 769 4264 879 4318; x_wconf 89' lang='lat' dir='ltr'><strong>suis</strong></span> <span class='ocrx_word' id='word_1_307' title='bbox 905 4258 1116 4315; x_wconf 89' lang='lat' dir='ltr'><strong>clericis</strong></span> <span class='ocrx_word' id='word_1_308' title='bbox 1142 4254 1424 4324; x_wconf 82' lang='lat' dir='ltr'><strong>aliquantis</strong></span> <span class='ocrx_word' id='word_1_309' title='bbox 1463 4262 1826 4321; x_wconf 88' lang='lat' dir='ltr'><strong>permoratur,</strong></span> <span class='ocrx_word' id='word_1_310' title='bbox 1868 4258 1985 4317; x_wconf 91' lang='lat' dir='ltr'><strong>post</strong></span> <span class='ocrx_word' id='word_1_311' title='bbox 2012 4247 2171 4301; x_wconf 88' lang='lat' dir='ltr'><strong>meri-</strong></span> 
     </span>
    </p>
   </div>
   <div class='ocr_carea' id='block_1_48' title="bbox 616 4338 2172 4416">
    <p class='ocr_par' dir='ltr' id='par_1_48' title="bbox 616 4338 2172 4416">
     <span class='ocr_line' id='line_1_48' title="bbox 616 4338 2172 4416; baseline -0.013 -6"><span class='ocrx_word' id='word_1_312' title='bbox 616 4356 787 4410; x_wconf 86' lang='lat' dir='ltr'><strong>dianis</strong></span> <span class='ocrx_word' id='word_1_313' title='bbox 823 4353 968 4406; x_wconf 84' lang='lat' dir='ltr'><strong>horis</strong></span> <span class='ocrx_word' id='word_1_314' title='bbox 998 4363 1157 4416; x_wconf 86' lang='lat' dir='ltr'><strong>super</strong></span> <span class='ocrx_word' id='word_1_315' title='bbox 1192 4347 1338 4413; x_wconf 84' lang='lat' dir='ltr'><strong>littus</strong></span> <span class='ocrx_word' id='word_1_316' title='bbox 1367 4345 1526 4397; x_wconf 89' lang='lat' dir='ltr'><strong>maris</strong></span> <span class='ocrx_word' id='word_1_317' title='bbox 1571 4341 1865 4402; x_wconf 87' lang='lat' dir='ltr'><strong>ambulans,</strong></span> <span class='ocrx_word' id='word_1_318' title='bbox 1898 4338 2029 4392; x_wconf 87' lang='lat' dir='ltr'><strong>vidit</strong></span> <span class='ocrx_word' id='word_1_319' title='bbox 2057 4352 2172 4391; x_wconf 86' lang='lat' dir='ltr'><strong>mtt-</strong></span> 
     </span>
    </p>
   </div>
   <div class='ocr_carea' id='block_1_49' title="bbox 621 4428 2174 4502">
    <p class='ocr_par' dir='ltr' id='par_1_49' title="bbox 621 4428 2174 4502">
     <span class='ocr_line' id='line_1_49' title="bbox 621 4428 2174 4502; baseline -0.012 -3"><span class='ocrx_word' id='word_1_320' title='bbox 621 4447 776 4501; x_wconf 89' lang='lat' dir='ltr'><strong>lieres</strong></span> <span class='ocrx_word' id='word_1_321' title='bbox 816 4442 938 4497; x_wconf 89' lang='lat' dir='ltr'><strong>inde</strong></span> <span class='ocrx_word' id='word_1_322' title='bbox 969 4438 1210 4502; x_wconf 85' lang='lat' dir='ltr'><strong>transire,</strong></span> <span class='ocrx_word' id='word_1_323' title='bbox 1242 4450 1360 4489; x_wconf 90' lang='lat' dir='ltr'><strong>cum</strong></span> <span class='ocrx_word' id='word_1_324' title='bbox 1386 4434 1576 4500; x_wconf 83' lang='lat' dir='ltr'><strong>quibus</strong></span> <span class='ocrx_word' id='word_1_325' title='bbox 1613 4430 1958 4486; x_wconf 81' lang='lat' dir='ltr'><strong>accusabatur</strong></span> <span class='ocrx_word' id='word_1_326' title='bbox 1984 4428 2036 4481; x_wconf 91' lang='lat' dir='ltr'><strong>in</strong></span> <span class='ocrx_word' id='word_1_327' title='bbox 2061 4438 2174 4481; x_wconf 82' lang='lat' dir='ltr'><strong>scc-</strong></span> 
     </span>
    </p>
   </div>
   <div class='ocr_carea' id='block_1_50' title="bbox 624 4506 3654 4602">
    <p class='ocr_par' dir='ltr' id='par_1_50' title="bbox 624 4506 3654 4602">
     <span class='ocr_line' id='line_1_50' title="bbox 624 4506 3654 4602; baseline -0.013 -11"><span class='ocrx_word' id='word_1_328' title='bbox 624 4537 753 4599; x_wconf 88' lang='lat' dir='ltr'><strong>lere,</strong></span> <span class='ocrx_word' id='word_1_329' title='bbox 780 4548 895 4602; x_wconf 75' lang='lat' dir='ltr'><strong>qua:</strong></span> <span class='ocrx_word' id='word_1_330' title='bbox 924 4529 1229 4584; x_wconf 79' lang='lat' dir='ltr'><strong>comitatum</strong></span> <span class='ocrx_word' id='word_1_331' title='bbox 1263 4525 1527 4594; x_wconf 69' lang='lat' dir='ltr'><strong>petebant,</strong></span> <span class='ocrx_word' id='word_1_332' title='bbox 1556 4523 1697 4590; x_wconf 79' lang='lat' dir='ltr'><strong>regia</strong></span> <span class='ocrx_word' id='word_1_333' title='bbox 1718 4520 1978 4589; x_wconf 87' lang='lat' dir='ltr'><strong>jussione.</strong></span> <span class='ocrx_word' id='word_1_334' title='bbox 2014 4517 2176 4571; x_wconf 88' lang='lat' dir='ltr'><strong>Dissi-</strong></span> <span class='ocrx_word' id='word_1_335' title='bbox 2200 4506 2254 4566; x_wconf 83' lang='lat' dir='ltr'><strong>D</strong></span> <span class='ocrx_word' id='word_1_336' title='bbox 2280 4526 2428 4580; x_wconf 71' lang='lat' dir='ltr'><strong>dum,</strong></span> <span class='ocrx_word' id='word_1_337' title='bbox 2469 4524 2560 4579; x_wconf 72' lang='lat' dir='ltr'><strong>Sic</strong></span> <span class='ocrx_word' id='word_1_338' title='bbox 2598 4520 2913 4576; x_wconf 63' lang='grc' dir='ltr'>ιιιιι-θυιῑιις</span> <span class='ocrx_word' id='word_1_339' title='bbox 2950 4517 3014 4572; x_wconf 64' lang='lat' dir='ltr'><strong>ad</strong></span> <span class='ocrx_word' id='word_1_340' title='bbox 3060 4519 3244 4573; x_wconf 67' lang='lat' dir='ltr'><strong>urbem</strong></span> <span class='ocrx_word' id='word_1_341' title='bbox 3289 4516 3510 4573; x_wconf 58' lang='lat' dir='ltr'><strong>veniens</strong></span> <span class='ocrx_word' id='word_1_342' title='bbox 3553 4530 3654 4585; x_wconf 61' lang='lat' dir='ltr'><strong>Im.</strong></span> 
     </span>
    </p>
   </div>
   <div class='ocr_carea' id='block_1_51' title="bbox 629 4609 2179 4690">
    <p class='ocr_par' dir='ltr' id='par_1_51' title="bbox 629 4609 2179 4690">
     <span class='ocr_line' id='line_1_51' title="bbox 629 4609 2179 4690; baseline -0.012 -9"><span class='ocrx_word' id='word_1_343' title='bbox 629 4627 840 4682; x_wconf 90' lang='lat' dir='ltr'><strong>tnulans</strong></span> <span class='ocrx_word' id='word_1_344' title='bbox 871 4638 999 4690; x_wconf 76' lang='lat' dir='ltr'><strong>ergo</strong></span> <span class='ocrx_word' id='word_1_345' title='bbox 1028 4632 1086 4675; x_wconf 89' lang='lat' dir='ltr'><strong>se</strong></span> <span class='ocrx_word' id='word_1_346' title='bbox 1120 4619 1278 4686; x_wconf 74' lang='lat' dir='ltr'><strong>scire,</strong></span> <span class='ocrx_word' id='word_1_347' title='bbox 1310 4615 1448 4687; x_wconf 88' lang='lat' dir='ltr'><strong>quod</strong></span> <span class='ocrx_word' id='word_1_348' title='bbox 1497 4615 1735 4677; x_wconf 85' lang='lat' dir='ltr'><strong>viderat,</strong></span> <span class='ocrx_word' id='word_1_349' title='bbox 1765 4622 1923 4667; x_wconf 88' lang='lat' dir='ltr'><strong>nocte</strong></span> <span class='ocrx_word' id='word_1_350' title='bbox 1969 4609 2139 4664; x_wconf 89' lang='lat' dir='ltr'><strong>media</strong></span> <span class='ocrx_word' id='word_1_351' title='bbox 2164 4650 2179 4673; x_wconf 89' lang='lat'><strong>,</strong></span> 
     </span>
    </p>
   </div>
   <div class='ocr_carea' id='block_1_52' title="bbox 624 4702 2180 4772">
    <p class='ocr_par' dir='ltr' id='par_1_52' title="bbox 624 4702 2180 4772">
     <span class='ocr_line' id='line_1_52' title="bbox 624 4702 2180 4772; baseline -0.012 -1"><span class='ocrx_word' id='word_1_352' title='bbox 624 4716 1016 4772; x_wconf 83' lang='lat' dir='ltr'><strong>dormientibus</strong></span> <span class='ocrx_word' id='word_1_353' title='bbox 1041 4712 1269 4772; x_wconf 89' lang='lat' dir='ltr'><strong>cunctis,</strong></span> <span class='ocrx_word' id='word_1_354' title='bbox 1302 4724 1425 4763; x_wconf 90' lang='lat' dir='ltr'><strong>cum</strong></span> <span class='ocrx_word' id='word_1_355' title='bbox 1476 4722 1580 4760; x_wconf 90' lang='lat' dir='ltr'><strong>uno</strong></span> <span class='ocrx_word' id='word_1_356' title='bbox 1624 4715 1823 4759; x_wconf 89' lang='lat' dir='ltr'><strong>tantum</strong></span> <span class='ocrx_word' id='word_1_357' title='bbox 1850 4705 2068 4758; x_wconf 78' lang='lat' dir='ltr'><strong>conscio</strong></span> <span class='ocrx_word' id='word_1_358' title='bbox 2100 4702 2180 4756; x_wconf 82' lang='lat' dir='ltr'><strong>fu-</strong></span> 
     </span>
    </p>
   </div>
   <div class='ocr_carea' id='block_1_53' title="bbox 626 4793 2179 4879">
    <p class='ocr_par' dir='ltr' id='par_1_53' title="bbox 626 4793 2179 4879">
     <span class='ocr_line' id='line_1_53' title="bbox 626 4793 2179 4879; baseline -0.012 -17"><span class='ocrx_word' id='word_1_359' title='bbox 626 4808 805 4879; x_wconf 76' lang='lat' dir='ltr'><strong>giens,</strong></span> <span class='ocrx_word' id='word_1_360' title='bbox 835 4803 1131 4873; x_wconf 86' lang='lat' dir='ltr'><strong>regreditur</strong></span> <span class='ocrx_word' id='word_1_361' title='bbox 1181 4801 1424 4865; x_wconf 79' lang='lat' dir='ltr'><strong>Romam,</strong></span> <span class='ocrx_word' id='word_1_362' title='bbox 1464 4812 1627 4866; x_wconf 89' lang='lat' dir='ltr'><strong>seque</strong></span> <span class='ocrx_word' id='word_1_363' title='bbox 1659 4798 1794 4849; x_wconf 89' lang='lat' dir='ltr'><strong>intra</strong></span> <span class='ocrx_word' id='word_1_364' title='bbox 1852 4794 1989 4849; x_wconf 89' lang='lat' dir='ltr'><strong>beati</strong></span> <span class='ocrx_word' id='word_1_365' title='bbox 2042 4793 2179 4847; x_wconf 84' lang='lat' dir='ltr'><strong>Petri</strong></span> 
     </span>
    </p>
   </div>
   <div class='ocr_carea' id='block_1_54' title="bbox 630 4882 2182 4969">
    <p class='ocr_par' dir='ltr' id='par_1_54' title="bbox 630 4882 2182 4969">
     <span class='ocr_line' id='line_1_54' title="bbox 630 4882 2182 4969; baseline -0.013 -15"><span class='ocrx_word' id='word_1_366' title='bbox 630 4898 854 4969; x_wconf 86' lang='lat' dir='ltr'><strong>apostoli</strong></span> <span class='ocrx_word' id='word_1_367' title='bbox 884 4905 1030 4964; x_wconf 89' lang='lat' dir='ltr'><strong>septa</strong></span> <span class='ocrx_word' id='word_1_368' title='bbox 1065 4891 1349 4946; x_wconf 67' lang='lat' dir='ltr'><strong>concludit.</strong></span> <span class='ocrx_word' id='word_1_369' title='bbox 1384 4889 1532 4943; x_wconf 83' lang='lat' dir='ltr'><strong>Tunc</strong></span> <span class='ocrx_word' id='word_1_370' title='bbox 1563 4885 1855 4957; x_wconf 81' lang='lat' dir='ltr'><strong>presbyteri</strong></span> <span class='ocrx_word' id='word_1_371' title='bbox 1886 4896 1937 4938; x_wconf 91' lang='lat' dir='ltr'><strong>et</strong></span> <span class='ocrx_word' id='word_1_372' title='bbox 1955 4882 2182 4950; x_wconf 89' lang='lat' dir='ltr'><strong>diaconi,</strong></span> 
     </span>
    </p>
   </div>
   <div class='ocr_carea' id='block_1_55' title="bbox 634 4974 2185 5054">
    <p class='ocr_par' dir='ltr' id='par_1_55' title="bbox 634 4974 2185 5054">
     <span class='ocr_line' id='line_1_55' title="bbox 634 4974 2185 5054; baseline -0.012 -10"><span class='ocrx_word' id='word_1_373' title='bbox 634 5006 731 5044; x_wconf 90' lang='lat' dir='ltr'><strong>nec</strong></span> <span class='ocrx_word' id='word_1_374' title='bbox 754 5004 859 5043; x_wconf 91' lang='lat' dir='ltr'><strong>non</strong></span> <span class='ocrx_word' id='word_1_375' title='bbox 892 4984 1079 5054; x_wconf 89' lang='lat' dir='ltr'><strong>reliqui</strong></span> <span class='ocrx_word' id='word_1_376' title='bbox 1107 4981 1443 5043; x_wconf 80' lang='lat' dir='ltr'><strong>clericorurn,</strong></span> <span class='ocrx_word' id='word_1_377' title='bbox 1485 4992 1618 5047; x_wconf 84' lang='lat' dir='ltr'><strong>quos</strong></span> <span class='ocrx_word' id='word_1_378' title='bbox 1648 4991 1826 5031; x_wconf 87' lang='lat' dir='ltr'><strong>secum</strong></span> <span class='ocrx_word' id='word_1_379' title='bbox 1856 4974 2185 5035; x_wconf 84' lang='lat' dir='ltr'><strong>deduxerat,</strong></span> 
     </span>
    </p>
   </div>
   <div class='ocr_carea' id='block_1_56' title="bbox 634 5064 2191 5145">
    <p class='ocr_par' dir='ltr' id='par_1_56' title="bbox 634 5064 2191 5145">
     <span class='ocr_line' id='line_1_56' title="bbox 634 5064 2191 5145; baseline -0.01 -13"><span class='ocrx_word' id='word_1_380' title='bbox 634 5081 830 5134; x_wconf 87' lang='lat' dir='ltr'><strong>adeunt</strong></span> <span class='ocrx_word' id='word_1_381' title='bbox 870 5091 1069 5145; x_wconf 84' lang='lat' dir='ltr'><strong>regem,</strong></span> <span class='ocrx_word' id='word_1_382' title='bbox 1099 5083 1152 5129; x_wconf 93' lang='lat' dir='ltr'><strong>et</strong></span> <span class='ocrx_word' id='word_1_383' title='bbox 1182 5074 1297 5127; x_wconf 85' lang='lat' dir='ltr'><strong>sine</strong></span> <span class='ocrx_word' id='word_1_384' title='bbox 1339 5085 1432 5125; x_wconf 90' lang='lat' dir='ltr'><strong>sua</strong></span> <span class='ocrx_word' id='word_1_385' title='bbox 1461 5067 1787 5122; x_wconf 76' lang='lat' dir='ltr'><strong>conscientia</strong></span> <span class='ocrx_word' id='word_1_386' title='bbox 1815 5064 2191 5135; x_wconf 86' lang='lat' dir='ltr'><strong>Symmachum</strong></span> 
     </span>
    </p>
   </div>
   <div class='ocr_carea' id='block_1_57' title="bbox 638 5156 2192 5239">
    <p class='ocr_par' dir='ltr' id='par_1_57' title="bbox 638 5156 2192 5239">
     <span class='ocr_line' id='line_1_57' title="bbox 638 5156 2192 5239; baseline -0.013 -15"><span class='ocrx_word' id='word_1_387' title='bbox 638 5170 837 5239; x_wconf 81' lang='lat' dir='ltr'><strong>fugisse</strong></span> <span class='ocrx_word' id='word_1_388' title='bbox 878 5176 1153 5227; x_wconf 87' lang='lat' dir='ltr'><strong>testantur,</strong></span> <span class='ocrx_word' id='word_1_389' title='bbox 1190 5179 1283 5231; x_wconf 87' lang='lat' dir='ltr'><strong>per</strong></span> <span class='ocrx_word' id='word_1_390' title='bbox 1319 5174 1456 5230; x_wconf 88' lang='lat' dir='ltr'><strong>quos</strong></span> <span class='ocrx_word' id='word_1_391' title='bbox 1505 5174 1595 5212; x_wconf 81' lang='lat' dir='ltr'><strong>rex</strong></span> <span class='ocrx_word' id='word_1_392' title='bbox 1651 5168 1755 5209; x_wconf 87' lang='lat' dir='ltr'><strong>tam</strong></span> <span class='ocrx_word' id='word_1_393' title='bbox 1785 5156 1849 5209; x_wconf 86' lang='lat' dir='ltr'><strong>ad</strong></span> <span class='ocrx_word' id='word_1_394' title='bbox 1904 5164 2148 5209; x_wconf 88' lang='lat' dir='ltr'><strong>senatum</strong></span> <span class='ocrx_word' id='word_1_395' title='bbox 2175 5193 2192 5218; x_wconf 92' lang='lat'><strong>,</strong></span> 
     </span>
    </p>
   </div>
   <div class='ocr_carea' id='block_1_58' title="bbox 634 5240 2193 5329">
    <p class='ocr_par' dir='ltr' id='par_1_58' title="bbox 634 5240 2193 5329">
     <span class='ocr_line' id='line_1_58' title="bbox 634 5240 2193 5329; baseline -0.009 -16"><span class='ocrx_word' id='word_1_396' title='bbox 634 5274 794 5329; x_wconf 76' lang='lat' dir='ltr'><strong>quam</strong></span> <span class='ocrx_word' id='word_1_397' title='bbox 826 5257 889 5323; x_wconf 79' lang='lat' dir='ltr'><strong>ad</strong></span> <span class='ocrx_word' id='word_1_398' title='bbox 929 5257 1125 5311; x_wconf 90' lang='lat' dir='ltr'><strong>clerum</strong></span> <span class='ocrx_word' id='word_1_399' title='bbox 1180 5258 1438 5321; x_wconf 67' lang='lat' dir='ltr'><strong>praecepta</strong></span> <span class='ocrx_word' id='word_1_400' title='bbox 1466 5240 1623 5315; x_wconf 86' lang='lat' dir='ltr'><strong>super</strong></span> <span class='ocrx_word' id='word_1_401' title='bbox 1647 5248 1761 5316; x_wconf 87' lang='lat' dir='ltr'><strong>ejus</strong></span> <span class='ocrx_word' id='word_1_402' title='bbox 1800 5245 2193 5313; x_wconf 87' lang='lat' dir='ltr'><strong>quodammodo</strong></span> 
     </span>
    </p>
   </div>
   <div class='ocr_carea' id='block_1_59' title="bbox 642 5335 2196 5404">
    <p class='ocr_par' dir='ltr' id='par_1_59' title="bbox 642 5335 2196 5404">
     <span class='ocr_line' id='line_1_59' title="bbox 642 5335 2196 5404; baseline -0.009 0"><span class='ocrx_word' id='word_1_403' title='bbox 642 5348 981 5404; x_wconf 86' lang='lat' dir='ltr'><strong>damnatione</strong></span> <span class='ocrx_word' id='word_1_404' title='bbox 1036 5345 1362 5399; x_wconf 71' lang='lat' dir='ltr'><strong>transmittit.</strong></span> <span class='ocrx_word' id='word_1_405' title='bbox 1419 5344 1712 5396; x_wconf 81' lang='lat' dir='ltr'><strong>Accusatur</strong></span> <span class='ocrx_word' id='word_1_406' title='bbox 1761 5340 1919 5392; x_wconf 90' lang='lat' dir='ltr'><strong>etiam</strong></span> <span class='ocrx_word' id='word_1_407' title='bbox 1965 5337 2032 5392; x_wconf 92' lang='lat' dir='ltr'><strong>ab</strong></span> <span class='ocrx_word' id='word_1_408' title='bbox 2077 5335 2196 5390; x_wconf 88' lang='lat' dir='ltr'><strong>uni-</strong></span> 
     </span>
    </p>
   </div>
   <div class='ocr_carea' id='block_1_60' title="bbox 644 5428 2196 5501">
    <p class='ocr_par' dir='ltr' id='par_1_60' title="bbox 644 5428 2196 5501">
     <span class='ocr_line' id='line_1_60' title="bbox 644 5428 2196 5501; baseline -0.008 -6"><span class='ocrx_word' id='word_1_409' title='bbox 644 5454 801 5494; x_wconf 86' lang='lat' dir='ltr'><strong>verso</strong></span> <span class='ocrx_word' id='word_1_410' title='bbox 843 5438 987 5493; x_wconf 85' lang='lat' dir='ltr'><strong>clero</strong></span> <span class='ocrx_word' id='word_1_411' title='bbox 1022 5436 1277 5498; x_wconf 74' lang='lat' dir='ltr'><strong>liontano,</strong></span> <span class='ocrx_word' id='word_1_412' title='bbox 1307 5432 1444 5501; x_wconf 88' lang='lat' dir='ltr'><strong>quod</strong></span> <span class='ocrx_word' id='word_1_413' title='bbox 1468 5440 1673 5485; x_wconf 79' lang='lat' dir='ltr'><strong>contra</strong></span> <span class='ocrx_word' id='word_1_414' title='bbox 1717 5428 1983 5483; x_wconf 88' lang='lat' dir='ltr'><strong>decretum</strong></span> <span class='ocrx_word' id='word_1_415' title='bbox 2017 5444 2045 5481; x_wconf 94' lang='lat' dir='ltr'><strong>a</strong></span> <span class='ocrx_word' id='word_1_416' title='bbox 2086 5432 2196 5483; x_wconf 89' lang='lat' dir='ltr'><strong>suis</strong></span> 
     </span>
    </p>
   </div>
   <div class='ocr_carea' id='block_1_61' title="bbox 645 5520 2197 5589">
    <p class='ocr_par' dir='ltr' id='par_1_61' title="bbox 645 5520 2197 5589">
     <span class='ocr_line' id='line_1_61' title="bbox 645 5520 2197 5589; baseline -0.006 -6"><span class='ocrx_word' id='word_1_417' title='bbox 645 5529 1010 5588; x_wconf 84' lang='lat' dir='ltr'><strong>decessoribns</strong></span> <span class='ocrx_word' id='word_1_418' title='bbox 1054 5528 1388 5582; x_wconf 82' lang='lat' dir='ltr'><strong>observatum</strong></span> <span class='ocrx_word' id='word_1_419' title='bbox 1437 5520 1797 5577; x_wconf 67' lang='lat' dir='ltr'><strong>eccles‘astica</strong></span> <span class='ocrx_word' id='word_1_420' title='bbox 1849 5520 2197 5589; x_wconf 87' lang='lat' dir='ltr'><strong>dilapidasset</strong></span> 
     </span>
    </p>
   </div>
   <div class='ocr_carea' id='block_1_62' title="bbox 682 5640 3439 5757">
    <p class='ocr_par' dir='ltr' id='par_1_62' title="bbox 682 5640 3439 5757">
     <span class='ocr_line' id='line_1_62' title="bbox 682 5640 3439 5757; baseline -0.01 -15"><span class='ocrx_word' id='word_1_421' title='bbox 682 5690 686 5694; x_wconf 74' lang='grc'><em>“</em></span> <span class='ocrx_word' id='word_1_422' title='bbox 718 5690 797 5757; x_wconf 80' lang='grc' dir='ltr'><strong>(α)</strong></span> <span class='ocrx_word' id='word_1_423' title='bbox 831 5688 906 5743; x_wconf 80' lang='lat' dir='ltr'><strong>Ex</strong></span> <span class='ocrx_word' id='word_1_424' title='bbox 930 5687 1048 5741; x_wconf 88' lang='lat' dir='ltr'><strong>cod.</strong></span> <span class='ocrx_word' id='word_1_425' title='bbox 1082 5685 1271 5740; x_wconf 76' lang='lat' dir='ltr'><strong>Veron.</strong></span> <span class='ocrx_word' id='word_1_426' title='bbox 1305 5679 1531 5750; x_wconf 77' lang='lat' dir='ltr'><strong>vulgavit</strong></span> <span class='ocrx_word' id='word_1_427' title='bbox 1656 5678 1869 5747; x_wconf 69' lang='lat' dir='ltr'><strong>Ioseph.</strong></span> <span class='ocrx_word' id='word_1_428' title='bbox 1909 5676 2181 5732; x_wconf 78' lang='lat' dir='ltr'><strong>Blanchin.</strong></span> <span class='ocrx_word' id='word_1_429' title='bbox 2210 5675 2264 5729; x_wconf 90' lang='lat' dir='ltr'><strong>in</strong></span> <span class='ocrx_word' id='word_1_430' title='bbox 2294 5675 2387 5729; x_wconf 88' lang='lat' dir='ltr'><strong>lib.</strong></span> <span class='ocrx_word' id='word_1_431' title='bbox 2420 5673 2640 5741; x_wconf 86' lang='lat' dir='ltr'><strong>inscrip.</strong></span> <span class='ocrx_word' id='word_1_432' title='bbox 2668 5669 2912 5725; x_wconf 83' lang='lat' dir='ltr'><strong>Enarrat.</strong></span> <span class='ocrx_word' id='word_1_433' title='bbox 2946 5662 3439 5721; x_wconf 76' lang='lat' dir='ltr'><strong>Pseudo-Athauas.</strong></span> 
     </span>
    </p>
   </div>
   <div class='ocr_carea' id='block_1_63' title="bbox 1559 354 2760 419">
    <p class='ocr_par' dir='ltr' id='par_1_63' title="bbox 1559 354 2760 419">
     <span class='ocr_line' id='line_1_63' title="bbox 1559 354 2760 419; baseline -0.009 -1"><span class='ocrx_word' id='word_1_434' title='bbox 1559 361 1967 419; x_wconf 75' lang='lat' dir='ltr'><strong>SYMMACHUS</strong></span> <span class='ocrx_word' id='word_1_435' title='bbox 2004 356 2196 410; x_wconf 67' lang='grc' dir='ltr'><strong>ιἈΡΛ.</strong></span> <span class='ocrx_word' id='word_1_436' title='bbox 2239 354 2734 409; x_wconf 65' lang='grc' dir='ltr'><strong>ι’[ιυωεσυΜΕΝΑ</strong></span> <span class='ocrx_word' id='word_1_437' title='bbox 2749 394 2760 407; x_wconf 93' lang='grc'><strong>.</strong></span> 
     </span>
    </p>
   </div>
   <div class='ocr_carea' id='block_1_64' title="bbox 2138 461 3775 535">
    <p class='ocr_par' dir='ltr' id='par_1_64' title="bbox 2138 461 3775 535">
     <span class='ocr_line' id='line_1_64' title="bbox 2138 461 3775 535; baseline -0.006 -16"><span class='ocrx_word' id='word_1_438' title='bbox 2138 472 2184 527; x_wconf 80' lang='grc' dir='ltr'><strong>Α</strong></span> <span class='ocrx_word' id='word_1_439' title='bbox 2216 468 2432 535; x_wconf 66' lang='lat' dir='ltr'><strong>pranlia,</strong></span> <span class='ocrx_word' id='word_1_440' title='bbox 2457 478 2511 521; x_wconf 91' lang='lat' dir='ltr'><strong>et</strong></span> <span class='ocrx_word' id='word_1_441' title='bbox 2536 482 2628 534; x_wconf 91' lang='lat' dir='ltr'><strong>per</strong></span> <span class='ocrx_word' id='word_1_442' title='bbox 2652 468 2749 518; x_wconf 91' lang='lat' dir='ltr'><strong>hoc</strong></span> <span class='ocrx_word' id='word_1_443' title='bbox 2777 463 3122 518; x_wconf 79' lang='lat' dir='ltr'><strong>anathematis</strong></span> <span class='ocrx_word' id='word_1_444' title='bbox 3142 478 3201 518; x_wconf 88' lang='lat' dir='ltr'><strong>se</strong></span> <span class='ocrx_word' id='word_1_445' title='bbox 3230 462 3452 517; x_wconf 82' lang='lat' dir='ltr'><strong>vinculis</strong></span> <span class='ocrx_word' id='word_1_446' title='bbox 3476 461 3741 515; x_wconf 68' lang='lat' dir='ltr'><strong>irrctissm</strong></span> <span class='ocrx_word' id='word_1_447' title='bbox 3766 478 3775 510; x_wconf 94' lang='lat'>:</span> 
     </span>
    </p>
   </div>
   <div class='ocr_carea' id='block_1_65' title="bbox 3715 351 3783 399">
    <p class='ocr_par' dir='ltr' id='par_1_65' title="bbox 3715 351 3783 399">
     <span class='ocr_line' id='line_1_65' title="bbox 3715 351 3783 399; baseline 0.015 -1"><span class='ocrx_word' id='word_1_448' title='bbox 3715 351 3783 399; x_wconf 64' lang='lat'><strong>«£3</strong></span> 
     </span>
    </p>
   </div>
   <div class='ocr_carea' id='block_1_66' title="bbox 2217 535 3785 627">
    <p class='ocr_par' dir='ltr' id='par_1_66' title="bbox 2217 535 3785 627">
     <span class='ocr_line' id='line_1_66' title="bbox 2217 535 3785 627; baseline -0.006 -16"><span class='ocrx_word' id='word_1_449' title='bbox 2217 574 2315 627; x_wconf 91' lang='lat' dir='ltr'><strong>pro</strong></span> <span class='ocrx_word' id='word_1_450' title='bbox 2343 559 2530 612; x_wconf 82' lang='lat' dir='ltr'><strong>diebus</strong></span> <span class='ocrx_word' id='word_1_451' title='bbox 2570 566 2746 608; x_wconf 90' lang='lat' dir='ltr'><strong>autem</strong></span> <span class='ocrx_word' id='word_1_452' title='bbox 2777 535 3111 621; x_wconf 74' lang='lat' dir='ltr'><strong>paschalibus</strong></span> <span class='ocrx_word' id='word_1_453' title='bbox 3138 553 3207 606; x_wconf 89' lang='lat' dir='ltr'><strong>ab</strong></span> <span class='ocrx_word' id='word_1_454' title='bbox 3237 553 3485 606; x_wconf 90' lang='lat' dir='ltr'><strong>omnibus</strong></span> <span class='ocrx_word' id='word_1_455' title='bbox 3516 564 3657 618; x_wconf 90' lang='lat' dir='ltr'><strong>pene</strong></span> <span class='ocrx_word' id='word_1_456' title='bbox 3702 554 3785 602; x_wconf 74' lang='lat' dir='ltr'><strong>vir</strong></span> 
     </span>
    </p>
   </div>
   <div class='ocr_carea' id='block_1_67' title="bbox 2214 638 3781 709">
    <p class='ocr_par' dir='ltr' id='par_1_67' title="bbox 2214 638 3781 709">
     <span class='ocr_line' id='line_1_67' title="bbox 2214 638 3781 709; baseline -0.006 -10"><span class='ocrx_word' id='word_1_457' title='bbox 2214 646 2528 702; x_wconf 85' lang='lat' dir='ltr'><strong>venerabilis</strong></span> <span class='ocrx_word' id='word_1_458' title='bbox 2569 638 2759 699; x_wconf 82' lang='lat' dir='ltr'><strong>Petrus</strong></span> <span class='ocrx_word' id='word_1_459' title='bbox 2786 643 3034 696; x_wconf 82' lang='lat' dir='ltr'><strong>Altinatis</strong></span> <span class='ocrx_word' id='word_1_460' title='bbox 3062 644 3339 709; x_wconf 88' lang='lat' dir='ltr'><strong>episcopus</strong></span> <span class='ocrx_word' id='word_1_461' title='bbox 3376 656 3403 692; x_wconf 90' lang='lat' dir='ltr'><strong>a</strong></span> <span class='ocrx_word' id='word_1_462' title='bbox 3433 654 3562 706; x_wconf 81' lang='lat' dir='ltr'><strong>rege</strong></span> <span class='ocrx_word' id='word_1_463' title='bbox 3592 638 3781 690; x_wconf 80' lang='lat' dir='ltr'><strong>visita-</strong></span> 
     </span>
    </p>
   </div>
   <div class='ocr_carea' id='block_1_68' title="bbox 2213 732 3802 799">
    <p class='ocr_par' dir='ltr' id='par_1_68' title="bbox 2213 732 3802 799">
     <span class='ocr_line' id='line_1_68' title="bbox 2213 732 3802 799; baseline -0.007 -9"><span class='ocrx_word' id='word_1_464' title='bbox 2213 748 2298 790; x_wconf 92' lang='lat' dir='ltr'><strong>tor</strong></span> <span class='ocrx_word' id='word_1_465' title='bbox 2337 736 2588 790; x_wconf 74' lang='lat' dir='ltr'><strong>Ecclesia:</strong></span> <span class='ocrx_word' id='word_1_466' title='bbox 2632 733 2888 787; x_wconf 66' lang='lat' dir='ltr'><strong>Romana:</strong></span> <span class='ocrx_word' id='word_1_467' title='bbox 2914 732 3245 799; x_wconf 80' lang='lat' dir='ltr'><strong>depost-itur,</strong></span> <span class='ocrx_word' id='word_1_468' title='bbox 3293 740 3345 783; x_wconf 92' lang='lat' dir='ltr'><strong>et</strong></span> <span class='ocrx_word' id='word_1_469' title='bbox 3385 739 3507 798; x_wconf 89' lang='lat' dir='ltr'><strong>post</strong></span> <span class='ocrx_word' id='word_1_470' title='bbox 3536 737 3802 791; x_wconf 30' lang='lat' dir='ltr'><strong>sanctam,</strong></span> 
     </span>
    </p>
   </div>
   <div class='ocr_carea' id='block_1_69' title="bbox 2215 818 3789 891">
    <p class='ocr_par' dir='ltr' id='par_1_69' title="bbox 2215 818 3789 891">
     <span class='ocr_line' id='line_1_69' title="bbox 2215 818 3789 891; baseline -0.008 -13"><span class='ocrx_word' id='word_1_471' title='bbox 2215 825 2570 888; x_wconf 75' lang='lat' dir='ltr'><strong>festivitatem,</strong></span> <span class='ocrx_word' id='word_1_472' title='bbox 2596 822 2830 891; x_wconf 83' lang='lat' dir='ltr'><strong>synodus</strong></span> <span class='ocrx_word' id='word_1_473' title='bbox 2855 822 2907 875; x_wconf 92' lang='lat' dir='ltr'><strong>in</strong></span> <span class='ocrx_word' id='word_1_474' title='bbox 2927 823 3109 875; x_wconf 90' lang='lat' dir='ltr'><strong>urbem</strong></span> <span class='ocrx_word' id='word_1_475' title='bbox 3142 820 3359 873; x_wconf 73' lang='lat' dir='ltr'><strong>Romam</strong></span> <span class='ocrx_word' id='word_1_476' title='bbox 3384 833 3479 887; x_wconf 90' lang='lat' dir='ltr'><strong>pro</strong></span> <span class='ocrx_word' id='word_1_477' title='bbox 3502 818 3789 871; x_wconf 79' lang='lat' dir='ltr'><strong>voluntate</strong></span> 
     </span>
    </p>
   </div>
   <div class='ocr_carea' id='block_1_70' title="bbox 2215 907 3791 979">
    <p class='ocr_par' dir='ltr' id='par_1_70' title="bbox 2215 907 3791 979">
     <span class='ocr_line' id='line_1_70' title="bbox 2215 907 3791 979; baseline -0.009 -12"><span class='ocrx_word' id='word_1_478' title='bbox 2215 927 2432 967; x_wconf 76' lang='lat' dir='ltr'><strong>sena&#39;us</strong></span> <span class='ocrx_word' id='word_1_479' title='bbox 2458 922 2511 966; x_wconf 92' lang='lat' dir='ltr'><strong>et</strong></span> <span class='ocrx_word' id='word_1_480' title='bbox 2541 912 2705 977; x_wconf 91' lang='lat' dir='ltr'><strong>cleri,</strong></span> <span class='ocrx_word' id='word_1_481' title='bbox 2752 911 2972 979; x_wconf 91' lang='lat' dir='ltr'><strong>jubente</strong></span> <span class='ocrx_word' id='word_1_482' title='bbox 3025 923 3169 978; x_wconf 80' lang='lat' dir='ltr'><strong>rege,</strong></span> <span class='ocrx_word' id='word_1_483' title='bbox 3199 907 3267 962; x_wconf 89' lang='lat' dir='ltr'><strong>de</strong></span> <span class='ocrx_word' id='word_1_484' title='bbox 3307 909 3423 976; x_wconf 88' lang='lat' dir='ltr'><strong>ejus</strong></span> <span class='ocrx_word' id='word_1_485' title='bbox 3469 907 3791 960; x_wconf 76' lang='lat' dir='ltr'><strong>excessibus</strong></span> 
     </span>
    </p>
   </div>
   <div class='ocr_carea' id='block_1_71' title="bbox 2212 996 3793 1072">
    <p class='ocr_par' dir='ltr' id='par_1_71' title="bbox 2212 996 3793 1072">
     <span class='ocr_line' id='line_1_71' title="bbox 2212 996 3793 1072; baseline -0.008 -16"><span class='ocrx_word' id='word_1_486' title='bbox 2212 1002 2511 1072; x_wconf 72' lang='lat' dir='ltr'><strong>iudicaturo</strong></span> <span class='ocrx_word' id='word_1_487' title='bbox 2540 1002 2805 1055; x_wconf 82' lang='lat' dir='ltr'><strong>convenit.</strong></span> <span class='ocrx_word' id='word_1_488' title='bbox 2830 1000 3002 1067; x_wconf 75' lang='lat' dir='ltr'><strong>Atque</strong></span> <span class='ocrx_word' id='word_1_489' title='bbox 3040 999 3091 1053; x_wconf 88' lang='lat' dir='ltr'><strong>id</strong></span> <span class='ocrx_word' id='word_1_490' title='bbox 3114 998 3283 1065; x_wconf 82' lang='lat' dir='ltr'><strong>agitur</strong></span> <span class='ocrx_word' id='word_1_491' title='bbox 3306 1012 3334 1049; x_wconf 88' lang='lat' dir='ltr'><strong>a</strong></span> <span class='ocrx_word' id='word_1_492' title='bbox 3365 997 3641 1050; x_wconf 86' lang='lat' dir='ltr'><strong>nonnullis</strong></span> <span class='ocrx_word' id='word_1_493' title='bbox 3673 996 3793 1061; x_wconf 83' lang='lat' dir='ltr'><strong>epi-</strong></span> 
     </span>
    </p>
   </div>
   <div class='ocr_carea' id='block_1_72' title="bbox 2222 1086 3789 1159">
    <p class='ocr_par' dir='ltr' id='par_1_72' title="bbox 2222 1086 3789 1159">
     <span class='ocr_line' id='line_1_72' title="bbox 2222 1086 3789 1159; baseline -0.008 -14"><span class='ocrx_word' id='word_1_494' title='bbox 2222 1090 2400 1159; x_wconf 86' lang='lat' dir='ltr'><strong>scopis</strong></span> <span class='ocrx_word' id='word_1_495' title='bbox 2418 1098 2475 1143; x_wconf 87' lang='lat' dir='ltr'><strong>et</strong></span> <span class='ocrx_word' id='word_1_496' title='bbox 2495 1088 2830 1143; x_wconf 89' lang='lat' dir='ltr'><strong>senatoribus</strong></span> <span class='ocrx_word' id='word_1_497' title='bbox 2857 1101 3037 1141; x_wconf 91' lang='lat' dir='ltr'><strong>ne.....</strong></span> <span class='ocrx_word' id='word_1_498' title='bbox 3226 1100 3277 1138; x_wconf 90' lang='lat' dir='ltr'><strong>m</strong></span> <span class='ocrx_word' id='word_1_499' title='bbox 3305 1087 3789 1155; x_wconf 83' lang='lat' dir='ltr'><strong>Syrnmachus.....</strong></span> 
     </span>
    </p>
   </div>
   <div class='ocr_carea' id='block_1_73' title="bbox 2217 1174 3802 1246">
    <p class='ocr_par' dir='ltr' id='par_1_73' title="bbox 2217 1174 3802 1246">
     <span class='ocr_line' id='line_1_73' title="bbox 2217 1174 3802 1246; baseline -0.006 -11"><span class='ocrx_word' id='word_1_500' title='bbox 2217 1180 2501 1235; x_wconf 63' lang='lat' dir='ltr'><strong>audientiae</strong></span> <span class='ocrx_word' id='word_1_501' title='bbox 2528 1180 2863 1234; x_wconf 87' lang='lat' dir='ltr'><strong>subderetur.</strong></span> <span class='ocrx_word' id='word_1_502' title='bbox 2923 1179 3031 1231; x_wconf 87' lang='lat' dir='ltr'><strong>lloc</strong></span> <span class='ocrx_word' id='word_1_503' title='bbox 3080 1178 3248 1245; x_wconf 87' lang='lat' dir='ltr'><strong>palam</strong></span> <span class='ocrx_word' id='word_1_504' title='bbox 3293 1191 3389 1246; x_wconf 91' lang='lat' dir='ltr'><strong>pro</strong></span> <span class='ocrx_word' id='word_1_505' title='bbox 3431 1176 3554 1244; x_wconf 82' lang='lat' dir='ltr'><strong>ejus</strong></span> <span class='ocrx_word' id='word_1_506' title='bbox 3594 1174 3802 1228; x_wconf 77' lang='lat' dir='ltr'><strong>deleo--</strong></span> 
     </span>
    </p>
   </div>
   <div class='ocr_carea' id='block_1_74' title="bbox 2218 1264 3802 1337">
    <p class='ocr_par' dir='ltr' id='par_1_74' title="bbox 2218 1264 3802 1337">
     <span class='ocr_line' id='line_1_74' title="bbox 2218 1264 3802 1337; baseline -0.011 -8"><span class='ocrx_word' id='word_1_507' title='bbox 2218 1274 2369 1329; x_wconf 88' lang='lat' dir='ltr'><strong>sione</strong></span> <span class='ocrx_word' id='word_1_508' title='bbox 2417 1271 2795 1336; x_wconf 85' lang='lat' dir='ltr'><strong>clamantibus,</strong></span> <span class='ocrx_word' id='word_1_509' title='bbox 2843 1270 2983 1337; x_wconf 88' lang='lat' dir='ltr'><strong>quod</strong></span> <span class='ocrx_word' id='word_1_510' title='bbox 3022 1284 3052 1321; x_wconf 89' lang='lat' dir='ltr'><strong>a</strong></span> <span class='ocrx_word' id='word_1_511' title='bbox 3102 1269 3247 1322; x_wconf 91' lang='lat' dir='ltr'><strong>nullo</strong></span> <span class='ocrx_word' id='word_1_512' title='bbox 3292 1267 3458 1336; x_wconf 87' lang='lat' dir='ltr'><strong>possit</strong></span> <span class='ocrx_word' id='word_1_513' title='bbox 3510 1264 3802 1320; x_wconf 78' lang='lat' dir='ltr'><strong>Romanus.</strong></span> 
     </span>
    </p>
   </div>
   <div class='ocr_carea' id='block_1_75' title="bbox 2221 1354 3795 1436">
    <p class='ocr_par' dir='ltr' id='par_1_75' title="bbox 2221 1354 3795 1436">
     <span class='ocr_line' id='line_1_75' title="bbox 2221 1354 3795 1436; baseline -0.008 -19"><span class='ocrx_word' id='word_1_514' title='bbox 2221 1365 2481 1436; x_wconf 79' lang='lat' dir='ltr'><strong>pontifex,</strong></span> <span class='ocrx_word' id='word_1_515' title='bbox 2523 1363 2681 1417; x_wconf 91' lang='lat' dir='ltr'><strong>etiam</strong></span> <span class='ocrx_word' id='word_1_516' title='bbox 2722 1361 2765 1414; x_wconf 86' lang='lat' dir='ltr'><strong>si</strong></span> <span class='ocrx_word' id='word_1_517' title='bbox 2796 1360 2917 1414; x_wconf 76' lang='lat' dir='ltr'><strong>talis</strong></span> <span class='ocrx_word' id='word_1_518' title='bbox 2940 1361 3032 1423; x_wconf 91' lang='lat' dir='ltr'><strong>sit,</strong></span> <span class='ocrx_word' id='word_1_519' title='bbox 3061 1359 3230 1429; x_wconf 87' lang='lat' dir='ltr'><strong>qualis</strong></span> <span class='ocrx_word' id='word_1_520' title='bbox 3254 1366 3554 1419; x_wconf 83' lang='lat' dir='ltr'><strong>accusatur,</strong></span> <span class='ocrx_word' id='word_1_521' title='bbox 3577 1354 3795 1417; x_wconf 85' lang='lat' dir='ltr'><strong>audiri;</strong></span> 
     </span>
    </p>
   </div>
   <div class='ocr_carea' id='block_1_76' title="bbox 2221 1444 3796 1516">
    <p class='ocr_par' dir='ltr' id='par_1_76' title="bbox 2221 1444 3796 1516">
     <span class='ocr_line' id='line_1_76' title="bbox 2221 1444 3796 1516; baseline -0.012 -5"><span class='ocrx_word' id='word_1_522' title='bbox 2221 1455 2315 1511; x_wconf 87' lang='lat' dir='ltr'><strong>sed</strong></span> <span class='ocrx_word' id='word_1_523' title='bbox 2340 1454 2620 1509; x_wconf 85' lang='lat' dir='ltr'><strong>electiores</strong></span> <span class='ocrx_word' id='word_1_524' title='bbox 2649 1451 2913 1505; x_wconf 88' lang='lat' dir='ltr'><strong>antistites</strong></span> <span class='ocrx_word' id='word_1_525' title='bbox 2934 1487 2950 1513; x_wconf 83' lang='lat'><strong>,</strong></span> <span class='ocrx_word' id='word_1_526' title='bbox 2976 1460 3079 1501; x_wconf 89' lang='lat' dir='ltr'><strong>tam</strong></span> <span class='ocrx_word' id='word_1_527' title='bbox 3109 1463 3204 1515; x_wconf 91' lang='lat' dir='ltr'><strong>pro</strong></span> <span class='ocrx_word' id='word_1_528' title='bbox 3240 1446 3512 1516; x_wconf 74' lang='lat' dir='ltr'><strong>religionis</strong></span> <span class='ocrx_word' id='word_1_529' title='bbox 3552 1444 3759 1498; x_wconf 75' lang='lat' dir='ltr'><strong>intuitu</strong></span> <span class='ocrx_word' id='word_1_530' title='bbox 3782 1484 3796 1501; x_wconf 83' lang='grc'><em>,</em></span> 
     </span>
    </p>
   </div>
   <div class='ocr_carea' id='block_1_77' title="bbox 2222 1536 3802 1614">
    <p class='ocr_par' dir='ltr' id='par_1_77' title="bbox 2222 1536 3802 1614">
     <span class='ocr_line' id='line_1_77' title="bbox 2222 1536 3802 1614; baseline -0.008 -17"><span class='ocrx_word' id='word_1_531' title='bbox 2222 1560 2378 1614; x_wconf 81' lang='lat' dir='ltr'><strong>quam</strong></span> <span class='ocrx_word' id='word_1_532' title='bbox 2424 1558 2518 1611; x_wconf 93' lang='lat' dir='ltr'><strong>pro</strong></span> <span class='ocrx_word' id='word_1_533' title='bbox 2548 1542 2691 1611; x_wconf 79' lang='lat' dir='ltr'><strong>regia</strong></span> <span class='ocrx_word' id='word_1_534' title='bbox 2716 1541 2953 1609; x_wconf 90' lang='lat' dir='ltr'><strong>jussione</strong></span> <span class='ocrx_word' id='word_1_535' title='bbox 2993 1538 3278 1592; x_wconf 62' lang='lat' dir='ltr'><strong>cen&lt;ebant</strong></span> <span class='ocrx_word' id='word_1_536' title='bbox 3307 1546 3465 1590; x_wconf 59' lang='lat' dir='ltr'><strong>tanta:</strong></span> <span class='ocrx_word' id='word_1_537' title='bbox 3504 1536 3583 1588; x_wconf 87' lang='lat' dir='ltr'><strong>rei</strong></span> <span class='ocrx_word' id='word_1_538' title='bbox 3628 1548 3802 1600; x_wconf 40' lang='lat' dir='ltr'><strong>nego-1</strong></span> 
     </span>
    </p>
   </div>
   <div class='ocr_carea' id='block_1_78' title="bbox 2225 1623 3802 1704">
    <p class='ocr_par' dir='ltr' id='par_1_78' title="bbox 2225 1623 3802 1704">
     <span class='ocr_line' id='line_1_78' title="bbox 2225 1623 3802 1704; baseline -0.013 -15"><span class='ocrx_word' id='word_1_539' title='bbox 2225 1639 2353 1690; x_wconf 90' lang='lat' dir='ltr'><strong>tium</strong></span> <span class='ocrx_word' id='word_1_540' title='bbox 2376 1648 2513 1704; x_wconf 86' lang='lat' dir='ltr'><strong>pene</strong></span> <span class='ocrx_word' id='word_1_541' title='bbox 2543 1633 2740 1700; x_wconf 87' lang='lat' dir='ltr'><strong>ubique</strong></span> <span class='ocrx_word' id='word_1_542' title='bbox 2766 1630 3032 1697; x_wconf 78' lang='lat' dir='ltr'><strong>vulgatum</strong></span> <span class='ocrx_word' id='word_1_543' title='bbox 3062 1630 3177 1682; x_wconf 90' lang='lat' dir='ltr'><strong>sine</strong></span> <span class='ocrx_word' id='word_1_544' title='bbox 3203 1625 3447 1681; x_wconf 77' lang='lat' dir='ltr'><strong>examine</strong></span> <span class='ocrx_word' id='word_1_545' title='bbox 3478 1623 3802 1678; x_wconf 66' lang='lat' dir='ltr'><strong>nullatenus;</strong></span> 
     </span>
    </p>
   </div>
   <div class='ocr_carea' id='block_1_79' title="bbox 2231 1696 3802 1789">
    <p class='ocr_par' dir='ltr' id='par_1_79' title="bbox 2231 1696 3802 1789">
     <span class='ocr_line' id='line_1_79' title="bbox 2231 1696 3802 1789; baseline -0.014 -6"><span class='ocrx_word' id='word_1_546' title='bbox 2231 1696 2607 1783; x_wconf 74' lang='lat' dir='ltr'><strong>deserendum.</strong></span> <span class='ocrx_word' id='word_1_547' title='bbox 2654 1696 2900 1789; x_wconf 54' lang='lat' dir='ltr'><strong>Cumque</strong></span> <span class='ocrx_word' id='word_1_548' title='bbox 2943 1720 3175 1788; x_wconf 85' lang='lat' dir='ltr'><strong>synodus</strong></span> <span class='ocrx_word' id='word_1_549' title='bbox 3204 1717 3304 1771; x_wconf 89' lang='lat' dir='ltr'><strong>sub</strong></span> <span class='ocrx_word' id='word_1_550' title='bbox 3332 1716 3431 1769; x_wconf 88' lang='lat' dir='ltr'><strong>hac</strong></span> <span class='ocrx_word' id='word_1_551' title='bbox 3456 1696 3802 1769; x_wconf 59' lang='lat' dir='ltr'><strong>dissonantia!</strong></span> 
     </span>
    </p>
   </div>
   <div class='ocr_carea' id='block_1_80' title="bbox 2167 1802 3802 1890">
    <p class='ocr_par' dir='ltr' id='par_1_80' title="bbox 2167 1802 3802 1890">
     <span class='ocr_line' id='line_1_80' title="bbox 2167 1802 3802 1890; baseline -0.009 -17"><span class='ocrx_word' id='word_1_552' title='bbox 2167 1802 2216 1861; x_wconf 81' lang='grc' dir='ltr'><strong>Β</strong></span> <span class='ocrx_word' id='word_1_553' title='bbox 2246 1822 2360 1890; x_wconf 85' lang='lat' dir='ltr'><strong>plus</strong></span> <span class='ocrx_word' id='word_1_554' title='bbox 2410 1820 2547 1873; x_wconf 90' lang='lat' dir='ltr'><strong>inter</strong></span> <span class='ocrx_word' id='word_1_555' title='bbox 2597 1822 2776 1885; x_wconf 87' lang='lat' dir='ltr'><strong>partes</strong></span> <span class='ocrx_word' id='word_1_556' title='bbox 2822 1811 3146 1866; x_wconf 88' lang='lat' dir='ltr'><strong>ministraret</strong></span> <span class='ocrx_word' id='word_1_557' title='bbox 3194 1808 3425 1863; x_wconf 88' lang='lat' dir='ltr'><strong>fomenta</strong></span> <span class='ocrx_word' id='word_1_558' title='bbox 3469 1806 3802 1861; x_wconf 65' lang='lat' dir='ltr'><strong>discordiae;</strong></span> 
     </span>
    </p>
   </div>
   <div class='ocr_carea' id='block_1_81' title="bbox 2227 1896 3802 1969">
    <p class='ocr_par' dir='ltr' id='par_1_81' title="bbox 2227 1896 3802 1969">
     <span class='ocr_line' id='line_1_81' title="bbox 2227 1896 3802 1969; baseline -0.013 -5"><span class='ocrx_word' id='word_1_559' title='bbox 2227 1908 2437 1963; x_wconf 88' lang='lat' dir='ltr'><strong>tandem</strong></span> <span class='ocrx_word' id='word_1_560' title='bbox 2481 1904 2758 1960; x_wconf 88' lang='lat' dir='ltr'><strong>constituit</strong></span> <span class='ocrx_word' id='word_1_561' title='bbox 2786 1910 2844 1955; x_wconf 93' lang='lat' dir='ltr'><strong>ut</strong></span> <span class='ocrx_word' id='word_1_562' title='bbox 2871 1900 3101 1963; x_wconf 57' lang='lat' dir='ltr'><strong>libellus,</strong></span> <span class='ocrx_word' id='word_1_563' title='bbox 3126 1913 3279 1965; x_wconf 87' lang='lat' dir='ltr'><strong>quem</strong></span> <span class='ocrx_word' id='word_1_564' title='bbox 3309 1896 3611 1951; x_wconf 73' lang='lat' dir='ltr'><strong>olierebant</strong></span> <span class='ocrx_word' id='word_1_565' title='bbox 3635 1909 3802 1969; x_wconf 56' lang='grc' dir='ltr'><strong>και-τ</strong></span> 
     </span>
    </p>
   </div>
   <div class='ocr_carea' id='block_1_82' title="bbox 2227 1984 3802 2066">
    <p class='ocr_par' dir='ltr' id='par_1_82' title="bbox 2227 1984 3802 2066">
     <span class='ocr_line' id='line_1_82' title="bbox 2227 1984 3802 2066; baseline -0.011 -12"><span class='ocrx_word' id='word_1_566' title='bbox 2227 2008 2433 2054; x_wconf 88' lang='lat' dir='ltr'><strong>satores</strong></span> <span class='ocrx_word' id='word_1_567' title='bbox 2458 1991 2785 2066; x_wconf 82' lang='lat' dir='ltr'><strong>Symmachi,</strong></span> <span class='ocrx_word' id='word_1_568' title='bbox 2814 2000 3093 2059; x_wconf 86' lang='lat' dir='ltr'><strong>susceptus</strong></span> <span class='ocrx_word' id='word_1_569' title='bbox 3124 1990 3262 2043; x_wconf 92' lang='lat' dir='ltr'><strong>inter</strong></span> <span class='ocrx_word' id='word_1_570' title='bbox 3305 1994 3453 2059; x_wconf 71' lang='lat' dir='ltr'><strong>gesta</strong></span> <span class='ocrx_word' id='word_1_571' title='bbox 3479 1984 3802 2066; x_wconf 64' lang='lat' dir='ltr'><strong>solemnin</strong></span> 
     </span>
    </p>
   </div>
   <div class='ocr_carea' id='block_1_83' title="bbox 2231 2060 3802 2155">
    <p class='ocr_par' dir='ltr' id='par_1_83' title="bbox 2231 2060 3802 2155">
     <span class='ocr_line' id='line_1_83' title="bbox 2231 2060 3802 2155; baseline -0.006 -18"><span class='ocrx_word' id='word_1_572' title='bbox 2231 2060 2563 2155; x_wconf 79' lang='lat' dir='ltr'><strong>panderetur.</strong></span> <span class='ocrx_word' id='word_1_573' title='bbox 2595 2082 2712 2148; x_wconf 82' lang='lat' dir='ltr'><strong>Quo</strong></span> <span class='ocrx_word' id='word_1_574' title='bbox 2740 2080 2880 2134; x_wconf 87' lang='lat' dir='ltr'><strong>facto</strong></span> <span class='ocrx_word' id='word_1_575' title='bbox 2903 2092 3022 2132; x_wconf 79' lang='lat' dir='ltr'><strong>mos</strong></span> <span class='ocrx_word' id='word_1_576' title='bbox 3060 2093 3150 2146; x_wconf 84' lang='lat' dir='ltr'><strong>per</strong></span> <span class='ocrx_word' id='word_1_577' title='bbox 3171 2076 3450 2146; x_wconf 88' lang='lat' dir='ltr'><strong>episcopos</strong></span> <span class='ocrx_word' id='word_1_578' title='bbox 3471 2074 3621 2129; x_wconf 84' lang='lat' dir='ltr'><strong>idem</strong></span> <span class='ocrx_word' id='word_1_579' title='bbox 3646 2060 3802 2151; x_wconf 65' lang='grc' dir='ltr'><strong>εγω-ξ</strong></span> 
     </span>
    </p>
   </div>
   <div class='ocr_carea' id='block_1_84' title="bbox 2231 2158 3802 2241">
    <p class='ocr_par' dir='ltr' id='par_1_84' title="bbox 2231 2158 3802 2241">
     <span class='ocr_line' id='line_1_84' title="bbox 2231 2158 3802 2241; baseline -0.01 -11"><span class='ocrx_word' id='word_1_580' title='bbox 2231 2174 2480 2239; x_wconf 86' lang='lat' dir='ltr'><strong>machus,</strong></span> <span class='ocrx_word' id='word_1_581' title='bbox 2512 2179 2571 2224; x_wconf 92' lang='lat' dir='ltr'><strong>ut</strong></span> <span class='ocrx_word' id='word_1_582' title='bbox 2609 2177 2853 2223; x_wconf 89' lang='lat' dir='ltr'><strong>occurrat</strong></span> <span class='ocrx_word' id='word_1_583' title='bbox 2881 2167 2945 2221; x_wconf 88' lang='lat' dir='ltr'><strong>ad</strong></span> <span class='ocrx_word' id='word_1_584' title='bbox 2984 2166 3261 2235; x_wconf 80' lang='lat' dir='ltr'><strong>judicium,</strong></span> <span class='ocrx_word' id='word_1_585' title='bbox 3290 2164 3645 2219; x_wconf 85' lang='lat' dir='ltr'><strong>convenitur.</strong></span> 
     </span>
    </p>
   </div>
   <div class='ocr_carea' id='block_1_85' title="bbox 2230 2254 3802 2332">
    <p class='ocr_par' dir='ltr' id='par_1_85' title="bbox 2230 2254 3802 2332">
     <span class='ocr_line' id='line_1_85' title="bbox 2230 2254 3802 2332; baseline -0.01 -12"><span class='ocrx_word' id='word_1_586' title='bbox 2230 2278 2351 2321; x_wconf 89' lang='lat' dir='ltr'><strong>cum</strong></span> <span class='ocrx_word' id='word_1_587' title='bbox 2397 2276 2492 2332; x_wconf 87' lang='lat' dir='ltr'><strong>per</strong></span> <span class='ocrx_word' id='word_1_588' title='bbox 2537 2260 2781 2321; x_wconf 81' lang='lat' dir='ltr'><strong>clericos,</strong></span> <span class='ocrx_word' id='word_1_589' title='bbox 2828 2259 2920 2325; x_wconf 91' lang='lat' dir='ltr'><strong>qui</strong></span> <span class='ocrx_word' id='word_1_590' title='bbox 2944 2258 3017 2311; x_wconf 29' lang='lat' dir='ltr'><strong>.ei</strong></span> <span class='ocrx_word' id='word_1_591' title='bbox 3048 2255 3424 2320; x_wconf 82' lang='lat' dir='ltr'><strong>observabant,</strong></span> <span class='ocrx_word' id='word_1_592' title='bbox 3454 2254 3653 2308; x_wconf 86' lang='lat' dir='ltr'><strong>fuisset</strong></span> <span class='ocrx_word' id='word_1_593' title='bbox 3682 2254 3802 2332; x_wconf 61' lang='lat' dir='ltr'><strong>ejus;</strong></span> 
     </span>
    </p>
   </div>
   <div class='ocr_carea' id='block_1_86' title="bbox 2233 2344 3798 2425">
    <p class='ocr_par' dir='ltr' id='par_1_86' title="bbox 2233 2344 3798 2425">
     <span class='ocr_line' id='line_1_86' title="bbox 2233 2344 3798 2425; baseline -0.009 -15"><span class='ocrx_word' id='word_1_594' title='bbox 2233 2362 2420 2425; x_wconf 72' lang='lat' dir='ltr'><strong>negata</strong></span> <span class='ocrx_word' id='word_1_595' title='bbox 2460 2350 2738 2422; x_wconf 69' lang='lat' dir='ltr'><strong>praesentia</strong></span> <span class='ocrx_word' id='word_1_596' title='bbox 2766 2365 2781 2413; x_wconf 85' lang='lat'><strong>;</strong></span> <span class='ocrx_word' id='word_1_597' title='bbox 2813 2349 3005 2403; x_wconf 90' lang='lat' dir='ltr'><strong>iterum</strong></span> <span class='ocrx_word' id='word_1_598' title='bbox 3032 2358 3085 2402; x_wconf 90' lang='lat' dir='ltr'><strong>et</strong></span> <span class='ocrx_word' id='word_1_599' title='bbox 3116 2346 3273 2400; x_wconf 89' lang='lat' dir='ltr'><strong>tertio</strong></span> <span class='ocrx_word' id='word_1_600' title='bbox 3312 2344 3612 2399; x_wconf 84' lang='lat' dir='ltr'><strong>secundum</strong></span> <span class='ocrx_word' id='word_1_601' title='bbox 3644 2358 3798 2411; x_wconf 70' lang='lat' dir='ltr'><strong>rega-</strong></span> 
     </span>
    </p>
   </div>
   <div class='ocr_carea' id='block_1_87' title="bbox 2234 2434 3802 2513">
    <p class='ocr_par' dir='ltr' id='par_1_87' title="bbox 2234 2434 3802 2513">
     <span class='ocr_line' id='line_1_87' title="bbox 2234 2434 3802 2513; baseline -0.01 -12"><span class='ocrx_word' id='word_1_602' title='bbox 2234 2448 2342 2509; x_wconf 87' lang='lat' dir='ltr'><strong>las,</strong></span> <span class='ocrx_word' id='word_1_603' title='bbox 2370 2452 2429 2498; x_wconf 90' lang='lat' dir='ltr'><strong>ut</strong></span> <span class='ocrx_word' id='word_1_604' title='bbox 2453 2442 2519 2496; x_wconf 90' lang='lat' dir='ltr'><strong>ad</strong></span> <span class='ocrx_word' id='word_1_605' title='bbox 2560 2440 2868 2513; x_wconf 90' lang='lat' dir='ltr'><strong>synodalem</strong></span> <span class='ocrx_word' id='word_1_606' title='bbox 2898 2438 3179 2492; x_wconf 78' lang='lat' dir='ltr'><strong>conveniat</strong></span> <span class='ocrx_word' id='word_1_607' title='bbox 3208 2434 3532 2490; x_wconf 86' lang='lat' dir='ltr'><strong>audientiam</strong></span> <span class='ocrx_word' id='word_1_608' title='bbox 3578 2450 3679 2503; x_wconf 88' lang='lat' dir='ltr'><strong>per</strong></span> <span class='ocrx_word' id='word_1_609' title='bbox 3704 2434 3802 2513; x_wconf 60' lang='lat' dir='ltr'><strong>ao-l</strong></span> 
     </span>
    </p>
   </div>
   <div class='ocr_carea' id='block_1_88' title="bbox 2238 2520 3802 2594">
    <p class='ocr_par' dir='ltr' id='par_1_88' title="bbox 2238 2520 3802 2594">
     <span class='ocr_line' id='line_1_88' title="bbox 2238 2520 3802 2594; baseline -0.009 -5"><span class='ocrx_word' id='word_1_610' title='bbox 2238 2534 2431 2589; x_wconf 84' lang='lat' dir='ltr'><strong>tistites</strong></span> <span class='ocrx_word' id='word_1_611' title='bbox 2483 2533 2833 2592; x_wconf 86' lang='lat' dir='ltr'><strong>admonetur;</strong></span> <span class='ocrx_word' id='word_1_612' title='bbox 2884 2527 3194 2594; x_wconf 82' lang='lat' dir='ltr'><strong>nullumque</strong></span> <span class='ocrx_word' id='word_1_613' title='bbox 3238 2525 3483 2594; x_wconf 70' lang='lat' dir='ltr'><strong>dignatus</strong></span> <span class='ocrx_word' id='word_1_614' title='bbox 3540 2533 3631 2578; x_wconf 83' lang='lat' dir='ltr'><strong>est</strong></span> <span class='ocrx_word' id='word_1_615' title='bbox 3684 2520 3802 2594; x_wconf 43' lang='lat' dir='ltr'><strong>dare</strong></span> 
     </span>
    </p>
   </div>
   <div class='ocr_carea' id='block_1_89' title="bbox 2237 2610 3802 2692">
    <p class='ocr_par' dir='ltr' id='par_1_89' title="bbox 2237 2610 3802 2692">
     <span class='ocr_line' id='line_1_89' title="bbox 2237 2610 3802 2692; baseline -0.008 -15"><span class='ocrx_word' id='word_1_616' title='bbox 2237 2635 2564 2692; x_wconf 88' lang='lat' dir='ltr'><strong>responsum.</strong></span> <span class='ocrx_word' id='word_1_617' title='bbox 2592 2620 2741 2673; x_wconf 81' lang='lat' dir='ltr'><strong>&#39;l&#39;unc</strong></span> <span class='ocrx_word' id='word_1_618' title='bbox 2777 2616 3029 2686; x_wconf 88' lang='lat' dir='ltr'><strong>aliquanti</strong></span> <span class='ocrx_word' id='word_1_619' title='bbox 3054 2616 3289 2685; x_wconf 77' lang='lat' dir='ltr'><strong>episcOpi</strong></span> <span class='ocrx_word' id='word_1_620' title='bbox 3315 2613 3562 2667; x_wconf 85' lang='lat' dir='ltr'><strong>videntes</strong></span> <span class='ocrx_word' id='word_1_621' title='bbox 3592 2610 3802 2692; x_wconf 58' lang='lat' dir='ltr'><strong>nibilsd</strong></span> 
     </span>
    </p>
   </div>
   <div class='ocr_carea' id='block_1_90' title="bbox 2242 2705 3802 2781">
    <p class='ocr_par' dir='ltr' id='par_1_90' title="bbox 2242 2705 3802 2781">
     <span class='ocr_line' id='line_1_90' title="bbox 2242 2705 3802 2781; baseline -0.011 -11"><span class='ocrx_word' id='word_1_622' title='bbox 2242 2716 2295 2769; x_wconf 92' lang='lat' dir='ltr'><strong>in</strong></span> <span class='ocrx_word' id='word_1_623' title='bbox 2336 2726 2493 2769; x_wconf 87' lang='lat' dir='ltr'><strong>causa</strong></span> <span class='ocrx_word' id='word_1_624' title='bbox 2523 2709 2804 2781; x_wconf 87' lang='lat' dir='ltr'><strong>proficere,</strong></span> <span class='ocrx_word' id='word_1_625' title='bbox 2833 2708 3033 2763; x_wconf 90' lang='lat' dir='ltr'><strong>clerum</strong></span> <span class='ocrx_word' id='word_1_626' title='bbox 3064 2707 3155 2775; x_wconf 88' lang='lat' dir='ltr'><strong>qui</strong></span> <span class='ocrx_word' id='word_1_627' title='bbox 3184 2705 3505 2759; x_wconf 85' lang='lat' dir='ltr'><strong>discesserat</strong></span> <span class='ocrx_word' id='word_1_628' title='bbox 3532 2716 3567 2755; x_wconf 85' lang='lat' dir='ltr'><strong>a</strong></span> <span class='ocrx_word' id='word_1_629' title='bbox 3592 2705 3802 2781; x_wconf 65' lang='lat' dir='ltr'><strong>coan</strong></span> 
     </span>
    </p>
   </div>
   <div class='ocr_carea' id='block_1_91' title="bbox 2244 2791 3802 2874">
    <p class='ocr_par' dir='ltr' id='par_1_91' title="bbox 2244 2791 3802 2874">
     <span class='ocr_line' id='line_1_91' title="bbox 2244 2791 3802 2874; baseline -0.008 -12"><span class='ocrx_word' id='word_1_630' title='bbox 2244 2808 2319 2862; x_wconf 91' lang='lat' dir='ltr'><strong>tio</strong></span> <span class='ocrx_word' id='word_1_631' title='bbox 2350 2802 2677 2874; x_wconf 80' lang='lat' dir='ltr'><strong>Symmachi,</strong></span> <span class='ocrx_word' id='word_1_632' title='bbox 2722 2802 2886 2855; x_wconf 86' lang='lat' dir='ltr'><strong>semel</strong></span> <span class='ocrx_word' id='word_1_633' title='bbox 2932 2810 2987 2854; x_wconf 89' lang='lat' dir='ltr'><strong>et</strong></span> <span class='ocrx_word' id='word_1_634' title='bbox 3032 2799 3221 2853; x_wconf 91' lang='lat' dir='ltr'><strong>iterum</strong></span> <span class='ocrx_word' id='word_1_635' title='bbox 3261 2805 3638 2861; x_wconf 86' lang='lat' dir='ltr'><strong>commonent,</strong></span> <span class='ocrx_word' id='word_1_636' title='bbox 3669 2807 3723 2850; x_wconf 91' lang='lat' dir='ltr'><strong>ut</strong></span> <span class='ocrx_word' id='word_1_637' title='bbox 3749 2791 3802 2874; x_wconf 47' lang='lat' dir='ltr'><strong>ad</strong></span> 
     </span>
    </p>
   </div>
   <div class='ocr_carea' id='block_1_92' title="bbox 2243 2887 3802 2964">
    <p class='ocr_par' dir='ltr' id='par_1_92' title="bbox 2243 2887 3802 2964">
     <span class='ocr_line' id='line_1_92' title="bbox 2243 2887 3802 2964; baseline -0.008 -13"><span class='ocrx_word' id='word_1_638' title='bbox 2243 2912 2365 2951; x_wconf 90' lang='lat' dir='ltr'><strong>eum</strong></span> <span class='ocrx_word' id='word_1_639' title='bbox 2408 2894 2763 2964; x_wconf 65' lang='lat' dir='ltr'><strong>prastermisso</strong></span> <span class='ocrx_word' id='word_1_640' title='bbox 2790 2898 3085 2945; x_wconf 87' lang='lat' dir='ltr'><strong>revertatur</strong></span> <span class='ocrx_word' id='word_1_641' title='bbox 3112 2887 3376 2942; x_wconf 71' lang='lat' dir='ltr'><strong>examine.</strong></span> <span class='ocrx_word' id='word_1_642' title='bbox 3395 2888 3495 2952; x_wconf 76' lang='lat' dir='ltr'><strong>Qui</strong></span> <span class='ocrx_word' id='word_1_643' title='bbox 3524 2902 3591 2941; x_wconf 83' lang='lat' dir='ltr'><strong>se</strong></span> <span class='ocrx_word' id='word_1_644' title='bbox 3616 2887 3802 2964; x_wconf 57' lang='lat' dir='ltr'><strong>nequal</strong></span> 
     </span>
    </p>
   </div>
   <div class='ocr_carea' id='block_1_93' title="bbox 2247 2974 3802 3055">
    <p class='ocr_par' dir='ltr' id='par_1_93' title="bbox 2247 2974 3802 3055">
     <span class='ocr_line' id='line_1_93' title="bbox 2247 2974 3802 3055; baseline -0.008 -15"><span class='ocrx_word' id='word_1_645' title='bbox 2247 3003 2405 3055; x_wconf 82' lang='lat' dir='ltr'><strong>quam</strong></span> <span class='ocrx_word' id='word_1_646' title='bbox 2439 2983 2540 3039; x_wconf 82' lang='lat' dir='ltr'><strong>hoc</strong></span> <span class='ocrx_word' id='word_1_647' title='bbox 2581 2986 2752 3036; x_wconf 88' lang='lat' dir='ltr'><strong>lacere</strong></span> <span class='ocrx_word' id='word_1_648' title='bbox 2780 2994 2936 3049; x_wconf 82' lang='lat' dir='ltr'><strong>posse</strong></span> <span class='ocrx_word' id='word_1_649' title='bbox 2963 2978 3259 3047; x_wconf 88' lang='lat' dir='ltr'><strong>respondit,</strong></span> <span class='ocrx_word' id='word_1_650' title='bbox 3302 2978 3449 3046; x_wconf 82' lang='lat' dir='ltr'><strong>prius</strong></span> <span class='ocrx_word' id='word_1_651' title='bbox 3472 2990 3638 3045; x_wconf 84' lang='lat' dir='ltr'><strong>quam</strong></span> <span class='ocrx_word' id='word_1_652' title='bbox 3665 2974 3802 3055; x_wconf 64' lang='lat' dir='ltr'><strong>until</strong></span> 
     </span>
    </p>
   </div>
   <div class='ocr_carea' id='block_1_94' title="bbox 2250 3064 3802 3141">
    <p class='ocr_par' dir='ltr' id='par_1_94' title="bbox 2250 3064 3802 3141">
     <span class='ocr_line' id='line_1_94' title="bbox 2250 3064 3802 3141; baseline -0.008 -10"><span class='ocrx_word' id='word_1_653' title='bbox 2250 3075 2563 3131; x_wconf 89' lang='lat' dir='ltr'><strong>criminibus</strong></span> <span class='ocrx_word' id='word_1_654' title='bbox 2605 3072 2873 3141; x_wconf 87' lang='lat' dir='ltr'><strong>impetitus</strong></span> <span class='ocrx_word' id='word_1_655' title='bbox 2902 3069 3235 3125; x_wconf 86' lang='lat' dir='ltr'><strong>discussione</strong></span> <span class='ocrx_word' id='word_1_656' title='bbox 3264 3067 3488 3136; x_wconf 74' lang='lat' dir='ltr'><strong>regulari</strong></span> <span class='ocrx_word' id='word_1_657' title='bbox 3517 3066 3609 3120; x_wconf 86' lang='lat' dir='ltr'><strong>vel</strong></span> <span class='ocrx_word' id='word_1_658' title='bbox 3646 3064 3802 3141; x_wconf 56' lang='lat' dir='ltr'><strong>absoll</strong></span> 
     </span>
    </p>
   </div>
   <div class='ocr_carea' id='block_1_95' title="bbox 2254 3248 3797 3322">
    <p class='ocr_par' dir='ltr' id='par_1_95' title="bbox 2254 3248 3797 3322">
     <span class='ocr_line' id='line_1_95' title="bbox 2254 3248 3797 3322; baseline -0.011 -7"><span class='ocrx_word' id='word_1_659' title='bbox 2254 3257 2556 3316; x_wconf 88' lang='lat' dir='ltr'><strong>sacerdotio</strong></span> <span class='ocrx_word' id='word_1_660' title='bbox 2603 3254 2927 3322; x_wconf 89' lang='lat' dir='ltr'><strong>deponatur.</strong></span> <span class='ocrx_word' id='word_1_661' title='bbox 2980 3250 3088 3307; x_wconf 89' lang='lat' dir='ltr'><strong>Sed</strong></span> <span class='ocrx_word' id='word_1_662' title='bbox 3145 3264 3322 3305; x_wconf 84' lang='lat' dir='ltr'><strong>moras</strong></span> <span class='ocrx_word' id='word_1_663' title='bbox 3373 3248 3619 3317; x_wconf 77' lang='lat' dir='ltr'><strong>episropi</strong></span> <span class='ocrx_word' id='word_1_664' title='bbox 3673 3264 3797 3301; x_wconf 88' lang='lat' dir='ltr'><strong>n....</strong></span> 
     </span>
    </p>
   </div>
   <div class='ocr_carea' id='block_1_96' title="bbox 2269 3335 3802 3410">
    <p class='ocr_par' dir='ltr' id='par_1_96' title="bbox 2269 3335 3802 3410">
     <span class='ocr_line' id='line_1_96' title="bbox 2269 3335 3802 3410; baseline -0.009 -8"><span class='ocrx_word' id='word_1_665' title='bbox 2269 3348 2442 3403; x_wconf 87' lang='lat' dir='ltr'><strong>...ntis</strong></span> <span class='ocrx_word' id='word_1_666' title='bbox 2468 3360 2587 3400; x_wconf 90' lang='lat' dir='ltr'><strong>cum</strong></span> <span class='ocrx_word' id='word_1_667' title='bbox 2612 3343 2855 3397; x_wconf 67' lang='lat' dir='ltr'><strong>viderent</strong></span> <span class='ocrx_word' id='word_1_668' title='bbox 2879 3342 3042 3410; x_wconf 79' lang='lat' dir='ltr'><strong>magis</strong></span> <span class='ocrx_word' id='word_1_669' title='bbox 3068 3354 3132 3394; x_wconf 89' lang='lat' dir='ltr'><strong>ac</strong></span> <span class='ocrx_word' id='word_1_670' title='bbox 3158 3340 3321 3408; x_wconf 81' lang='lat' dir='ltr'><strong>magis</strong></span> <span class='ocrx_word' id='word_1_671' title='bbox 3350 3338 3520 3391; x_wconf 88' lang='lat' dir='ltr'><strong>studia</strong></span> <span class='ocrx_word' id='word_1_672' title='bbox 3548 3335 3802 3410; x_wconf 62' lang='lat' dir='ltr'><strong>divisioni</strong></span> 
     </span>
    </p>
   </div>
   <div class='ocr_carea' id='block_1_97' title="bbox 2253 3423 3802 3508">
    <p class='ocr_par' dir='ltr' id='par_1_97' title="bbox 2253 3423 3802 3508">
     <span class='ocr_line' id='line_1_97' title="bbox 2253 3423 3802 3508; baseline -0.01 -15"><span class='ocrx_word' id='word_1_673' title='bbox 2253 3436 2455 3508; x_wconf 72' lang='lat' dir='ltr'><strong>augeri,</strong></span> <span class='ocrx_word' id='word_1_674' title='bbox 2489 3448 2607 3503; x_wconf 65' lang='lat' dir='ltr'><strong>quae</strong></span> <span class='ocrx_word' id='word_1_675' title='bbox 2631 3432 2734 3487; x_wconf 87' lang='lat' dir='ltr'><strong>sibi</strong></span> <span class='ocrx_word' id='word_1_676' title='bbox 2765 3429 2919 3485; x_wconf 88' lang='lat' dir='ltr'><strong>utilia</strong></span> <span class='ocrx_word' id='word_1_677' title='bbox 2948 3430 3057 3483; x_wconf 83' lang='lat' dir='ltr'><strong>visa</strong></span> <span class='ocrx_word' id='word_1_678' title='bbox 3086 3423 3211 3482; x_wconf 83' lang='lat' dir='ltr'><strong>sunt</strong></span> <span class='ocrx_word' id='word_1_679' title='bbox 3237 3442 3334 3496; x_wconf 92' lang='lat' dir='ltr'><strong>pro</strong></span> <span class='ocrx_word' id='word_1_680' title='bbox 3355 3426 3673 3497; x_wconf 83' lang='lat' dir='ltr'><strong>Symmachi</strong></span> <span class='ocrx_word' id='word_1_681' title='bbox 3711 3423 3802 3508; x_wconf 53' lang='grc' dir='ltr'><strong>μή</strong></span> 
     </span>
    </p>
   </div>
   <div class='ocr_carea' id='block_1_98' title="bbox 2255 3512 3795 3587">
    <p class='ocr_par' dir='ltr' id='par_1_98' title="bbox 2255 3512 3795 3587">
     <span class='ocr_line' id='line_1_98' title="bbox 2255 3512 3795 3587; baseline -0.012 -2"><span class='ocrx_word' id='word_1_682' title='bbox 2255 3544 2384 3585; x_wconf 87' lang='lat' dir='ltr'><strong>sona</strong></span> <span class='ocrx_word' id='word_1_683' title='bbox 2430 3525 2796 3587; x_wconf 87' lang='lat' dir='ltr'><strong>constituunt;</strong></span> <span class='ocrx_word' id='word_1_684' title='bbox 2835 3530 2892 3577; x_wconf 85' lang='lat' dir='ltr'><strong>et</strong></span> <span class='ocrx_word' id='word_1_685' title='bbox 2934 3522 3013 3575; x_wconf 86' lang='lat' dir='ltr'><strong>sic</strong></span> <span class='ocrx_word' id='word_1_686' title='bbox 3059 3512 3158 3573; x_wconf 84' lang='lat' dir='ltr'><strong>urb</strong></span> <span class='ocrx_word' id='word_1_687' title='bbox 3176 3534 3243 3573; x_wconf 79' lang='lat' dir='ltr'><strong>~m</strong></span> <span class='ocrx_word' id='word_1_688' title='bbox 3288 3519 3340 3572; x_wconf 93' lang='lat' dir='ltr'><strong>in</strong></span> <span class='ocrx_word' id='word_1_689' title='bbox 3372 3530 3585 3572; x_wconf 85' lang='lat' dir='ltr'><strong>summa</strong></span> <span class='ocrx_word' id='word_1_690' title='bbox 3637 3513 3795 3569; x_wconf 74' lang='lat' dir='ltr'><strong>contu</strong></span> 
     </span>
    </p>
   </div>
   <div class='ocr_carea' id='block_1_99' title="bbox 2257 3604 3802 3683">
    <p class='ocr_par' dir='ltr' id='par_1_99' title="bbox 2257 3604 3802 3683">
     <span class='ocr_line' id='line_1_99' title="bbox 2257 3604 3802 3683; baseline -0.012 -8"><span class='ocrx_word' id='word_1_691' title='bbox 2257 3615 2835 3683; x_wconf 70' lang='lat' dir='ltr'><strong>sione&#39;derelinquuut.</strong></span> <span class='ocrx_word' id='word_1_692' title='bbox 2861 3610 3047 3666; x_wconf 82' lang='lat' dir='ltr'><strong>Clerns</strong></span> <span class='ocrx_word' id='word_1_693' title='bbox 3075 3624 3203 3678; x_wconf 77' lang='lat' dir='ltr'><strong>ergo</strong></span> <span class='ocrx_word' id='word_1_694' title='bbox 3222 3647 3237 3673; x_wconf 94' lang='lat'><strong>,</strong></span> <span class='ocrx_word' id='word_1_695' title='bbox 3265 3616 3319 3661; x_wconf 88' lang='lat' dir='ltr'><strong>et</strong></span> <span class='ocrx_word' id='word_1_696' title='bbox 3338 3617 3558 3663; x_wconf 85' lang='lat' dir='ltr'><strong>senatus</strong></span> <span class='ocrx_word' id='word_1_697' title='bbox 3582 3604 3802 3683; x_wconf 66' lang='lat' dir='ltr'><strong>electiotl</strong></span> 
     </span>
    </p>
   </div>
   <div class='ocr_carea' id='block_1_100' title="bbox 2258 3696 3802 3783">
    <p class='ocr_par' dir='ltr' id='par_1_100' title="bbox 2258 3696 3802 3783">
     <span class='ocr_line' id='line_1_100' title="bbox 2258 3696 3802 3783; baseline -0.012 -17"><span class='ocrx_word' id='word_1_698' title='bbox 2258 3713 2344 3783; x_wconf 91' lang='lat' dir='ltr'><strong>qui</strong></span> <span class='ocrx_word' id='word_1_699' title='bbox 2374 3706 2700 3764; x_wconf 89' lang='lat' dir='ltr'><strong>consortium</strong></span> <span class='ocrx_word' id='word_1_700' title='bbox 2735 3705 2994 3757; x_wconf 86' lang='lat' dir='ltr'><strong>vitaverat</strong></span> <span class='ocrx_word' id='word_1_701' title='bbox 3020 3698 3345 3771; x_wconf 89' lang='lat' dir='ltr'><strong>Symmachi,</strong></span> <span class='ocrx_word' id='word_1_702' title='bbox 3376 3696 3701 3767; x_wconf 79' lang='lat' dir='ltr'><strong>petitionem</strong></span> <span class='ocrx_word' id='word_1_703' title='bbox 3724 3696 3802 3783; x_wconf 51' lang='lat' dir='ltr'><strong>req</strong></span> 
     </span>
    </p>
   </div>
   <div class='ocr_carea' id='block_1_101' title="bbox 2260 3783 3802 3872">
    <p class='ocr_par' dir='ltr' id='par_1_101' title="bbox 2260 3783 3802 3872">
     <span class='ocr_line' id='line_1_101' title="bbox 2260 3783 3802 3872; baseline -0.013 -15"><span class='ocrx_word' id='word_1_704' title='bbox 2260 3817 2356 3872; x_wconf 91' lang='lat' dir='ltr'><strong>pro</strong></span> <span class='ocrx_word' id='word_1_705' title='bbox 2383 3811 2610 3871; x_wconf 89' lang='lat' dir='ltr'><strong>persona</strong></span> <span class='ocrx_word' id='word_1_706' title='bbox 2659 3792 2929 3850; x_wconf 81' lang='lat' dir='ltr'><strong>Laurentii</strong></span> <span class='ocrx_word' id='word_1_707' title='bbox 2975 3787 3186 3859; x_wconf 71' lang='lat' dir='ltr'><strong>dirigit,</strong></span> <span class='ocrx_word' id='word_1_708' title='bbox 3215 3788 3304 3857; x_wconf 91' lang='lat' dir='ltr'><strong>qui</strong></span> <span class='ocrx_word' id='word_1_709' title='bbox 3348 3801 3415 3841; x_wconf 88' lang='lat' dir='ltr'><strong>eo</strong></span> <span class='ocrx_word' id='word_1_710' title='bbox 3448 3794 3701 3854; x_wconf 80' lang='lat' dir='ltr'><strong>tempore</strong></span> <span class='ocrx_word' id='word_1_711' title='bbox 3728 3783 3802 3872; x_wconf 59' lang='lat' dir='ltr'><strong>Ral</strong></span> 
     </span>
    </p>
   </div>
   <div class='ocr_carea' id='block_1_102' title="bbox 2263 3878 3802 3953">
    <p class='ocr_par' dir='ltr' id='par_1_102' title="bbox 2263 3878 3802 3953">
     <span class='ocr_line' id='line_1_102' title="bbox 2263 3878 3802 3953; baseline -0.012 -8"><span class='ocrx_word' id='word_1_712' title='bbox 2263 3905 2453 3947; x_wconf 69' lang='lat' dir='ltr'><strong>venum</strong></span> <span class='ocrx_word' id='word_1_713' title='bbox 2498 3886 2825 3948; x_wconf 86' lang='lat' dir='ltr'><strong>morabatur,</strong></span> <span class='ocrx_word' id='word_1_714' title='bbox 2874 3880 3178 3953; x_wconf 88' lang='lat' dir='ltr'><strong>Symmachi</strong></span> <span class='ocrx_word' id='word_1_715' title='bbox 3209 3878 3517 3934; x_wconf 88' lang='lat' dir='ltr'><strong>violentiam</strong></span> <span class='ocrx_word' id='word_1_716' title='bbox 3541 3916 3556 3940; x_wconf 88' lang='lat'><strong>,</strong></span> <span class='ocrx_word' id='word_1_717' title='bbox 3584 3878 3802 3953; x_wconf 47' lang='grc' dir='ltr'><strong>ρει-θεᾷ</strong></span> 
     </span>
    </p>
   </div>
   <div class='ocr_carea' id='block_1_103' title="bbox 2263 3964 3723 4048">
    <p class='ocr_par' dir='ltr' id='par_1_103' title="bbox 2263 3964 3723 4048">
     <span class='ocr_line' id='line_1_103' title="bbox 2263 3964 3723 4048; baseline -0.01 -14"><span class='ocrx_word' id='word_1_718' title='bbox 2263 3983 2568 4048; x_wconf 87' lang='lat' dir='ltr'><strong>tionemque</strong></span> <span class='ocrx_word' id='word_1_719' title='bbox 2604 3976 2901 4036; x_wconf 81' lang='lat' dir='ltr'><strong>dec‘linans,</strong></span> <span class='ocrx_word' id='word_1_720' title='bbox 2946 3984 3002 4027; x_wconf 89' lang='lat' dir='ltr'><strong>ut</strong></span> <span class='ocrx_word' id='word_1_721' title='bbox 3054 3974 3169 4041; x_wconf 88' lang='lat' dir='ltr'><strong>ipse</strong></span> <span class='ocrx_word' id='word_1_722' title='bbox 3206 3970 3459 4023; x_wconf 67' lang='lat' dir='ltr'><strong>Romana</strong></span> <span class='ocrx_word' id='word_1_723' title='bbox 3513 3964 3723 4037; x_wconf 71' lang='lat' dir='ltr'><strong>pra-sed</strong></span> 
     </span>
    </p>
   </div>
   <div class='ocr_carea' id='block_1_104' title="bbox 2269 4056 3785 4135">
    <p class='ocr_par' dir='ltr' id='par_1_104' title="bbox 2269 4056 3785 4135">
     <span class='ocr_line' id='line_1_104' title="bbox 2269 4056 3785 4135; baseline -0.011 -9"><span class='ocrx_word' id='word_1_724' title='bbox 2269 4070 2558 4135; x_wconf 58' lang='lat' dir='ltr'><strong>Ecclesiae,</strong></span> <span class='ocrx_word' id='word_1_725' title='bbox 2582 4066 2671 4120; x_wconf 89' lang='lat' dir='ltr'><strong>ubi</strong></span> <span class='ocrx_word' id='word_1_726' title='bbox 2718 4063 2916 4119; x_wconf 88' lang='lat' dir='ltr'><strong>dudum</strong></span> <span class='ocrx_word' id='word_1_727' title='bbox 2947 4063 3119 4117; x_wconf 85' lang='lat' dir='ltr'><strong>fuerat</strong></span> <span class='ocrx_word' id='word_1_728' title='bbox 3162 4072 3399 4117; x_wconf 87' lang='lat' dir='ltr'><strong>summus</strong></span> <span class='ocrx_word' id='word_1_729' title='bbox 3426 4057 3672 4127; x_wconf 79' lang='lat' dir='ltr'><strong>pontifex</strong></span> <span class='ocrx_word' id='word_1_730' title='bbox 3696 4056 3785 4110; x_wconf 68' lang='lat' dir='ltr'><strong>ori</strong></span> 
     </span>
    </p>
   </div>
   <div class='ocr_carea' id='block_1_105' title="bbox 2270 4151 3743 4226">
    <p class='ocr_par' dir='ltr' id='par_1_105' title="bbox 2270 4151 3743 4226">
     <span class='ocr_line' id='line_1_105' title="bbox 2270 4151 3743 4226; baseline -0.009 -10"><span class='ocrx_word' id='word_1_731' title='bbox 2270 4172 2444 4215; x_wconf 87' lang='lat' dir='ltr'><strong>natus.</strong></span> <span class='ocrx_word' id='word_1_732' title='bbox 2504 4158 2638 4226; x_wconf 79' lang='lat' dir='ltr'><strong>Quia</strong></span> <span class='ocrx_word' id='word_1_733' title='bbox 2694 4157 2797 4211; x_wconf 86' lang='lat' dir='ltr'><strong>hoc</strong></span> <span class='ocrx_word' id='word_1_734' title='bbox 2841 4162 2897 4210; x_wconf 87' lang='lat' dir='ltr'><strong>et</strong></span> <span class='ocrx_word' id='word_1_735' title='bbox 2941 4154 3234 4209; x_wconf 84' lang='lat' dir='ltr'><strong>canonibus</strong></span> <span class='ocrx_word' id='word_1_736' title='bbox 3288 4161 3430 4206; x_wconf 83' lang='lat' dir='ltr'><strong>esset</strong></span> <span class='ocrx_word' id='word_1_737' title='bbox 3488 4151 3743 4213; x_wconf 76' lang='lat' dir='ltr'><strong>altisona,</strong></span> 
     </span>
    </p>
   </div>
   <div class='ocr_carea' id='block_1_106' title="bbox 2274 4240 3689 4319">
    <p class='ocr_par' dir='ltr' id='par_1_106' title="bbox 2274 4240 3689 4319">
     <span class='ocr_line' id='line_1_106' title="bbox 2274 4240 3689 4319; baseline -0.006 -14"><span class='ocrx_word' id='word_1_738' title='bbox 2274 4250 2639 4319; x_wconf 85' lang='lat' dir='ltr'><strong>unusquisque</strong></span> <span class='ocrx_word' id='word_1_739' title='bbox 2695 4246 2806 4302; x_wconf 90' lang='lat' dir='ltr'><strong>illic</strong></span> <span class='ocrx_word' id='word_1_740' title='bbox 2854 4252 3181 4315; x_wconf 83' lang='lat' dir='ltr'><strong>permaneat,</strong></span> <span class='ocrx_word' id='word_1_741' title='bbox 3211 4242 3300 4297; x_wconf 90' lang='lat' dir='ltr'><strong>ubi</strong></span> <span class='ocrx_word' id='word_1_742' title='bbox 3328 4240 3579 4311; x_wconf 85' lang='lat' dir='ltr'><strong>primitus</strong></span> <span class='ocrx_word' id='word_1_743' title='bbox 3606 4248 3689 4297; x_wconf 77' lang='lat' dir='ltr'><strong>est</strong></span> 
     </span>
    </p>
   </div>
   <div class='ocr_carea' id='block_1_107' title="bbox 2275 4330 3733 4405">
    <p class='ocr_par' dir='ltr' id='par_1_107' title="bbox 2275 4330 3733 4405">
     <span class='ocr_line' id='line_1_107' title="bbox 2275 4330 3733 4405; baseline -0.008 -7"><span class='ocrx_word' id='word_1_744' title='bbox 2275 4352 2513 4398; x_wconf 86' lang='lat' dir='ltr'><strong>secratus</strong></span> <span class='ocrx_word' id='word_1_745' title='bbox 2542 4341 2796 4401; x_wconf 87' lang='lat' dir='ltr'><strong>antistes;</strong></span> <span class='ocrx_word' id='word_1_746' title='bbox 2815 4336 2897 4391; x_wconf 91' lang='lat' dir='ltr'><strong>vel</strong></span> <span class='ocrx_word' id='word_1_747' title='bbox 2918 4337 2964 4390; x_wconf 91' lang='lat' dir='ltr'><strong>si</strong></span> <span class='ocrx_word' id='word_1_748' title='bbox 2975 4333 3287 4405; x_wconf 85' lang='lat' dir='ltr'><strong>quibusdam</strong></span> <span class='ocrx_word' id='word_1_749' title='bbox 3308 4333 3636 4388; x_wconf 84' lang='lat' dir='ltr'><strong>commentis</strong></span> <span class='ocrx_word' id='word_1_750' title='bbox 3649 4330 3733 4387; x_wconf 73' lang='lat' dir='ltr'><strong>esi</strong></span> 
     </span>
    </p>
   </div>
   <div class='ocr_carea' id='block_1_108' title="bbox 2279 4427 3650 4496">
    <p class='ocr_par' dir='ltr' id='par_1_108' title="bbox 2279 4427 3650 4496">
     <span class='ocr_line' id='line_1_108' title="bbox 2279 4427 3650 4496; baseline -0.006 -8"><span class='ocrx_word' id='word_1_751' title='bbox 2279 4443 2514 4490; x_wconf 88' lang='lat' dir='ltr'><strong>remotus</strong></span> <span class='ocrx_word' id='word_1_752' title='bbox 2547 4431 2738 4496; x_wconf 86' lang='lat' dir='ltr'><strong>fuerit,</strong></span> <span class='ocrx_word' id='word_1_753' title='bbox 2771 4445 2892 4485; x_wconf 90' lang='lat' dir='ltr'><strong>eum</strong></span> <span class='ocrx_word' id='word_1_754' title='bbox 2938 4428 3110 4482; x_wconf 88' lang='lat' dir='ltr'><strong>modis</strong></span> <span class='ocrx_word' id='word_1_755' title='bbox 3137 4427 3382 4482; x_wconf 90' lang='lat' dir='ltr'><strong>omnibus</strong></span> <span class='ocrx_word' id='word_1_756' title='bbox 3410 4440 3538 4480; x_wconf 88' lang='lat' dir='ltr'><strong>esse</strong></span> <span class='ocrx_word' id='word_1_757' title='bbox 3588 4441 3650 4480; x_wconf 85' lang='lat' dir='ltr'><strong>re</strong></span> 
     </span>
    </p>
   </div>
   <div class='ocr_carea' id='block_1_109' title="bbox 3724 3957 3802 4090">
    <p class='ocr_par' dir='ltr' id='par_1_109' title="bbox 3724 3957 3802 4090">
     <span class='ocr_line' id='line_1_109' title="bbox 3724 3957 3802 4090; baseline 0 0"><span class='ocrx_word' id='word_1_758' title='bbox 3724 3957 3802 4090; x_wconf 76' lang='lat' dir='ltr'><strong>:‘l</strong></span> 
     </span>
    </p>
   </div>
   <div class='ocr_carea' id='block_1_110' title="bbox 3743 4174 3802 4263">
    <p class='ocr_par' dir='ltr' id='par_1_110' title="bbox 3743 4174 3802 4263">
     <span class='ocr_line' id='line_1_110' title="bbox 3743 4174 3802 4263; baseline 0 0"><span class='ocrx_word' id='word_1_759' title='bbox 3743 4174 3802 4263; x_wconf 52' lang='grc' dir='ltr'>ὦ</span> 
     </span>
    </p>
   </div>
   <div class='ocr_carea' id='block_1_111' title="bbox 3651 4358 3802 4458">
    <p class='ocr_par' dir='ltr' id='par_1_111' title="bbox 3651 4358 3802 4458">
     <span class='ocr_line' id='line_1_111' title="bbox 3651 4358 3802 4458; baseline -0.013 1"><span class='ocrx_word' id='word_1_760' title='bbox 3651 4358 3802 4458; x_wconf 66' lang='grc' dir='ltr'><strong>ΪΞΞ</strong></span> 
     </span>
    </p>
   </div>
   <div class='ocr_carea' id='block_1_112' title="bbox 3657 4458 3802 4568">
    <p class='ocr_par' dir='ltr' id='par_1_112' title="bbox 3657 4458 3802 4568">
     <span class='ocr_line' id='line_1_112' title="bbox 3657 4458 3802 4568; baseline -0.014 1"><span class='ocrx_word' id='word_1_761' title='bbox 3657 4458 3802 4568; x_wconf 64' lang='grc' dir='ltr'><strong>’.ἲὲ</strong></span> 
     </span>
    </p>
   </div>
   <div class='ocr_carea' id='block_1_113' title="bbox 3711 4568 3802 4650">
    <p class='ocr_par' dir='ltr' id='par_1_113' title="bbox 3724 4568 3802 4650">
     <span class='ocr_line' id='line_1_113' title="bbox 3724 4568 3802 4650; baseline 0 0"><span class='ocrx_word' id='word_1_762' title='bbox 3724 4568 3802 4650; x_wconf 58' lang='grc' dir='ltr'><strong>..Δ</strong></span> 
     </span>
    </p>
   </div>
   <div class='ocr_carea' id='block_1_114' title="bbox 3648 4650 3802 4749">
    <p class='ocr_par' dir='ltr' id='par_1_114' title="bbox 3648 4650 3802 4749">
     <span class='ocr_line' id='line_1_114' title="bbox 3648 4650 3802 4749; baseline -0.013 1"><span class='ocrx_word' id='word_1_763' title='bbox 3648 4650 3802 4749; x_wconf 64' lang='grc' dir='ltr'><strong>ἐἷηὲ</strong></span> 
     </span>
    </p>
   </div>
   <div class='ocr_carea' id='block_1_115' title="bbox 3703 4749 3802 4813">
    <p class='ocr_par' dir='ltr' id='par_1_115' title="bbox 3708 4749 3802 4813">
     <span class='ocr_line' id='line_1_115' title="bbox 3708 4749 3802 4813; baseline 0 0"><span class='ocrx_word' id='word_1_764' title='bbox 3708 4749 3802 4813; x_wconf 64' lang='lat' dir='ltr'><strong>.z..l</strong></span> 
     </span>
    </p>
   </div>
   <div class='ocr_carea' id='block_1_116' title="bbox 3573 4813 3802 4932">
    <p class='ocr_par' dir='ltr' id='par_1_116' title="bbox 3573 4813 3802 4932">
     <span class='ocr_line' id='line_1_116' title="bbox 3573 4813 3802 4932; baseline -0.009 1"><span class='ocrx_word' id='word_1_765' title='bbox 3573 4813 3802 4932; x_wconf 68' lang='grc' dir='ltr'><strong>ΣΖΣΞ</strong></span> 
     </span>
    </p>
   </div>
   <div class='ocr_carea' id='block_1_117' title="bbox 3702 4932 3802 5015">
    <p class='ocr_par' dir='ltr' id='par_1_117' title="bbox 3706 4932 3802 5015">
     <span class='ocr_line' id='line_1_117' title="bbox 3706 4932 3802 5015; baseline 0 0"><span class='ocrx_word' id='word_1_766' title='bbox 3706 4932 3802 5015; x_wconf 64' lang='lat' dir='ltr'><strong>ml</strong></span> 
     </span>
    </p>
   </div>
   <div class='ocr_carea' id='block_1_118' title="bbox 3712 5015 3802 5179">
    <p class='ocr_par' dir='ltr' id='par_1_118' title="bbox 3712 5015 3802 5179">
     <span class='ocr_line' id='line_1_118' title="bbox 3712 5015 3802 5179; baseline 0 0"><span class='ocrx_word' id='word_1_767' title='bbox 3712 5015 3802 5179; x_wconf 60' lang='lat' dir='ltr'><strong>il</strong></span> 
     </span>
    </p>
   </div>
   <div class='ocr_carea' id='block_1_119' title="bbox 3542 5273 3802 5381">
    <p class='ocr_par' dir='ltr' id='par_1_119' title="bbox 3546 5273 3802 5381">
     <span class='ocr_line' id='line_1_119' title="bbox 3546 5273 3802 5381; baseline -0.012 -92"><span class='ocrx_word' id='word_1_768' title='bbox 3546 5273 3802 5381; x_wconf 51' lang='lat' dir='ltr'><strong>ﬂ</strong></span> 
     </span>
    </p>
   </div>
   <div class='ocr_carea' id='block_1_120' title="bbox 3737 5381 3802 5471">
    <p class='ocr_par' dir='ltr' id='par_1_120' title="bbox 3752 5381 3802 5471">
     <span class='ocr_line' id='line_1_120' title="bbox 3752 5381 3802 5471; baseline 0 -6"><span class='ocrx_word' id='word_1_769' title='bbox 3752 5381 3802 5471; x_wconf 57' lang='grc' dir='ltr'><strong><em>ἂ</em></strong></span> 
     </span>
    </p>
   </div>
   <div class='ocr_carea' id='block_1_121' title="bbox 3779 5471 3802 5522">
    <p class='ocr_par' dir='ltr' id='par_1_121' title="bbox 3782 5471 3802 5522">
     <span class='ocr_line' id='line_1_121' title="bbox 3782 5471 3802 5522; baseline 0 0"><span class='ocrx_word' id='word_1_770' title='bbox 3782 5471 3802 5522; x_wconf 81' lang='lat' dir='ltr'>J</span> 
     </span>
    </p>
   </div>
   <div class='ocr_carea' id='block_1_122' title="bbox 3439 5522 3802 5818">
    <p class='ocr_par' dir='ltr' id='par_1_122' title="bbox 3443 5522 3802 5818">
     <span class='ocr_line' id='line_1_122' title="bbox 3443 5522 3802 5818; baseline -0.011 -243"><span class='ocrx_word' id='word_1_771' title='bbox 3443 5522 3802 5818; x_wconf 47' lang='grc' dir='ltr'><strong>..μη</strong></span> 
     </span>
    </p>
   </div>
   <div class='ocr_carea' id='block_1_123' title="bbox 2282 4606 3711 4683">
    <p class='ocr_par' dir='ltr' id='par_1_123' title="bbox 2282 4606 3711 4683">
     <span class='ocr_line' id='line_1_123' title="bbox 2282 4606 3711 4683; baseline -0.008 -14"><span class='ocrx_word' id='word_1_772' title='bbox 2282 4615 2495 4669; x_wconf 91' lang='lat' dir='ltr'><strong>circiter</strong></span> <span class='ocrx_word' id='word_1_773' title='bbox 2519 4621 2746 4683; x_wconf 90' lang='lat' dir='ltr'><strong>quatuor</strong></span> <span class='ocrx_word' id='word_1_774' title='bbox 2777 4610 3064 4664; x_wconf 83' lang='lat' dir='ltr'><strong>Romanam</strong></span> <span class='ocrx_word' id='word_1_775' title='bbox 3089 4609 3253 4662; x_wconf 91' lang='lat' dir='ltr'><strong>tenuit</strong></span> <span class='ocrx_word' id='word_1_776' title='bbox 3277 4606 3601 4671; x_wconf 61' lang='lat' dir='ltr'><strong>Ecclesium,</strong></span> <span class='ocrx_word' id='word_1_777' title='bbox 3617 4620 3711 4675; x_wconf 84' lang='lat' dir='ltr'><strong>per</strong></span> 
     </span>
    </p>
   </div>
   <div class='ocr_carea' id='block_1_124' title="bbox 2287 4698 3611 4775">
    <p class='ocr_par' dir='ltr' id='par_1_124' title="bbox 2287 4698 3611 4775">
     <span class='ocr_line' id='line_1_124' title="bbox 2287 4698 3611 4775; baseline -0.01 -13"><span class='ocrx_word' id='word_1_778' title='bbox 2287 4718 2547 4775; x_wconf 89' lang='lat' dir='ltr'><strong>tempora,</strong></span> <span class='ocrx_word' id='word_1_779' title='bbox 2603 4717 2724 4774; x_wconf 72' lang='lat' dir='ltr'><strong>qum</strong></span> <span class='ocrx_word' id='word_1_780' title='bbox 2772 4702 2913 4757; x_wconf 69' lang='lat' dir='ltr'><strong>bella</strong></span> <span class='ocrx_word' id='word_1_781' title='bbox 2961 4699 3134 4754; x_wconf 60' lang='lat' dir='ltr'><strong>civilia</strong></span> <span class='ocrx_word' id='word_1_782' title='bbox 3168 4711 3316 4766; x_wconf 75' lang='lat' dir='ltr'><strong>geSta</strong></span> <span class='ocrx_word' id='word_1_783' title='bbox 3361 4698 3490 4763; x_wconf 78' lang='lat' dir='ltr'><strong>sint,</strong></span> <span class='ocrx_word' id='word_1_784' title='bbox 3520 4699 3611 4754; x_wconf 86' lang='lat' dir='ltr'><strong>vel</strong></span> 
     </span>
    </p>
   </div>
   <div class='ocr_carea' id='block_1_125' title="bbox 2296 4787 3703 4863">
    <p class='ocr_par' dir='ltr' id='par_1_125' title="bbox 2296 4787 3703 4863">
     <span class='ocr_line' id='line_1_125' title="bbox 2296 4787 3703 4863; baseline -0.008 -10"><span class='ocrx_word' id='word_1_785' title='bbox 2296 4796 2586 4854; x_wconf 89' lang='lat' dir='ltr'><strong>homicidia</strong></span> <span class='ocrx_word' id='word_1_786' title='bbox 2641 4800 2961 4863; x_wconf 89' lang='lat' dir='ltr'><strong>perpetrata,</strong></span> <span class='ocrx_word' id='word_1_787' title='bbox 3010 4806 3115 4845; x_wconf 88' lang='lat' dir='ltr'><strong>non</strong></span> <span class='ocrx_word' id='word_1_788' title='bbox 3164 4798 3247 4844; x_wconf 89' lang='lat' dir='ltr'><strong>est</strong></span> <span class='ocrx_word' id='word_1_789' title='bbox 3294 4788 3543 4857; x_wconf 65' lang='lat' dir='ltr'><strong>pra‘senti</strong></span> <span class='ocrx_word' id='word_1_790' title='bbox 3594 4787 3703 4842; x_wconf 72' lang='lat' dir='ltr'><strong>reb</strong></span> 
     </span>
    </p>
   </div>
   <div class='ocr_carea' id='block_1_126' title="bbox 2293 4877 3573 4958">
    <p class='ocr_par' dir='ltr' id='par_1_126' title="bbox 2293 4877 3573 4958">
     <span class='ocr_line' id='line_1_126' title="bbox 2293 4877 3573 4958; baseline -0.009 -15"><span class='ocrx_word' id='word_1_791' title='bbox 2293 4885 2647 4958; x_wconf 74' lang='lat' dir='ltr'><strong>pendendum.</strong></span> <span class='ocrx_word' id='word_1_792' title='bbox 2678 4885 2917 4951; x_wconf 89' lang='lat' dir='ltr'><strong>Dumque</strong></span> <span class='ocrx_word' id='word_1_793' title='bbox 2966 4891 3141 4950; x_wconf 83' lang='lat' dir='ltr'><strong>partes</strong></span> <span class='ocrx_word' id='word_1_794' title='bbox 3182 4889 3357 4934; x_wconf 78' lang='lat' dir='ltr'><strong>mutua</strong></span> <span class='ocrx_word' id='word_1_795' title='bbox 3409 4892 3468 4932; x_wconf 89' lang='lat' dir='ltr'><strong>se</strong></span> <span class='ocrx_word' id='word_1_796' title='bbox 3518 4877 3573 4933; x_wconf 81' lang='lat' dir='ltr'><strong>di</strong></span> 
     </span>
    </p>
   </div>
   <div class='ocr_carea' id='block_1_127' title="bbox 2295 4969 3689 5044">
    <p class='ocr_par' dir='ltr' id='par_1_127' title="bbox 2295 4969 3689 5044">
     <span class='ocr_line' id='line_1_127' title="bbox 2295 4969 3689 5044; baseline -0.011 -9"><span class='ocrx_word' id='word_1_797' title='bbox 2295 4980 2572 5044; x_wconf 90' lang='lat' dir='ltr'><strong>collidunt,</strong></span> <span class='ocrx_word' id='word_1_798' title='bbox 2598 4988 2659 5029; x_wconf 90' lang='lat' dir='ltr'><strong>ac</strong></span> <span class='ocrx_word' id='word_1_799' title='bbox 2698 4987 2793 5042; x_wconf 92' lang='lat' dir='ltr'><strong>pro</strong></span> <span class='ocrx_word' id='word_1_800' title='bbox 2828 4973 2938 5027; x_wconf 88' lang='lat' dir='ltr'><strong>suis</strong></span> <span class='ocrx_word' id='word_1_801' title='bbox 2964 4972 3153 5026; x_wconf 90' lang='lat' dir='ltr'><strong>studiis</strong></span> <span class='ocrx_word' id='word_1_802' title='bbox 3180 4971 3355 5039; x_wconf 80' lang='lat' dir='ltr'><strong>regale</strong></span> <span class='ocrx_word' id='word_1_803' title='bbox 3384 4969 3689 5037; x_wconf 62' lang='lat' dir='ltr'><strong>presidinm</strong></span> 
     </span>
    </p>
   </div>
   <div class='ocr_carea' id='block_1_128' title="bbox 2294 5056 3712 5138">
    <p class='ocr_par' dir='ltr' id='par_1_128' title="bbox 2294 5056 3712 5138">
     <span class='ocr_line' id='line_1_128' title="bbox 2294 5056 3712 5138; baseline -0.012 -13"><span class='ocrx_word' id='word_1_804' title='bbox 2294 5069 2607 5138; x_wconf 86' lang='lat' dir='ltr'><strong>deposcunt,</strong></span> <span class='ocrx_word' id='word_1_805' title='bbox 2636 5066 2699 5120; x_wconf 89' lang='lat' dir='ltr'><strong>ad</strong></span> <span class='ocrx_word' id='word_1_806' title='bbox 2730 5064 2971 5120; x_wconf 90' lang='lat' dir='ltr'><strong>ultimum</strong></span> <span class='ocrx_word' id='word_1_807' title='bbox 3016 5062 3319 5131; x_wconf 88' lang='lat' dir='ltr'><strong>petitionem</strong></span> <span class='ocrx_word' id='word_1_808' title='bbox 3359 5056 3712 5128; x_wconf 75' lang='lat' dir='ltr'><strong>Symmachus</strong></span> 
     </span>
    </p>
   </div>
   <div class='ocr_carea' id='block_1_129' title="bbox 2301 5144 3797 5230">
    <p class='ocr_par' dir='ltr' id='par_1_129' title="bbox 2301 5144 3797 5230">
     <span class='ocr_line' id='line_1_129' title="bbox 2301 5144 3797 5230; baseline -0.013 -14"><span class='ocrx_word' id='word_1_809' title='bbox 2301 5176 2395 5230; x_wconf 86' lang='lat' dir='ltr'><strong>per</strong></span> <span class='ocrx_word' id='word_1_810' title='bbox 2426 5159 2737 5214; x_wconf 90' lang='lat' dir='ltr'><strong>Dioscorum</strong></span> <span class='ocrx_word' id='word_1_811' title='bbox 2774 5152 3185 5209; x_wconf 80' lang='lat' dir='ltr'><strong>Alexandrinum</strong></span> <span class='ocrx_word' id='word_1_812' title='bbox 3215 5150 3495 5205; x_wconf 87' lang='lat' dir='ltr'><strong>diaconum</strong></span> <span class='ocrx_word' id='word_1_813' title='bbox 3526 5144 3797 5205; x_wconf 67' lang='lat' dir='ltr'><strong>destinavi</strong></span> 
     </span>
    </p>
   </div>
   <div class='ocr_carea' id='block_1_130' title="bbox 2298 5238 3709 5313">
    <p class='ocr_par' dir='ltr' id='par_1_130' title="bbox 2298 5238 3709 5313">
     <span class='ocr_line' id='line_1_130' title="bbox 2298 5238 3709 5313; baseline -0.011 -8"><span class='ocrx_word' id='word_1_814' title='bbox 2298 5263 2545 5304; x_wconf 86' lang='lat' dir='ltr'><strong>asserens</strong></span> <span class='ocrx_word' id='word_1_815' title='bbox 2574 5246 2683 5301; x_wconf 87' lang='lat' dir='ltr'><strong>sibi</strong></span> <span class='ocrx_word' id='word_1_816' title='bbox 2709 5259 2953 5313; x_wconf 77' lang='lat' dir='ltr'><strong>magnum</strong></span> <span class='ocrx_word' id='word_1_817' title='bbox 2982 5241 3345 5312; x_wconf 64' lang='lat' dir='ltr'><strong>prtrjnditzium</strong></span> <span class='ocrx_word' id='word_1_818' title='bbox 3376 5238 3510 5302; x_wconf 67' lang='lat' dir='ltr'><strong>ﬁeri,</strong></span> <span class='ocrx_word' id='word_1_819' title='bbox 3550 5244 3609 5293; x_wconf 68' lang='lat' dir='ltr'><strong>et</strong></span> <span class='ocrx_word' id='word_1_820' title='bbox 3632 5248 3709 5289; x_wconf 76' lang='lat' dir='ltr'><strong>ma</strong></span> 
     </span>
    </p>
   </div>
   <div class='ocr_carea' id='block_1_131' title="bbox 2301 5330 3508 5403">
    <p class='ocr_par' dir='ltr' id='par_1_131' title="bbox 2301 5330 3508 5403">
     <span class='ocr_line' id='line_1_131' title="bbox 2301 5330 3508 5403; baseline -0.012 -6"><span class='ocrx_word' id='word_1_821' title='bbox 2301 5342 2370 5397; x_wconf 91' lang='lat' dir='ltr'><strong>de</strong></span> <span class='ocrx_word' id='word_1_822' title='bbox 2414 5340 2578 5394; x_wconf 85' lang='lat' dir='ltr'><strong>titulis</strong></span> <span class='ocrx_word' id='word_1_823' title='bbox 2605 5336 2947 5394; x_wconf 84' lang='lat' dir='ltr'><strong>ecclesiarum</strong></span> <span class='ocrx_word' id='word_1_824' title='bbox 2976 5348 3107 5403; x_wconf 87' lang='lat' dir='ltr'><strong>quas</strong></span> <span class='ocrx_word' id='word_1_825' title='bbox 3154 5333 3290 5385; x_wconf 91' lang='lat' dir='ltr'><strong>intra</strong></span> <span class='ocrx_word' id='word_1_826' title='bbox 3323 5330 3508 5383; x_wconf 84' lang='lat' dir='ltr'><strong>urbem</strong></span> 
     </span>
    </p>
   </div>
   <div class='ocr_carea' id='block_1_132' title="bbox 2304 5416 3797 5487">
    <p class='ocr_par' dir='ltr' id='par_1_132' title="bbox 2304 5416 3797 5487">
     <span class='ocr_line' id='line_1_132' title="bbox 2304 5416 3797 5487; baseline -0.012 -1"><span class='ocrx_word' id='word_1_827' title='bbox 2304 5431 2597 5486; x_wconf 87' lang='lat' dir='ltr'><strong>obtinebat.</strong></span> <span class='ocrx_word' id='word_1_828' title='bbox 2632 5428 2711 5482; x_wconf 85' lang='lat' dir='ltr'><strong>Ad</strong></span> <span class='ocrx_word' id='word_1_829' title='bbox 2751 5426 2887 5478; x_wconf 92' lang='lat' dir='ltr'><strong>hanc</strong></span> <span class='ocrx_word' id='word_1_830' title='bbox 2916 5422 3324 5479; x_wconf 88' lang='lat' dir='ltr'><strong>insinuationem</strong></span> <span class='ocrx_word' id='word_1_831' title='bbox 3353 5417 3498 5487; x_wconf 72' lang='lat' dir='ltr'><strong>regis</strong></span> <span class='ocrx_word' id='word_1_832' title='bbox 3536 5416 3797 5485; x_wconf 56' lang='lat' dir='ltr'><strong>animi!</strong></span> 
     </span>
    </p>
   </div>
   <div class='ocr_carea' id='block_1_133' title="bbox 2303 5508 3779 5582">
    <p class='ocr_par' dir='ltr' id='par_1_133' title="bbox 2303 5508 3779 5582">
     <span class='ocr_line' id='line_1_133' title="bbox 2303 5508 3779 5582; baseline -0.01 -7"><span class='ocrx_word' id='word_1_833' title='bbox 2303 5521 2483 5575; x_wconf 89' lang='lat' dir='ltr'><strong>linitus</strong></span> <span class='ocrx_word' id='word_1_834' title='bbox 2512 5517 2739 5573; x_wconf 80' lang='lat' dir='ltr'><strong>Patircio</strong></span> <span class='ocrx_word' id='word_1_835' title='bbox 2963 5522 3220 5582; x_wconf 64' lang='lat' dir='ltr'><strong>prarcepta</strong></span> <span class='ocrx_word' id='word_1_836' title='bbox 3246 5508 3461 5578; x_wconf 69' lang='lat' dir='ltr'><strong>dirigit,</strong></span> <span class='ocrx_word' id='word_1_837' title='bbox 3490 5508 3779 5563; x_wconf 58' lang='lat' dir='ltr'><strong>admone!</strong></span> 
     </span>
    </p>
   </div>
  </div>
