3842 6226
36 128 41 247 l

34 252 41 415 ἰ

32 398 92 457 ,διο
902 401 1237 456 SYMMACIH
1276 400 1473 453 ΡΛΡιΕ
1515 400 1595 451 ΕΡ

1681 398 1857 451 [OLE
1898 398 1983 451 ΕΤ
2017 399 2141 451 nec
2151 399 2345 452 RETA.
3147 405 3213 457 bit

32 500 185 581 omnes
234 511 481 565 Ecclesia
540 511 699 563 tituli
756 512 1068 579 Symmacho
1116 510 1465 563 reformentur
1520 517 1571 560 et
1598 512 1644 567 Α
1674 507 1737 559 de
1765 506 2037 559 ordinibus
2061 505 2453 567 ecclesiastici,
2486 522 2616 573 quos
2656 506 2885 572 acceptis
2916 508 3083 573 palam
3124 524 3211 573 pc-

28 608 167 673 {Inutn
206 600 376 653 Roma:
408 608 712 667 pateretur
766 616 885 654 esse
926 602 1221 668 pontiﬁcem
1249 616 1262 651 :
1292 598 1433 666 quod
1479 598 1567 651 ubi

22 688 299 765 ,Lalrcntius
345 692 669 758 comperit,
728 691 913 743 urbem
954 691 1120 743 noluit
1163 690 1410 742 diuturna
1461 688 1571 740 col-

24 776 273 849 }hrtatione
296 782 505 846 vexari,
528 796 599 835 ac
635 796 737 834 sua
768 790 956 848 sponte
984 782 1035 833 in
1056 780 1267 849 praediis
1293 778 1572 833 memorati

247 872 387 925 Festi
431 871 562 925 sine
604 873 871 926 dilatione
918 872 1201 933 concessit,
1253 870 1431 938 ibique
1477 869 1575 922 sub

18 934 191 1029 Ἄκαιιί
211 960 539 1014 abstinentia
570 961 870 1014 terminum
896 960 1014 1014 vite
1048 961 1263 1013 sortitus
1288 934 1388 1012 est.
1418 957 1575 1027 Sym-

41 1051 233 1105 machum
257 1066 383 1105 vero
410 1052 775 1118 postmodum
799 1052 1036 1119 quamvis
1052 1052 1327 1113 victorem,
1350 1048 1416 1101 de
1436 1048 1574 1101 mul-

40 1144 87 1191 tis
106 1138 240 1193 rebus
262 1139 401 1192 fama
441 1139 830 1201 deeoloravit;
863 1138 1141 1194 obscenior
1172 1147 1227 1191 et
1253 1138 1483 1190 maxime
1507 1135 1574 1189 de

12 1230 15 1293 ς
40 1227 119 1289 illa,
146 1240 290 1293 quam
314 1226 483 1294 vulgo
512 1226 881 1281 conditariam
910 1225 1226 1280 vocitabant.
1258 1224 1365 1278 Nec
1393 1239 1496 1277 non
1521 1232 1578 1276 et

1672 595 1841 646 cimiis
1872 593 2224 647 distrahebat:
2260 610 2353 660 pro
2374 596 2560 662 quibus
2590 597 2747 647 rebus
2774 610 2938 663 usque
2961 596 3023 646 ad
3060 596 3211 647 tinent

1675 687 1794 736 vitze
1820 684 1935 749 ejus
1975 683 2201 736 Ecclesia
2235 684 2467 736 Romana
2497 684 2547 735 in
2576 685 2859 738 schismate
2889 687 3209 752 perduravit.

1679 773 1772 825 llic
1800 772 1932 824 beati
1963 772 2163 824 Martini
2182 772 2456 825 ecclesiam
2475 770 2619 839 juxta
2642 782 2879 825 sanctum
2907 773 3211 826 Silvestrem

1679 861 1890 930 palatini
1924 862 2145 915 illustris
2171 860 2266 915 viri
2298 858 2531 930 pecuniis
2558 862 2813 915 fabricans
2838 872 2891 915 et
2922 876 3209 924 exornans,

1680 970 1744 1009 eo
1778 954 1891 1020 ipso
1930 954 2157 1007 instante
2180 952 2471 1015 dedicavit;
2504 953 2753 1006 nonnulla
2781 955 2938 1006 etiam
2965 962 3214 1007 cmmcte-

1676 1044 1750 1096 ria
1772 1083 1785 1105 ,
1811 1052 1863 1095 et
1892 1044 2118 1096 maxime
2143 1043 2305 1095 sancti
2334 1040 2594 1096 Pancratii
2621 1057 2900 1106 renovans,
2933 1044 3080 1108 plura
3109 1042 3215 1095 illic

1674 1148 1881 1200 quoque
1912 1147 2044 1184 nova
2072 1131 2389 1185 construxit.

856 1453 1801 1617 suamnam
1865 1455 2397 1563 parm

690 1636 1453 1737 EPISTOL/E
1565 1635 1745 1735 ET
1849 1634 2565 1737 DECRETA.

312 1816 670 1871 EPISTOLA
710 1815 915 1870 cuius
952 1816 1130 1884 (cun
1172 1816 1255 1880 ll).

234 1926 297 1963 ΔΙ)
334 1924 566 1963 Ξοεηωι
609 1922 987 1962 Ακειλτεκεειι
1028 1922 1320 1961 EPISCHPUII.

42 2000 90 2052 Ut
107 2001 195 2067 ipse
212 2011 256 2051 et
282 2001 569 2069 episcopus
608 1998 907 2050 Viennensis
930 1998 1139 2069 Romani
1169 2005 1327 2069 certos
1348 1994 1573 2069 homines

89 2065 292 2131 uittam,
311 2065 420 2137 'qni
458 2065 529 2119 de
551 2070 787 2137 ipsorum
814 2067 1154 2126 controversiis
1178 2066 1434 2127 instructi,
1466 2065 1572 2117 sedi

377 2136 679 2204 allegando
724 2143 1013 2205 suggerant.

90 2244 423 2299 Dilectissimo
480 2244 648 2298 fratri
697 2242 891 2296 Ennio
924 2241 1291 2313 Symmachus.

92 2355 227 2408 licvit
246 2355 499 2423 equidem
546 2369 678 2419 nos,
724 2351 862 2422 quod
904 2352 1199 2407 dilectionis
1245 2362 1346 2405 tua:
1388 2351 1577 2405 relatio

42 2444 314 2498 declaravit:
346 2460 599 2512 namque
625 2444 757 2515 (aL,
790 2443 1009 2512 nempe)
1036 2444 1228 2497 eontra
1261 2442 1469 2511 regulas
1490 2456 1578 2497 ec—

43 2533 279 2588 clesiastici
296 2535 615 2597 constituti,
647 2543 701 2586 et
721 2534 973 2587 adversus
992 2532 1398 2588 reverendorum
1420 2546 1577 2586 cano-

45 2636 143 2675 num
166 2631 468 2690 tractatum,
501 2639 608 2691 per
635 2623 1029 2690 subreptionem
1053 2623 1368 2677 Viennensis
1386 2623 1577 2677 Eccle-

49 2707 123 2761 sia:
144 2711 432 2777 [inutilium
473 2713 547 2764 de
574 2711 887 2778 apostolica.
936 2711 1252 2779 praesidente
1287 2710 1579 2778 prtedeces-

46 2809 140 2849 sine
162 2809 352 2864 nostro,
380 2800 520 2855 sede
550 2800 888 2867 culpabiliter
916 2801 1088 2867 aliqua
1113 2802 1403 2864 meruisse;
1435 2816 1577 2866 cum,

50 2886 85 2938 si
105 2887 162 2940 sit
183 2904 297 2943 vera
321 2891 674 2959 conquestio,
693 2888 936 2944 ellectnm
952 2904 1056 2943 non
1080 2891 1279 2958 possint
1297 2890 1578 2957 impetrata

54 2978 207 3031 nivale
254 2980 572 3047 possidere:
608 2994 709 3033 nec
736 2995 764 3033 a
787 2980 939 3034 nobis
984 2981 1179 3049 aliquid
1228 2980 1351 3035 novi
1387 2980 1581 3049 poterit

57 3065 270 3129 ordinari,
320 3068 425 3121 nisi
473 3082 606 3137 qua:
645 3082 677 3119 a
720 3067 955 3135 patribus
1000 3068 1579 3138 praedecessoribnsque

59 3154 219 3207 nostris
243 3154 339 3209 hac
364 3170 535 3210 causa
558 3164 755 3209 statuta
772 3156 1075 3210 claruerint.
1106 3156 1304 3212 Tamen
1329 3172 1398 3212 ne
1426 3157 1579 3212 facile

64 3237 242 3295 alterius
268 3244 434 3310 partis
467 3242 747 3297 absentia
767 3243 1232 3313 prazjudicabiliter
1280 3246 1581 3300 videremur

65 3326 203 3394 aliqua
226 3328 549 3394 decrevisse,
574 3330 633 3384 id
659 3331 826 3399 magis
851 3331 1095 3385 duximus
1125 3332 1497 3397 ordinandum,
1524 3341 1581 3387 ut

67 3414 320 3473 fraternitas
349 3430 437 3473 tua
475 3422 806 3487 competenti
849 3429 1086 3491 tempore
1112 3422 1181 3477 de
1218 3424 1581 3479 ecclesiastico

69 3502 217 3558 ordine
240 3506 556 3561 instructum
585 3522 693 3561 non
721 3516 953 3561 moretur
975 3510 1041 3564 de
1071 3510 1215 3563 omni
1266 3524 1423 3564 causa
1452 3511 1582 3564 diri-

70 3597 285 3662 θεῖε,ςαί
321 3596 463 3662 apud
520 3611 623 3649 nos
676 3598 948 3650 veritatem
994 3613 1167 3652 causa:
1218 3608 1581 3667 competenter

70 3682 223 3750 alleget
238 3701 252 3747 ;
270 3700 530 3754 quatenus
555 3686 890 3754 pertractatis
911 3687 1175 3752 omnibus,
1193 3688 1330 3755 quod
1347 3698 1581 3743 statuen-

70 3771 168 3823 dum
190 3785 281 3838 est,
303 3777 398 3829 sub
423 3776 833 3830 deliberationis
873 3776 1062 3830 robore
1108 3778 1395 3831 sanciatur.
1449 3777 1579 3830 Illud

74 3858 198 3914 etiam
221 3863 550 3919 ddcetionetn
584 3874 728 3918 tuam
784 3866 952 3919 lacere
980 3866 1174 3919 debere
1228 3867 1579 3934 prtecipinms,

74 3958 118 3998 ut
140 3948 325 4006 fratrem
344 3962 399 4007 et
420 3955 803 4021 coepiscopum
833 3963 1069 4007 nostrum
1100 3953 1411 4009 Viennensis
1439 3956 1581 4009 urbis

74 4037 312 4095 antistitem
340 4043 506 4096 misso
536 4042 724 4094 nuntio
750 4051 805 4095 et
838 4043 1096 4112 scriptura
1143 4053 1493 4105 commoneat,
1527 4053 1584 4097 ut

72 4127 321 4182 constantis
342 4130 534 4184 diebus
556 4132 603 4183 is
622 4144 831 4199 quoque
866 4132 1128 4186 hominem
1162 4133 1429 4202 proprium
1454 4134 1582 4187 diri-

75 4222 161 4277 εδι.
176 4215 254 4284 (ιιιὶ
272 4219 427 4285 partis
446 4220 570 4287 ejus
592 4218 929 4286 allegationes
951 4232 1310 4287 competenter
1330 4223 1578 4286 insinuet,

77 4303 432 4375 “depromptis
472 4309 545 4362 ab
600 4318 818 4375 utraque
861 4310 1303 4376 suggestinnibus,
1346 4313 1582 4365 securius

74 4394 233 4457 quin
257 4408 567 4464 perpetuum
598 4396 854 4450 servanda
884 4400 991 4450 sint
1033 4398 1402 4466 disponantur.
1448 4402 1578 4465 Quia

76 4490 249 4547 temper
266 4493 539 4551 suspectus
554 4482 779 4551 indicat,
801 4485 887 4552 qui
913 4487 1011 4539 sub
1032 4487 1183 4540 unius
1208 4488 1344 4554 quod
1371 4487 1576 4541 videtur

76 4566 193 4633 cl'git
213 4570 564 4638 deploratione
588 4574 812 4629 sancire.
852 4574 1098 4629 Dominus
1155 4585 1205 4631 te
1256 4579 1568 4633 incolumem

79 4659 308 4724 custodiat,
332 4662 495 4719 frater
521 4662 818 4717 carissime.
854 4664 979 4717 Da-ta
1009 4665 1108 4718 sub
1132 4666 1217 4719 die
1244 4683 1297 4719 Ill
1327 4668 1572 4721 calendas

78 4740 357 4812 Novembris.
387 4759 517 4819 post
542 4759 874 4805 consulatum
919 4753 1119 4807 Paulini
1152 4756 1251 4809 viri
1296 4757 1572 4811 clarissimi

80 4833 228 4895 Hnno
246 4838 361 4894 Chr.
389 4840 499 4895 I99
515 4839 557 4908 ).

370 4976 696 5031 EPISTULA
753 4978 793 5031 Il
850 4978 1052 5046 (OLIM
1098 4978 1219 5053 Ill).

464 5083 531 5120 AD
561 5083 803 5120 ιηιεκιωι
832 5084 1135 5122 ΡᾹΊἚΙΩΙΙΙΕ.

89 5156 139 5209 Dc
161 5156 291 5218 dett.
324 5166 558 5235 episcopo
579 5166 906 5233 Aquileiensi,
944 5172 1090 5236 cujus
1130 5169 1309 5237 pra‘bet
1343 5169 1573 5224 electiout'

650 5251 928 5289 assensum.

135 5332 441 5402 sumebas
488 5344 770 5412 cpiscopus
816 5344 1062 5400 Ecclesia:
1108 5346 1382 5402 catholica:
1424 5349 1568 5401 urbis

94 5420 243 5492 και,
266 5428 466 5490 Liberio
486 5434 709 5503 patricio
728 5435 971 5489 salutem.

138 5531 241 5591 CIII
266 5555 350 5608 pro
366 5543 661 5599 veneranda
705 5538 843 5614 (est‘
874 5545 1097 5599 Ennodii
1155 5548 1320 5614 prima
1374 5549 1464 5600 lib.
1500 5550 1566 5617 ν)

12 5668 15 5699 ῗ
94 5622 631 5693 tditium:conscientia:
662 5638 824 5691 verba
848 5636 1078 5706 dirigitis
1126 5638 1180 5691 in
1226 5640 1576 5706 Aquileiensis

1675 1818 1933 1872 electione
1965 1819 2242 1885 pontificis,
2273 1828 2325 1871 et
2346 1818 2534 1872 divinis
2560 1819 2759 1872 initiata
2795 1819 2964 1886 lingua
2998 1819 3224 1872 cultibus

1602 1888 1649 1945 Β
1678 1910 1867 1963 militat
1892 1910 2269 1972 consecranda.
2292 1910 2360 1965 .in
2408 1911 2567 1977 ignoti
2600 1925 2693 1961 nos
2718 1911 2986 1977 diligentia
3025 1926 3223 1962 sermo-

1675 2014 1799 2052 num
1836 1998 2041 2051 vincula
2092 2008 2403 2051 tenuerunt:
2435 2000 2553 2065 quia
2583 1998 2710 2050 nihil
2739 2008 2952 2063 superat
2990 1997 3221 2064 jndiciis,

1673 2094 1881 2159 quoties
1907 2090 2099 2157 aliquid
2132 2091 2378 2157 probatus
2399 2090 2666 2143 extulerit.
2699 2091 2830 2154 Quid
2850 2093 2987 2143 enim
3015 2102 3225 2144 senten-

1676 2181 1759 2231 tia:
1789 2179 2091 2246 sequacium
2123 2179 2475 2247 derelinquat,
2506 2178 2948 2246 quandojustitim
2977 2180 3224 2247 obsequi-

1675 2276 1781 2330 tur,
1811 2244 1962 2335 cujus
2015 2267 2065 2320 in
2105 2281 2324 2320 examen
2349 2244 2605 2319 ﬁdelinitio
2636 2244 2745 2319 non
2766 2268 3023 2319 vocatur?
3062 2244 3225 2334 Agit‘is

1676 2358 1815 2410 bono
1838 2357 2193 2421 conScicntim,
2216 2355 2355 2424 quod
2374 2366 2549 2408 vestro
2576 2356 2656 2408 viv
2682 2358 2959 2424 negari-tur
2984 2357 3222 2425 imperio.

1680 2447 1927 2499 Exhibuit
1952 2448 2089 2500 inter
2118 2447 2347 2499 arbitros
2369 2444 2655 2498 Marcellini
2707 2445 3015 2497 venerabilis
3062 2445 3225 2498 colle.

1676 2549 1795 2603 gam
1822 2533 2076 2586 Maximus
2106 2533 2375 2585 hominum
2409 2532 2703 2584 humilitate
2748 2532 3042 2596 sublimior,
3078 2543 3130 2584 et
3162 2548 3226 2584 ne

1679 2622 1920 2689 petestati
1953 2621 2098 2674 favor
2124 2636 2219 2689 per
2262 2621 2503 2689 obliquos
2552 2620 2941 2672 adscriberetur
2967 2620 3225 2687 interpre-

1679 2723 1779 2779 tes,
1803 2712 1939 2781 quod
1967 2712 2033 2766 de
2056 2713 2267 2778 proprio
2294 2711 2571 2778 descripsit
2596 2711 2825 2777 ingenio,
2847 2711 3039 2763 laudati
3056 2712 3227 2775 junsit

1677 2800 1742 2853 ad
1774 2800 2021 2869 pretium.
2053 2800 2244 2867 Egistis
2272 2798 2591 2853 mediocrem
2614 2840 2628 2863 ,
2661 2813 2727 2851 ne
2757 2797 3059 2865 ιιι-ωριοοίμὶ
3090 2810 3228 2851 ιεεςοι

1677 2900 1920 2958 suspecta
1967 2889 2301 2956 prtedicatio;
2355 2889 2766 2942 clarissimorum
2821 2888 3141 2953 testimonia,
3173 2897 3229 2940 ut

1678 2979 1819 3033 vires
1843 2979 2098 3046 accipiant
2127 2976 2379 3040 culmina,
2404 2978 2744 3046 castigantur.
2788 2976 2934 3030 Felix
2979 2978 3229 3030 sacerdo-

1680 3070 1828 3133 tium,
1858 3069 1943 3129 ctti
1972 3070 2134 3123 facem
2175 3067 2403 3135 prmtulit
2434 3067 2582 3136 plena
2615 3082 2763 3121 mens
2792 3067 3022 3120 luminis.
3073 3068 3228 3120 Beata

1680 3160 2033 3227 conversatio,
2055 3174 2172 3227 quae
2194 3158 2388 3211 idcirco
2412 3158 2463 3210 in
2485 3157 2863 3212 discnssionem
2886 3158 3105 3213 deducta
3126 3168 3229 3220 est.

1605 3225 1651 3285 (ἶ
1683 3260 1738 3303 ut
1768 3258 1915 3303 tanto
1950 3225 2445 3315 viro—adstipulante
2486 3256 2783 3315 superaret,
2816 3263 2933 3315 qua:
2969 3264 3071 3302 non
3098 3249 3230 3301 didio

1678 3339 1840 3392 cisset
1892 3352 2135 3407 saporem
2187 3338 2421 3390 victoria:
2466 3337 2564 3390 nisi
2606 3338 2951 3404 subjacuissct
2996 3338 3227 3391 incertis.

1680 3430 1901 3495 Semper
1922 3428 2293 3482 innocentibus
2335 3429 2557 3496 gloriam
2612 3428 2829 3482 adversa
2871 3438 3227 3498 pepererunt:

1678 3520 1918 3588 providet
1946 3519 2250 3572 defensores
2283 3517 2599 3572 fortissimos
2642 3520 2922 3574 mediocris
2959 3522 3229 3587 impugna-

1680 3610 1775 3662 tio.
1799 3608 1903 3663 Sed
1931 3608 2054 3675 quid
2091 3608 2326 3675 epistola:
2354 3609 2607 3662 terminos
2642 3609 2955 3676 loquacitate
2981 3610 3228 3676 produxi,

1678 3709 1888 3753 coactas
1915 3700 2028 3767 lege
2051 3701 2263 3767 paginas
2294 3700 2343 3750 in
2370 3704 2595 3751 humana
2617 3700 3022 3754 concinnatione
3048 3710 3223 3753 trans-

1680 3789 1930 3855 gressus?
1975 3788 2145 3857 Jungo
2189 3798 2244 3843 et
2288 3804 2387 3859 ego
2434 3790 2770 3857 amplissimis
2825 3792 3056 3857 patribus
3117 3793 3222 3859 (at.

1680 3879 2005 3946 amplissime
2034 3880 2303 3947 partibus)
2335 3882 2542 3938 vestris.
2574 3896 2667 3949 pro
2696 3882 2908 3934 modulo
2928 3883 3231 3946 cxignitatis

1683 3967 1931 4036 propriae,
1954 3969 2103 4021 vobis
2126 3968 2263 4021 cmlo
2287 3969 2609 4035 obsequente
2636 3984 2949 4023 consensum
2978 3989 2992 4023 :
3015 3973 3230 4040 etquod

1682 4056 1922 4110 mirabile
1950 4057 2086 4109 inter
2117 4058 2356 4110 homines
2400 4057 2643 4120 habetur.
2688 4060 3110 4115 consideratione
3139 4077 3229 4114 ve-

1681 4147 1775 4200 stri
1798 4145 2034 4198 attrabur
2062 4144 2126 4197 ad
2156 4160 2409 4198 amorem.
2436 4147 2686 4212 lnspirata
2733 4150 2859 4201 mihi
2885 4165 2978 4215 per
3003 4152 3229 4204 alterum

1682 4239 1848 4304 placet
1873 4236 2101 4297 alit-etin,
2127 4236 2249 4288 dum
2282 4245 2460 4289 manet
2482 4239 2674 4290 caritas
2695 4239 2813 4291 imis
2842 4240 3035 4292 inserta
3062 4241 3227 4296 visce-

1682 4328 1848 4381 ribus.
1880 4325 2251 4393 Peregrinante
2281 4340 2524 4391 persona,
2550 4328 2794 4381 comitem
2825 4342 2882 4381 se
2918 4338 3091 4381 tamen
3122 4344 3228 4381 cm-

1679 4418 1824 4471 lcstis
1836 4418 2001 4484 gratia
2015 4416 2289 4469 desideriis
2304 4416 2511 4482 jungat,
2525 4428 2578 4468 et
2592 4417 2715 4469 dum
2732 4420 2916 4482 cupitis
2938 4420 3091 4471 datur
3102 4420 3226 4473 clle-

1680 4517 1814 4573 etus,
1847 4516 1940 4560 aut
1964 4508 2135 4559 veniat
2167 4506 2356 4558 bonum
2385 4508 2735 4572 pontificatus.
2766 4518 2856 4560 aut
2889 4509 3063 4562 faciat.
3101 4511 3224 4562 ltata

1673 4611 1794 4649 svnt
1823 4596 2158 4649 colendarum
2193 4595 2563 4649 Novembrium
2603 4596 2709 4661 die,
2763 4599 3051 4653 indictione
3078 4610 3225 4653 octa-

1641 4749 1653 4762 _
1675 4701 1735 4737 va
1764 4687 1948 4754 (Anno
1970 4685 2095 4738 Chr.
2117 4684 2220 4738 499
2236 4684 2278 4753 ).

2077 4820 2395 4876 EPISTOLA
2436 4820 2497 4874 Ill
2536 4822 2714 4889 (OLIM
2755 4822 2815 4892 I).

1848 4944 2100 4983 SHISIACIII
2139 4943 2283 4981 PAPE
2324 4946 2389 4982 AD
2428 4944 2637 4983 EONIU!
2676 4948 3050 4990 Ακειλτειίειιι
3140 4994 3149 5007 ,

2304 5013 2583 5052 EPISCOI’UI
2592 5039 2605 5051 .

1682 5087 1917 5140 licscisst's
1964 5087 2027 5138 iis
2070 5102 2182 5150 quae
2226 5088 2523 5141 Anastasius
2572 5093 2802 5144 decessor
2848 5095 2900 5145 in
2950 5095 3221 5149 Παρθυιιὶ

1742 5156 2076 5228 controversia
2102 5157 2366 5228 inuocaret
2390 5200 2406 5223 ,
2436 5158 2645 5223 antiqua
2666 5163 2795 5212 sedis
2815 5167 3101 5228 apostolith
3130 5168 3219 5219 de-

1744 5235 1877 5276 creta
1915 5224 2159 5277 observari
2180 5225 2346 5291 jubet.

1747 5311 2093 5385 Dilectissimo
2116 5331 2266 5386 fratri
2299 5332 2491 5386 [Eonio
2523 5334 2888 5403 Symmachus.

1750 5462 2055 5514 Dilectionis
2098 5471 2201 5515 tua:
2257 5463 2479 5527 litteras,
2527 5467 2874 5534 mandataque
2904 5470 3012 5523 filio
3040 5482 3221 5524 nostro

1676 5550 1978 5602 Cimcentio
2029 5551 2339 5621 presbytero
2387 5555 2716 5607 internuntio
2744 5557 3016 5632 deferente
3042 5575 3217 5612 sust-c-

1680 5640 1878 5706 pimus,
1926 5638 2117 5707 quibus
2152 5650 2365 5694 constat
2392 5642 2528 5697 inter
2558 5644 2915 5699 Arelatensem
2964 5656 3018 5699 et
3063 5644 3215 5701 Vicu-
