3802 6242
1909 248 2137 309 SYMMA

2242 255 2263 310 ι
2300 257 2501 312 mem
2557 253 2562 256 ’
3727 280 3775 336 Ἦ

591 372 808 413 nensem
850 358 1143 415 Ecclesiam
1173 359 1382 428 aliquod
1427 360 1493 415 de
1531 361 1841 416 ordinandis
1887 365 2152 432 episcopis
2177 372 2227 427 Α
2253 367 2407 430 dam;
2440 377 2669 423 attamen
2711 371 2754 425 si
2779 385 2842 427 ea
2881 389 2998 442 quin
3031 376 3175 442 fecit,
3205 380 3596 439 rationabiliter
3632 385 3775 444 feeisse

586 448 642 501 in
670 447 860 504 vicinis
880 449 1184 504 civitatibus
1209 450 1335 504 eriri
1366 450 1663 505 luctamen:
1699 451 1784 505 illa
1818 467 1874 507 re
1901 453 2148 507 videlicet

588 535 838 603 faciente,
865 539 1002 606 quod
1033 539 1282 594 decessor
1317 548 1501 594 noster
1539 547 1735 595 sancta:
1767 544 2149 598 recordationis

588 627 923 693 Anastasius,
963 638 1199 685 tractans
1224 631 1590 685 confusionem
1619 632 1940 699 provincias,
1969 635 2146 696 aliqua

590 725 777 770 contra
825 707 1061 772 veterem
1111 719 1546 774 consuetudinem
1591 720 1814 788 jusserit
1854 721 2143 784 observari,

586 807 930 860 decessurum
981 821 1197 863 suorum
1253 809 1497 864 videlicet
1541 810 1930 866 ordinationem
1982 813 2145 882 (quod

587 912 691 952 non
740 899 1044 968 oportebat)
1091 900 1192 956 sub
1231 901 1467 969 qualibet
1517 903 1837 957 necessitate
1881 911 2150 971 transgre-

590 987 765 1044 diens.
814 989 943 1043 Nam
990 990 1114 1043 dum
1143 990 1206 1042 ad
1241 990 1490 1044 trinitatis
1522 991 1720 1058 instar,
1753 992 1906 1061 cujus
1934 1009 2032 1047 una
2063 1002 2148 1050 est

588 1090 749 1150 atque
779 1080 1045 1136 individua
1075 1091 1326 1150 potestas,
1363 1098 1522 1136 tinum
1563 1084 1631 1137 sit
1661 1099 1756 1153 per
1783 1085 2025 1138 diversos
2050 1099 2147 1138 an-

590 1170 785 1225 tistites
829 1172 1214 1236 sacerdotium;
1243 1173 1690 1240 quemadmodum
1749 1174 1984 1242 priorum
2032 1186 2146 1230 ata-

521 1303 525 1306 .
587 1270 700 1314 tuta
748 1276 775 1314 a
814 1263 1156 1331 sequentibus
1185 1264 1435 1318 convenit
1474 1264 1696 1318 violari?
1744 1265 1856 1319 Hoc
1899 1267 2145 1329 accedit,

584 1349 724 1420 quod
757 1365 823 1404 ne
859 1351 924 1407 sit
973 1353 1359 1406 sententiarum
1407 1355 1636 1408 varietas
1666 1353 1731 1407 ad
1763 1354 1928 1422 ipsam
1960 1367 2170 1410 sacro-'

584 1446 820 1492 sanctam
853 1439 1165 1493 catholicam
1198 1441 1506 1509 religionem
1537 1441 1808 1497 credimus
1839 1444 2143 1510 pertinere:

584 1527 738 1596 cujus
755 1529 931 1584 omnis
959 1539 1192 1598 potesms
1223 1530 1543 1599 infringitur,
1576 1523 1674 1585 nisi
1700 1533 1942 1587 universa
1967 1548 2085 1602 quae
2115 1548 2144 1587 a

586 1618 798 1673 Domini
842 1621 1210 1675 sacerdmibns
1258 1623 1426 1676 semel
1485 1632 1662 1677 statuu
1704 1634 1831 1690 tur,
1886 1636 2141 1693 perpetua

2255 458 2559 514 fraternitas
2583 471 2667 514 tua
2700 463 2958 529 docuerit,
2978 469 3335 532 gaudebimus
3365 474 3497 528 nihil
3523 489 3645 531 esse
3661 480 3713 532 ab
3731 496 3775 533 ea

2248 559 2432 602 contra
2468 564 2698 606 canones
2727 564 3060 623 attentatum,
3089 564 3210 626 quia
3248 563 3387 629 quod
3425 566 3482 617 fit
3519 577 3775 632 ιιι-τίπτε·

2249 641 2446 706 gulam,
2464 642 2621 694 modo
2643 645 2710 695 sit
2735 660 2797 696 ex
2817 644 2959 712 justa
2976 662 3155 713 causa,
3175 665 3280 703 non
3304 652 3544 722 infringit
3566 658 3775 728 regulam,

2249 743 2404 794 quam
2423 730 2531 783 sola
2550 733 2852 797 pervicacia
2880 744 2934 789 et
2956 737 3286 805 antiquitatis
3300 753 3637 812 contemptus
3655 747 3775 804 ladit.

2248 819 2379 874 Nam
2418 825 2661 890 quamvis
2700 839 2729 877 a
2777 827 3014 889 patribus
3058 838 3252 885 statuta
3297 833 3537 900 diligenti
3578 838 3773 890 obsona

2250 908 2392 963 tione
2420 919 2472 962 et
2495 912 2794 966 observanti
2817 912 3082 983 diligentia
3105 918 3214 971 sint
3236 923 3606 993 custodienda,
3627 927 3775 979 nihilo

2251 998 2425 1051 minus
2452 1008 2670 1067 propter
2702 1001 2910 1071 aliquod
2937 993 3144 1061 bonum
3164 1008 3231 1064 de
3255 1011 3430 1078 rigore
3463 1013 3597 1080 legis
3621 1014 3775 1083 aliquid

2248 1087 2543 1156 relaxatur,
2571 1091 2711 1159 quod
2754 1103 2807 1149 et
2849 1095 2960 1162 ipsa
3003 1097 3086 1151 lex
3115 1099 3341 1156 cavisset
3371 1103 3416 1158 si
3453 1106 3775 1172 przevidisset.

2250 1177 2312 1231 Et
2342 1194 2486 1246 833W
2516 1181 2732 1238 crudele
2761 1193 2903 1238 esset
2930 1186 3177 1244 insistere
3203 1190 3304 1261 legi
3331 1207 3453 1245 cum
3481 1195 3773 1249 observanti:

2249 1269 2364 1337 ejus
2402 1270 2520 1325 esse
2551 1273 2973 1341 pra'jndiciabilia
3017 1279 3263 1335 Ecclesiae
3295 1283 3535 1348 videtur;
3566 1289 3775 1354 quoniam

2249 1359 2392 1428 leges
2419 1374 2480 1414 ea
2525 1361 2818 1418 intentione
2862 1365 2978 1419 latas
3015 1379 3156 1431 sunt,
3188 1380 3244 1422 nt
3287 1371 3591 1438 proficiant,
3621 1390 3712 1428 non
3739 1385 3775 1434 ut

2249 1460 2493 1505 noceant.
2537 1453 2893 1518 Quamobrem
2938 1471 3116 1529 pergat
3159 1461 3374 1529 dilectio
3427 1473 3558 1532 tua,
3587 1468 3775 1524 ratione

2248 1556 2370 1609 qua:
2419 1541 2860 1609 predecessorem
2911 1558 3148 1604 nostrum
3192 1553 3255 1606 ad.
3307 1559 3636 1609 tractandam
3683 1574 3775 1626 pne

2248 1630 2444 1684 dictam
2485 1633 2849 1690 confusionem
2894 1637 3217 1705 impulerunt
3243 1644 3306 1694 ad
3347 1659 3444 1698 nos
3479 1647 3721 1714 dirigere.
3745 1661 3775 1704 ut

586 1711 714 1763 sint.
743 1710 892 1776 Quod
924 1711 1052 1766 alias
1081 1713 1388 1781 contingere
1417 1715 1636 1779 poterit.
1668 1714 1713 1766 si
1744 1729 2022 1769 successor
2054 1717 2143 1770 de-
2178 1720 2223 1779 Β
2247 1728 2301 1772 et
2330 1720 2562 1774 sciamus
2613 1724 2736 1791 quid
2786 1725 2946 1780 fuerit
2996 1733 3357 1795 statuendum,
3385 1742 3438 1788 et
3487 1735 3544 1788 in
3590 1710 3775 1792 Domitii

584 1800 812 1854 cessuris
856 1801 1058 1856 aelibus
1112 1816 1214 1855 non
1264 1801 1508 1856 tribuerit
1553 1803 1877 1872 firmitatem,
1909 1813 1959 1857 et
1991 1804 2149 1858 robo-

585 1890 753 1942 rando
781 1905 898 1958 qua:
927 1899 1072 1959 gesta
1100 1901 1245 1957 sunt,
1276 1892 1432 1946 faciat
1461 1902 1572 1946 rata
1601 1907 1720 1948 esse
1763 1909 1881 1962 qua:
1900 1896 2144 1963 gesserit.

587 1980 791 2044 Quanta
813 1982 954 2034 enim
980 1981 1188 2036 vicariis
1209 1981 1496 2035 beatissimi
1527 1981 1666 2037 Petri
1688 1983 1912 2052 apostoli
1939 1984 2146 2053 judica-

585 2069 731 2123 bitur
781 2085 901 2124 esse
951 2054 1281 2137 reverentia,
1311 2071 1354 2125 si
1393 2086 1510 2141 qua:
1539 2071 1592 2125 in
1620 2072 1918 2127 sacerdotio
1957 2075 2148 2142 praeei-

589 2158 773 2223 piunt,
829 2159 1029 2214 eisdem
1089 2160 1937 2216 transeuntibusdissolvantur?
1990 2162 2148 2219 Rele-

585 2262 773 2315 gentes
801 2265 928 2320 ergo
955 2258 1194 2305 veterum
1223 2251 1523 2305 antistitum
1556 2265 1717 2320 super
1742 2250 1841 2307 hac
1880 2266 2037 2308 causa
2057 2267 2148 2307 or-

584 2340 906 2406 dinationes,
923 2343 1118 2409 quibus
1139 2341 1555 2397 ecclesiasticum
1581 2351 1829 2410 gravatur
1854 2343 2140 2406 scrinium;

587 2431 931 2485 dilectionem
985 2441 1128 2485 tuam
1178 2431 1486 2486 enixissime
1534 2445 1956 2496 commonemus,
2005 2438 2146 2488 utin

587 2523 898 2576 ordinaudis
929 2538 1023 2592 per
1066 2522 1302 2592 singulas
1333 2523 1490 2578 urbes
1519 2522 1886 2578 sacerdotibus
1912 2538 2044 2577 cana
2083 2537 2146 2578 ac

587 2612 878 2667 reverenda
927 2622 1168 2669 servetur
1211 2612 1534 2681 antiquitas,
1580 2627 1676 2666 nec
1706 2612 1914 2666 novella
1944 2613 2144 2676 consti-

590 2709 724 2763 tutio
754 2717 973 2764 vetusta:
1001 2704 1295 2760 sanctionis
1334 2704 1496 2758 robur
1543 2705 1857 2767 imminuat,
1884 2704 2007 2774 quia
2040 2719 2144 2760 non

586 2798 742 2854 aliter
771 2809 907 2852 mter
937 2811 1029 2851 vos
1059 2797 1255 2866 poterit
1280 2796 1483 2849 servari
1513 2794 1820 2863 concordia,
1852 2796 1955 2848 nisi
1987 2797 2146 2852 novis

593 2889 975 2957 cupiditatibus
1004 2887 1330 2957 antiquitatis
1357 2886 1650 2940 reverentia
1697 2885 1886 2939 modus
1916 2886 2146 2954 pruden-

589 2978 711 3032 tiori
759 2978 1072 3031 adhibeatur
1118 2973 1366 3031 consilio.
1422 2974 1677 3028 Dominus
1727 2983 1778 3028 te
1825 2975 2143 3031 incolumem

2253 1808 2495 1864 laetemur
2522 1812 2690 1866 beatae
2745 1819 3014 1871 memoriae
3057 1820 3391 1876 Anastasium
3440 1825 3581 1878 nihil
3630 1826 3775 1882 fecisst

2247 1907 2662 1958 retractandum.
2697 1907 2835 1961 Deus
2877 1922 2929 1964 te
2957 1911 3273 1966 incolumem
3301 1924 3517 1979 servet,
3541 1896 3705 1971 frater
3729 1918 3775 1968 dii

2249 1989 2553 2046 lectissime.
2587 1995 2711 2047 Data
2746 2011 2797 2048 lll
2822 1996 2937 2050 idus
2958 1997 3235 2065 Octobres,
3262 2002 3463 2058 Avieno
3487 2015 3545 2058 et
3571 2005 3773 2074 Pompeii

2247 2081 2556 2138 consulibus
2585 2084 2762 2154 (Anno
2800 2086 2992 2143 Christi
3025 2089 3176 2159 50!).

2645 2232 2972 2305 EPISTULA
3006 2235 3046 2286 v
3076 2236 3270 2304 (0cm
3298 2237 3420 2309 IV).

2618 2357 2684 2394 an
2710 2359 3002 2399 alumnum
3034 2355 3060 2384 ε
3097 2363 3413 2404 Ριτλνιιωι.

2580 2464 2694 2532 Qua
2722 2470 2832 2536 ejus
2859 2469 3066 2522 virtutes
3093 2470 3461 2536 describuntur.

2315 2580 2666 2636 Dilectissimo
2688 2594 2849 2654 atque
2869 2589 3143 2642 carissimo
3171 2589 3313 2644 fratri
3344 2592 3640 2667 Maximino
3661 2597 3775 2650 Palat

2246 2672 2382 2726 vina:
2410 2671 2663 2728 Ecclesia
2716 2675 2990 2746 episcopo,
3036 2680 3383 2750 Symmachus
3420 2683 3707 2756 episcopus
3747 2691 3775 2744 it

2203 2761 2472 2840 .‘Domino
2499 2763 2747 2818 salutem.

2315 2882 2496 2938 Prodit
2516 2884 2778 2952 religiosa:
2800 2895 2978 2941 votum
3001 2889 3362 2959 conscientiae,
3389 2907 3550 2948 mens
3573 2895 3775 2948 laudibu‘

2245 2970 2433 3027 devota
2475 2973 2815 3042 pontificum:
2849 2977 3074 3032 assertio
3116 2980 3309 3049 ingenii
3355 2991 3456 3045 est,
3509 2983 3627 3039 Deo
3658 2985 3775 3037 obse

585 3069 883 3132 custodiat,
913 3067 1074 3122 frater
1105 3067 1396 3122 carissime.
1426 3065 1551 3119 Data
1597 3080 1654 3118 ut
1694 3065 1940 3120 calendas
1985 3066 2143 3120 Oeto-
2169 3063 2217 3128 C
2245 3067 2525 3136 quentibus
2547 3070 2848 3137 mancipare
2870 3070 3009 3139 quod
3032 3070 3314 3141 loquimur,
3343 3073 3396 3127 in
3416 3089 3652 3143 quorum
3684 3091 3775 3143 pra:

589 3161 720 3228 bris,
764 3160 953 3214 iterum
992 3167 1107 3228 post
1132 3158 1464 3212 consulatum
1503 3156 1709 3210 Paulini
1742 3158 1756 3187 ¹
1785 3155 2016 3225 jonioris
2043 3157 2142 3225 viri

582 3253 861 3306 claris~imi
893 3253 1072 3320 (Anno
1097 3250 1224 3305 Chr.
1249 3249 1397 3318 500).

659 3341 979 3396 Dominicum
1003 3341 1192 3409 pascha
1219 3356 1310 3394 Vlll
1337 3340 1575 3393 calendas
1594 3339 1783 3409 Aprilis
1809 3337 1862 3411 (x
1890 3337 1991 3392 cal.
2022 3337 2141 3392 Maii

487 3486 492 3491 .
581 3447 722 3487 anno
766 3430 911 3499 ξέοι).

948 3569 1269 3646 EPISTULA
1310 3569 1383 3640 IV_
1415 3566 1598 3639 (OLIM
1638 3567 1772 3636 XII).

820 3675 887 3713 ΑΞ)
926 3674 1117 3713 Ανιτωιι
1161 3672 1438 3711 EPISCOPUI
1479 3670 1800 3709 VIENNENSEI
1842 3665 1890 3708 ³.

578 3769 682 3823 Cur
710 3769 988 3822 inauditam
1008 3783 1211 3839 oausam
1225 3767 1463 3839 judicare
1483 3767 1698 3839 noluerit
1718 3782 1738 3820 .°
1757 3769 1989 3835 quodque
2007 3767 2137 3839 leges

1009 3839 1106 3890 sint
1134 3837 1406 3907 aliquando
1430 3836 1699 3889 solvendis.

631 3947 984 4003 Dilectissimo
1014 3931 1169 4000 fratri
1189 3946 1343 4000 Avito
1369 3943 1714 4016 Symmachus
1748 3955 1794 3997 ο.

647 4061 759 4114 Non
811 4058 994 4112 debuit
1060 4057 1330 4111 caritatem
1379 4065 1522 4110 tuam
1568 4054 1837 4108 oﬂ'endere
1887 4056 2024 4124 quod
2068 4057 2134 4111 ad

575 4154 792 4208 fratrem
841 4163 895 4220 et
938 4151 1306 4218 coepiscOpum
1375 4158 1610 4202 nostrum
1669 4145 1920 4200 onnium
1968 4162 2135 4215 nuper

574 4244 964 4310 rescripsimus.
1038 4239 1152 4291 Non
1224 4237 1363 4291 enim
1429 4236 1534 4304 jnri
1607 4244 1736 4298 tuo,
1789 4233 2134 4290 dilectissime

573 4336 763 4399 frater,
796 4333 1192 4403 prmjudicatnm
1232 4328 1347 4394 fttit,
1380 4344 1499 4382 cum
1550 4341 1665 4393 nos,
1704 4326 1935 4380 inaudita
1982 4336 2131 4394 parte

2246 3155 2417 3210 coniis
2444 3155 2580 3211 forte
2599 3165 2850 3225 angustus
2877 3174 3054 3213 sermo
3075 3162 3248 3230 vulget
3270 3162 3619 3229 imperitiam,
3644 3163 3775 3217 mani

2244 3243 2402 3299 festat
2430 3254 2628 3313 tamen,
2657 3246 2702 3299 si
2720 3247 3068 3314 abstineatur,
3092 3248 3388 3305 infantiam.
3429 3251 3568 3318 Quis
3607 3255 3775 3307 mendi

2242 3349 2357 3388 eam
2381 3336 2737 3391 narrationem
2785 3339 3028 3404 aestimet,
3074 3355 3229 3408 quam
3275 3351 3393 3396 vota
3423 3342 3755 3412 locupletant

2242 3423 2398 3493 Saepe
2441 3426 2492 3480 in
2546 3425 2808 3481 facundiae
2845 3429 3058 3483 dotibus
3106 3447 3303 3500 pauper
3354 3432 3636 3488 invenitur
3679 3451 3773 3486 ven

2240 3514 2599 3583 praedicantis,
2646 3525 2700 3571 et
2739 3532 2771 3572 e
2809 3516 3021 3572 diverso
3048 3517 3322 3573 thesaurus
3351 3522 3535 3576 cordia
3588 3525 3775 3578 irradia

2241 3604 2294 3656 in
2324 3613 2556 3673 egestate
2587 3607 2886 3660 verborum.
2917 3608 3012 3673 Qui
3046 3609 3157 3662 vice
3186 3609 3276 3664 Dei
3314 3609 3545 3677 judicat,
3583 3627 3695 3666 non
3723 3613 3775 3668 ds

2238 3683 2438 3748 siderat
2457 3696 2588 3760 picta
2619 3697 2844 3764 alloquia
2872 3697 3002 3766 (aL,
3034 3699 3356 3769 colloquia),
3387 3701 3483 3755 sed
3513 3719 3646 3771 qua
3677 3704 3773 3756 infu

2236 3793 2388 3838 Catus
2429 3786 2765 3840 commendat
2815 3786 2956 3840 nitor
3005 3787 3236 3856 ingenii:
3282 3789 3402 3856 quia
3435 3790 3487 3842 in
3535 3791 3625 3844 his
3652 3792 3775 3845 etiam

2237 3875 2355 3929 sine
2384 3889 2565 3929 amore
2592 3875 2861 3929 blanditur
2884 3875 3207 3946 eloquentia,
3238 3876 3290 3930 in
3321 3877 3423 3931 illis
3450 3879 3775 3946 splendores;

2235 3979 2386 4020 suum
2438 3965 2632 4019 veritas
2688 3965 2824 4020 ntida
2874 3965 3225 4020 commendat.
3273 3963 3402 4020 Sine
3447 3967 3700 4036 phaleris
3729 3983 3775 4028 es

2234 4070 2392 4110 omne
2420 4056 2558 4124 quod
2610 4056 2773 4110 dictat
2798 4055 3040 4127 affectio:
3089 4055 3154 4109 ad
3198 4070 3424 4123 unguem
3468 4053 3775 4111 fabricantzl

2234 4147 2340 4211 illa,
2397 4161 2514 4214 quae
2543 4146 2786 4200 volumus
2826 4161 2929 4199 non
2982 4156 3086 4200 tam
3128 4147 3357 4214 speciem
3413 4149 3555 4202 recti
3613 4149 3775 4224 haben

2223 4230 2388 4305 quam
2416 4235 2832 4288 similitudinem.
2859 4237 2939 4292 Ad
2968 4245 3039 4302 te,
3070 4235 3384 4290 venerabilis
3413 4238 3552 4289 milii
3580 4239 3775 4291 antisti!

2232 4326 2482 4392 maxime,
2526 4339 2701 4378 sermo
2728 4333 2830 4390 est,
2857 4325 2940 4378 cui
2982 4339 3101 4377 cum
3151 4325 3455 4378 meritorum
3488 4327 3775 4380 testimonii

571 4434 626 4478 et
679 4423 878 4492 absque
928 4420 1244 4489 competenti
1298 4418 1642 4473 instructione
1685 4432 1788 4496 non
1845 4431 2000 4484 posse
2045 4417 2128 4485 ju-
2158 4416 2205 4473 D
2232 4415 2397 4467 virtus
2425 4413 2586 4480 ccepit
2612 4427 2642 4466 a
2693 4412 2970 4477 vocabulo,
2993 4412 3042 4465 in
3071 4426 3176 4480 quo
3216 4421 3364 4465 actus
3392 4413 3685 4481 eloquitur
3711 4420 3775 4497 qd

571 4513 750 4566 dicare
817 4510 1206 4576 respondimus.
1285 4508 1432 4562 Unde
1489 4507 1802 4559 fraternitati
1855 4515 1955 4558 tuo
2021 4505 2126 4559 sal-

571 4618 694 4655 vum
745 4610 825 4654 est
875 4600 1139 4668 allegare,
1179 4597 1318 4664 quod
1377 4597 1640 4664 putaverit
1689 4597 2017 4664 allegandum
2072 4603 2125 4649 ct

571 4706 867 4760 proponere
909 4689 1048 4759 quod
1105 4686 1296 4742 viderlt
1349 4687 1768 4755 proponendum.
1820 4687 1949 4740 Nam
2001 4686 2124 4740 licet

569 4782 929 4836 confusionem
952 4780 1232 4847 provincia:
1253 4794 1283 4830 a
1309 4779 1700 4846 prmdccessore
1727 4788 1909 4832 nostro
1923 4787 2121 4833 saneta:

570 4871 842 4925 memorite
876 4871 1155 4923 Anastasio
1200 4871 1450 4936 episcopo
1482 4880 1670 4935 praeter
1714 4871 1965 4924 Ecclesia:
1995 4884 2120 4924 con-

525 4947 897 5017 suetudinem
956 4971 1008 5014 et
1065 4960 1274 5027 antiqua
1330 4959 1772 5027 praedecessorum
1820 4970 2119 5014 nostrorum

569 5060 764 5108 Statuta
796 5051 983 5103 factam
1024 5064 1141 5103 esse
1168 5049 1456 5103 dixerimus
1504 5058 1556 5102 et
1589 5063 1690 5100 non
1734 5063 1852 5103 es+e
1883 5050 2116 5104 toleran-

637 5249 652 5278 ⁸
696 5241 1054 5312 Expungenda
1084 5255 1192 5312 vox
1221 5242 1336 5293 hinc
1364 5230 1615 5312 fortioris,
1647 5239 1712 5312 ab
1739 5239 1917 5312 aliquo
1942 5237 2108 5312 sciolo

570 5305 792 5379 intrusa;
819 5305 938 5366 cuin
972 5310 1220 5379 Paulinus
1248 5325 1335 5363 an.
1362 5305 1463 5363 λῦε
1480 5308 1660 5379 consul
1687 5305 2117 5379 ordinariusdici

567 5400 669 5438 non
696 5377 860 5452 possit
873 5378 1206 5452 junior,quia
1238 5380 1409 5452 nullus
1426 5377 2048 5452 ejusdem_nomiiii§_eum
2063 5377 2116 5452 i_n

563 5442 839 5511 consulatu
864 5442 1225 5520 praeceperat.
1248 5447 1433 5520 Pagina
1449 5442 2112 5520 adan.l‘1ltristil99,n.l§.

562 5529 616 5553 ἰ
636 5533 660 5561 ⁸
691 5522 827 5577 Aviti
857 5513 920 5575 ad
944 5513 1564 5588 Symmacltum'epistola
1596 5515 1785 5588 videsis
1809 5513 2119 5588 Patrdlogite

567 5609 693 5650 toto.
717 5589 850 5660 LIX,
868 5585 1118 5646 0011ξὲίὸ
1136 5598 1186 5643 et
1201 5587 1326 5642 248.
1348 5586 1564 5642 Enttodii
1582 5586 1645 5642 ad
1669 5585 1909 5642 eumdem
1934 5596 2120 5652 papam

2229 4519 2423 4558 nomen
2452 4501 2698 4571 appellat.
2737 4500 2962 4554 Provida
2986 4508 3259 4568 parentum
3281 4499 3562 4568 diligentia
3591 4513 3771 4557 tuorum

2229 4593 2371 4662 prius
2400 4601 2450 4646 te
2479 4592 2598 4660 eligi
2631 4589 2750 4660 (aL,
2782 4588 3002 4658 eligere)
3034 4589 3216 4659 voluit,
3256 4605 3413 4660 quam
3447 4591 3704 4659 probari.
3733 4586 3775 4644 ’Π

2226 4682 2354 4736 οΙίιη
2381 4680 2718 4735 siecularibos
2739 4679 3081 4732 itibterentetn
3112 4679 3293 4745 titulis,
3316 4679 3623 4734 castrensis
3643 4679 3775 4763 sudo

2226 4771 2477 4834 excoluit,
2519 4779 2572 4824 et
2601 4769 2666 4823 ad
2700 4768 2950 4823 Ecclesia
2977 4769 3331 4837 gubernacula
3385 4783 3518 4836 pars
3569 4769 3773 4823 advers

2227 4862 2488 4925 solidavit,
2519 4860 2655 4914 sicut
2686 4860 2936 4912 Dominus
2968 4858 3200 4927 loquitur
3228 4859 3278 4911 in
3318 4858 3622 4927 Evangelia
3647 4875 3666 4911 :
3699 4838 3775 4922 Osi

2218 4955 2271 5007 in
2293 4954 2498 5005 minimo
2529 4951 2714 5020 ﬁdelis,
2765 4961 2812 5003 et
2857 4951 2909 5002 in
2939 4965 3119 5019 magno
3145 4949 3309 5018 ﬁdelia
3335 4960 3408 5002 eu
3440 4948 3610 5016 (Luc.
3657 4951 3775 5031 an)‘

2218 5046 2295 5100 Te
2321 5057 2528 5099 sacrum
2549 5040 2706 5110 judex
2738 5051 2790 5095 et
2813 5038 3018 5094 consilii
3043 5040 3286 5092 comitem
3312 5040 3528 5101 meruit,
3561 5040 3771 5094 etiam

2214 5237 2453 5302 epistola:
2484 5235 2624 5288 inter
2654 5231 2794 5288 illius
2820 5249 2978 5304 Opera
3003 5234 3150 5287 initio
3175 5233 3298 5287 tomi
3326 5237 3610 5302 sequentia
3633 5246 3775 5299 rem

2225 5309 2435 5358 dentur.
2466 5305 2628 5364 Eutr.

2225 5442 2264 5470 υ
2291 5373 2676 5470 δενιὲξζξξξξξάίε
2711 5373 2771 5427 li.
2803 5373 2860 5426 P.
2896 5372 3037 5424 llier.
3068 5370 3294 5438 Vignerii
3340 5387 3459 5440 pag.
3490 5372 3628 5438 583,
3657 5366 3775 5427 ml

2223 5442 2657 5566 vocsfticédeiﬁi'one
2686 5511 2849 5563 Mansi
2884 5509 3170 5575 legebatur,
3201 5511 3274 5562 Ad
3305 5507 3651 5565 Laurentia.
3685 5511 3775 5570 la-

2226 5582 2590 5648 diolancnsem,
2621 5581 2891 5636 mendose.
2927 5582 3078 5634 Eutr.
3773 5654 3775 5687 Χ

3773 5752 3775 5821 1

3773 5922 3775 5957 l
