3842 6226
555 268 624 321 55
1875 265 2223 321 SYMMACIH
2265 267 2467 323 ΡΛΡεΕ

3715 281 3778 334 56

555 376 730 444 largiri
758 375 982 430 suaserit
1007 394 1018 427 ε
1050 375 1125 429 sic
1149 383 1321 429 tamen
1344 382 1402 428 ut
1429 375 1542 428 hmc
1570 377 1679 441 ipsa
1705 389 1806 428 non
1829 387 2105 443 perpetuo,
2135 377 2184 435 Α
2213 393 2297 430 vm
2336 379 2450 432 idus
2496 379 2824 456 Novembris,
2860 382 3031 440 Probo
3059 388 3171 442 viro
3200 390 3500 444 clarissimo
3545 397 3778 446 ςσιηιιιε

554 465 645 520 sed
677 466 1030 532 temporaliter
1055 465 1224 518 donec
1253 464 1481 518 vixerint
1505 465 1855 533 perfruuntur.

623 664 751 716 Illud
794 678 1108 730 magnopere
1159 673 1576 724 commoneutes,
1610 672 1665 714 ut
1688 663 1736 716 hi
1765 664 1851 729 qui
1878 679 1978 716 non
2012 663 2101 715 Dei

550 753 736 816 gratia,
769 752 860 804 sed
894 753 1242 816 promissione
1269 767 1442 804 rerum
1473 751 1951 804 ecclesiasticarum
1973 767 2104 819 pra:-

551 841 668 892 miis
717 840 833 907 (aL,
867 842 1148 908 promissa)
1189 841 1252 893 ad
1282 840 1633 893 sacerdotium
1673 851 1931 893 conantur
1956 856 2104 894 acce-

549 929 693 992 dere,
721 928 1101 983 desideriorum
1133 930 1309 983 talium
1354 930 1626 996 priventur
1662 930 1779 993 (aL,
1804 931 2102 996 repriman-

550 1018 670 1085 tur)
721 1018 933 1072 effectu.
986 1020 1082 1084 Qui
1122 1028 1210 1071 aut
1254 1019 1319 1070 ab
1365 1018 1660 1086 hujusmodi
1701 1034 1757 1071 se
1815 1020 2100 1072 intentione

547 1108 846 1170 cohibeant,
876 1119 963 1162 aut
1009 1108 1250 1161 vindictis
1281 1108 1414 1177 (al.,
1442 1109 1542 1172 Qui
1569 1116 1746 1161 autem
1778 1122 1835 1161 se
1864 1124 1913 1160 a.
1945 1108 1996 1160 h.
2023 1109 2096 1162 iu.

547 1212 649 1250 non
681 1198 953 1261 cohibent,
981 1198 1242 1263 vindiciis,
1265 1198 1406 1265 etc.)
1427 1211 1687 1250 canonum
1709 1197 1878 1250 sciant
1899 1211 1958 1251 se
1982 1197 2098 1250 sine

545 1288 868 1343 dubitatione
897 1289 1216 1342 subdendos.

613 1491 684 1544 De
714 1489 861 1544 laicis
889 1488 1129 1558 personis
1162 1486 1519 1550 decernimus,
1551 1501 1616 1540 ne
1643 1485 1794 1539 facile
1820 1486 1884 1539 ad
1919 1499 2093 1539 sacer-

542 1583 741 1636 dotium
765 1583 1135 1651 permittuntur
1157 1579 1429 1643 accedere,
1455 1579 1643 1647 quibus
1669 1588 1722 1630 et.
1756 1587 2011 1643 tempora,
2040 1585 2093 1629 et

538 1675 730 1741 gradus
759 1673 1032 1727 constituti
1065 1681 1204 1734 sunt,
1239 1685 1331 1737 per
1360 1685 1491 1736 quos
1518 1669 1582 1721 ad
1615 1668 1748 1721 hanc
1783 1667 2085 1735 dignitatem

539 1763 766 1817 debeant
806 1763 1119 1829 adspirare:
1166 1761 1285 1826 quia
1336 1760 1636 1827 quicunque
1687 1759 1802 1811 sine
1851 1757 2090 1810 instituto

539 1860 892 1918 promovetur,
927 1863 1029 1902 non
1061 1848 1210 1901 facile
1237 1857 1381 1900 caret
1419 1845 1641 1908 offensa,
1666 1853 1719 1898 et
1744 1846 1858 1899 sine
1883 1844 2088 1912 experi-

538 1947 717 1994 mento
744 1954 846 1991 non
874 1946 1042 2006 potest
1064 1937 1180 2005 quis
1199 1935 1472 1990 electionis
1493 1934 1732 1988 obtinere
1754 1935 2084 1987 sententiam.

1262 2045 1350 2098 Ν.

606 2140 861 2205 Raptores
890 2139 1046 2206 igitur
1073 2137 1346 2191 viduarum
1373 2135 1453 2189 vel
1480 2135 1755 2203 virginum,
1781 2148 1875 2202 pro
1901 2136 2086 2187 imma-

534 2231 697 2283 nitate
727 2229 855 2282 tanti
897 2226 1143 2281 facinoris
1185 2226 1529 2291 detestamur,
1573 2224 1696 2277 illos
1722 2224 2087 2277 vehementius

536 2318 915 2388 persequendo,
948 2319 1033 2384 qui
1062 2318 1168 2370 Deo
1193 2322 1424 2370 sacratas
1453 2316 1700 2382 virgines,
1727 2315 1805 2367 vel
1823 2315 2079 2383 volentes,

534 2409 616 2462 vel
643 2407 853 2469 invitas,
877 2405 1210 2458 matrimonio
1231 2418 1328 2457 suo
1351 2404 1555 2458 sociare
1579 2403 1896 2458 tentaverint
1917 2420 1930 2456 :
1950 2418 2083 2472 quos

534 2514 629 2566 pro
658 2509 760 2552 tam
791 2497 1001 2551 nefandi
1033 2496 1267 2549 criminis
1310 2495 1583 2549 atrocitate
1629 2509 1658 2547 a
1713 2496 2082 2550 communione

530 2587 777 2656 suspendi
818 2585 1174 2654 praecipimus.

1279 2694 1340 2747 γ.

597 2785 778 2854 Neque
807 2784 989 2838 viduas
1018 2783 1083 2837 ad
1106 2783 1312 2849 nuptias
1352 2782 1578 2836 transire
1606 2782 1852 2849 palim‘ur,
1883 2798 1998 2850 quae
2025 2783 2078 2837 in

529 2874 775 2943 religioso
805 2873 1072 2942 praposito
1100 2872 1346 2929 diuturna
1377 2871 1746 2924 observatione
1774 2884 2076 2939 permanse-

527 2972 668 3018 runt.
712 2964 969 3017 Similiter
1017 2962 1245 3031 virgines
1294 2960 1494 3015 nubere
1537 2960 1897 3029 prohibemus,
1945 2975 2075 3029 quas

2208 468 2226 536 (
2255 470 2407 523 Anno
2434 469 2560 525 Chr.
2591 471 2691 526 503
2716 473 2736 541 )
2765 484 2812 527 ³.

2823 595 3144 652 EPISTULA

2379 727 2729 768 ORIENTALIUH
2771 731 3120 772 El'ISCOPORUII
3150 736 3216 773 AD
3243 736 3594 776 SYI‘ACHUI.

2206 838 2390 892 Petunt
2423 853 2473 890 ut
2499 842 2837 897 Orientalibus
2859 846 3097 902 Ecclesiis
3123 852 3388 905 schismate
3415 854 3772 907 laboran'ibm

2271 912 2589 987 opemferat,
2629 929 2773 987 seque
2800 917 2851 967 in
2889 920 3236 972 communione
3265 923 3475 987 recipiat
3499 937 3518 976 :
3542 927 3773 976 catholi-

2271 994 2380 1028 cam
2404 979 2555 1046 ﬁdem
2584 983 2902 1049 proﬁtentur,
2933 995 2978 1038 et
3011 987 3217 1041 [termes
3245 979 3505 1044 damnant.

2273 1106 2506 1160 Ecclesia
2560 1108 2842 1166 Orientalis
2895 1113 2962 1166 ad
3014 1115 3388 1192 Symmachum
3444 1120 3769 1188 episcOpuni

2201 1193 2518 1248 Romanum.

2268 1285 2440 1337 Bonus
2461 1287 2546 1340 ille
2571 1290 2624 1340 e't
2647 1299 2848 1342 amator
2881 1291 3148 1347 hominum
3181 1294 3436 1349 Dominus
3460 1306 3658 1353 noster
3677 1299 3762 1352 Je-

2195 1385 2283 1425 sus
2319 1371 2590 1442 Christus,
2614 1379 2702 1446 qui
2731 1388 2948 1447 propter
2976 1381 3264 1438 bonitatem
3291 1399 3441 1439 suam
3466 1387 3519 1440 in
3552 1403 3660 1441 nos
3690 1391 3765 1441 in-

2192 1461 2393 1516 clinans
2423 1464 2586 1518 cmlos
2610 1505 2625 1527 ,
2654 1477 2709 1519 et
2732 1469 3059 1525 descendens
3088 1474 3152 1526 ad
3182 1483 3372 1538 terras,
3402 1476 3763 1530 immaculatis

2194 1548 2492 1619 Evangeliis
2526 1555 2758 1622 quotidie
2800 1558 2932 1618 illud
2969 1563 3160 1614 clamat
3192 1579 3204 1614 :
3240 1563 3358 1615 Non
3388 1575 3462 1617 est
3508 1580 3650 1630 Opau
3678 1583 3760 1617 oa-

2194 1645 2405 1697 lentibus
2425 1647 2636 1712 medico,
2669 1647 2757 1710 ad
2779 1649 2911 1702 male
2929 1652 3222 1706 habentibus
3244 1653 3457 1723 (Matth.
3490 1658 3608 1722 ta);
3643 1657 3759 1709 Non

2190 1736 2300 1785 veni
2344 1751 2520 1790 vocare
2568 1740 2727 1802 iustos
2750 1778 2766 1800 ,
2816 1740 2904 1792 sed
2954 1751 3235 1806 peccatores
3285 1745 3352 1794 ad
3402 1747 3757 1813 paenitentiam

2191 1820 2380 1888 (Marc.
2411 1823 2491 1892 ii).
2523 1825 2647 1878 Plus
2667 1835 2839 1881 autem
2867 1829 3050 1882 volens
3084 1833 3296 1898 aperire
3323 1847 3482 1900 opera
3509 1849 3630 1887 sua:
3656 1836 3757 1889 cle-

2190 1911 2398 1964 mentiae
2419 1952 2434 1976 ,
2467 1912 2662 1979 adjecit
2705 1914 2757 1967 in
2802 1917 3142 1984 sequentibus
3168 1918 3389 1975 dicens:
3426 1921 3558 1983 Quis
3590 1932 3755 1975 autem

2187 2011 2398 2053 vestrum
2427 2003 2612 2057 habens
2647 2014 2842 2058 centum
2882 2022 3012 2071 oves,
3054 2008 3098 2059 si
3126 2009 3396 2073 perdiderit
3426 2027 3572 2063 onem
3601 2029 3748 2063 unum

2186 2106 2249 2142 ea:
2272 2091 2352 2152 iis.
2383 2109 2550 2146 nonne
2578 2094 2820 2164 relinquit
2850 2099 3126 2165 nonaginta
3149 2113 3323 2150 nonem
3345 2100 3397 2152 in
3426 2101 3637 2153 deserto
3661 2143 3673 2164 ,
3708 2115 3750 2154 et

2186 2182 2320 2234 vadit
2338 2183 2407 2235 ad
2433 2185 2706 2251 perditam,
2733 2187 2957 2254 quanditt
2983 2189 3200 2242 inveniat
3223 2190 3404 2242 illam!
3420 2201 3467 2242 et
3492 2193 3747 2244 inveniens

2184 2271 2394 2339 imponit
2423 2273 2566 2325 illam
2588 2279 2811 2342 gaudens
2850 2278 2903 2329 in
2933 2278 3152 2329 humeris
3179 2279 3304 2342 suis,
3337 2289 3381 2332 et
3414 2283 3626 2333 cariem
3655 2284 3741 2333 da-

2185 2378 2323 2414 mum
2358 2379 2521 2426 suam,
2550 2376 2786 2420 convocat
2828 2369 3020 2420 amicos
3047 2383 3168 2420 suos
3195 2379 3244 2421 et
3272 2370 3484 2432 uicinos,
3520 2373 3694 2424 dicem
3724 2389 3740 2422 :

2183 2449 2500 2520 Congaudete
2547 2455 2669 2506 mihi
2681 2495 2696 2519 ,
2743 2456 2865 2524 quia
2902 2456 3065 2508 inveni
3108 2473 3246 2509 ovem
3286 2473 3450 2510 meant
3486 2461 3737 2526 perditam

2183 2539 2332 2607 (Luc.
2363 2542 2474 2608 xvi).
2509 2543 2571 2596 Et
2600 2553 2655 2596 ut
2674 2545 2867 2598 clarius
2894 2545 3045 2600 fieret
3072 2545 3211 2611 quod
3236 2545 3430 2599 dicitur
3451 2589 3465 2611 ,
3499 2562 3624 2601 mox
3651 2552 3734 2599 ad-

2175 2630 2304 2696 jecit
2346 2634 2642 2697 parabolam
2699 2634 2931 2688 mulieris
2990 2650 3108 2703 quas
3156 2635 3410 2702 perditam
3462 2639 3743 2692 invenerat

2179 2717 2506 2783 drachmam,
2537 2723 2774 2789 utrisque
2795 2723 3086 2790 adiungens
3106 2731 3160 2776 et
3185 2723 3368 2778 dicens
3398 2741 3412 2776 :
3446 2726 3610 2778 Amen
3631 2725 3737 2776 dice

2177 2806 2337 2866 vobis.
2364 2808 2486 2874 quia
2508 2810 2582 2862 sic
2609 2810 2694 2876 ﬁet
2719 2811 2969 2878 gaudium
3004 2812 3057 2864 in
3087 2812 3221 2865 cretis
3255 2812 3316 2864 de
3343 2829 3451 2866 uno
3482 2825 3736 2881 peccatore

2177 2896 2512 2962 penitentiam
2538 2910 2737 2965 agente.

2249 2985 2371 3039 Hmc
2415 2985 2664 3052 diximus,
2717 2989 3068 3055 sanctissime,
3113 2991 3227 3046 ausi
3276 2994 3576 3060 supplicare
3622 3007 3723 3045 non

525 3057 678 3149 armis
702 3054 942 3124 plurimis
964 3053 1014 3107 in
1045 3053 1379 3107 monasteriis
1409 3061 1618 3106 aetatem
1655 3051 1924 3121 peregisse
1948 3067 2073 3106 con—
2101 3049 2150 3113 ο
2179 3087 2274 3142 pro
2305 3075 2598 3142 perditione
2625 3049 2779 3132 “Vnius
2794 3079 2933 3143 ovis,
2953 3049 3126 3149 [δρῴη
3147 3095 3244 3149 pro
3261 3049 3566 3148 pelid'mone
3585 3080 3730 3134 “nim

527 3145 722 3214 tigerit.

1261 3217 1340 3271 Vl.

593 3308 775 3366 Nullus
805 3312 981 3379 itaque
1011 3326 1104 3379 per
1128 3310 1382 3362 ambitum
1425 3311 1490 3363 ad
1527 3301 1863 3381 episcopatus
1909 3313 2075 3367 hono-

523 3416 633 3458 rem
659 3402 992 3471 permittatur
1017 3401 1291 3455 accedere.
1321 3399 1449 3453 Nam
1480 3415 1597 3455 eum
1635 3404 1719 3455 hic
1744 3417 1994 3456 excessus
2019 3407 2072 3457 in

530 3493 654 3549 liica
683 3493 1085 3547 conversatione
1115 3492 1382 3560 culpetur,
1412 3492 1530 3561 quis
1556 3492 1762 3547 dubitat
1784 3495 1923 3563 quod
1951 3497 2075 3550 reli-

522 3586 679 3656 giosis
704 3593 758 3640 et
783 3585 892 3638 Deo
920 3585 1270 3638 servientibus
1291 3583 1462 3637 inurat
1488 3585 1608 3650 (aL,
1627 3585 1861 3653 inducat)
1884 3602 2075 3656 oppro-

522 3674 734 3730 brium?
760 3673 816 3728 Si
843 3674 962 3742 quis
987 3674 1346 3741 episcopatum
1373 3673 1667 3738 desiderat,
1699 3676 1819 3727 data
1853 3677 2071 3742 pecunia

522 3775 762 3835 potentes
802 3778 1056 3832 personas
1083 3762 1298 3816 minime
1342 3762 1733 3832 suffragatrices
1782 3766 2070 3820 adhibeat:

520 3873 616 3914 nec
639 3856 704 3912 ad
718 3855 988 3911 decretum
1008 3856 1107 3909 sibi
1125 3855 1420 3908 faciendum
1444 3855 1667 3909 clericos
1692 3857 1770 3911 vel
1790 3857 1934 3911 cives
1954 3859 2074 3910 sub-

519 3956 771 4018 scribere,
805 3951 1048 4006 adhibito
1095 3949 1376 4017 cujuslibet
1419 3950 1629 4017 generis
1678 3950 1887 4015 timore,
1929 3963 2074 4003 com-

521 4044 700 4112 pellat,
724 4043 806 4096 vel
828 4040 1061 4110 praemiis
1080 4041 1343 4107 aliquibus
1366 4038 1624 4092 hortetur.
1661 4038 1935 4093 Decretum
1957 4041 2074 4093 sine

520 4136 614 4189 visi
625 4139 810 4190 tatoris
835 4136 1119 4205 praesentia
1141 4149 1294 4187 nemo
1314 4133 1582 4196 conficiat,
1599 4132 1748 4200 cujus
1772 4133 2072 4187 testimonio

521 4225 835 4279 clericorum
888 4239 948 4277 ac
994 4225 1186 4278 civium
1234 4223 1400 4290 possit
1445 4222 1764 4275 unanimitas
1794 4221 2067 4275 declarari.

523 4317 803 4369 llortamur
832 4318 1008 4383 itaque
1055 4323 1112 4368 ut
1137 4328 1229 4381 pro
1250 4313 1524 4365 catholica:
1557 4311 1825 4379 religionis
1855 4311 2067 4375 intuitu,

2176 3163 2464 3228 drachmze,
2498 3167 2589 3220 sed
2621 3183 2716 3234 pro
2744 3168 2911 3222 amica
2941 3169 3091 3223 nabis
3121 3171 3291 3226 salute
3315 3214 3330 3238 ,
3363 3185 3470 3224 non
3495 3170 3729 3225 Oriente.

2177 3253 2300 3307 lium
2332 3256 2558 3322 partium
2599 3266 2821 3320 tantum,
2854 3258 2945 3312 sed
2971 3259 3125 3312 trium
3150 3273 3313 3328 prope
3343 3261 3616 3328 plagarum
3641 3259 3727 3312 hac

2177 3343 2407 3397 bitabilis
2454 3345 2672 3409 mundi,
2706 3361 2808 3398 uon
2848 3346 3180 3414 eorruptibili
3211 3355 3430 3416 argento
3470 3357 3563 3401 aut
3602 3361 3726 3399 auro

2175 3433 2563 3498 redemptarum
2616 3433 2684 3487 de
2734 3448 2863 3487 vana
2913 3434 3320 3488 conversatione
3349 3449 3378 3487 a
3423 3435 3725 3502 parentibus

2175 3518 2386 3583 tradita,
2415 3520 2507 3574 sed
2528 3521 2756 3588 pretioso
2777 3521 3038 3589 sanguine
3067 3523 3200 3590 Δαιιί
3228 3523 3323 3576 Dei
3353 3540 3365 3575 :
3395 3523 3533 3576 sicut
3553 3521 3723 3575 docuit

2174 3609 2362 3662 beatus
2387 3610 2735 3678 gloriosorum
2764 3612 3124 3678 apostolorum
3149 3612 3397 3680 princeps
3425 3612 3468 3681 (l
3489 3610 3633 3664 Petr.
3663 3610 3720 3678 ι),

2174 3699 2324 3763 cujus
2371 3698 2674 3754 cathedram
2717 3699 3028 3753 beatitudini
3074 3702 3177 3754 tua:
3223 3700 3449 3753 credidit
3489 3699 3721 3753 Christus

2173 3786 2404 3854 optimus
2451 3797 2647 3851 pastor,
2698 3787 2786 3854 qui
2814 3790 2957 3842 venit
2987 3803 3231 3854 quaerens
3253 3798 3306 3842 et
3335 3789 3566 3842 liberans
3587 3784 3718 3854 quod

2177 3875 2425 3939 perierat,
2470 3885 2522 3928 et
2562 3890 2767 3942 ponens
2793 3877 3024 3931 animam
3052 3891 3200 3930 suam
3229 3878 3284 3930 in
3313 3876 3714 3944 redemptionem

2173 3978 2270 4030 pro
2301 3964 2496 4017 multis.
2527 3964 2693 4030 Quem
2725 3966 2980 4030 imitatus,
3026 3967 3360 4020 sanctissime
3389 3964 3712 4020 beatissime-

2172 4068 2294 4121 que,
2320 4051 2506 4108 festina
2528 4055 2592 4108 ad
2620 4055 2972 4124 adjuvandum
3001 4070 3120 4114 nos.
3150 4057 3289 4108 sicut
3319 4055 3507 4108 beatus
3535 4052 3713 4106 Paulus

2172 4141 2357 4194 doctor
2400 4151 2573 4196 vester
2619 4143 2684 4196 ad
2734 4143 2986 4197 auxilium
3024 4143 3339 4212 quandoque
3382 4141 3709 4196 Ilaeedouum

2174 4231 2440 4286 festinavit
2475 4233 2612 4303 (Act.
2645 4234 2757 4302 xvi)
2784 4249 2799 4286 :
2831 4243 2884 4288 et
2911 4235 3121 4301 quidem
3164 4234 3251 4287 ille
3279 4235 3330 4286 in
3375 4232 3577 4286 visione
3603 4244 3714 4296 eug-

2175 4336 2400 4375 noscens
2427 4322 2713 4390 periclitari
2761 4322 3076 4378 Macedones
3095 4363 3111 4386 ,
3145 4325 3198 4377 in
3227 4322 3450 4378 veritate
3477 4323 3711 4389 adjuvare

523 4413 573 4458 et
615 4405 963 4458 Ecclesiarum
997 4417 1142 4470 pace,
1176 4402 1289 4455 haec
1334 4401 1564 4455 universi
1594 4400 1732 4453 fideli
1788 4415 1848 4452 ac
1886 4401 2073 4453 devota
2101 4394 2154 4453 Ι)
2176 4424 2267 4464 θος
2298 4413 2618 4479 properavit,

522 4505 698 4548 mente
723 4495 1062 4548 custodiant:
1102 4496 1226 4561 quia
1270 4507 1373 4544 non
1403 4499 1485 4544 est
1514 4492 1728 4542 dubium
1763 4492 2072 4556 praevarica-

524 4597 666 4640 tores
694 4583 1090 4638 interdictorum
1113 4582 1296 4635 talium
1317 4581 1465 4648 juxta
1489 4580 1816 4632 venerandos
1840 4593 2074 4633 canones

524 4674 747 4743 propriae
784 4671 1172 4727 communionis
1226 4669 1405 4722 subire
1439 4671 1717 4735 iacturam.
1752 4668 1872 4721 llazc
1899 4679 2072 4722 tamen

526 4767 588 4820 ad
612 4765 845 4818 omnium
873 4765 1240 4831 episcoporum
1273 4762 1513 4813 volumus
1549 4762 1768 4828 perferri
1813 4762 2072 4815 notitiam.

530 4859 668 4909 Deus
698 4865 748 4908 te
777 4843 1092 4913 incolumem
1120 4851 1403 4914 custodiat,
1432 4851 1594 4904 frater
1627 4852 1916 4906 carissime.
1947 4852 2075 4904 Data

597 5018 622 5045 ἰ
664 5008 893 5075 Epistola
923 5008 1222 5077 Symmachi
1259 5021 1404 5077 papa:
1439 5007 1505 5060 ad
1544 5007 1826 5077 Cmsarium
1868 5007 2072 5077 episco-

522 5093 648 5145 pum
678 5075 1056 5141 Arelatensem,
1086 5076 1466 5144 cujus'initium
1497 5093 1509 5127 :
1545 5075 1790 5128 Hortatur
1813 5091 1902 5128 nos
1916 5075 2069 5145 tequi-

527 5143 622 5208 tas,
657 5159 776 5198 cum
800 5159 938 5198 anno
961 5143 1161 5198 Christi
1184 5145 1285 5199 502
1315 5145 1557 5212 conjungi
1590 5159 1698 5212 non
1730 5143 2067 5212 potest,_qu_ia

530 5214 779 5280 hmo—ejus
802 5213 1112 5278 subscriptio
1137 5231 1149 5265 :
1175 5213 1309 5265 Data
1334 5209 1427 5266 vui
1452 5209 1566 5265 54.}.
1592 5209 1882 5263 Novembris
1910 5209 2073 5263 Probo

536 5283 597 5336 V.
626 5280 687 5349 ρ,
715 5284 950 5345 consule;
979 5283 1204 5348 alioquin
1232 5282 1582 5349 Symmachus
1609 5280 1690 5333 vel
1721 5280 1947 5331 nominis
1982 5295 2068 5331 so.

530 5343 858 5403 lius‘l‘Avieni
902 5343 1130 5402 consulis
1169 5343 1519 5404 Occidentalis
1570 5350 1934 5411 meminisset,
1987 5349 2071 5401 vel

533 5427 809 5482 utrumque
849 5418 1116 5471 consulem
1161 5427 1523 5472 memorasset.
1566 5417 1800 5483 Cumque
1851 5415 2070 5467 Probum

531 5486 1168 5557 juniorentnnnappellet,
1196 5488 1525 5557 manifestum
1555 5496 1636 5539 est
1655 5499 1770 5557 eam
1794 5485 2070 5557 epistolam

531 5567 672 5604 anno
693 5553 794 5607 515
811 5554 876 5608 ad
897 5553 1181 5609 Caesarium
1202 5555 1397 5611 datam.
1413 5555 1492 5610 Ad
1513 5569 1633 5610 eum
1653 5555 1851 5617 pariter
1873 5552 2070 5608 Christi

2245 4500 2325 4552 Tu
2351 4509 2523 4553 autem
2549 4500 2862 4554 aﬂ'eetuosus
2892 4501 2945 4553 in
2986 4500 3105 4554 filiis
3133 4513 3301 4568 pater,
3333 4514 3435 4553 non
3462 4501 3706 4555 visiones.

2177 4587 2269 4640 sed
2297 4587 2350 4638 in
2378 4588 2598 4640 veritate
2624 4589 2980 4656 spiritualibus
3002 4603 3228 4643 cernens
3257 4589 3425 4642 oculis
3447 4594 3708 4654 pereuntes

2183 4677 2233 4730 in
2257 4677 2683 4743 prrevaricatione
2709 4680 2870 4745 patris
2886 4681 3051 4733 nostri
3083 4679 3282 4743 Acacii,
3303 4679 3409 4732 noli
3434 4671 3706 4732 remorari:

2180 4767 2344 4832 magis
2381 4775 2550 4819 autem
2581 4767 2662 4834 (ut
2686 4767 2754 4820 ita
2794 4767 2964 4821 dicam
2991 4768 3147 4821 sicuti
3175 4767 3450 4835 propheta)
3483 4781 3576 4818 non
3601 4764 3706 4814 dor-

2179 4856 2344 4920 mites,
2367 4854 2456 4907 sed
2484 4854 2662 4923 festina
2686 4855 2753 4907 ad
2775 4856 3084 4909 liberandum
3107 4872 3198 4909 nos
3221 4854 3388 4926 (Paul.
3419 4854 3542 4922 cu)
3567 4850 3702 4919 :quia

2177 5020 2371 5059 annum
2401 5007 2773 5069 revocandum,
2799 5005 3100 5074 Exemplum
3139 5007 3293 5060 libelli
3320 5023 3351 5057 a
3381 5004 3592 5074 Caesarie
3614 5003 3702 5069 epi-

2175 5091 2327 5143 scopo
2357 5075 2662 5143 Symmacho
2687 5091 2830 5145 papte
2863 5076 3038 5145 ablati,
3076 5076 3224 5145 cujus
3256 5075 3460 5145 initium
3489 5093 3502 5126 :
3526 5073 3653 5128 Sicut
3675 5086 3701 5120 ι

2177 5159 2427 5210 persona,
2458 5152 2594 5206 etc.,
2627 5148 2744 5208 quia
2775 5144 3080 5211 Symmachi
3107 5144 3324 5212 epistola
3354 5152 3598 5212 responsa
3623 5153 3700 5212 εει

2179 5207 2546 5277 complectitur
2589 5207 2653 5265 ad
2693 5207 2970 5280 petitiones
2997 5227 3091 5266 sea
3122 5207 3351 5280 στεπη
3383 5207 3525 5266 ἱειέο
3549 5207 3701 5280 libello

2178 5273 2480 5351 expressas.
2511 5273 2860 5351 Labheushic
2889 5282 3187 5348 exemplum
3219 5279 3380 5351 libelli
3409 5273 3698 5351 Symmacho

2177 5361 2323 5414 papae
2371 5367 2399 5401 a
2447 5350 2678 5404 Caesarie
2724 5350 2884 5403 oblati
2929 5344 3061 5420 cum
3097 5362 3236 5401 anno
3257 5349 3380 5420 499,
3425 5344 3695 5420 Symmachi

2177 5431 2301 5486 vero
2329 5433 2577 5486 responsa
2609 5434 2725 5473 cum
2755 5432 2896 5472 anno
2937 5415 3040 5470 502
3066 5418 3347 5486 connectit,
3379 5415 3476 5482 qui
3492 5426 3630 5486 error
3651 5415 3695 5459 in

2174 5483 2337 5606 gltera
2383 5479 2722 5542 conciliorum
2767 5487 3002 5542 editione
3047 5479 3544 5553 corrigendos—erit.
3577 5479 3692 5532 Δ-ττο

2217 5569 2387 5606 actus.

2217 5569 2387 5608 Δαιυσ.
