3842 6226
81 305 132 359 57
1241 303 1589 358 El’lSTOL/E
1629 303 1712 355 ET
1753 302 2084 369 DECRETA.
3205 299 3274 356 58

82 434 165 470 non
193 416 239 468 in
281 414 503 483 ligando
537 422 744 467 tantum
789 422 1019 481 potestas
1039 422 1122 468 est
1152 413 1245 466 tibi
1268 413 1410 475 data,
1440 411 1530 465 sed
1564 413 1614 462 in
1645 414 1691 469 A
1724 415 1857 464 sicut
1886 414 2205 466 Gabaonitas
2252 411 2675 474 incircumcisos,
2723 411 2813 463 sed
2864 412 3131 465 vobiscum
3169 413 3275 464 cir-

80 505 300 559 solvendo
320 519 539 572 quoque
563 503 656 556 ditt
679 504 878 556 vinctos
895 505 957 556 ad
979 504 1319 556 imitationem
1344 501 1571 568 magistri
1595 518 1609 554 :

81 610 222 658 neque
247 595 295 647 in
321 593 677 655 eradicando,
713 595 788 646 vel
819 593 1096 656 diruendo,
1133 595 1224 644 sed
1253 592 1301 642 in
1333 590 1614 656 plantando

78 682 481 746 etzdificando,
529 683 822 736 secundum
869 683 1076 734 beatum
1107 681 1410 742 Jeremiain,
1451 679 1615 746 magis

79 773 335 826 secundum
360 772 697 824 salvatorem
740 772 917 825 mundi
945 770 1242 833 Christum,
1277 771 1326 822 in
1357 770 1507 836 cujus
1528 770 1616 821 ille

77 864 251 916 exstitit
289 870 418 930 typo
453 880 467 914 :
504 878 674 931 neque
719 863 767 914 in
801 861 1056 914 tradendo
1088 863 1288 914 tantum
1321 861 1530 913 Satanre
1563 858 1616 909 iu

79 954 318 1007 interitum
344 954 558 1015 carnis,
589 953 680 1006 sed
704 961 757 1005 et
791 953 841 1003 in
870 953 1092 1005 caritate
1128 949 1436 1012 formando,
1461 949 1616 1012 longa

79 1044 329 1097 aversione
358 1044 610 1108 deiectos
638 1060 650 1093 :
683 1057 748 1095 ne
790 1041 950 1111 (quod
1000 1040 1160 1108 absit)
1193 1039 1377 1104 majori
1409 1037 1618 1090 tristitia

79 1133 312 1200 absorptis
333 1133 499 1185 nobis
521 1146 552 1184 a
573 1127 762 1185 Satana
788 1130 1067 1183 videamini
1102 1128 1380 1196 pertulisse
1410 1127 1620 1193 dispen-

80 1222 217 1272 dium.
242 1221 356 1273 Non
388 1221 541 1274 enim
585 1221 794 1288 ignoras
815 1220 930 1286 ejus
957 1217 1240 1286 ingenium.
1273 1216 1360 1283 qui
1387 1214 1621 1284 quotidie

81 1328 101 1361 a
126 1326 262 1364 sacro
289 1311 526 1365 doctore
553 1320 642 1365 tuo
668 1310 819 1364 Petro
840 1311 1044 1363 deceris
1064 1323 1189 1361 oves
1208 1308 1401 1361 Christi
1431 1323 1521 1374 per
1544 1317 1622 1359 to-

81 1415 168 1454 tum
203 1401 554 1455 habitabilem
592 1400 845 1454 mundum
875 1399 1104 1454 creditas
1135 1399 1223 1451 tibi
1253 1411 1487 1466 pascere,
1517 1412 1621 1449 non

80 1492 138 1552 \l,
170 1490 258 1544 sed
295 1501 501 1558 sponte
545 1498 754 1557 coactas
786 1507 802 1542 :
829 1489 917 1556 qui
959 1504 1078 1542 cum
1123 1487 1428 1541 doctissimo
1461 1486 1622 1538 Paulo

79 1584 251 1634 clamas
281 1581 445 1634 nobis
477 1580 733 1647 subjectis
761 1589 812 1632 et
839 1579 971 1631 dicis
1007 1596 1020 1632 :
1051 1577 1170 1630 Non
1217 1578 1348 1629 enim
1397 1577 1624 1628 domina-

81 1689 172 1721 mur
195 1671 328 1723 vobis
350 1672 409 1722 in
441 1671 566 1736 ﬁde,
598 1669 686 1721 sed
713 1683 1036 1735 cooperamur
1053 1668 1104 1719 in
1121 1668 1304 1736 gaudio
1324 1667 1387 1736 (ll
1415 1665 1533 1718 Cor.
1560 1667 1619 1730 ι).
1669 1672 1672 1676 ’

1714 504 2057 556 circumcisos
2103 503 2154 554 in
2204 502 2397 556 Christi
2431 502 2868 564 circumcisione,
2897 516 3065 568 neque
3108 500 3274 553 idolo-

1716 610 1831 645 rum
1884 595 2172 647 servitores
2229 603 2281 645 et
2312 593 2554 655 aemulos,
2606 593 2705 646 etsi
2746 600 3072 660 peccatores,
3100 601 3277 643 tamen

1716 684 2066 744 Christianos,
2107 693 2155 736 et
2183 683 2452 734 vobiscum
2477 684 2651 734 omnia
2677 682 2726 733 in
2755 681 2964 734 Christo
2987 681 3277 746 sapientes,

1717 787 1821 823 non
1848 771 2374 838 despiciatisrneque
2403 770 2755 823 contemnatis
2783 771 2938 832 ultra,
2965 769 3031 835 pii
3060 769 3273 821 Patres:

1717 862 1807 915 sed
1827 863 1960 914 sicut
1980 862 2312 914 beatissimus
2333 861 2610 927 prtedictus
2637 847 2792 914 Jcs‘us
2816 861 2957 913 Nave
2984 861 3117 929 (λοι.
3147 861 3277 920 xvt).

1718 965 1821 1003 non
1851 951 1970 1004 illos
1999 961 2220 1012 tantum,
2255 951 2345 1003 sed
2375 960 2428 1002 et
2461 951 2603 1004 ltaab
2633 951 2966 1003 meretricem
3005 951 3106 1002 illis
3131 959 3281 1002 antes

1723 1042 1896 1107 posuit
1925 1051 2137 1108 prepter
2165 1042 2389 1094 duorum
2427 1041 2822 1107 explomtorum
2854 1042 3278 1106 susceptionem;

1721 1132 1790 1184 ita
1816 1138 1869 1184 et
1894 1145 1990 1183 vos
2033 1145 2128 1183 nos
2154 1131 2436 1198 vigilanter
2465 1131 2717 1184 assumite
2747 1146 2865 1184 cum
2898 1130 2987 1182 Dei
3013 1130 3281 1196 juvamiue

1721 1229 1937 1288 propter
1957 1221 2178 1273 duarum
2213 1231 2516 1273 naturarum
2548 1220 2913 1283 traditionem,
2942 1235 3058 1288 qua:
3083 1220 3283 1271 a‘vobis

1723 1326 1816 1378 per
1845 1309 2120 1377 epistolam
2152 1311 2291 1362 inter
2319 1319 2532 1362 sanctos
2567 1309 2843 1362 constituti
2892 1323 3043 1375 papa:
3090 1307 3282 1360 Leonis

1722 1410 1902 1453 contra
1953 1401 2254 1470 Eutychetis
2302 1401 2649 1454 deliramenta
2694 1400 2895 1452 directa
2940 1407 3040 1452 est.
3092 1398 3159 1450 Et
3184 1397 3272 1450 illa

1723 1490 1931 1555 quidem
1981 1490 2275 1558 suscipiens
2312 1491 2684 1558 explorantes,
2715 1491 2766 1542 in
2799 1499 3007 1558 stupam
3040 1488 3132 1541 lini
3172 1499 3283 1540 sum

1724 1581 1911 1633 domus
1937 1581 2212 1635 abscondit
2241 1598 2253 1632 :
2298 1596 2393 1633 nos
2431 1590 2607 1634 autem
2638 1590 2796 1633 recta:
2825 1580 2944 1632 fidei
2978 1589 3166 1633 vcstrte
3196 1593 3285 1630 su-

1724 1671 2006 1738 scipientes
2043 1669 2453 1736 confessionem,
2489 1671 2540 1724 in
2591 1671 2750 1723 corde
2779 1679 2964 1723 nostro
3019 1683 3120 1721 non
3165 1667 3285 1720 abs-

135 1760 295 1824 Quare
320 1758 681 1827 deprecamur
709 1757 965 1823 disrumpi
993 1771 1185 1809 novum
1214 1754 1620 1822 chirographum
1653 1745 1697 1801 Β
1727 1761 2002 1814 condimus
2023 1803 2036 1825 ,
2084 1761 2176 1814 sed
2226 1762 2276 1813 in
2310 1761 2662 1815 Ecclesiarum
2701 1760 3033 1828 dogmatibus
3067 1757 3156 1810 Dei
3191 1758 3286 1809 mi-

83 1860 318 1914 nostrum,
367 1848 514 1901 sicut
541 1845 782 1901 Salvator
809 1855 862 1900 et
887 1846 992 1899 dux
1015 1855 1195 1899 noster
1215 1845 1450 1899 Christus
1479 1855 1626 1898 vetus

84 1939 189 1997 illud
215 1939 266 1992 in
294 1953 465 1993 cruce
507 1937 762 2006 disrupit;
808 1952 874 1991 ne
905 1937 1038 1990 ultra
1084 1947 1201 2005 post
1233 1937 1497 1990 lavacrum
1542 1952 1626 1990 re-

85 2029 436 2092 generationis,
473 2027 728 2078 malorum
784 2034 1084 2096 nostrorum
1130 2026 1494 2092 subjaceamus
1535 2025 1628 2077 de-

86 2115 209 2180 iicto,
253 2115 346 2167 sed
393 2125 458 2166 ut
485 2114 600 2181 ejus
641 2113 728 2181 qui
757 2113 1004 2175 comedit,
1036 2129 1134 2166 uva
1165 2115 1354 2166 acerba
1387 2113 1627 2181 ligaverit

87 2209 268 2272 dentes,
283 2209 579 2262 secundum
598 2209 653 2260 Β.
673 2209 959 2262 Ezechielis
971 2208 1296 2276 prophetiam
1313 2207 1624 2274 (cap.xvut).

88 2295 198 2350 Cum
223 2311 349 2365 ergo
381 2298 437 2351 in
482 2298 703 2351 veritate
745 2298 1047 2366 parabolam
1091 2298 1242 2351 iStam
1285 2298 1502 2350 salutari
1530 2297 1626 2350 ad-

89 2394 224 2436 ventu
251 2399 347 2438 suo
371 2387 614 2440 salvator
660 2385 989 2453 impleverit,
1021 2400 1141 2451 cur,
1195 2385 1530 2440 sanctissime
1568 2400 1629 2438 ac
1683 2391 1686 2394 ’

90 2473 372 2528 beatissime
399 2514 415 2538 ,
457 2475 636 2528 Acacii
658 2475 1008 2528 iuobedientia
1030 2515 1044 2540 ,
1072 2490 1226 2528 uvam
1269 2475 1512 2528 acerbam
1539 2490 1628 2528 co-

94 2563 354 2626 medentis,
387 2565 583 2626 ucstri,
620 2564 669 2616 id
711 2573 792 2618 est
822 2564 1047 2618 filiorum
1076 2566 1241 2632 ipsius
1264 2567 1313 2617 in
1345 2576 1449 2618 tam
1473 2566 1628 2634 longo

92 2667 324 2706 annorum
353 2669 515 2708 cursu
546 2654 687 2722 ligati
709 2664 828 2707 sunt
851 2655 1068 2708 dentes?
1093 2655 1146 2708 Si
1169 2669 1302 2706 unus
1322 2656 1478 2708 homo
1507 2670 1629 2722 pec-

96 2745 237 2806 cavit,
262 2757 428 2812 quare
457 2746 549 2798 toti
579 2759 887 2814 synagogzc,
910 2755 1000 2798 aut
1029 2746 1195 2813 magis
1222 2745 1316 2798 toti
1359 2746 1627 2799 habitabili

97 2833 270 2887 mundo
293 2850 384 2903 per
400 2835 684 2888 anathema
697 2836 904 2888 divinus
920 2836 1364 2890 furorincumbit?
1388 2835 1482 2890 Ubi
1505 2850 1630 2904 ergo

101 2925 175 2978 Dei
194 2928 488 2994 promissio,
505 2942 622 2995 quae
638 2927 766 2980 dicit
787 2944 801 2979 :
821 2927 941 2980 Non
955 2927 1228 2996 percipient
1251 2928 1343 2992 ﬁtii
1365 2937 1630 2996 parentum

102 3024 291 3077 peccata,
306 3032 464 3082 neque
474 3025 705 3085 parentes
717 3017 933 3083 ﬁliorum
947 3033 1170 3082 suorum,
1189 3017 1275 3069 sed
1292 3017 1630 3085 unusquisque

106 3105 310 3156 morietur
347 3105 400 3156 in
429 3121 521 3157 suo
548 3114 748 3174 peccato
773 3105 944 3173 (Deut.
971 3119 1121 3167 utv;
1150 3104 1334 3158 Ezech.
1363 3105 1536 3169 xvttt).

165 3194 212 3248 Si
243 3206 452 3262 propter
492 3193 966 3249 Alexandrinorum
1007 3203 1096 3247 aut
1143 3195 1309 3262 magis
1358 3193 1634 3264 Eutychia-

117 3296 279 3334 uorum
304 3284 589 3336 amicitiam
615 3324 628 3346 ,
660 3285 747 3351 qui
775 3291 1085 3337 aversantur
1110 3291 1165 3337 et
1192 3282 1633 3338 anathematizauit

113 3372 469 3425 sanctissimum
501 3381 554 3427 et
581 3372 941 3430 beatissimum
975 3388 1160 3441 papam
1188 3373 1436 3438 Leonem,
1467 3375 1546 3428 vel
1580 3376 1629 3428 in

115 3459 410 3516 Chalcedone
449 3463 709 3531 synodum
740 3465 969 3516 habitam
991 3503 1006 3528 ,
1037 3464 1511 3518 anathematizatus
1551 3475 1633 3518 est

112 3546 330 3612 Aeacius;
361 3567 526 3620 quare
553 3567 651 3605 nos
689 3567 718 3604 a
757 3553 905 3606 vobis
931 3555 1254 3606 :estimamur
1295 3555 1550 3617 haeretici,
1578 3559 1633 3607 et

113 3635 153 3685 in
177 3639 498 3696 anathemate
527 3656 710 3696 sumus
753 3657 876 3705 nos,
911 3644 998 3710 qui
1045 3645 1412 3712 amplectimur
1463 3648 1631 3698 solam

114 3721 228 3777 illam
250 3719 543 3795 epistolam,
574 3740 627 3784 et
649 3747 765 3800 qutr
793 3732 924 3786 dicta
951 3743 1073 3786 sunt
1096 3734 1150 3786 in
1180 3743 1359 3787 sancta
1390 3737 1631 3804 synodo?

115 3815 196 3876 Qui
215 3817 416 3887 propter
439 3822 867 3889 praedicationem
896 3826 1022 3877 recti
1040 3825 1298 3892 dogmatis
1324 3828 1478 3880 vestri
1505 3843 1634 3896 quo-

118 3905 221 3961 tidie
247 3909 639 3981 Oppuguamur,
691 3925 745 3967 et
785 3925 842 3968 ut
871 3915 1104 3968 haeretici
1134 3918 1634 3972 anathematizamur

113 3996 166 4046 ab
206 3997 259 4049 iis
303 4001 386 4069 qui
430 4001 706 4070 Eutycheti
755 4006 1111 4057 consentiunt.
1155 4006 1266 4058 Noli
1299 4007 1470 4061 facere
1494 4009 1632 4075 judi-

115 4081 226 4136 cium
268 4103 357 4154 per
383 4092 528 4144 illum
553 4093 640 4159 qui
670 4107 910 4145 cunctam
933 4095 1133 4161 judicat
1157 4107 1348 4148 terram
1383 4114 1394 4148 :
1430 4114 1494 4150 ne
1515 4115 1634 4166 per-

113 4170 189 4224 das
219 4175 401 4241 justum
443 4188 567 4233 'cum
617 4181 776 4247 impio
810 4201 822 4234 :
854 4197 949 4236 nec
991 4183 1080 4235 fiat
1117 4185 1253 4252 apud
1285 4196 1335 4239 te
1374 4186 1548 4253 justus
1576 4199 1630 4240 ut

117 4261 276 4329 impius
304 4286 316 4321 :
343 4286 439 4324 nec
475 4272 750 4339 :equaliter
771 4275 1075 4341 judicentur
1103 4293 1129 4328 a
1172 4287 1222 4331 te
1260 4280 1536 4332 orthodoxi
1575 4291 1629 4334 et

115 4350 329 4420 heretici,
358 4360 437 4413 vel
469 4362 557 4426 qui
584 4363 1028 4418 anathematizaut
1057 4367 1355 4430 praedictam
1387 4384 1618 4421 sanetam

115 4441 370 4509 epistolam,
396 4460 740 4516 sanctamque
766 4451 1022 4520 synodum
1067 4465 1291 4506 vestram
1322 4466 1537 4520 rectam,
1568 4469 1620 4511 et

116 4525 143 4577 ii
166 4532 238 4595 qui
261 4536 523 4591 vobiscum
548 4538 614 4590 ab
636 4540 713 4592 eis
734 4542 1255 4608 anathematizantur,
1282 4552 1336 4597 et
1364 4545 1449 4612 qui
1468 4556 1622 4598 orant

117 4617 224 4670 mori
248 4625 469 4687 quotidie
491 4640 585 4692 pro
619 4637 763 4697 recta
790 4627 891 4681 flde
918 4646 1031 4696 qua:
1059 4646 1086 4681 a
1110 4633 1256 4685 vobis
1288 4633 1620 4699 praedicatur.

175 4707 226 4760 Et
247 4709 389 4767 Jesus
422 4715 639 4782 quidem
678 4699 820 4771 Nave
863 4717 1258 4774 incircumcisos
1286 4721 1420 4791 (los.
1451 4725 1536 4789 ι),
1569 4732 1623 4777 et

117 4791 332 4855 idolorum
348 4806 634 4859 servitores
650 4805 970 4861 Gabaonitas
988 4822 1105 4861 cum
1129 4809 1404 4864 mendacio
1429 4811 1622 4879 fugien-

122 4890 180 4934 tes
198 4888 252 4940 ad
275 4904 345 4956 se,
375 4893 502 4946 dum
534 4906 961 4962 oppugnarentur
985 4896 1053 4949 ab
1078 4898 1382 4952 Abimelech
1409 4901 1493 4953 vel
1515 4917 1617 4954 ca:-

117 4974 218 5026 ιιι-ῆι
249 4991 463 5046 quatuor
484 4999 606 5036 cum
645 4999 710 5036 eo
753 4986 1092 5054 principibus,
1139 5003 1234 5055 pro
1277 5003 1342 5043 eo
1387 4992 1524 5060 quod
1551 4993 1617 5045 ad

117 5071 209 5112 Cum
251 5071 604 5138 confugerant,
656 5073 764 5126 Deo
801 5086 1140 5143 cooperante,
1190 5088 1404 5132 strenue
1449 5083 1617 5134 vindi-

117 5153 251 5218 cavit,
293 5175 353 5213 ne
401 5162 856 5224 blasphemaretur
886 5182 1073 5221 nomen
1107 5169 1196 5222 Dei
1223 5169 1338 5237 ejus
1370 5180 1613 5241 tanquam

121 5252 196 5292 non
212 5259 290 5300 eos
305 5252 552 5319 adjuvare
575 5255 929 5320 prtevaleutis.
956 5255 1057 5310 Vos
1075 5269 1270 5322 autem,
1302 5262 1613 5314 sanctissimi

117 5327 205 5391 viri,
227 5332 336 5390 Iesu
363 5341 534 5409 magni
564 5341 658 5396 Dei
691 5353 742 5397 et
773 5344 1060 5399 Salvatoris
1088 5348 1197 5414 spei
1237 5358 1430 5402 nostra:
1455 5350 1615 5404 disci-

119 5417 610 5498 Nihiitatoresqne
637 5431 753 5499 ejus
783 5432 873 5501 qui
904 5433 1120 5500 figuram
1148 5437 1286 5488 servi
1306 5433 1613 5506 assumpsit,

121 5512 260 5563 mnos
295 5513 480 5571 liberos
507 5515 760 5575 redderet
786 5536 816 5574 a
860 5532 1077 5586 peccato
1105 5524 1244 5591 quod
1272 5527 1523 5594 regnabat
1563 5529 1614 5581 in

121 5594 258 5663 nobis;
295 5605 528 5663 videntes
567 5612 865 5680 Oppugnari
920 5627 1017 5667 nos
1062 5623 1115 5667 et
1142 5615 1474 5681 mortiﬁcari,
1511 5633 1615 5673 non

1725 1853 2013 1905 sericordia
2042 1867 2160 1904 eam
2189 1866 2307 1905 cum
2351 1852 2664 1904 auctoritate
2709 1849 3072 1919 praedicamus.
3107 1845 3171 1899 Et
3199 1846 3285 1899 illa

1728 1944 1938 2010 quidem
1964 1950 2144 2011 rogata
2189 1957 2284 2009 per
2333 1951 2530 1994 metum
2561 1955 2654 1993 eos
2701 1955 2760 1994 se
2803 1940 2997 1991 habere
3027 1936 3237 2004 negavit
3269 1953 3283 1987 :

1729 2048 1826 2087 nos
1855 2045 2028 2086 autem
2059 2047 2307 2095 oramus,
2343 2047 2406 2085 ne
2436 2046 2665 2096 unquam
2690 2032 2920 2082 humano
2950 2038 3089 2081 metu
3124 2043 3284 2096 nege-

1727 2137 1842 2176 mus
1887 2130 2046 2176 rectae
2083 2122 2337 2174 doctrina:
2369 2132 2564 2174 nostra:
2609 2120 2916 2180 veritatem;
2945 2128 2998 2171 et
3029 2132 3194 2185 usque
3214 2117 3284 2172 ad

1727 2213 2033 2278 sanguinem
2060 2226 2155 2279 pro
2183 2226 2243 2265 ea
2275 2211 2553 2274 stabimus,
2578 2210 2622 2263 si
2651 2211 2720 2262 sit
2748 2222 2966 2261 necesse
2992 2207 3114 2277 (aL,
3141 2207 3185 2260 si
3214 2208 3287 2260 ita

1727 2301 2038 2368 contingat).

1803 2389 1950 2443 Unde
1973 2404 2076 2442 non
2102 2387 2288 2441 taedeat
2310 2402 2406 2442 nos
2427 2386 2698 2455 adjuvare,
2723 2401 2892 2455 neque
2911 2386 3034 2439 odio
3051 2385 3288 2438 habeatis

1732 2491 1948 2550 propter
1974 2479 2368 2533 adversantium
2399 2479 2826 2532 communionem
2855 2494 2869 2530 :
2899 2477 3110 2545 quando
3137 2491 3196 2530 se
3222 2477 3290 2528 ab

1731 2574 1829 2627 bac
1868 2571 2078 2641 plurimi
2122 2570 2459 2624 facultatibus
2501 2568 2774 2637 impediti,
2808 2577 2862 2622 et
2892 2583 2992 2620 non
3035 2567 3290 2620 habentes

1728 2663 2140 2718 sollicitudinem
2199 2660 2480 2713 multarum
2532 2659 2828 2712 animarum
2876 2655 3286 2725 suspcntlerint:

1731 2754 1926 2821 quibus
1953 2765 2082 2806 vero
2111 2751 2390 2804 multarum
2421 2750 2715 2802 animarum
2741 2763 2866 2800 cura
2888 2748 3168 2799 commissa
3207 2754 3290 2798 est

1730 2843 1782 2896 in
1812 2842 2032 2897 creditis
2060 2841 2156 2895 sibi
2189 2841 2582 2894 communicent
2609 2837 2890 2899 Ecclesiis,
2922 2837 3120 2890 nullum
3161 2850 3291 2888 con-

1731 2932 1948 2985 trarium
1973 2931 2224 2985 habentes
2247 2933 2724 2983 communicantem
2752 2928 2871 2993 sibi,
2906 2935 2960 2980 et
2990 2935 3290 2980 metuentes

1733 3024 2038 3091 relinquere
2067 3023 2206 3090 lupis
2233 3036 2359 3075 oves
2401 3030 2618 3091 propter
2649 3035 2830 3073 vocem
2864 3019 3071 3072 Domini
3108 3018 3290 3072 dicen-

1659 3081 1705 3142 ο
1737 3123 1840 3167 tem
1869 3130 1884 3167 :
1918 3112 2260 3166 Hercenarius
2287 3120 2475 3177 autem,
2498 3081 2545 3166 et
2568 3113 2655 3180 qui
2690 3128 2794 3182 non~
2820 3120 2892 3164 est
2930 3119 3117 3179 pastor,
3145 3111 3290 3178 cujus

1731 3220 1836 3257 non
1864 3213 1978 3257 sunt
2000 3219 2111 3256 oves
2132 3204 2369 3273 praprite,
2397 3204 2528 3256 videt
2559 3201 2734 3270 lupum
2755 3203 3044 3264 venientem,
3068 3211 3112 3254 et
3133 3201 3289 3254 relin-

1732 3295 1840 3364 quit
1862 3309 1973 3347 oves
2011 3304 2058 3347 et
2094 3294 2256 3362 fugit,
2296 3301 2344 3346 et
2375 3294 2521 3362 lupus
2559 3294 2693 3360 rapit
2728 3309 2812 3344 eas
2839 3302 2986 3360 atque
3015 3292 3288 3360 dispergit;

1736 3384 1854 3449 quia
1873 3383 2210 3434 mercenarius
2222 3391 2313 3444 est,
2327 3392 2372 3436 ct
2388 3398 2485 3434 non
2501 3383 2644 3434 habet
2656 3382 2818 3434 ovium
2832 3397 3006 3434 curam
3019 3381 3070 3452 (J
3079 3398 3193 3434 oon.
3209 3382 3286 3451 κ).

1736 3471 1882 3538 Quod
1905 3487 2030 3539 ergo
2062 3487 2163 3525 non
2191 3485 2372 3524 amore
2399 3471 2518 3523 vita:
2545 3473 2702 3537 capti,
2731 3471 2822 3524 sed
2853 3471 3026 3525 ovium
3060 3473 3286 3527 salutem

1734 3571 1978 3616 curantes
2010 3564 2216 3629 plurimi
2256 3561 2586 3615 sacerdoutm
2629 3561 2728 3614 hoc
2760 3561 2979 3626 faciunt,
3012 3561 3284 3630 deinceps,

1735 3653 2020 3705 miserante
2047 3652 2150 3705 Deo
2168 3692 2182 3714 ,
2209 3666 2532 3719 cognoscere
2561 3653 2752 3719 poterit
2783 3662 2868 3704 tua
2901 3653 3209 3718 paternitas.

1802 3740 2022 3805 Quidam
2067 3742 2207 3793 enim
2239 3742 2306 3793 de
2353 3740 2433 3793 his
2470 3741 2558 3808 qui
2597 3741 2646 3792 in
2688 3739 2983 3792 sacerdotio
3011 3739 3283 3793 constituti

1732 3841 1874 3894 sunt,
1908 3841 2207 3901 spectantes
2227 3831 2349 3899 (aL,
2371 3831 2663 3898 sperantes)
2698 3831 2748 3883 in
2770 3831 2956 3884 exsilio
2980 3831 3109 3883 mitti
3139 3845 3285 3898 pres-

1731 3923 1941 3990 byteros
1992 3921 2316 3974 orthodoxos
2363 3931 2416 3973 et
2466 3929 2674 3974 sanctos
2720 3920 2889 3983 viros,
2920 3922 3162 3974 vo'entes
3219 3935 3282 3973 se
3336 3932 3340 3933 '

1734 4021 1923 4078 praeter
1945 4013 2312 4065 necessitatem
2342 4012 2410 4064 ab
2431 4009 2680 4063 Ecclesiis
2710 4025 2807 4063 suo
2833 4010 3050 4062 arbitrio
3083 4010 3283 4062 subdu-

1731 4117 1872 4161 cere,
1919 4102 2164 4169 ipsosque
2191 4102 2362 4168 sequi,
2407 4116 2509 4153 non
2537 4108 2811 4152 cesserunt
2849 4101 2927 4152 eis
2960 4101 3057 4151 hoc
3086 4099 3280 4162 facere,

1729 4192 2032 4258 ailjurantes
2061 4205 2151 4244 eos
2189 4201 2246 4244 ut
2289 4199 2565 4244 manerent
2601 4189 2653 4242 in
2693 4189 2909 4242 creditis
2937 4189 3038 4242 sibi
3079 4190 3281 4242 sanctis

1733 4279 1984 4332 Ecclesiis
2013 4280 2078 4332 ad
2111 4280 2286 4348 populi
2312 4281 2578 4334 munimen
2604 4279 2908 4344 orthodoxi,
2941 4279 2992 4332 in
3021 4295 3079 4333 se
3109 4281 3253 4333 susci
3281 4313 3298 4326 ε

1731 4367 1922 4430 piendo
1947 4382 2066 4434 quin
2096 4376 2343 4434 putantur
2371 4367 2705 4420 discretionis
2735 4368 2964 4420 illorum.
2995 4368 3143 4421 Sicut
3175 4369 3280 4420 Rc-

1727 4456 1882 4507 lieeca
1913 4456 2174 4522 quondam
2199 4457 2380 4508 dicens
2406 4455 2570 4508 Jacob
2599 4475 2613 4510 :
2642 4456 2704 4509 In
2735 4473 2811 4510 me
2846 4469 3104 4525 peccatum
3139 4469 3280 4509 tuum

1724 4541 1926 4609 (ϐεηει.
1950 4542 2112 4608 xxvu)
2133 4581 2148 4603 ,
2188 4543 2261 4607 ﬁli
2291 4558 2310 4594 :
2341 4544 2408 4595 ita
2438 4542 2509 4594 illi
2539 4544 2604 4596 ab
2642 4543 2894 4597 Ecclesiis
2930 4543 3028 4598 sibi
3060 4543 3279 4597 creditis

1722 4630 1995 4684 discedere
2023 4642 2209 4700 sponte
2238 4620 2535 4688 volentibus
2569 4634 2820 4686 dixerunt
2846 4652 2858 4688 :
2888 4633 2940 4686 lu
2972 4648 3067 4686 nos
3097 4637 3275 4687 veniat

1725 4731 2000 4787 peccaturo
2059 4721 2391 4774 discretionis
2444 4732 2633 4775 vcstrze
2675 4739 2687 4774 :
2734 4723 3097 4775 tantummodo
3145 4739 3277 4777 oves

1723 4809 1912 4862 Christi
1945 4820 2136 4877 praeter
2177 4813 2543 4864 necessitate'u
2592 4811 2727 4877 lupis
2773 4827 2872 4864 non
2919 4811 3266 4880 relinquatis;

1721 4917 1785 4954 ne
1814 4903 1864 4955 in
1903 4902 2016 4954 loca
2047 4909 2222 4954 vestra
2255 4901 2487 4953 lueretici
2519 4901 2906 4969 ingredientes,
2937 4902 3042 4968 lupi
3073 4903 3272 4955 discer-

1721 5001 1844 5057 pant
1871 5006 2029 5054 oves;
2057 4998 2148 5043 aut
2174 5002 2315 5044 certe
2346 4991 2412 5043 ab
2443 4991 2568 5058 ipsis
2589 4992 2775 5045 ovibus
2808 4995 2918 5046 suis
2941 5002 3158 5061 propter
3183 5008 3278 5046 re.

1719 5092 1854 5136 ctam
1875 5083 2026 5135 fidem
2051 5083 2229 5148 fugati,
2249 5093 2301 5136 et
2324 5083 2401 5136 his
2422 5084 2508 5151 qui
2535 5099 2638 5137 non
2664 5084 2928 5152 fugantur,
2953 5086 3044 5139 sed
3075 5097 3268 5153 sponte

1720 5173 1995 5227 discedere
2034 5175 2270 5241 cupiunt,
2319 5190 2385 5227 ne
2426 5175 2508 5228 cui
2547 5176 2937 5229 adversantium
2975 5178 3270 5230 communi.

1718 5272 1860 5325 cent,
1890 5264 1978 5316 tali
2008 5263 2108 5316 fide
2135 5265 2370 5317 dicentes
2403 5281 2418 5317 :
2451 5253 2608 5319 Putas
2651 5266 2736 5320 isti
2783 5280 2962 5318 amore
3005 5267 3126 5318 vitae
3166 5266 3268 5321 hoc

1726 5352 1949 5417 faciunt,
1971 5370 2035 5407 an
2054 5354 2566 5420 amoreanimarum,
2592 5356 2655 5409 ad
2687 5356 3028 5409 imitationem
3058 5356 3268 5412 Domini

1723 5443 1801 5496 sui
1830 5445 1981 5512 primi
2016 5445 2240 5512 pastoris
2275 5445 2439 5498 nostri
2481 5443 2605 5498 Jesu
2647 5443 2841 5498 Christi
2881 5444 3053 5512 magni
3087 5444 3176 5498 Dei
3211 5454 3269 5499 et

1725 5533 2018 5586 Sﬂvatoris
2037 5535 2148 5602 spei
2180 5545 2401 5598 nostrtn,
2435 5534 2524 5603 qui
2548 5535 2774 5612 auinaam
2797 5548 2944 5588 suam
2969 5536 3143 5603 posuit
3171 5549 3268 5602 pro

1721 5623 1906 5676 ovibus
1929 5623 2058 5676 suis.
2853 5625 2874 5630 ”
