3842 6226
492 275 558 329 59
1820 260 2060 316 ΞΥΜΜΑι

2166 262 2168 312 ζ
2206 252 2405 315 ΡᾹΡᾸΞ

3683 270 3756 323 60

562 387 878 445 Omnimodo
920 395 1094 443 autem
1131 396 1186 440 et
1228 383 1315 453 qui
1390 384 1632 439 videntur
1659 381 2052 459 communicare
2081 382 2123 436 A
2158 393 2379 434 currere
2407 395 2512 435 non
2543 381 2694 437 duxit
2724 383 3019 455 indignum,
3050 398 3110 442 ut
3155 387 3516 456 captivitatem
3558 393 3752 439 (οι-ιιι-

490 479 793 540 orthodoxi,
817 486 872 531 et
900 476 1070 546 quise
1097 491 1125 529 a
1153 475 1526 530 communione
1555 462 1837 539 abstinent,
1867 485 2053 524 omnes

493 579 614 640 post
641 571 802 624 Deum
847 579 950 623 tum
999 568 1178 622 lumen
1227 565 1542 620 visitationis
1577 574 1632 618 et
1679 561 2056 630 assumptionis

489 660 783 728 operimur.
811 659 990 726 Quare
1035 657 1222 711 festina
1248 646 1434 726 iuvare
1477 652 1750 708 Orientem
1780 692 1794 716 ,
1840 666 1904 705 ex
1950 661 2056 719 quo

491 750 645 803 vubis
667 750 773 803 duo
800 748 1019 818 grandia
1045 747 1150 801 diei
1178 747 1373 800 lumina
1404 744 1621 798 Petrum
1653 752 1707 796 et
1738 742 1955 795 Paulum
1988 741 2054 794 ad

492 840 939 894 iliuminationem
990 838 1149 892 totius
1178 836 1353 890 mundi
1384 835 1631 888 Salvator
1658 831 1880 886 direxit.
1911 830 2054 884 Red-

495 933 608 985 dite
635 945 764 999 ergo
793 931 839 984 ei
869 930 1058 983 bonam
1087 925 1507 990 retributionem,
1556 939 1712 994 quam
1755 923 1872 990 ipse
1901 921 2056 976 vobis

493 1020 681 1076 dedit:
711 1021 1006 1073 illuminate
1034 1032 1154 1071 eum
1195 1026 1355 1072 recta:
1394 1015 1512 1068 ﬁdei
1543 1015 1764 1076 lumine,
1796 1013 1936 1067 sicut
1963 1027 2056 1080 per

495 1112 664 1180 ipsum
694 1124 788 1163 vos
816 1108 1081 1179 quondam
1111 1106 1304 1160 divinae
1331 1104 1646 1174 cognitionis
1682 1103 1880 1157 lumine
1912 1103 2054 1156 idem

495 1201 824 1258 illuminavit.
857 1200 1004 1255 Sicut
1034 1198 1176 1253 enim
1216 1197 1429 1268 quando
1473 1203 1582 1249 toto
1623 1194 1820 1249 mundo
1850 1195 1900 1246 in
1934 1208 2056 1261 pec-

494 1295 625 1351 catis
653 1300 984 1362 agrotante,
1035 1291 1189 1344 unius
1229 1287 1457 1343 hominis
1501 1287 1695 1341 delicto
1743 1285 1964 1349 lassati,
2000 1285 2051 1340 in

495 1384 822 1456 :cgritudinis
847 1384 1120 1437 curatione
1150 1379 1272 1434 boni
1305 1378 1446 1433 illius
1476 1377 1664 1431 medici
1690 1377 1935 1446 discipuli
1976 1377 2055 1445 ip-

492 1490 608 1531 sum
633 1475 901 1530 cmleslcm
931 1471 1191 1526 medicum
1221 1479 1274 1524 et
1300 1469 1590 1539 principem
1619 1478 1914 1539 pastorem,
1943 1483 2055 1523 ma—

492 1567 716 1639 gistrum
742 1577 894 1620 suum
921 1563 986 1617 ad
1015 1576 1197 1616 curam
1229 1571 1481 1616 vocantes
1511 1559 1841 1629 mgritudinis
1865 1559 2051 1627 ipsius,

495 1657 778 1727 aliquando
807 1655 1054 1710 dicebant
1088 1672 1101 1708 :
1130 1651 1378 1719 Domine,
1427 1653 1620 1705 inclina
1649 1653 1962 1716 calasinus,
2007 1661 2054 1705 et

2156 481 2307 538 geret
2327 473 2680 541 corporalem,
2714 489 2813 529 nec
2843 484 3046 530 tantum
3072 473 3516 540 Christianorum,
3543 476 3659 530 sed
3695 488 3752 529 et

2157 560 2461 615 Iudaeorum
2482 565 2565 630 (ut
2581 564 2837 620 credibile
2849 566 2957 635 est)
2977 577 3136 635 atque
3150 583 3473 638 paganorum
3494 582 3750 639 :quanto

2156 653 2324 720 magis
2353 651 2604 708 festinare
2635 655 2697 708 ad
2729 665 2870 710 tuam
2911 657 3100 712 attinet
3129 659 3490 722 sanctitatem,
3519 675 3641 713 non
3679 661 3749 713 ad

2157 757 2450 810 corporea),
2476 761 2593 814 quae
2625 747 2764 802 bello
2783 749 2860 815 ﬁt,
2887 747 3209 818 captivitatis
3234 753 3634 807 correctionem
3660 762 3745 804 at-

2156 846 2260 900 que
2301 836 2745 904 conversionem,
2776 839 2871 893 sed
2916 841 3234 907 animarum,
3283 857 3404 911 quae
3449 844 3748 911 captivata:

2156 937 2301 996 sunt,
2351 930 2432 984 vel
2459 932 2700 1000 quotidie
2738 936 3110 1003 captivantan
3132 946 3185 991 et
3215 938 3354 991 inter
3382 936 3514 992 duas
3536 939 3745 994 diabo-

2157 1018 2246 1074 lici
2272 1023 2384 1074 vias
2411 1022 2643 1089 erroris,
2697 1025 3006 1097 Eutychetis
3036 1037 3192 1097 atque
3227 1029 3487 1094 Nestorii,
3510 1030 3743 1084 tertiam

2158 1110 2264 1164 imo
2293 1113 2523 1166 mediam
2553 1115 2709 1171 nobis
2729 1119 2984 1172 ostendas
3012 1118 3318 1189 expressius
3346 1120 3457 1174 veri
3483 1119 3744 1190 rectique

2157 1202 2420 1272 dogmatis
2449 1206 2608 1261 viam.

2228 1293 2450 1349 Dubiam
2472 1310 2588 1351 eam
2607 1295 2846 1352 fecerunt
2865 1307 3046 1353 nostra
3077 1310 3314 1370 peccata,
3337 1301 3743 1355 aestimantibus

2155 1379 2469 1452 quibusdam
2512 1401 2616 1441 non
2665 1404 2821 1455 posse
2865 1391 3004 1445 inter
3044 1392 3271 1446 Nestorii
3319 1404 3374 1447 et
3419 1391 3743 1462 Eutychetis

2155 1472 2343 1528 salutis
2363 1474 2501 1528 viam
2533 1477 2763 1531 mediam
2806 1480 3028 1548 reperiri
3053 1496 3068 1545 ;
3097 1479 3186 1534 sed
3216 1481 3354 1550 quod
3381 1481 3606 1534 omnino
3637 1498 3738 1536 ne-

2155 1577 2305 1619 cesse
2333 1567 2423 1634 sit,
2451 1577 2542 1622 aut
2573 1569 2711 1625 illius
2749 1557 2868 1626 esse
2888 1587 3227 1641 quemquam,
3267 1583 3358 1628 aut
3388 1575 3548 1632 illius.
3603 1575 3742 1630 Pro-

2156 1663 2278 1724 pter
2306 1653 2408 1710 hoc
2452 1657 2640 1713 festina
2671 1670 2792 1728 post
2839 1660 3004 1717 Deum
3037 1677 3133 1717 nos
3161 1664 3422 1732 adjuvare
3453 1684 3464 1717 :
3506 1674 3566 1719 et
3597 1666 3740 1719 sicut

495 1747 739 1801 descende
767 1745 937 1814 (Psal.
971 1743 1151 1812 exuti)
1174 1760 1187 1796 :
1211 1743 1494 1811 aliquando
1515 1757 1722 1794 rursum
1753 1759 1764 1794 :
1797 1741 1897 1805 Qui
1923 1741 2055 1810 regis
2087 1736 2132 1796 B
2161 1743 2298 1799 inter
2329 1746 2438 1801 Arii
2468 1748 2750 1804 dividentis
2788 1763 2946 1819 atque
2975 1754 3272 1823 separantis
3316 1771 3473 1809 uuam
3508 1755 3739 1810 deitatis

495 1838 692 1905 Israel,
746 1837 946 1890 intende
971 1850 991 1889 :
1019 1837 1108 1904 qui
1146 1839 1286 1889 sedes
1317 1850 1469 1904 super
1507 1832 1783 1897 cherubim,
1825 1847 2055 1902 appara:

496 1932 653 1986 excita
682 1917 956 1999 potentiam
995 1934 1155 1991 tuam,
1187 1936 1232 1980 et
1272 1925 1414 1991 veni,
1457 1933 1512 1978 ut
1551 1923 1728 1978 liberes
1758 1938 1850 1977 nos
1883 1921 2052 1992 (Psal.

497 2022 676 2089 Lxxtx)
715 2036 728 2048 ·
761 2019 838 2072 sic
877 2032 973 2072 nos
1008 2017 1196 2081 modo,
1227 2016 1314 2085 qui
1345 2015 1632 2070 inﬁrmitati
1672 2029 1823 2068 novre
1855 2029 2061 2092 praevaj

496 2099 778 2164 ricationis'
795 2108 960 2176 patris
987 2106 1152 2160 nostri
1181 2103 1478 2173 dejicimur,
1507 2103 1571 2156 ad
1602 2111 1743 2158 tuam
1764 2103 2056 2180 clamamus

499 2196 879 2254 beatitudinem
908 2212 924 2251 :
949 2205 1004 2249 ut
1026 2205 1079 2249 et
1103 2201 1156 2247 tu
1191 2193 1425 2248 imitator
1445 2194 1678 2248 existens
1705 2194 1823 2248 Filii
1848 2193 1962 2259 Dei,
1989 2193 2056 2248 ad

497 2291 833 2348 dilectionem
858 2289 980 2357 (al.,
1011 2285 1385 2354 deiectionem)
1421 2285 1794 2355 deprecatione
1837 2285 2017 2340 venias
2039 2326 2055 2352 ,

497 2384 790 2437 imitatione
820 2381 982 2446 ipsius
1011 2378 1242 2432 caelestis
1287 2376 1457 2430 Patris
1487 2375 1599 2440 'tni,
1641 2376 1727 2445 qui
1751 2373 1876 2444 facit
1901 2377 2058 2431 solem

497 2489 643 2529 suum
674 2469 799 2525 oriri
824 2485 976 2540 super
1005 2469 1160 2522 bonos
1189 2477 1237 2520 et
1270 2467 1463 2532 malos,
1488 2477 1543 2544 (et
1569 2465 1700 2535 pluit
1723 2482 1878 2535 super
1887 2469 2058 2536 justas

498 2577 548 2620 et
573 2566 786 2634 injustas
816 2561 1026 2632 (Matth.
1057 2561 1129 2631 v).
1165 2560 1376 2615 Festina
1421 2558 1474 2614 in
1507 2559 1763 2613 auxilium
1796 2569 2055 2626 nostrum,

499 2655 674 2710 sciens
697 2698 710 2720 ,
755 2651 1088 2706 sanctissime
1133 2649 1295 2720 (sicut
1323 2648 1375 2703 in
1406 2647 1678 2716 principiis
1710 2647 1910 2702 dictum
1953 2651 2058 2717 est)

498 2746 622 2813 quia
643 2759 744 2797 non
771 2758 899 2812 opus
924 2741 1106 2794 habent
1131 2738 1246 2794 sani
1285 2738 1505 2805 medico,
1533 2738 1623 2793 sed
1653 2738 1784 2791 male
1811 2737 2053 2792 habentes

501 2836 712 2906 (Matth.
745 2835 844 2902 ix).

578 2925 726 2989 Quod
755 2907 797 2975 si
822 2937 980 2991 parva
1018 2921 1273 2976 existeret
1299 2917 1579 2988 aegritudo,
1612 2933 1711 2974 nos
1738 2917 1965 2973 forsitan
1991 2916 2056 2970 ad

500 3016 828 3086 spiritualem
861 3023 1098 3067 nostrum
1127 3013 1389 3067 medicum
1413 3025 1773 3076 curreremus,
1796 3021 2056 3080 quatenus

2158 1844 2400 1890 naturam
2430 1848 2586 1907 atque
2615 1840 2986 1908 substantiam,
3016 1853 3072 1899 et
3107 1843 3324 1899 Sabellii
3349 1860 3561 1915 quoque
3595 1862 3738 1915 ron-

2157 1925 2428 1983 fundentis
2455 1941 2710 1998 personas
2741 1940 2795 1985 et
2819 1933 3109 1986 minuentis
3137 1949 3418 1988 numerum
3451 1936 3732 2001 trinitalts,

2157 2011 2501 2072 ostenderunt
2523 2021 2841 2074 sanctissimi
2862 2021 3044 2077 Patres
3062 2023 3198 2077 viam
3224 2026 3447 2079 mediam
3465 2027 3735 2089 veritatis,

2157 2108 2212 2163 in
2229 2110 2564 2178 confessione
2581 2111 2873 2166 divinitatis
2890 2128 3046 2167 unam
3068 2113 3729 2187 substantiam,'naturam,

2156 2202 2517 2270 virtutemque
2561 2201 3019 2270 demonstrantes,
3048 2212 3263 2272 propter
3284 2201 3589 2280 'Sabellium
3625 2215 3732 2259 tres

2158 2291 2417 2359 personas
2433 2284 2486 2345 et
2501 2291 2934 2362 aequaapotentia:
2956 2309 3112 2347 unam
3132 2295 3406 2366 veritatem
3433 2312 3446 2348 :
3465 2296 3546 2350 sic
3565 2308 3619 2349 et
3641 2310 3729 2349 vos

2154 2371 2332 2445 nunc,
2365 2372 2682 2435 sanctissimi
2721 2393 2884 2450 atque
2925 2383 3238 2448 beatissimi,
3291 2385 3592 2440 illuminate
3636 2401 3728 2440 nos

2159 2470 2450 2538 spiritualis
2478 2471 2713 2525 scientia
2734 2480 2923 2526 vestrae
2946 2473 3168 2540 lumine,
3193 2489 3312 2543 quae
3333 2482 3416 2528 est
3442 2475 3588 2530 inter
3610 2490 3729 2529 sen-

2162 2560 2378 2614 tentiam
2409 2560 2720 2632 Eutychetis
2763 2561 2830 2616 ad
2877 2561 3225 2618 imitationem
3252 2564 3468 2620 Sabellii
3510 2575 3727 2620 naturas

2156 2649 2320 2718 atque
2353 2647 2678 2707 substantias
2718 2651 3116 2720 confundentis,
3147 2663 3200 2709 et
3229 2647 3372 2709 inter
3391 2654 3627 2710 Nestorii
3664 2655 3725 2708 ad

2162 2740 2506 2794 imitationem
2537 2741 2650 2795 Arii
2681 2755 2935 2809 personas
2955 2753 3112 2813 atque
3137 2745 3460 2799 substantias
3485 2746 3727 2800 dividen-

2162 2832 2249 2894 tis,
2278 2843 2401 2885 vera
2440 2839 2600 2886 recte
2631 2830 2752 2886 ﬁdei
2781 2831 3058 2888 confessio
3081 2874 3096 2898 ,
3130 2834 3317 2889 tradita
3349 2835 3502 2889 nobis
3535 2851 3566 2888 a
3597 2848 3724 2903 papa

2164 2919 2342 2974 Leone
2369 2920 2508 2974 inter
2538 2929 2754 2975 sanctos
2800 2923 3091 2978 constituto
3113 2965 3128 2988 ,
3163 2929 3219 2976 et
3262 2922 3646 2992 discipulorum
3674 2924 3722 2976 in

2161 3010 2497 3066 Chalcedone
2517 3021 2817 3064 sanctorum
2840 3010 3051 3065 Patrum
3074 3012 3294 3066 duarum
3313 3012 3724 3066 substantiarnm

501 3119 555 3165 et
579 3108 847 3179 passiones
867 3106 1125 3159 bonorum
1156 3103 1502 3165 medicorum,
1527 3102 1578 3156 id
1601 3113 1684 3157 est
1707 3094 2056 3172 gloriosorum
2088 3088 2133 3151 C
2163 3113 2254 3156 aut
2296 3111 2605 3156 naturarum
2660 3101 2834 3155 unitas
2871 3100 2928 3154 in
2958 3116 3060 3155 una
3101 3100 3392 3171 eademque
3421 3116 3647 3171 persona
3675 3111 3725 3155 et

501 3199 698 3254 Christi
746 3195 1152 3264 discipulorum,
1194 3203 1606 3262 vestrorumque
1650 3193 1951 3256 doctorum,
2007 3199 2063 3245 et

502 3298 684 3345 sancta
705 3287 1049 3340 adoraremus
1072 3293 1160 3337 tua
1184 3283 1429 3351 veStigia,
1457 3290 1513 3336 ut
1532 3290 1586 3336 et
1614 3281 2062 3351 praevaricationis

503 3381 851 3443 medicinam,
882 3386 934 3432 et
958 3376 1275 3430 solutionem
1312 3375 1662 3440 vinculorum;
1695 3383 1748 3428 et
1779 3373 1956 3429 delicti
1977 3388 2063 3428 re-

503 3472 810 3528 missionem
834 3469 901 3522 de
926 3476 1018 3520 tuo
1039 3473 1224 3520 sancto
1248 3478 1341 3519 ore
1367 3463 1781 3532 susciperemus.

575 3538 678 3617 Se-l
709 3560 831 3629 quia
859 3574 963 3610 non
1002 3565 1073 3610 est
1097 3557 1272 3618 ulcus,
1317 3563 1402 3606 aut
1449 3553 1679 3619 macula,
1711 3567 1870 3621 neque
1909 3551 2063 3621 plaga

508 3663 726 3715 tumens,
758 3649 847 3702 sed
882 3656 1040 3701 totum
1066 3648 1212 3698 ulcus
1237 3655 1308 3698 est
1329 3659 1361 3696 a
1386 3644 1594 3713 pedibus
1636 3659 1793 3712 usque
1817 3643 1884 3695 ad
1912 3650 2063 3708 caput

510 3743 660 3816 (Isai.
693 3741 729 3810 I)
749 3782 764 3806 ,
795 3741 935 3794 sicut
959 3737 1146 3793 beatus
1175 3735 1336 3790 Isaias
1364 3734 1634 3804 antiquam
1671 3734 2065 3802 prmvaricatio-

402 3858 404 3860 ·
506 3833 627 3893 item
657 3833 859 3888 deﬁens
894 3830 1064 3884 dixit:
1095 3841 1190 3882 vos
1230 3825 1340 3896 jam
1385 3825 1510 3880 boni
1561 3823 1774 3890 medici,
1825 3832 1876 3878 et
1921 3823 2065 3878 illius

505 3928 616 3983 veri
646 3923 858 3987 medici,
891 3923 971 3976 vel
1003 3922 1258 3975 bonorum
1287 3916 1662 3985 discipulorum
1691 3917 1855 3986 ipsius
1877 3917 2066 3970 certis-

509 4017 630 4074 simi
661 4015 986 4084 plantatores
1012 4010 1255 4065 festinate
1292 4009 1356 4061 ad
1383 4022 1562 4061 curam
1587 4009 1940 4060 resolutorum
1972 4021 2064 4060 ec-

508 4107 788 4167 clesiastici
819 4105 1057 4174 corporis
1079 4101 1460 4165 membrorum,
1491 4109 1547 4152 ut
1573 4098 1860 4154 dissolutas
1877 4114 2064 4154 manus

508 4211 751 4266 nostras,
805 4183 1168 4264 dissolutaqne
1195 4208 1362 4262 genua
1393 4192 1633 4261 erigatis,
1673 4199 1729 4245 et
1772 4205 1959 4245 cursus
1983 4206 2067 4246 re-

508 4303 623 4348 ctos
645 4288 848 4345 faciatis
879 4286 1097 4355 pedibus
1123 4277 1354 4347 nostris;
1384 4297 1450 4336 ne
1489 4281 1630 4350 quod
1669 4280 1914 4335 claudum
1945 4292 2065 4346 est,

508 4381 738 4452 amplius
765 4379 1188 4447 distorqueatur,
1210 4373 1304 4427 sed
1346 4379 1566 4426 curetur
1592 4371 1760 4440 magis
1797 4380 2063 4450 perstre-

511 4474 765 4530 nuitatem
795 4479 848 4524 et
867 4468 1119 4535 optimam
1144 4460 1469 4534 diligentiam
1501 4469 1753 4515 vestram.

577 4562 727 4616 Sicut
748 4557 888 4614 enim
922 4557 1170 4624 magiam-0
1195 4561 1380 4607 nostro
1413 4551 1628 4605 domino
1655 4550 1816 4605 Paulo
1836 4550 2067 4620 glorioso

509 4651 750 4721 apostolo
779 4657 991 4718 propter
1029 4643 1270 4698 inﬁdeles
1292 4643 1525 4710 aliquos,
1549 4641 1675 4695 dum
1703 4656 1823 4695 eum
1864 4642 2068 4722 pigeret

511 4757 810 4801 sermonem
833 4738 1040 4793 Domini
1072 4736 1123 4790 in
1144 4734 1400 4790 Corintho
1423 4733 1587 4802 loqui,
1611 4743 1790 4787 astans
1817 4733 2067 4788 Dominus

511 4838 642 4894 dixit
671 4853 684 4890 :
718 4824 942 4903 Loquere
969 4839 1015 4883 et
1043 4846 1143 4882 non
1169 4840 1350 4892 taceas,
1379 4827 1496 4896 quia
1529 4829 1714 4879 multus
1737 4835 1809 4879 est
1832 4827 1954 4879 mihi
1975 4843 2067 4895 po-

513 4927 661 4999 pulus
695 4925 748 4978 in
788 4923 883 4975 hac
921 4921 1120 4973 ciuitate
1167 4919 1302 4985 (Act.
1335 4915 1514 4983 xvm),
1545 4923 1599 4969 et
1635 4929 1772 4968 nunc
1809 4925 1911 4969 tua:
1940 4916 2066 4969 dicit

513 5013 820 5071 beatitudini
849 5011 963 5080 ejus
994 5007 1330 5077 benignitas:
1363 5005 1597 5084 Festina,
1626 5015 1676 5059 et
1708 5007 1817 5058 noli
1854 5005 2066 5060 tardare

513 5107 578 5160 ad
604 5103 836 5159 Orientis
862 5101 1133 5166 auxilium,
1161 5098 1326 5165 magis
1355 5106 1528 5150 autem
1556 5096 1619 5149 ad
1641 5095 1869 5165 majores
1889 5108 2068 5165 partes

516 5194 814 5250 hahitablis
841 5189 1054 5254 mundi,
1089 5189 1208 5257 quia
1239 5202 1344 5240 non
1373 5195 1572 5238 tantum
1619 5200 1711 5252 prc
1741 5181 1953 5240 centum
1985 5188 2064 5240 7i-

514 5284 644 5354 μιιὶ
667 5281 900 5337 millibus
920 5280 970 5330 in
993 5293 1179 5346 magna
1203 5277 1516 5344 quandoque
1539 5276 1835 5330 constitutis
1856 5276 2068 5332 civitate

516 5375 702 5429 Ninive
723 5412 737 5436 ,
776 5372 867 5426 sed
890 5385 921 5422 a
953 5367 1386 5435 multoplnribus
1415 5380 1567 5433 spera
1597 5368 1892 5434 exspectari
1925 5378 2066 5420 tuam

519 5475 635 5534 post
663 5465 825 5519 Deum
857 5460 1193 5516 medicinam.
1224 5457 1279 5511 Si
1311 5458 1450 5512 enim
1483 5457 1570 5524 qui
1612 5458 1882 5524 praecessit
1902 5459 2072 5513 beati-

519 5555 750 5608 tudinem
783 5562 923 5606 tnam
965 5550 1104 5601 inter
1125 5557 1336 5600 sanctos
1373 5545 1690 5600 constitutus
1720 5546 1827 5600 Leo
1868 5548 2071 5619 archie-

517 5645 762 5712 piscopus
799 5642 864 5698 ad
901 5639 1116 5695 Attilam
1148 5647 1274 5691 tunc
1306 5651 1551 5690 erronem
1585 5635 1863 5691 barbarum
1889 5652 1983 5706 per
2012 5652 2071 5693 se

2092 4430 2144 4491 D

2161 3193 2455 3248 substantia
2476 3190 2650 3261 magni
2673 3189 2762 3246 Dei
2784 3199 2839 3245 et
2857 3191 3147 3247 Salvatoris
3175 3191 3339 3246 nostri
3359 3191 3485 3246 Iesu
3507 3189 3723 3247 Christi.

2231 3284 2336 3351 Ipsi
2379 3284 2524 3338 enim
2555 3283 2858 3347 docuerunt
2891 3297 2987 3337 nos
3022 3283 3219 3337 divinis
3258 3281 3550 3351 Scripturis
3589 3281 3716 3335 alte-

2160 3389 2273 3430 ram
2327 3387 2450 3448 esse
2499 3373 2797 3439 visibilem,
2840 3383 2894 3428 et
2941 3353 3260 3443 palpabilem
3314 3383 3369 3430 et
3425 3372 3722 3442 passibilem

2160 3466 2336 3520 carnis
2379 3473 2653 3529 naturam,
2684 3476 2739 3520 et
2781 3464 3024 3530 alteram.
3053 3465 3392 3530 invisibilem,
3423 3463 3717 3534 impassibi-

2162 3556 2266 3610 lem
2298 3565 2352 3611 et
2380 3554 2969 3625 incomprehensibilem
3020 3566 3258 3610 naturam
3288 3555 3342 3609 in
3368 3569 3470 3609 una
3503 3567 3720 3623 persona

2162 3657 2214 3701 et
2251 3646 2542 3700 substantia
2584 3648 2756 3716 magni
2811 3646 3004 3702 Deiot
3049 3646 3344 3702 Salvatoris
3389 3649 3556 3702 nostri
3599 3646 3719 3702 Iesu

2161 3734 2386 3799 Christi;
2414 3735 2635 3788 alteram
2664 3733 2730 3789 de
2760 3734 2942 3789 matris
2973 3735 3263 3789 substantia
3313 3743 3368 3790 ct
3417 3745 3600 3790 natura
3635 3747 3719 3788 ve-

2164 3825 2395 3878 nientem
2415 3824 2490 3890 de.
2505 3823 2709 3879 semine
2734 3823 2923 3888 David,
2950 3824 3176 3878 Abrahae
3199 3833 3253 3878 et
3270 3823 3419 3891 Adae,
3435 3823 3717 3878 secundum

2163 3929 2377 3969 carnem
2421 3923 2617 3980 natam,
2646 3913 2868 3969 alteram
2898 3929 3027 3969 vero
3069 3931 3133 3969 ex
3179 3926 3332 3969 utero
3373 3923 3495 3969 ante
3524 3912 3718 3968 Lucife-

2164 4018 2283 4059 rum
2320 4006 2549 4074 genitam
2580 4004 2647 4082 de
2675 4005 2970 4059 substantia
2997 4012 3052 4061 et
3081 4016 3265 4059 natura
3295 4005 3488 4060 Patris.
3529 4003 3629 4060 Sed
3658 4018 3718 4056 ne

2166 4111 2350 4151 rursus
2393 4105 2611 4165 propter
2652 4095 2975 4150 immaculati
3023 4104 3202 4164 partus
3245 4096 3376 4150 duas
3422 4106 3633 4150 naturas
3668 4103 3716 4146 et

2164 4186 2485 4243 substantias
2499 4187 2832 4242 occasionem
2849 4186 3220 4256 apprchenden
3230 4198 3308 4242 tes
3329 4188 3418 4257 qui
3437 4185 3714 4243 secundum

2165 4277 2464 4333 Nestorium
2486 4277 2716 4347 sapiunt,
2735 4279 2864 4332 duas
2896 4293 3172 4347 personas,
3197 4289 3286 4332 aut
3306 4279 3439 4333 duos
3468 4280 3620 4344 ﬁlios,
3639 4273 3712 4328 vel

2167 4366 2302 4421 duos
2355 4365 2595 4422 Cbristos
2620 4367 2758 4424 male
2798 4369 3163 4436 introducam;
3216 4350 3510 4424 doanrunt
3559 4362 3712 4422 sancti

2169 4459 2242 4513 illi
2271 4466 2325 4512 et
2363 4458 2500 4514 beati
2528 4457 2712 4512 Patres
2744 4474 2900 4513 unam
2930 4461 3068 4514 scire
3097 4475 3377 4529 personam
3405 4471 3461 4516 et
3489 4460 3711 4516 substan-

2170 4551 2360 4604 tiarum
2390 4549 2792 4616 inseparabilem
2817 4550 3073 4610 unitatem
3099 4566 3166 4606 ex
3191 4551 3398 4608 duabus
3423 4550 3711 4607 substantiis

2169 4652 2217 4694 et
2249 4639 2471 4705 naturis,
2500 4645 2555 4694 et
2583 4639 2634 4693 in
2665 4639 2870 4694 duabus
2898 4641 3207 4696 substantiis
3237 4653 3292 4697 et
3319 4645 3523 4698 naturis
3552 4636 3707 4708 magni

2170 4731 2260 4786 Dei
2290 4740 2345 4786 et
2369 4731 2655 4787 Salvatoris
2681 4730 2852 4786 nostri
2868 4733 2992 4788 .lesu
3019 4734 3237 4788 Christi.

2242 4821 2349 4876 Nos
2370 4822 2533 4884 enim,
2559 4836 2592 4876 ο
2619 4821 2952 4877 sanctissime
2979 4832 3034 4876 ct
3063 4823 3365 4880 beatissime
3389 4823 3701 4896 Symmache,

2171 4912 2415 4968 eumdem
2456 4925 2574 4966 esse
2614 4910 2981 4966 existimamus
3008 4929 3070 4968 ex
3103 4913 3310 4969 duabus
3359 4918 3560 4971 naturis
3586 4914 3702 4969 etin

2171 5003 2375 5056 duabus
2410 5002 2630 5066 naturis,
2662 5012 2714 5054 et
2739 5017 2844 5056 non
2874 5003 3042 5071 (sicut
3081 5004 3153 5057 illi
3186 5003 3398 5075 dicunt)
3431 5021 3496 5060 ex
3525 5003 3702 5059 duabus

2172 5094 2378 5146 naturis
2408 5107 2562 5145 unam
2604 5099 2846 5145 naturam
2891 5101 3008 5162 post
3036 5093 3426 5161 adunationem,
3455 5097 3507 5150 in
3527 5091 3700 5146 duabus

2173 5192 2348 5237 autem
2392 5183 2798 5237 subsistentibus
2847 5185 3048 5239 naturis
3085 5202 3204 5240 cum
3245 5188 3450 5241 unitate
3488 5201 3582 5241 non
3610 5181 3696 5249 pati

2171 5272 2443 5337 conﬁteri;
2477 5283 2531 5326 ut
2573 5288 2631 5327 se
2664 5274 2890 5328 doceant
2920 5276 3232 5330 Arianorum
3262 5291 3379 5331 esse
3417 5278 3694 5331 imitatores.

2173 5365 2461 5420 dicentium
2501 5379 2595 5432 per
2625 5364 2814 5417 Filium
2845 5366 3127 5434 gloriﬁcari
3175 5367 3402 5432 Patrem,
3429 5384 3544 5424 cum
3584 5362 3697 5417 Filio

2174 5467 2348 5511 autem
2381 5471 2484 5510 non
2515 5457 2620 5521 pati
2656 5471 2713 5510 se
2747 5473 2867 5512 eum
2897 5458 3200 5528 gloriﬁcari.
3251 5459 3354 5514 Sed
3385 5461 3519 5514 sicut
3540 5463 3692 5510 conm

2175 5548 2295 5620 illos
2336 5547 2626 5602 docuerunt
2674 5547 2861 5602 fratres
2905 5549 2978 5602 tui
3029 5551 3345 5603 sanctissimi
3395 5551 3582 5608 Patres.
3612 5543 3694 5596 Ριτ

2174 5652 2332 5708 quem
2359 5646 2413 5692 et
2439 5643 2558 5692 cuin
2595 5651 2702 5705 quo
2739 5639 3017 5710 mqualitor
3065 5641 3170 5710 pati
3202 5640 3382 5696 dicere
3424 5653 3516 5696 nos
3538 5657 3548 5691 :
3572 5631 3670 5699 quia
