3842 6226
288 245 337 297 σι
1423 243 1772 303 EPISTULA?
1813 246 1900 301 ET
1939 215 2272 306 DECRETA.

279 329 370 407 Per
402 367 567 421 quem,
597 352 1006 416 humanitatem;
1037 354 1167 408 Cum
1199 371 1324 424 quo,
1353 357 1680 412 divinitatem
1722 358 1792 410 si—
1823 360 1870 416 Δ
1901 367 1955 412 et
1991 364 2116 416 utile
2153 363 2288 418 tales
2325 363 2650 420 admonere:
2695 382 2797 422 nec
2837 368 2977 423 enim
3020 351 3307 438 congruum
3344 374 3449 428 illis

267 443 546 510 gniﬁcantes
574 443 751 513 magni
779 443 871 497 Dei
901 457 953 498 et
975 442 1260 499 Salvatoris
1287 447 1449 500 nostri
1477 446 1600 501 Jesu
1638 447 1791 501 Chri-

261 532 448 586 stizsic
485 540 536 585 et
573 547 712 587 nunc
753 534 875 600 illis,
919 533 997 587 Ex
1038 534 1236 589 duabus
1282 536 1494 603 quidem
1545 539 1778 592 naturis.

257 622 564 676 dicentibus:
588 623 643 677 ln
673 625 877 679 duabus
916 635 1090 681 autem
1131 643 1232 680 non
1269 627 1659 691 conﬁtentibus,
1689 644 1785 684 nos

158 738 164 746 -
255 727 321 766 ex
344 712 548 776 duabus,
571 723 626 768 et
658 715 709 768 in
742 715 943 769 duabus
967 716 1165 786 pariter
1188 718 1430 771 dicimus.
1475 719 1552 771 Ex
1581 719 1808 775 duabus.

251 804 380 856 enim
405 805 652 863 dicentes.
683 821 752 862 ex
779 793 971 875 quibus
995 807 1230 862 subsistit
1259 809 1451 863 unitas.
1495 807 1550 863 In
1576 810 1784 867 duabus

246 904 427 953 autem.
456 893 506 947 in
545 895 736 964 quibus
779 896 924 949 visus
966 904 1065 961 est,
1088 906 1141 950 et
1187 897 1424 966 palpatus
1468 907 1571 962 est,
1605 910 1657 954 et
1693 915 1781 955 as-

187 1044 190 1045 ν
242 990 468 1050 sumptus
507 995 623 1052 post
663 980 957 1052 p’assionem
986 994 1039 1038 et
1066 988 1526 1051 resurrectionem,
1557 988 1780 1045 conﬁte-

240 1086 370 1136 ntur,
396 1081 444 1125 et
481 1073 531 1127 in
569 1074 761 1142 quibus
789 1075 979 1130 'veniet
1008 1074 1334 1144 iudicaturus
1374 1077 1520 1133 vivos
1547 1087 1604 1134 et
1639 1093 1782 1134 mor-

238 1171 256 1213 .
268 1170 371 1214 uli.c
1350 1183 1352 1186 .

307 1250 470 1320 Neque
511 1253 656 1307 enim
705 1254 842 1312 nuda
887 1256 1134 1313 divinitas
1172 1265 1377 1328 poterat
1411 1266 1502 1312 aut
1540 1261 1774 1327 palpari,

1892 451 2156 519 religiosae
2184 454 2377 508 aﬂ’crre
2405 453 2646 524 dogmata
2675 459 2985 527 disciplima,
3025 473 3052 511 a
3081 461 3270 528 quibus
3300 463 3448 517 insti-

1892 540 2108 597 tutionis
2135 543 2300 609 ipsius
2342 557 2681 614 exspectatur
2709 551 2859 618 plena
2892 553 3163 620 perfectio.

1958 631 2062 685 Sed
2093 631 2324 689 breviter
2348 635 2487 688 clara
2511 638 2942 706 perstringemus.
2971 640 3066 696 Cui
3096 645 3441 711 incognitum,

1885 719 2467 796 Constantinopolitana
2491 724 2727 780 Ecclesia
2757 743 2856 796 qua
2886 729 3108 785 Nestorii
3132 735 3447 802 contagione

1887 809 2146 866 laboravit
2171 811 2194 863 ?
2221 811 2471 877 Nestorii,
2505 816 2715 893 inquam
2733 857 2748 882 ,
2777 818 2867 887 qui
2897 821 3043 888 quasi
3073 831 3225 891 putre
3251 839 3447 894 corpo-

1884 901 1958 954 ris
1998 902 2295 957 membrum
2340 920 2368 956 a
2427 895 2682 958 societate
2735 907 3006 962 catholica:
3051 912 3442 967 communionis

1882 989 2093 1044 excisus
2115 999 2216 1046 est.
2240 991 2336 1048 Ubi
2362 1003 2618 1048 terrarum
2637 1011 2739 1050 non
2762 997 3083 1064 prrcdicatur
3101 1004 3443 1072 congregatio

1879 1079 2326 1137 Chalcedonensis
2371 1087 2541 1139 sancti
2577 1088 2819 1151 concilii,
2849 1104 2968 1158 qua
3005 1091 3347 1162 Eutychctcm
3383 1105 3438 1148 et

1880 1170 2215 1236 Dioscorum,
2241 1173 2346 1228 duo
2385 1177 2598 1230 nomina
2631 1178 2827 1232 famosa
2859 1187 2912 1234 et
2941 1196 3144 1250 magna
3179 1185 3436 1251 perﬁdis,

1877 1260 2033 1316 unius
2093 1265 2368 1318 sententia:
2421 1266 2722 1335 integritate
2781 1269 3092 1336 damnavit,
3142 1273 3436 1342 iniquitatis

232 1346 565 1413 autcruclttgi
597 1361 692 1413 pro
717 1349 824 1402 vita
854 1349 1064 1414 mundi;
1093 1363 1190 1404 nec
1228 1349 1447 1419 simplex
1478 1349 1776 1406 humanitas
1876 1352 2162 1419 complices
2207 1370 2312 1406 uno
2351 1355 2536 1420 spiritu
2591 1357 2784 1412 divinis
2826 1360 3158 1428 dogmatibus
3204 1364 3430 1419 adversa

233 1433 380 1486 morti
424 1434 702 1502 subjacens
743 1452 836 1506 per
877 1450 1108 1493 mortem
1151 1438 1471 1495 confundere
1515 1456 1633 1495 eum
1684 1443 1771 1510 qui
1873 1443 2178 1496 sectantes?
2203 1443 2332 1508 Quis
2373 1443 2584 1498 Petrum
2611 1456 2662 1501 et
2702 1448 3038 1504 Timotheum
3093 1453 3434 1521 praefatorum

227 1520 488 1576 obtinebat
533 1535 781 1591 mortem,
805 1526 905 1580 hoc
949 1536 1029 1606 est
1064 1527 1350 1581 diabolum.
1392 1527 1544 1583 Unde
1574 1539 1773 1596 etpost
1873 1533 2120 1588 vernulas
2144 1520 3428 1608 ignoravit,propugnatoresintentionisaddicts,

225 1611 653 1666 resurrectionem
685 1615 737 1666 in
768 1598 1098 1669 immaculata
1129 1629 1285 1670 carne
1315 1631 1405 1670 sua
1444 1618 1610 1671 visum
1643 1617 1771 1672 Ver-
1871 1631 2117 1677 auctores
2158 1638 2220 1679 ac
2255 1627 2533 1694 magistros
2569 1642 2694 1683 suos
2731 1644 2876 1683 saevo
2907 1646 3090 1685 errore
3120 1632 3436 1688 vincentes?

225 1701 345 1755 bunt
374 1702 463 1755 Dei
489 1713 540 1757 et
579 1705 734 1758 Deus
757 1714 937 1760 noster
975 1707 1218 1760 omnibus
1253 1707 1524 1775 discipulis
1551 1708 1663 1762 suis
1691 1708 1771 1761 di-
1801 1697 1846 1756 Β
1873 1713 2022 1768 Illum
2059 1715 2392 1770 Timotheum
2442 1717 2704 1786 loquimur
2743 1723 3072 1788 patricidam,
3103 1726 3191 1793 qui
3231 1735 3431 1780 sancta

219 1792 406 1846 tabat:
440 1792 611 1846 Videte
635 1812 810 1848 manus
833 1813 966 1849 meas
997 1806 1044 1850 et
1069 1799 1219 1868 pedes
1239 1815 1392 1864 meos,
1414 1799 1530 1867 quia
1550 1800 1769 1868 egoipse
1867 1805 2252 1862 recordationis
2291 1807 2532 1863 Proterio
2567 1815 2871 1879 superstite,
2916 1830 3020 1894 nqn
3052 1792 3221 1868 solum
3251 1815 3426 1869 eccle-

215 1885 592 1952 «anticipate
632 1895 678 1938 et
715 1886 895 1950 uidete,
919 1888 1037 1956 quia
1076 1888 1280 1957 spiritus
1325 1905 1526 1958 carnem
1568 1899 1613 1944 et
1652 1907 1768 1944 ossa
1868 1892 1998 1947 siam
2044 1909 2148 1948 non
2199 1895 2459 1966 religiosis
2506 1901 2808 1954 auctoribus
2867 1885 3179 1971 orcupavit,
3233 1920 3418 1958 verum

216 1989 322 2026 non
361 1976 520 2040 habet,
562 1979 694 2030 sicut
739 1994 817 2032 me
863 1979 1037 2032 ridetis
1075 1978 1332 2032 habentem
1379 1979 1538 2051 (Luc.
1584 1983 1760 2053 xxtv).

217 2061 485 2118 Ruentem
513 2065 668 2133 dixit,
699 2075 755 2120 ut
792 2082 896 2122 non
926 2067 971 2121 is
998 2067 1049 2121 in
1075 2067 1166 2121 illa
1201 2078 1430 2123 mutatus
1467 2079 1760 2138 putaretur,

216 2152 313 2206 sed
335 2154 384 2207 in
412 2157 631 2209 veritate
652 2158 1000 2226 assumpsisse
1019 2159 1346 2214 crederetur.
1377 2161 1535 2214 Beato
1555 2177 1765 2231 quoque

213 2239 429 2297 Thomas
456 2244 713 2299 dilﬁdenti
744 2251 937 2300 clamat
962 2264 974 2298 :
999 2245 1142 2317 Infer
1170 2249 1377 2318 digitum
1419 2258 1558 2303 tuum
1581 2261 1627 2305 et
1652 2252 1762 2306 uide

213 2347 388 2386 mritis
426 2345 669 2390 meane:
718 2338 785 2390 da
828 2355 1031 2390 manum
1076 2347 1230 2403 tuam,
1263 2349 1311 2393 et
1354 2342 1490 2393 mitte
1529 2344 1584 2394 in
1622 2343 1760 2398 totus

214 2438 394 2490 suam,
420 2435 466 2478 et
502 2429 611 2480 noli
654 2444 761 2482 esse
802 2431 1110 2499 incredulus,
1135 2433 1222 2484 sed
1269 2433 1433 2500 ﬁdelis
1460 2432 1641 2502 (Joan.
1673 2436 1757 2504 x).

215 2511 358 2567 Unde
401 2514 526 2568 dum
572 2528 949 2582 assumeretur,
978 2520 1085 2573 duo
1119 2519 1215 2574 viri
1262 2520 1359 2574 visi
1399 2522 1668 2588 discipulis
1707 2525 1757 2578 in

211 2614 343 2669 albis
375 2614 607 2671 vestibus
650 2615 950 2669 clamabant
986 2625 1040 2668 et
1075 2615 1350 2670 dicebant:
1380 2616 1489 2670 Viri
1529 2616 1755 2688 Galilei,

211 2707 326 2768 quid
347 2707 488 2760 statis
513 2706 811 2770 aspicientes
844 2706 895 2758 in
920 2706 1099 2785 cretum
1116 2709 1142 2760 ἵ
1181 2707 1278 2762 Hic
1304 2707 1474 2771 Iesus.
1499 2712 1586 2780 qui
1609 2714 1756 2765 abla-

210 2806 288 2851 tus
312 2807 381 2851 est
408 2814 441 2850 ιι
466 2798 605 2851 vobis
621 2798 673 2851 in
692 2800 973 2864 calamitis
992 2802 1167 2866 veniet,
1185 2803 1313 2855 sicut
1338 2805 1533 2860 uidistis
1556 2818 1755 2862 euntem

209 2888 264 2940 in
293 2890 464 2942 calum
493 2887 632 2959 (Act.
662 2889 733 2957 ι),
762 2903 881 2944 cum
917 2893 1120 2946 venerit
1161 2895 1464 2949 omnimodo
1495 2896 1549 2952 in
1588 2898 1752 2967 gloria

208 2975 372 3033 Patris
396 2994 518 3033 cum
549 2980 746 3034 sanctis
787 2981 989 3048 angelis
1017 2983 1067 3035 in
1096 2983 1183 3037 die
1213 2985 1431 3041 terribili
1455 2987 1580 3054 justi
1606 2989 1750 3057 judi-

1864 1982 2022 2035 etiam
2049 1983 2359 2039 eﬂ‘usionem
2391 1987 2461 2054 pii
2500 1991 2769 2056 sanguinis
2809 1991 2873 2043 ad
2918 1992 3117 2046 crimen
3156 1996 3426 2060 pervasio-

1865 2071 1946 2124 nis
1985 2070 2200 2137 adjecit.
2239 2072 2410 2141 Ipsius
2440 2090 2628 2145 nempe
2670 2078 3064 2134 damnationem
3111 2081 3422 2136 universalis

1863 2168 1945 2214 est
1981 2161 2229 2216 Ecclesia
2270 2178 2370 2216 vox
2407 2165 2599 2230 locuta,
2639 2166 2763 2220 dum
2805 2185 2925 2221 cum
2966 2172 3176 2224 nomine
3213 2186 3423 2238 quoque

1861 2250 2150 2307 Christiani
2193 2252 2410 2307 honoris
2445 2263 2682 2309 exueret.
2729 2257 2854 2326 Ejus
2886 2258 3097 2323 Petrum
3140 2275 3422 2329 sequacem

1861 2352 2047 2396 notum
2074 2342 2313 2397 fecerunt
2341 2345 2753 2400 orthodoxorum
2783 2349 3018 2416 plurimm
3041 2351 3332 2418 passiones,
3366 2352 3418 2404 in

1866 2436 2062 2502 quibus
2100 2437 2189 2490 ille
2217 2437 2461 2491 virtutem
2501 2439 2662 2492 animi
2695 2440 2773 2493 sui
2803 2443 3084 2494 exsultavit
3110 2443 3414 2496 ostendere.

1859 2524 2017 2580 Novit
2040 2527 2180 2582 hunc
2212 2528 2454 2597 Ephesus
2474 2546 2592 2584 cum
2619 2540 2724 2584 tota
2752 2531 3006 2586 societate
3035 2533 3297 2597 Dioscori,
3328 2535 3415 2587 ubi

1856 2631 1977 2673 cum
2005 2619 2257 2686 prtedicto
2282 2631 2500 2675 auctore
2530 2624 2726 2690 peccati
2767 2623 2925 2678 ﬁnem
2970 2627 3137 2681 sancti
3183 2627 3416 2681 Flaviani

1856 2718 2105 2777 operatus
2147 2709 2393 2766 innotuit.

1925 2798 2169 2855 Tacenda
2212 2810 2335 2856 sunt
2374 2805 2667 2859 Antiochia:
2710 2809 2882 2872 mala,
2929 2809 3018 2863 ubi
3054 2825 3147 2878 per
3192 2811 3414 2865 alterius

1855 2887 2000 2943 Petri
2030 2889 2252 2944 nefanda
2279 2892 2503 2946 ludibria
2541 2897 2886 2950 reverendum
2917 2900 3194 2953 sacerdotii
3220 2915 3410 2953 nomen

1856 2979 2067 3033 irrisum
2098 2989 2198 3034 cst.
2230 2983 2359 3048 Quis
2397 2986 2632 3050 Apamia:
2675 2995 2727 3039 et
2763 2987 2885 3053 Tyri
2912 3005 3010 3056 gen
3037 2991 3168 3057 itus,
3201 2993 3411 3059 tragicis

207 3066 274 3122 ei;
294 3084 307 3121 ;
331 3068 406 3122 sic
430 3068 672 3123 inﬁdeles
698 3040 879 3124 δυάεῖ
896 3072 1145 3127 videbunt
1167 3073 1216 3128 in
1245 3040 1755 3147 quem
1779 3040 1824 3102 C
1854 3068 2163 3123 criminibus
2205 3040 2611 3138 comparandos,
2651 3077 2743 3146 vel~
2775 3040 2826 3130 si
2864 3040 2991 3130 solis
3032 3040 3184 3133 vacet
3204 3124 3219 3149 ,
3252 3040 3405 3148 digna

208 3164 342 3221 rant,
371 3169 426 3211 et
460 3171 579 3212 cum
624 3159 704 3214 eis
745 3169 1050 3228 peccatores
1090 3165 1248 3217 etiam
1294 3168 1481 3230 nostri,
1511 3183 1633 3223 cum
1661 3170 1750 3240 qui

207 3260 380 3301 mm
405 3247 651 3303 misertus
675 3259 760 3304 est
783 3259 836 3303 et
860 3252 1099 3305 liberavit
1137 3267 1246 3318 eos,
1277 3256 1544 3324 neglectus
1571 3271 1749 3316 autem

205 3335 267 3390 ab
292 3337 369 3392 e'ts
393 3345 496 3393 est.
522 3337 823 3395 Secundum
852 3354 948 3393 vos
975 3350 1156 3396 autem
1185 3344 1349 3398 sancti
1374 3354 1426 3400 et
1448 3346 1574 3414 justi
1603 3345 1770 3404 vide;

204 3422 330 3478 bunt
347 3439 504 3494 quem
531 3426 714 3482 dilexit
733 3431 907 3484 anima
932 3443 1135 3494 eorum,
1160 3440 1212 3485 et
1232 3432 1546 3490 laetabuntur
1568 3439 1749 3493 laetitia

207 3512 444 3570 Μωδεεῖ
489 3523 544 3572 'et
580 3518 840 3587 gloriosa,
884 3521 1201 3587 accipientes
1238 3512 1745 3585 consummationem

206 3602 319 3661 ﬁdei
342 3621 454 3661 sua
479 3609 535 3661 in
562 3609 784 3664 salutem
814 3613 1105 3666 animarum
1134 3629 1364 3679 suarum,
1394 3626 1446 3670 et
1473 3619 1747 3693 audientes

203 3697 556 3753 suavissimam
599 3715 780 3754 vocem
801 3701 916 3770 ejus
962 3702 1185 3758 dicentis
1219 3723 1231 3756 :
1267 3705 1456 3772 Venite,
1498 3709 1746 3764 benedicti

203 3781 369 3840 Patris
383 3785 516 3866 anei,
541 3789 829 3845 hereditate
857 3803 1090 3860 paratum
1120 3795 1253 3848 vobis
1280 3813 1488 3866 regnum
1512 3802 1575 3852 ab
1601 3802 1744 3855 initio

203 3857 632 3950 ωαίμιωαι.
673 3897 774 3936 xxv
793 3857 1042 3953 ).'Cujus
1082 3886 1250 3940 beata:
1301 3857 1445 3943 vocis
1488 3906 1608 3945 cum
1658 3901 1764 3947 tua‘

200 3967 516 4024 beatitudine
540 3977 596 4025 et
632 3986 730 4027 nos
758 3973 1001 4042 indignos
1029 3973 1271 4044 dignetur
1295 3977 1534 4037 Christus
1562 3982 1743 4036 Domi-

200 4072 290 4112 nus
310 4070 620 4131 noster,per
648 4063 1190 4127 omnia,sanctisslme
1219 4079 1383 4137 pater.

528 4197 852 4256 EHSTOLA
893 4201 979 4258 γη
1019 4204 1203 4275 (OLIM
1243 4207 1395 4278 Vill).

660 4305 727 4344 an
765 4307 1107 4364 OBIENTALES,
1132 4312 1249 4353 src.

256 4392 409 4459 Quod
449 4393 562 4450 ﬁeri
592 4396 747 4464 plane
774 4401 1034 4468 cupimus,
1066 4403 1112 4457 si
1156 4420 1272 4474 qua:
1308 4407 1604 4472 scribimus.
1633 4412 1735 4466 im-
1766 4391 1814 4450 ι)

195 4484 453 4550 pluantur.
481 4485 663 4541 Nullus
685 4496 895 4558 stupeat
919 4505 1181 4547 servatum
1207 4494 1459 4552 hactenus
1479 4515 1576 4554 nos
1599 4517 1739 4558 nunc

192 4574 411 4628 solvisse
441 4576 730 4644 silentium,
757 4595 876 4635 cum
902 4583 1291 4648 prudentissimi
1315 4589 1609 4646 Salomonis
1638 4595 1735 4649 ista

192 4680 284 4721 vox
325 4678 608 4736 personet:
636 4671 856 4742 Τεπιριω
893 4653 1128 4745 loquendi
1152 4719 1166 4744 ,
1207 4689 1254 4732 et
1309 4692 1500 4752 tempus
1539 4687 1737 4740 tacendi

189 4757 409 4826 (Eccles.
467 4762 570 4829 tu).
619 4761 749 4828 Quia
797 4765 1201 4824 taciturnitatem
1250 4787 1480 4838 prtesens
1531 4785 1735 4846 tempus

189 4858 490 4915 expugnat:
544 4866 663 4904 nam
715 4853 850 4910 inter
887 4866 1076 4913 cetera
1104 4876 1221 4930 qua:
1258 4863 1521 4926 accidunt.
1557 4869 1732 4934 silere,

188 4949 281 4991 nec
311 4936 434 4991 ﬁdei
461 4937 969 5010 stimulis-excitari,
1007 4950 1178 5018 magni
1207 4961 1409 5006 constat
1437 4969 1554 5009 esse
1584 4957 1733 5013 fasti-

189 5025 277 5080 dii.
306 5023 512 5094 Quippe
553 5029 640 5084 ubi
679 5031 947 5101 religionis
980 5039 1268 5092 reverentia
1299 5050 1352 5094 et
1375 5057 1574 5097 summa
1602 5061 1732 5101 con-

187 5116 400 5182 colitur,
428 5112 608 5183 aptum
631 5121 777 5187 juxta
810 5123 1040 5178 divinam
1068 5125 1390 5196 Scriptorum
1424 5131 1566 5201 (Luc.
1599 5143 1731 5204 xxn)

184 5205 382 5271 dicere,
410 5222 504 5264 eos
526 5210 613 5276 qui
637 5220 758 5263 sunt
783 5213 956 5279 mites,
984 5214 1179 5272 debere
1199 5232 1314 5272 esse
1340 5235 1621 5289 pugnaces.
1645 5225 1729 5279 Si-

185 5295 394 5362 quidem
428 5306 484 5352 et
509 5299 803 5368 spiritualis
832 5304 1068 5371 quaedam
1100 5307 1209 5361 Deo
1236 5319 1448 5377 accepta
1487 5327 1732 5383 congres-

187 5388 260 5442 sio
285 5386 410 5441 inde
431 5397 483 5442 et
503 5390 836 5447 laudabiliter
860 5394 1096 5448 universa
1123 5398 1331 5466 tolerat,
1367 5416 1430 5454 ne
1456 5404 1729 5474 quisquam

187 5490 211 5528 a
250 5476 429 5532 divina
464 5480 684 5536 caritate
727 5493 1020 5553 separetur,
1063 5495 1118 5540 et
1153 5501 1247 5541 vos
1287 5490 1493 5557 quidem
1535 5494 1729 5551 docere

189 5571 325 5638 quod
351 5568 604 5642 doceatis,
633 5586 797 5642 grave
825 5588 960 5631 ontts
984 5576 1222 5645 pudoris,
1249 5579 1341 5634 sed
1370 5585 1723 5639 necessarium

1809 3161 1813 3164 ’
1854 3159 2031 3227 possit
2056 3159 2431 3217 lamentatione
2477 3165 2680 3220 deﬂere
2710 3149 2911 3233 Y‘Quid
2961 3171 3263 3224 Acacium?
3313 3173 3402 3240 qui

1850 3249 2000 3316 quasi
2031 3249 2150 3302 boni
2179 3251 2258 3303 sui
2286 3251 2486 3307 fascina
2520 3267 2794 3322 gravatus,
2821 3274 2936 3325 quae
2961 3259 3210 3314 Basilisco
3241 3263 3406 3331 impc-

1851 3341 2382 3406 rante'praamiserat,
2430 3359 2568 3397 novo
2596 3347 2840 3412 exemplo
2877 3362 3009 3413 pene
3044 3350 3405 3417 deprehensus

1849 3438 1931 3482 est
1953 3429 2204 3484 adversus
2227 3432 2458 3499 seipsum
2490 3435 2669 3488 dicens
2692 3439 3028 3502 sententiam,
3062 3441 3179 3493 il'os
3207 3452 3402 3494 mutata

1851 3519 2117 3572 voluntate
2154 3520 2476 3586 defendens,
2523 3539 2654 3591 quos
2695 3528 2838 3591 prius
2875 3528 3161 3596 gloriosum
3204 3536 3403 3598 putavit

1847 3606 2093 3662 addicere
2114 3610 2230 3678 (aL,
2258 3611 2533 3678 abjicere),
2575 3624 2628 3666 et
2655 3614 2898 3669 laborans
2927 3619 3130 3672 sociare
3164 3621 3402 3675 ﬁdelibus

1846 3711 1978 3765 quos
2033 3697 2228 3752 dudum
2288 3702 2565 3755 hmrcticus
2609 3705 2903 3760 tnanil'esue
2954 3712 3401 3775 praevaricationis

1846 3787 2186 3844 ostenderat:
2216 3799 2431 3863 propter
2451 3793 2586 3861 quod
2621 3795 2847 3850 maxime
2906 3798 3206 3866 fugiendus,
3234 3811 3285 3853 et
3309 3802 3401 3856 de-

1845 3878 2052 3946 signato
2080 3882 2326 3947 superius
2366 3883 2734 3938 damnatorum
2773 3888 2966 3954 agmini
3006 3892 3357 3957 comqmndus
3383 3939 3397 3958 ,

1846 3967 1930 4020 illa
1959 3979 2174 4037 propter
2198 3987 2315 4039 qua:
2347 3974 2516 4028 ﬁdelis
2545 3979 2793 4042 probatus
2827 3990 2906 4032 est
2935 3980 3247 4047 dissolvens,
3279 3999 3399 4052 pcr-

1843 4059 2036 4111 mixtus
2072 4061 2151 4114 liis
2179 4077 2271 4129 per
2297 4078 2428 4132 quos
2476 4065 2621 4118 laesio
2645 4067 2891 4122 Ecclesiae
2913 4073 3172 4138 generalis
3201 4076 3395 4128 evenit.

1911 4148 2179 4203 Adversus
2227 4150 2324 4204 hos
2369 4154 2413 4205 si
2465 4154 2680 4209 Patrum
2735 4160 2975 4228 dogmata
3033 4164 3166 4216 ratio
3213 4167 3397 4219 suadet

1841 4251 1958 4293 esse
1979 4242 2256 4305 servanda,
2298 4244 2543 4312 cogitate,
2587 4248 2630 4300 si
2666 4261 2883 4315 possunt
2910 4268 2968 4306 ea
2997 4255 3195 4321 majori‘
3216 4267 3395 4311 trans-

1841 4332 2109 4394 gressione
2148 4333 2369 4399 calcari,
2411 4351 2564 4403 quam
2590 4353 2728 4392 nunc
2751 4356 2840 4406 per
2860 4355 2950 4394 eos
2972 4345 3057 4410 qui
3086 4346 3135 4396 in
3159 4348 3395 4414 partibus

1842 4422 2028 4475 vestris
2053 4421 2356 4491 Eutychetis
2384 4425 2627 4491 dogmata
2651 4428 2877 4481 rediviva
2898 4429 3015 4499 (aL,
3041 4433 3291 4503 recidiva)
3319 4453 3395 4490 re-

1837 4512 2112 4565 suscitaut.
2142 4512 2197 4566 Si
2223 4528 2346 4566 vero
2377 4525 2621 4582 tanquam
2648 4517 2854 4572 inﬁrme
2876 4522 3152 4576 constituta
3176 4535 3393 4580 senten-

1834 4598 1930 4663 tia,
1962 4601 2079 4655 sine
2107 4602 2311 4670 piaculo
2345 4605 2700 4672 negliguntur,
2732 4611 2864 4662 citra
2892 4611 3056 4664 ullum
3093 4613 3254 4668 robur
3278 4618 3393 4668 cre-

1774 4755 1778 4760 ,
1838 4691 2074 4746 dulitatis
2114 4703 2308 4747 nostra:
2332 4710 2532 4750 summa
2565 4695 2839 4764 sttbsistit,
2868 4716 3076 4769 semper
3101 4706 3390 4758 succeden-

1838 4781 1976 4835 tibus
2020 4783 2202 4847 novis,
2248 4794 2426 4839 vetera
2473 4789 2750 4841 constituta
2785 4790 3123 4846 solventibus.
3172 4796 3388 4861 Quando

1839 4871 1978 4924 enim
2011 4883 2345 4940 paternarum
2392 4877 2693 4944 regularum
2743 4879 3100 4947 despiciuntur
3137 4884 3345 4938 inventa
3369 4927 3384 4952 ,

1837 4975 1935 5013 nec
1962 4975 2144 5014 eorum
2177 4977 2294 5030 qua
2322 4965 2457 5018 bene
2486 4965 2719 5019 instituta
2751 4979 2873 5020 sunt
2911 4970 3129 5025 ﬁrmitas
3155 4975 3386 5028 vindica-

1838 5059 1937 5114 tur,
1973 5050 2267 5117 ltujusmodi
2315 5055 2608 5121 impietates
2655 5072 2870 5113 necesse
2908 5071 2990 5114 est
3038 5064 3154 5116 lidc-i
3199 5081 3382 5132 δίψει-ο

1835 5140 2034 5194 venire.
2087 5141 2215 5195 Nam
2268 5143 2353 5196 ubi
2396 5143 2565 5199 facilis
2613 5147 2890 5203 dissolutio
2927 5160 3008 5206 est
3055 5154 3383 5211 rationabilis

1835 5231 2102 5283 constituti
2128 5273 2142 5297 ,
2180 5232 2249 5284 ibi
2281 5234 2454 5288 omnis
2481 5235 2776 5290 sanctitatis
2808 5239 2971 5292 forma
3005 5245 3379 5311 corrumpitur,

1834 5319 2072 5374 Christus
2104 5322 2370 5388 impetitur
2391 5365 2404 5384 .
2437 5333 2490 5378 et
2555 5327 2693 5394 (quis
2740 5329 2837 5382 hoc
2868 5329 3093 5382 ﬁdelium
3126 5336 3382 5399 patienter

1830 5409 2127 5477 accipiat?)
2161 5410 2392 5465 instituta
2427 5413 2639 5469 Patrum
2671 5418 2953 5471 reverenda
2994 5421 3282 5477 calcantur.
3319 5427 3380 5482 Et

1828 5499 1945 5566 quis
1974 5515 2075 5550 non
2104 5500 2227 5552 vitte
2255 5511 2479 5556 mortem
2509 5504 2648 5572 justa
2669 5507 2923 5560 electione
2948 5524 3212 5577 praponat
3237 5515 3256 5565 ?
3286 5515 3379 5569 [ῐιιί

1827 5589 2103 5644 catholica:
2159 5588 2282 5645 ﬁdei
2333 5592 2600 5650 adoranda
2652 5599 2998 5652 reverentia?
3066 5601 3164 5657 Ubi
3218 5606 3381 5659 multo
