3802 6242
435 414 502 466 63
1763 410 2111 465 SYMMACHI
2153 413 2353 466 PAsz
3579 431 3632 484 tit

431 540 619 577 cruore
645 535 942 577 sanctorum
974 523 1215 589 dogmata
1242 523 1530 574 constituta
1551 523 1571 572 ?
1599 522 1692 574 Ubi
1721 523 1996 572 doctorum
2030 528 2072 578 Α
2105 537 2272 586 quens
2301 538 2510 576 accuso.
2540 523 2666 575 Nam
2698 525 2783 590 qui
2808 526 3063 592 culpanda
3094 530 3376 598 vituperat,
3401 547 3493 586 nec
3513 535 3635 590 utilia

434 624 670 666 veterum
719 613 886 664 ﬁdelis
939 612 1224 664 auctoritas
1270 612 1290 661 ?
1344 611 1438 664 Ubi
1487 611 1573 662 illa
1629 610 1996 676 rciigiosarum

435 704 685 754 mentium
713 701 974 769 stupenda
1011 702 1285 768 patientia,
1317 701 1543 767 propriis
1573 699 1725 751 bonis
1751 707 1998 750 contenta

438 791 652 853 nudari,
701 806 768 844 ne
819 792 884 844 de
930 807 1024 858 spe
1064 800 1279 844 aeterna:
1319 791 1639 845 lizereditatis
1688 791 1997 855 excideret,

435 881 650 941 quasvis
677 881 914 933 ambiens
950 882 1224 948 passiones
1250 922 1264 944 ,
1307 897 1372 935 ne
1405 880 1816 947 incorruptibilis
1858 880 2001 933 illius

439 970 564 1021 boni
594 971 922 1037 judicaretur
963 973 1221 1042 indigna?
1262 973 1388 1026 Nam
1421 974 1557 1025 nulla
1593 974 1793 1039 majora
1839 975 2001 1027 docu-

439 1070 610 1110 menta
654 1069 778 1112 sunt
819 1061 975 1121 ﬁdei.
1017 1078 1171 1128 quam
1219 1062 1307 1115 ubi
1341 1054 1603 1129 temporis
1644 1063 1779 1115 ratio
1817 1063 2004 1116 suadet

441 1151 596 1202 vitam
650 1151 876 1206 subdere
928 1152 1158 1221 passioni
1196 1170 1209 1204 :
1251 1161 1306 1206 et
1346 1153 1464 1206 ideo
1496 1153 1583 1221 qui
1635 1167 1729 1220 pro
1754 1168 1814 1206 ea
1865 1153 2005 1222 peri-

440 1239 616 1293 culum
682 1243 1067 1308 perseeutionis
1112 1242 1290 1294 subire
1339 1247 1636 1306 meruerit,
1686 1243 1900 1311 dignum
1947 1256 2003 1295 se

440 1330 673 1383 ccelestis
708 1331 937 1384 ostendit
963 1345 1080 1383 esse
1111 1331 1330 1384 militiae.
1362 1331 1604 1384 Christus
1641 1347 1735 1384 nos
1763 1333 1846 1400 pio
1875 1346 2001 1386 san-

440 1420 610 1483 guinis
652 1421 820 1487 pretio
848 1421 1172 1488 comparavit
1199 1423 1386 1487 gratia;
1424 1421 1663 1474 libertate
1707 1436 1957 1475 concessa
1985 1464 2000 1488 ,

444 1510 572 1562 nihil
600 1510 991 1566 invenientibus
1021 1511 1266 1565 humanis
1292 1514 1539 1580 operibus
1558 1553 1572 1576 ,
1622 1517 1760 1581 quod
1791 1515 2004 1580 dignum

445 1610 585 1654 tanta
626 1602 873 1655 mercede
915 1603 1230 1658 tribuerent.
1273 1607 1442 1671 Atque
1471 1605 1591 1657 ideo
1622 1605 1708 1658 ubi
1739 1606 2006 1674 religionis

448 1692 635 1758 injuria
663 1701 763 1757 est,
787 1708 1022 1749 amorem
1051 1693 1169 1748 ﬁdei
1198 1709 1409 1750 omnem
1441 1699 1813 1749 transcendere
1842 1712 2001 1764 opor-

447 1794 523 1838 tet
550 1786 815 1839 allectum.

2104 613 2507 677 subministrat,
2552 615 2919 681 exprobrantis
2975 618 3130 672 habet
3179 623 3354 688 potius
3404 623 3634 688 studium,

2102 717 2258 768 quam
2288 704 2516 755 amantis
2549 703 2788 757 affectum
2815 723 2826 755 :
2863 715 2915 758 et
2943 708 3030 774 qui
3059 709 3369 763 cohortatur
3389 714 3453 764 ad
3480 717 3637 780 profu-

2106 802 2241 854 tura,
2272 793 2636 846 vehementius
2668 797 2788 848 boni
2821 797 3074 864 propositi
3099 798 3342 866 designat
3361 802 3634 871 imaginem,

2104 892 2161 934 ut
2187 881 2473 936 ferventius
2500 883 2641 936 utilia
2671 895 3013 950 expetantur,
3041 887 3294 942 invitans.

2174 972 2395 1038 Propter
2414 973 2573 1038 quod,
2603 975 2808 1039 fratres,
2840 977 2975 1029 illius
3001 978 3151 1030 boote
3172 979 3426 1032 Ecclesiae
3453 980 3638 1035 deside-

2105 1069 2280 1113 rantes
2310 1062 2592 1124 unitatem,
2621 1074 2673 1115 et
2701 1065 2905 1117 beatum
2937 1066 3180 1118 decorem
3210 1078 3410 1119 saneta:
3439 1081 3638 1122 concor-

2104 1150 2203 1203 dia:
2227 1163 2620 1218 praesumentes,
2645 1153 2878 1206 dicamus
2899 1170 3016 1207 cum
3047 1165 3229 1208 sancto
3258 1156 3419 1208 David
3446 1174 3459 1207 :
3492 1158 3637 1221 Quam

2105 1241 2290 1293 bonum
2329 1253 2376 1295 et
2413 1259 2560 1310 quam
2597 1247 2882 1314 jucundum
2919 1246 3144 1300 habitare
3191 1250 3373 1311 fratres
3414 1250 3464 1300 in
3504 1266 3638 1301 etiam

2107 1333 2276 1400 (Psal.
2308 1337 2504 1402 cxxxn)
2535 1352 2546 1386 :
2577 1347 2626 1387 et
2654 1346 2708 1387 ut
2734 1337 2799 1388 de
2829 1337 2975 1390 vobis
3001 1340 3269 1404 apostolus
3299 1339 3487 1392 Paulus
3506 1340 3637 1394 dixe-

2108 1424 2218 1476 rit:
2280 1422 2381 1476 Vos
2433 1434 2598 1475 antem
2652 1439 2820 1476 omnes
2855 1426 3034 1492 fratres
3078 1427 3131 1477 in
3173 1425 3376 1480 Christo
3412 1445 3507 1480 uno
3543 1432 3641 1481 estis

2111 1511 2162 1581 (1
2195 1510 2313 1564 Cor.
2347 1513 2442 1580 ιι).
2479 1512 2657 1565 Donec
2696 1513 2837 1564 enim
2875 1513 3048 1566 unitas
3090 1529 3193 1566 non
3235 1514 3441 1578 redeat,
3488 1516 3644 1568 nullus

2106 1601 2339 1669 ambigat
2355 1602 2559 1655 tandem
2577 1602 2692 1669 (aL,
2708 1601 2914 1671 eadem)
2935 1602 3274 1656 nihilominus
3285 1618 3404 1657 esse
3420 1614 3640 1666 ventura,

2108 1707 2224 1760 quin
2256 1691 2305 1745 in
2350 1692 2928 1759 Constantinopolitana
2969 1709 3135 1760 nuper
3165 1694 3402 1748 Ecclesia
3431 1697 3642 1764 conlige

2109 1792 2277 1846 runt;
2323 1782 2389 1835 de
2426 1783 2616 1850 quibus
2655 1783 2782 1835 mihi
2820 1782 3017 1849 pariter
3052 1782 3402 1850 ingemiscere
3443 1799 3642 1838 necesse

515 1873 887 1943 Unusquisque
925 1891 1051 1943 ergo
1081 1878 1267 1932 exsilia
1311 1887 1365 1932 et
1402 1881 1858 1947 peregrinationes
1889 1892 2003 1935 tau-
2033 1869 2076 1927 Β
2107 1887 2186 1929 est
2210 1885 2264 1927 et
2285 1885 2478 1928 tacere.
2504 1874 2628 1927 Nam
2657 1874 2744 1941 qui
2767 1874 3068 1940 apostolica:
3088 1874 3228 1926 sedis
3253 1873 3644 1928 admonitionem

445 1981 602 2031 «luam
645 1966 858 2019 domum
897 1968 1220 2035 patriamque
1259 1969 1547 2036 respiciat;
1603 1986 1667 2023 ne
1719 1971 1998 2026 desideriis

446 2066 688 2110 reti-ntus
723 2056 984 2123 humanis,
1033 2057 1224 2111 Christi
1272 2059 1524 2113 societate
1567 2059 1821 2126 privetur.
1873 2062 2010 2116 Ecce

449 2153 656 2212 tempus
683 2160 786 2212 quo
807 2146 998 2213 repetit
1026 2146 1156 2199 ﬁdes
1186 2147 1376 2199 milites
1405 2161 1552 2213 suos,
1593 2158 1645 2200 et
1676 2149 1923 2202 inclamat
1943 2150 2009 2202 ad

448 2234 812 2288 defensionem
857 2235 939 2288 sui
970 2233 1229 2288 fervorem
1251 2237 1433 2304 gratire
1461 2247 1796 2293 consecutos.
1828 2237 2008 2292 Fidem

451 2325 616 2388 ipsam
647 2324 824 2378 dicere
850 2324 1167 2392 jndicemus.
1205 2325 1341 2378 Ecce
1374 2335 1583 2393 tempus
1609 2327 1859 2392 optabile,
1885 2342 2012 2381 ecce

457 2413 720 2474 fructuum
769 2416 1109 2481 congregatio
1159 2414 1456 2467 desiderata
1507 2415 1782 2481 ﬁdelium,
1838 2419 2012 2484 parvis

453 2504 779 2569 passionibus
811 2485 1028 2557 munera
1066 2518 1253 2572 magna
1283 2513 1612 2569 compenset.

532 2591 774 2646 Pluribus
797 2593 1071 2646 caritatem
1101 2602 1328 2645 vestram
1372 2608 1466 2661 pro
1492 2593 1885 2660 dispensatione
1915 2611 2010 2650 no-

455 2682 534 2736 bis
575 2682 774 2736 credita
814 2697 1130 2750 cuperemus
1170 2683 1407 2735 hortari:
1454 2685 1546 2737 sed
1594 2684 1718 2753 quid
1758 2701 1892 2752 opus
1933 2697 2015 2741 est

453 2772 598 2825 vocis
625 2773 875 2840 stimulis,
903 2774 990 2826 ubi
1018 2773 1084 2826 ad
1111 2773 1416 2827 tolerandas
1445 2789 1539 2839 pro
1563 2774 1772 2827 Christo
1802 2790 2015 2844 magna-

460 2863 677 2916 nimiter
712 2865 991 2931 passiones
1043 2864 1344 2931 apostolicis
1395 2872 1451 2917 et
1500 2863 1711 2917 Patrum
1766 2865 2016 2919 docemur

456 2951 733 3018 exemplis,
764 2953 850 3020 qui
883 2967 976 3018 per
1004 2952 1192 3005 damna
1218 2952 1563 3006 humanarum
1595 2969 1769 3006 rerum
1795 2994 1808 3017 ,
1853 2954 2018 3008 ccele-

458 3041 615 3093 stium
652 3041 803 3094 nobis
844 3042 1188 3095 ostenderunt
1221 3054 1528 3111 argumenta
1559 3043 1684 3113 (aL,
1713 3045 2016 3111 augmenta)

459 3132 756 3212 \irtutuml.
773 3132 910 3199 Ergo
933 3133 1336 3199 pronuntiemus
1360 3133 1602 3200 intrepidi
1627 3134 1799 3188 claras
1828 3135 2014 3188 Eccle-

2112 1966 2477 2036 negligendam
2509 1980 2626 2019 esse
2653 1965 3026 2028 crediderunt,
3057 1965 3247 2018 merito
3285 1965 3572 2018 inciderunt
3599 1967 3643 2018 in

2107 2075 2169 2114 ea
2213 2074 2329 2127 qute
2390 2058 2605 2112 evenire
2653 2058 2826 2111 solent
2863 2057 3053 2110 solatio
3099 2056 3385 2110 destitutis.
3433 2055 3490 2109 Si
3531 2058 3640 2123 quis

2109 2164 2234 2216 ergo
2257 2148 2478 2201 salutem
2504 2147 2766 2213 pr0priam
2785 2147 3022 2215 cogitans
3046 2160 3259 2200 servare
3286 2147 3431 2213 cupit
3455 2156 3643 2212 aposto.

2111 2240 2208 2294 lica
2237 2238 2430 2306 judicia
2453 2281 2467 2305 ,
2499 2252 2616 2290 cum
2660 2253 2688 2290 a
2718 2237 3052 2306 praefatorum
3093 2249 3151 2289 se
3192 2235 3310 2288 labe
3339 2236 3610 2303 sejunxerit
3630 2275 3642 2296 ,

2113 2341 2306 2384 nostrte
2329 2318 2711 2384 commtinionis
2734 2344 2790 2381 se
2819 2328 3020 2381 noverit
3049 2329 3164 2381 sine
3192 2326 3519 2380 dubitatione
3545 2341 3646 2394 par-

2111 2422 2342 2488 ticipem.
2386 2420 2517 2485 Quia
2556 2419 2600 2471 si
2647 2419 2712 2471 ab
2755 2434 2958 2482 eorum,
3009 2431 3142 2484 quos
3186 2417 3473 2485 apostolica
3510 2417 3646 2468 sedes

2111 2509 2402 2572 damnavit,
2442 2522 2546 2560 non
2593 2520 2652 2559 se
2690 2507 2941 2559 societate
2986 2505 3300 2565 removerit,
3353 2504 3482 2556 sciat
3515 2503 3648 2554 ullo

2112 2599 2315 2659 colore,
2356 2597 2503 2650 nullo
2533 2596 2814 2664 ﬁgmento,
2863 2595 3115 2661 nullaque
3151 2592 3443 2647 calliditate
3493 2591 3649 2645 eccle«

2112 2687 2337 2742 siasticae
2387 2700 2446 2738 se
2479 2683 2732 2738 custodite
2779 2697 2934 2750 posse
2972 2683 3309 2747 subrepere:
3358 2681 3476 2748 quia
3525 2679 3649 2732 sicut

2113 2777 2255 2840 illos,
2292 2775 2382 2843 qui
2411 2789 2468 2828 se
2494 2789 2522 2826 a
2551 2774 3025 2841 suprascriptorum
3047 2815 3062 2835 ,
3095 2771 3194 2825 hoc
3224 2781 3307 2825 est
3335 2770 3646 2838 Eutychetis,

2117 2865 2352 2919 Dioscori
2379 2904 2393 2927 ,
2427 2863 2726 2924 Timothei,
2767 2861 2905 2914 Petri
2933 2869 2988 2913 et
3029 2859 3206 2913 Acacii
3246 2860 3464 2914 venenis
3498 2861 3651 2913 disso—

2114 2957 2282 3018 ciant,
2307 2955 2529 3009 libenter
2550 2953 2916 3020 amplectimur
2944 2969 2958 3015 ;
2987 2951 3055 3003 ita
3082 2952 3222 3005 circa
3254 2951 3472 3004 imorum
3499 2960 3651 3003 secta-

2119 3058 2260 3102 tores
2285 3061 2407 3100 cura
2431 3057 2484 3099 et
2504 3042 2804 3099 sollicitudo
2827 3051 3030 3104 nostra,
3052 3056 3119 3095 ne
3140 3040 3426 3108 subrepere
3447 3041 3652 3106 possint.

2119 3152 2328 3204 semper
2359 3135 2616 3202 invigilat.
2650 3134 2716 3187 Et
2741 3135 2839 3188 alia
2871 3147 3029 3185 manu
3055 3148 3067 3182 :
3102 3131 3243 3184 Deus
3264 3145 3360 3184 vos
3386 3130 3656 3183 incolumes

462 3221 557 3274 size
582 3235 702 3274 cum
731 3236 914 3289 magna
943 3221 1128 3275 ﬁducia
1163 3221 1488 3284 disciplinas.
1522 3223 1699 3292 Longe
1718 3224 1786 3277 sit
1812 3239 1840 3275 a
1871 3225 2021 3278 nobis
2046 3213 2090 3274 C
2122 3227 2413 3288 custodiat,
2456 3224 2644 3278 fratres
2671 3223 2947 3276 carissimi.
2993 3222 3118 3274 Data
3147 3230 3336 3274 octavo
3359 3219 3471 3272 idus
3508 3218 3656 3272 οειο.

463 3311 736 3380 prophetae
766 3326 944 3366 sermo
985 3311 1245 3366 dicentis:
1283 3312 1349 3364 Et
1378 3314 1659 3367 sacerdotes
1686 3329 1802 3366 vera
1827 3316 2018 3367 celave-

459 3411 577 3454 runt
633 3402 841 3472 (Tlircu.
894 3405 974 3469 ιι).
1021 3402 1184 3465 Quem
1241 3402 1384 3456 enim
1438 3403 1600 3468 latet,
1645 3403 2016 3472 discipulorum

462 3494 738 3546 scientiam
762 3508 791 3545 a
817 3493 1123 3546 doctoribus
1151 3493 1460 3561 exigendam
1481 3495 1503 3546 Y
1523 3495 1734 3562 etquod
1767 3510 1870 3548 non
1900 3512 2021 3564 pro-

469 3587 763 3638 nuntiatum
795 3586 938 3640 laedit
967 3599 1252 3653 sequaces,
1284 3585 1384 3639 hoc
1425 3594 1634 3639 constat
1672 3585 2019 3654 periculosum

470 3691 591 3728 esse
622 3675 933 3729 tacentibus.
967 3676 1191 3727 Necesse
1219 3683 1300 3727 est
1326 3674 1466 3726 enim
1494 3675 1630 3741 apud
1661 3689 1751 3727 eos
1779 3675 2020 3729 laborare

466 3765 768 3828 veritatem,
801 3765 935 3832 apud
968 3778 1099 3831 quos
1119 3779 1220 3831 non
1243 3763 1632 3816 manifestatum
1655 3763 1778 3817 latet
1806 3764 1904 3816 sub
1930 3779 2022 3817 ve-

465 3855 635 3909 ritatis
664 3855 842 3909 colore
874 3853 1202 3907 mendacium
1225 3892 1240 3916 ,
1272 3867 1516 3920 magnum
1553 3852 1719 3905 robur
1758 3852 1822 3904 ad
1852 3855 2022 3921 impu-

463 3945 739 4012 gnantium
769 3944 959 4005 ﬁdem,
989 3943 1218 4008 quandiu
1244 3942 1496 3996 adversus
1525 3957 1619 3995 eos
1652 3943 1870 4012 prolata:
1895 3958 2018 3996 sen-

466 4034 643 4088 tentia:
676 4048 781 4088 non
819 4033 1041 4085 viriliter
1069 4040 1399 4086 asseruntur.
1431 4031 1537 4084 Sed
1573 4031 1640 4084 de
1669 4031 1816 4085 vobis
1845 4032 2020 4086 dicere

462 4132 588 4189 opto
611 4122 860 4175 meliora:
890 4132 943 4171 ut
965 4137 1023 4172 ea
1055 4135 1171 4187 qua!
1197 4135 1290 4187 per
1317 4121 1584 4187 improbos
1609 4119 1825 4172 confusa
1863 4129 1986 4172 sunt
2006 4160 2020 4183 ,

467 4227 563 4277 per
602 4226 695 4264 vos
732 4209 1083 4265 correctionis
1125 4208 1414 4262 remedium
1453 4219 1861 4277 consequantur.
1907 4209 2020 4262 Non

465 4315 552 4360 est
591 4316 694 4358 tam
733 4305 923 4358 durum
955 4304 1126 4371 decipi
1165 4319 1510 4371 quemquam,
1557 4318 1714 4368 quam
1745 4303 2021 4371 deceptum

469 4398 522 4448 in
557 4410 744 4450 errore
791 4394 1098 4462 persistere.
1133 4394 1326 4446 Malunt
1379 4393 1482 4446 hoc
1519 4402 1574 4446 et
1601 4392 1752 4445 malis
1779 4392 2023 4446 omnibus

466 4485 704 4552 gravius,
745 4500 862 4536 cum
914 4499 944 4536 a
983 4499 1207 4547 corpore
1253 4498 1349 4535 suo
1404 4485 1638 4534 membra
1682 4479 2021 4534 dissentiunt.

2120 3317 2228 3370 bris
2259 3315 2434 3386 (Anno
2467 3313 2595 3368 Cbr.
2638 3312 2762 3381 512)
2804 3321 2922 3380 post
2968 3310 3303 3364 consulatum
3347 3307 3530 3362 Felicis
3567 3308 3656 3361 viri

2122 3405 2423 3460 clarissimi.

2471 3554 2791 3610 EPISTOLA
2831 3552 2942 3605 VIII
2985 3550 3164 3620 (OLIM
3200 3550 3318 3619 IX).

2588 3679 2614 3714 Λ
2625 3678 2653 3714 D
2692 3675 2959 3714 EPISCOI‘OS
2996 3673 3217 3712 αλιυδ.

2125 3785 2399 3850 Conﬁrmat
2446 3784 2734 3834 diuisionem
2779 3781 3044 3850 prot'incite
3083 3780 3212 3830 inter
3263 3777 3586 3850 Viennensem
3620 3790 3661 3828 et

2194 3848 2526 3906 Arelatensem
2561 3851 2809 3903 Ecclesias
2844 3865 2875 3900 a
2917 3849 3081 3901 Leone
3107 3862 3238 3915 papa
3262 3848 3595 3899 constitutam.

2195 3981 2555 4034 Dilectissimis
2584 3979 2828 4031 fratribus
2854 3977 3115 4030 universis
3145 3974 3405 4042 episcopis
3431 3989 3522 4040 per
3551 3970 3662 4025 Gal-

2124 4073 2222 4123 lias
2249 4069 2677 4132 consistentibus,
2709 4067 3074 4136 Symmachus.

2193 4209 2345 4262 Sedis
2387 4209 2689 4275 apostolica:
2721 4207 2953 4259 instituta
2993 4204 3322 4272 prmdicanda
3371 4203 3659 4258 sollicitant,

2127 4309 2182 4350 ut
2211 4300 2274 4351 dc
2301 4298 2583 4352 concordia
2629 4297 2941 4349 universalis
2973 4295 3239 4358 Ecclesiae,
3270 4307 3388 4361 quae
3417 4301 3523 4343 toto
3548 4289 3666 4343 orbo

2126 4387 2310 4439 diffusa
2343 4396 2446 4445 cst.
2479 4385 2713 4452 pervigili
2740 4399 2863 4436 cura
2896 4391 3180 4436 tractemus
3205 4399 3219 4433 :
3243 4396 3358 4448 qua:
3389 4389 3506 4432 tunc
3537 4390 3663 4445 prro

2127 4480 2278 4543 cipue
2308 4475 2579 4528 efﬁcacius
2610 4473 2885 4535 adolescit,
2918 4472 2962 4525 si
3002 4486 3062 4524 ca
3091 4485 3208 4538 qua
3237 4485 3265 4520 a
3295 4468 3533 4520 Patribus
3569 4476 3668 4517 sta-

472 4575 602 4628 Nam
642 4575 741 4627 etsi
791 4588 894 4627 non
937 4573 1201 4639 sigillatim
1247 4581 1472 4640 occupet
1506 4571 1682 4623 omnia
1714 4570 2103 4628 IineamentaD
2131 4577 2238 4620 tuta
2290 4574 2452 4626 sunt,
2501 4575 2629 4616 mtas
2684 4563 3010 4629 subsequens
3056 4568 3361 4612 reverenter
3415 4558 3665 4608 observet.

468 4666 732 4729 debilitas,
761 4681 975 4719 “8126536
998 4674 1270 4717 esttamen
1292 4664 1436 4729 juxta
1459 4661 1798 4730 apostolicam
1822 4676 2026 4726 vocem,

474 4765 639 4810 totum
661 4771 851 4822 corpus
871 4771 933 4808 ex
960 4764 1107 4821 parte
1138 4754 1473 4822 pmgravari.

547 4846 696 4902 Unde
709 4847 1036 4898 addictorum
1057 4844 1298 4910 fugienda
1316 4841 1638 4899 communio,
1655 4843 1799 4908 juxta
1822 4842 2029 4894 beatum

475 4936 820 5003 Apostolttm:
856 4934 1326 4987 Pronuntiationem
1374 4934 1492 4995 ﬁdei
1535 4932 1703 4983 nullus
1737 4933 2034 4985 erubescat:

473 5028 627 5078 virtus
669 5033 740 5078 est
782 5025 913 5077 enim
957 5025 1090 5075 omni
1138 5023 1359 5075 credenti
1392 5021 1565 5090 (Rom.
1595 5022 1655 5088 ι).
1698 5021 2030 5074 Declinemns

475 5116 790 5184 sacrilegum
821 5113 1131 5183 Eutychetis
1155 5127 1391 5166 errorem
1422 5110 1538 5164 eum
1571 5110 1855 5163 Manichma
1886 5111 2034 5162 mali-

478 5209 548 5260 tia
576 5215 958 5275 congruentem
983 5220 999 5267 ;
1030 5205 1455 5256 communionem
1490 5215 1698 5269 quoque
1733 5213 1914 5252 eorum
1944 5199 2029 5265 qui

478 5306 602 5350 sunt
625 5311 653 5349 a
689 5296 882 5348 talibus
921 5293 1158 5358 educati,
1188 5293 1296 5359 pari
1339 5290 1630 5345 intentione
1655 5289 1878 5342 vitemus
1901 5331 1914 5352 ,
1946 5285 2032 5353 qui

480 5402 616 5440 nunc
642 5385 790 5455 quasi
820 5383 1060 5437 morbum
1089 5392 1142 5435 et
1178 5382 1474 5450 contagium
1521 5379 1776 5433 Ecclesiis
1810 5377 2033 5444 partium

479 5487 769 5531 vestrarum
817 5483 1020 5532 tentant
1065 5475 1321 5540 irrepere.
1362 5473 1526 5525 Nemo
1567 5486 1627 5524 se
1677 5478 1882 5536 separet
1916 5480 2034 5520 cum

482 5569 768 5637 prmdictis,
809 5578 864 5623 et
900 5569 1041 5622 ferre
1087 5573 1452 5632 tempestatem
1494 5562 1812 5622 dissimulet,
1866 5559 2036 5613 donec

483 5668 690 5724 portum
729 5672 868 5711 vera:
898 5656 1020 5711 ﬁdei
1049 5657 1120 5710 ab
1153 5669 1337 5709 eorum
1367 5653 1738 5706 communione
1766 5659 2037 5716 separatis

485 5749 734 5802 introeat.
759 5746 887 5814 Qua:
903 5746 1114 5816 quidem
1135 5760 1321 5800 amans
1347 5759 1558 5812 moneo,
1589 5757 1693 5796 non
1716 5741 1839 5796 odio
1861 5755 2036 5809 perso-

2131 4658 2387 4712 thsarius
2413 4655 2671 4724 siquidem
2704 4655 2864 4705 frater
2887 4664 2938 4706 et
2959 4651 3303 4717 coepisc0pus
3330 4657 3526 4710 noster,
3562 4659 3666 4694 IIIC-

2133 4750 2463 4816 tropolitante
2491 4748 2695 4799 Arelate
2724 4744 2952 4799 civitatis
2976 4739 3250 4803 sacerdos,
3274 4738 3510 4792 ecclesia:
3540 4732 3666 4787 beati

2133 4840 2356 4906 apostoli
2383 4838 2520 4890 Petri
2547 4835 2814 4888 liminibus
2847 4841 3210 4901 prmsentatus,
3242 4844 3299 4880 ea
3330 4842 3445 4894 qua:
3478 4822 3666 4891 pride-

2133 4930 2198 4983 dc
2243 4928 2525 4995 privilegiis
2569 4925 2914 4978 Ecclesiarttm
2963 4921 3246 4973 constituta
3292 4924 3447 4977 sunt,
3489 4922 3669 4966 nostris

2134 5020 2418 5090 postulavit
2458 5016 2698 5070 innovari
2737 5013 3086 5065 sermonibus.
3133 5010 3330 5061 Cuncta
3364 5007 3520 5073 igitur
3546 5002 3670 5055 inter

2139 5111 2408 5166 Ecclesiae
2448 5108 2802 5161 Arelatensem
2851 5112 2905 5156 et
2952 5102 3302 5153 Viennensem
3338 5112 3368 5148 a
3407 5096 3670 5148 decessore

2139 5211 2320 5255 nostro
2367 5199 2533 5250 beatae
2573 5191 2954 5248 recerdationis
2985 5190 3159 5241 Leone
3201 5200 3333 5253 papa
3375 5198 3492 5252 qua:
3524 5191 3670 5247 super

2140 5291 2238 5343 hac
2284 5297 2434 5355 parte
2478 5284 2715 5337 ordinata
2757 5291 2899 5344 sunt,
2941 5277 3188 5332 Ecclesia:
3229 5275 3479 5328 Romanae
3517 5266 3672 5324 6MB

2141 5378 2375 5432 declarat
2392 5374 2687 5429 instructio.
2706 5375 2876 5436 Atque
2893 5369 3010 5420 ideo
3028 5381 3092 5418 ne
3109 5380 3168 5418 ea
3185 5378 3302 5431 qua:
3316 5375 3528 5427 semper
3543 5355 3670 5411 veli—

2144 5472 2263 5521 tatis
2290 5477 2369 5519 est
2397 5464 2608 5523 annula,
2645 5461 2742 5512 sibi
2774 5457 2967 5526 aliquid
2995 5454 3262 5507 vindicare
3289 5459 3448 5517 queat
3472 5444 3670 5503 oblivio.

2141 5570 2195 5612 et
2224 5557 2412 5625 prioris
2444 5548 2644 5607 decreti
2671 5550 2816 5616 vigor
2854 5545 3105 5613 temporis
3142 5542 3484 5596 diuturnitate
3507 5541 3672 5603 vergat

2143 5651 2192 5702 in
2237 5647 2465 5710 senium,
2504 5640 2858 5697 necessarium
2903 5639 3153 5691 duximus
3191 5634 3318 5687 olim
3365 5630 3672 5700 promulgata

2146 5739 2197 5790 in
2229 5737 2400 5790 lucem
2432 5733 2653 5788 reddere
2695 5727 2887 5784 nostris
2913 5726 3169 5781 affatibus.
3199 5722 3402 5777 Idcirco
3437 5715 3674 5788 quens-I-
