3842 6226
131 359 184 408 εδ
1305 343 1645 398 ΕΙἾΞΤΟΙΑΕ
1689 341 1695 392 1

1812 341 2143 396 DECRETA.
3256 325 3326 378 66

131 471 317 521 modum
360 469 621 520 decessor
673 475 852 518 noster
899 461 1004 514 Leo
1046 473 1177 528 papa
1218 456 1416 509 dudum
1449 455 1673 522 cognitis
1706 457 1754 511 Α

127 558 516 626 allegationibus
569 555 802 623 partium
853 549 1116 612 deﬁnivit,
1164 547 1528 614 parochiarum
1580 558 1673 593 nu-

127 661 351 710 merum,
404 646 493 698 vel
545 643 895 709 quantitatem
954 636 1246 691 Arelatensi
1291 642 1346 687 et
1395 632 1676 685 Viennensi

124 733 482 788 sacerdotibus
506 731 887 799 deputandam,
910 737 961 782 et
991 742 1086 780 nos
1109 724 1441 794 prmeipimus
1481 721 1676 773 nullius

125 826 456 890 usurpatione
503 822 810 876 transcendi
853 837 868 875 :
909 819 998 871 sed
1045 827 1099 871 ut
1145 826 1267 869 ante
1315 813 1675 882 praediximus.

124 914 248 978 juxta
277 914 670 980 indulgentiam
711 908 998 976 supradicti
1048 906 1326 973 pontiﬁcis,
1363 903 1675 963 Valentiam,

124 1003 503 1064 Tarantasiarn,
537 1000 821 1063 Genevatn,
855 1006 1010 1065 atque
1037 993 1447 1060 Gratianopolim
1489 991 1678 1057 oppida

127 1092 435 1145 Viennensis
465 1092 689 1144 antistes
716 1089 820 1156 juri
849 1103 947 1141 suo
973 1086 1228 1147 vindicet;
1271 1099 1365 1136 nec
1395 1082 1678 1150 quidquam

125 1183 338 1249 amplius
381 1183 454 1239 ab
502 1184 585 1234 his
625 1197 738 1246 qua:
777 1178 938 1232 semel
988 1177 1053 1230 ab
1097 1177 1383 1244 apostolita
1424 1173 1523 1226 sibi
1556 1173 1682 1224 sede

124 1287 370 1325 concessa
424 1281 585 1335 sunt,
616 1271 836 1324 azstimet
884 1270 1323 1338 prmsumendum.
1373 1265 1513 1316 Alias
1556 1277 1684 1316 vero

124 1363 395 1431 parochias
428 1365 513 1418 vel
543 1363 799 1416 dimceses
839 1368 1057 1413 cunctas
1101 1356 1374 1424 privilegio
1399 1365 1451 1407 et
1485 1355 1683 1406 honore

130 1469 215 1505 suo
242 1455 578 1508 Arelatensis
604 1452 934 1517 episcopatus
959 1448 1057 1501 sub
1087 1457 1377 1514 temporum
1408 1444 1685 1495 continua-

123 1546 256 1597 tione
297 1544 582 1598 dcfendat.
639 1542 746 1595 Nec
791 1541 931 1594 enim
983 1538 1283 1590 observatio
1319 1543 1373 1587 et
1410 1532 1686 1587 vetustatis

127 1636 421 1688 reverentia
451 1633 765 1696 custoditur,
791 1631 836 1683 si
858 1629 1082 1696 amplius
1100 1626 1166 1680 de
1196 1625 1490 1679 humilitate
1516 1622 1679 1692 gloria

127 1723 473 1775 sacerdotalis
526 1721 798 1774 attollitur.
853 1702 1107 1782 Proinde,
1159 1714 1347 1768 fratres
1390 1712 1682 1777 carissimi,

128 1811 310 1878 singuli
359 1810 579 1864 honoris
621 1809 702 1863 sui
742 1806 1109 1861 distributione
1149 1802 1402 1867 contenti,
1449 1815 1546 1854 nec
1592 1813 1685 1868 per

137 1903 412 1956 saecularia
441 1901 747 1970 patrocinia,
777 1913 876 1951 nec
900 1895 1292 1965 percujttslihet
1334 1890 1685 1947 excusationis

132 1991 628 2057 obtentum,illicita
668 1987 1069 2058 praesumptione
1117 1986 1368 2038 terminos
1419 1995 1686 2036 concessa:

137 2081 410 2145 petestatis
449 2079 725 2133 excedant.
758 2077 983 2130 Studere
1025 2074 1280 2141 siquidem
1329 2071 1687 2138 unusquisque

136 2169 288 2223 debet
309 2170 608 2225 devotionis
635 2168 867 2221 ofﬁcium
899 2165 1064 2234 magis
1092 2165 1258 2233 gratia
1287 2178 1442 2232 quam
1478 2163 1544 2215 de
1571 2176 1685 2213 am-

137 2259 358 2322 bitione,
391 2274 455 2313 ne
479 2269 531 2312 et
563 2258 769 2312 Domini
813 2254 976 2310 nostri
1013 2253 1264 2308 offensam
1313 2264 1365 2306 et
1408 2252 1686 2305 humanam

142 2346 189 2398 in
212 2361 270 2400 se
308 2349 530 2402 lacessat
565 2346 836 2400 invidiam.
867 2345 1066 2398 Tacere
1117 2358 1212 2396 nos
1253 2344 1350 2396 ista
1393 2343 1690 2395 commissa

143 2436 538 2502 dispensationis
569 2438 690 2504 jura
735 2435 954 2489 minime
1001 2433 1380 2502 patiunturzut
1426 2438 1482 2484 et
1519 2429 1692 2484 dehis

148 2524 228 2590 qni
268 2527 637 2579 ecclesiasticis
680 2525 874 2593 regulis
903 2523 1265 2583 obsecundant
1307 2521 1692 2589 perseveranti-

150 2610 240 2666 bus
268 2615 319 2667 in
341 2616 617 2669 concordia
647 2616 789 2669 sedis
827 2613 1129 2683 apostolica:
1159 2613 1503 2681 gratulemur,
1536 2619 1589 2665 et
1619 2609 1692 2664 illi

155 2706 235 2765 qui
263 2706 528 2758 catholicis
549 2704 850 2771 disciplinis
879 2703 1249 2771 obtemperare
1277 2701 1594 2762 destiterint,
1627 2700 1694 2753 ab

158 2788 395 2847 Ecclesiae
447 2797 613 2863 gratia
663 2803 716 2847 et
764 2793 980 2848 caritate
1028 2807 1087 2846 se
1137 2793 1335 2845 alienos
1391 2791 1692 2844 ostendant.

160 2881 288 2937 Deus
312 2900 398 2939 vos
419 2887 709 2940 incolumes
735 2884 1017 2951 custodiat,
1048 2886 1238 2938 lratres
1262 2883 1540 2936 carissimi.
1568 2883 1694 2935 Data

164 2971 328 3028 idibus
365 2977 708 3042 Novembris,
756 2977 926 3031 Probo
978 2977 1089 3029 viro
1138 2977 1432 3030 clarissimo
1479 2977 1694 3030 consule

168 3063 331 3129 (Anno
351 3069 473 3123 Cur.
504 3069 609 3125 502
641 3069 714 3135 ιι).

595 3188 969 3242 EXEMPLUM
1008 3186 1265 3240 LIBELLI

177 3303 420 3345 εγιωισιιο
455 3307 599 3345 ΡᾹΡΕ
640 3306 824 3344 οιιιιιτι
874 3306 936 3343 ΑΒ
977 3303 1161 3343 ιεαιυιο
1200 3303 1420 3350 ΑΒΒΑΤΕ,
1461 3303 1523 3339 ΕΤ

235 3385 369 3422 sum)
413 3385 668 3430 NOTARIO,
719 3385 782 3423 ιιι
830 3383 1135 3422 Ριιινιιεῦιιδ

237 3463 420 3503 τειιεις.

1573 3300 1700 3339 DIES-

1191 3380 1451 3420 scccasm
1508 3368 1704 3418 astata-

241 3577 483 3642 Quantum
534 3579 583 3631 in
635 3579 880 3630 omnibus
933 3575 1283 3630 Ecclesiarum
1339 3576 1700 3644 pontiﬁcibus,

184 3681 283 3732 quce
328 3670 374 3721 in
415 3679 524 3723 toto
573 3669 703 3722 orbe
749 3668 951 3721 diﬁ‘usze
1006 3678 1155 3732 sunt,
1187 3667 1471 3736 apostolica
1519 3669 1703 3733 sedes,

185 3756 368 3811 sibimet
395 3759 628 3812 vindicat
669 3758 1033 3827 principatum,
1069 3766 1121 3811 et
1155 3757 1490 3827 synodalibus
1519 3756 1704 3810 decre-

185 3845 247 3900 tis
287 3850 469 3904 ﬁrmior
513 3851 629 3915 ejus
671 3849 928 3919 prmcellit
973 3851 1285 3914 auctoritas;
1317 3859 1518 3904 tantum
1555 3859 1706 3919 pote-

187 3940 316 3992 statis
336 3955 439 3994 suze
465 3941 770 4010 provisione
816 3939 1007 3992 dudum
1048 3954 1077 3990 a
1116 3955 1231 3995 sese
1273 3955 1522 3994 concessa
1554 3939 1710 4014 debet

188 4024 468 4083 inconcussa
516 4045 762 4092 servare,
806 4040 1064 4099 quatenus
1108 4032 1430 4084 Arelatensis
1477 4032 1708 4084 Ecclesia

190 4113 363 4175 fruatur
404 4124 695 4190 privilegiis
743 4107 874 4175 suis.
931 4123 1058 4186 Quae
1107 4138 1243 4176 nunc
1287 4139 1378 4191 per
1420 4125 1708 4178 antistitem

191 4203 444 4264 Caesarium
490 4213 684 4265 seriem
736 4226 841 4265 sua
888 4213 1156 4280 petitionis
1201 4214 1445 4281 insinuat,
1472 4223 1526 4268 et
1553 4230 1709 4283 quam

193 4294 414 4357 hactenus
448 4303 632 4356 habuit
672 4312 981 4373 potestatem
1025 4315 1198 4358 vestra
1225 4306 1460 4372 deposcit
1483 4306 1710 4359 auctori-

195 4395 284 4443 tate
327 4393 549 4456 ﬁrmari;
599 4403 654 4447 ut
706 4396 844 4464 quod
904 4398 1196 4449 veneranda
1246 4398 1397 4451 sedes
1447 4398 1709 4466 quondam

196 4483 383 4541 perenni
419 4484 693 4536 sanctione
722 4484 973 4537 custodiri
1006 4490 1272 4553 prmcepit,
1303 4496 1352 4538 et
1381 4487 1710 4553 pragmaticis

194 4571 468 4632 specialiter
530 4573 744 4624 decreta
806 4581 928 4625 sunt
987 4572 1320 4636 constitutis,
1376 4573 1710 4628 beatitudinis

197 4667 361 4711 Vvstrm
404 4661 678 4728 pra‘ceptis
722 4663 830 4714 suis
873 4662 1028 4715 etiam
1065 4677 1201 4714 nunc
1230 4663 1504 4715 conﬁrmet
1533 4673 1714 4716 aucto-

195 4755 318 4798 ritas.
347 4751 605 4817 Aquensis
647 4751 803 4803 etiam
833 4750 1058 4803 civitatis
1088 4751 1388 4816 episcOpum
1417 4751 1712 4804 sanctitatis

196 4843 360 4888 vestra:
397 4840 596 4890 moneri
647 4839 914 4905 praecipite
959 4837 1275 4899 constitutis,
1309 4848 1364 4889 ιιι
1394 4838 1516 4890 dum
1547 4855 1573 4889 a
1604 4854 1712 4893 meo

195 4925 482 4989 lropolitano
526 4927 764 4980 antistite
806 4926 1054 4980 Ecclesiae
1098 4926 1423 4979 Arela'ensis
1466 4927 1528 4978 ad
1558 4941 1717 4995 syno-

196 5008 296 5064 dale
315 5016 589 5068 concilium
614 5017 771 5070 fuerit
791 5025 1058 5083 evocatos,
1079 5016 1157 5069 vel
1180 5016 1348 5083 aliqua
1370 5016 1713 5071 ordinationis

198 5113 332 5155 causa
368 5119 484 5158 eum
514 5105 611 5159 sibi
644 5107 874 5173 postulet
914 5097 1097 5173 religio
1126 5104 1295 5158 divina
1335 5106 1711 5167 necessarium,

200 5190 388 5245 minime
409 5194 589 5248 venire
614 5193 926 5258 frustretur;
956 5203 1211 5261 quatenus
1238 5207 1300 5247 ea
1329 5207 1442 5259 qua!
1467 5193 1715 5262 longaevis

201 5282 383 5334 seculis
409 5284 695 5350 priscorum
718 5284 891 5336 sanxit
909 5284 1214 5350 auctoritas,
1237 5283 1383 5336 vobis
1407 5285 1716 5350 praesulibus

202 5374 421 5433 prasenti
451 5374 749 5442 futuraeque
789 5374 928 5426 aetati
973 5373 1217 5427 inviolata
1263 5384 1559 5427 serventur.
1592 5375 1714 5427 Data

202 5454 256 5509 ah
283 5458 482 5528 Egidio
505 5462 696 5517 abbate
719 5475 770 5516 et
792 5461 1049 5515 Messiano
1077 5462 1294 5515 notario.

2153 449 2478 504 EPISTULA
2527 449 2593 502 IX
2643 449 2826 517 (OLIM
2875 449 2964 515 Χ).

2151 553 2217 591 ΑΙ)
2253 551 2527 591 οιεδλιιιυιι
2565 551 2960 591 Αιιειλτειιιδειι.

2230 646 2515 713 Respondet
2553 647 2870 714 praecedenti.

1860 753 2208 806 Dilectissimo
2239 753 2386 807 fratri
2416 753 2646 807 Caesarie
2675 751 3040 821 Symmachus.

1837 862 1934 926 Qui
1983 863 2281 915 veneranda
2330 863 2543 916 Patrum
2592 871 2784 914 statuta
2832 862 3077 923 custodit,
3102 863 3327 919 amicum

1778 963 1836 1000 se
1874 949 2128 1002 absolutae
2175 951 2441 1019 religionis
2488 941 2746 1013 ostendit;
2773 962 2825 1004 et
2868 951 2958 1019 qui
3005 951 3240 1018 providet
3273 963 3329 1002 ut

1780 1037 1952 1090 locum
2000 1039 2305 1092 excessibus
2349 1055 2454 1092 non
2498 1039 2778 1107 relinquat,
2801 1041 3130 1093 demonstrat
3174 1055 3232 1093 se
3265 1042 3330 1092 de

1783 1127 1918 1177 bono
1946 1125 2126 1192 gratiae
2155 1125 2405 1194 cogitare.
2438 1126 2772 1180 Italiooabile
2799 1137 2880 1180 est
2909 1136 2965 1179 ut
2991 1138 3169 1180 sancta
3201 1128 3330 1180 Are-

1779 1212 1995 1266 latensis
2037 1213 2268 1268 Ecclesia
2315 1217 2545 1283 propriis
2591 1215 2881 1283 privilegiis
2921 1217 3246 1283 perfruatur;
3282 1230 3334 1270 ct

1782 1303 1919 1371 quod
1965 1313 2202 1356 vetustas
2241 1305 2497 1371 praestitit,
2526 1313 2580 1358 et
2611 1305 2822 1358 Patrum
2868 1306 3151 1358 auctoritas
3183 1306 3334 1357 robo-

1785 1390 1946 1456 ravit,
1967 1405 2230 1444 novanon
2254 1391 2409 1444 debet
2434 1391 2630 1445 violare
2648 1392 3008 1462 praesumptio.
3032 1391 3119 1445 Sic
3141 1400 3335 1454 tamen,

1785 1488 1838 1531 ut
1883 1490 2194 1532 cmterarum
2261 1479 2613 1532 Ecclesiarum
2680 1480 2955 1548 privilegia
3015 1480 3338 1547 temporibus

1783 1569 2034 1636 acquisita
2081 1582 2187 1620 non
2233 1566 2460 1620 titubent
2501 1584 2515 1620 :
2555 1566 2675 1636 quia
2718 1581 2815 1621 nec
2867 1576 3040 1635 potest
3081 1583 3143 1622 ex
3195 1578 3340 1636 parte

1785 1659 1993 1712 ﬁrmum
2024 1675 2143 1713 esse
2171 1659 2307 1728 quod
2349 1661 2709 1728 generalitatis
2741 1661 2911 1729 tangit
2941 1660 3205 1728 injuriam.
3235 1661 3340 1715 Ma-

1717 1783 1761 1842 B
1787 1747 2030 1799 nentibus
2056 1747 2314 1815 siquidem
2340 1745 2420 1799 his
2441 1762 2555 1816 qua:
2580 1747 2790 1801 Patrum
2811 1749 3094 1802 coiistituta
3122 1749 3341 1818 singulis

1787 1834 2043 1888 Ecclesiis
2070 1844 2471 1900 concesserunt,
2495 1835 2829 1890 decernimus
2869 1845 2926 1889 ut
2951 1837 3090 1889 circa
3111 1851 3172 1890 ea
3201 1853 3341 1905 quae.

1789 1935 1893 1978 tam
1927 1926 1978 1978 in
2007 1925 2190 1979 Gallia:
2218 1940 2372 1993 quam
2404 1925 2456 1978 in
2485 1919 2751 1994 Hispaniae
2777 1925 3158 1995 provinciis,de
3187 1943 3343 1982 causa

1787 2012 2060 2081 religionis
2084 2014 2416 2078 emerserint,
2444 2013 2659 2068 solertia
2693 2024 2796 2068 tua:
2841 2013 3182 2068 fraternitatis
3207 2016 3343 2068 invi-

1787 2103 1913 2173 gilet
1936 2122 1949 2157 :
1975 2115 2025 2157 et
2054 2104 2098 2157 si
2126 2103 2260 2157 ratio
2289 2104 2586 2172 poposcerit
2619 2104 2951 2171 prazsentiam
2983 2104 3343 2170 sacerdotum,
3418 2145 3420 2148 .

1789 2205 1995 2248 servata
2042 2195 2465 2260 consuetudine,
2503 2196 2866 2264 unusquisque
2906 2203 3006 2246 tua:
3048 2193 3345 2249 dilectionis

1793 2282 2092 2335 admonitus
2121 2281 2435 2335 auctoritate
2463 2281 2777 2335 conveniat:
2801 2289 2855 2334 et
2881 2283 2924 2335 si
2964 2282 3054 2336 Dei
3086 2283 3345 2349 adjutorio

1788 2370 2149 2425 controversia
2192 2369 2429 2424 incidens
2467 2370 2726 2436 amputari
2766 2370 3013 2439 patuerit,
3048 2370 3215 2438 Ipsius
3243 2371 3346 2423 hoc

1794 2459 1996 2512 meritis
2021 2458 2345 2526 applicemus
2380 2476 2393 2509 :
2427 2457 2662 2527 alioquin
2704 2458 2977 2512 existentis
3003 2458 3197 2526 negotii
3221 2474 3348 2527 qua-

1791 2547 1910 2600 litas
1947 2547 2010 2600 ad
2050 2547 2232 2600 sedem
2270 2546 2613 2614 apostolicam
2646 2556 2697 2600 te
2728 2545 2990 2601 referente
3035 2550 3345 2616 perveniat,

1793 2641 1848 2688 ut
1875 2635 2079 2688 cunctis
2108 2634 2293 2688 ordine
2339 2649 2435 2688 suo
2480 2635 2725 2703 peractis,
2758 2635 2895 2689 unde
2925 2635 3165 2688 inimicus
3195 2636 3348 2690 boni-

1795 2726 1915 2780 tatis
1961 2725 2062 2780 sibi
2115 2725 2440 2788 blandiatur,
2488 2725 2662 2779 locum
2711 2724 2949 2779 invenire
3001 2739 3104 2778 non
3161 2726 3347 2792 possit.

1793 2815 1974 2883 Igitur,
2011 2813 2447 2882 quemadmodum
2495 2828 2652 2882 supra
2700 2813 2950 2878 diximus,
2984 2827 3076 2880 per
3121 2814 3350 2882 singulas

1793 2906 2044 2961 ecclesias
2072 2907 2326 2960 beneﬁcia
2354 2921 2469 2974 quae
2496 2915 2618 2960 sunt
2645 2906 2732 2961 diu
2761 2905 3019 2960 custodita
3049 2915 3351 2960 serventur.

1796 2999 1862 3051 Et
1888 2998 1930 3051 si
1973 3007 2075 3052 tam
2109 2998 2358 3050 Ecclesiae
2403 2996 2663 3065 Aqttensis
2693 2996 2933 3060 antistes,
2970 2996 3050 3049 vel
3080 2995 3212 3049 alius
3238 2997 3353 3064 qui-

1724 3122 1770 3183 ϐ
1799 3086 1948 3150 libet,
1982 3086 2386 3152 metropolitano
2427 3084 2656 3152 pontiﬁci
2683 3084 2828 3152 juxta
2879 3098 3139 3137 canonum
3168 3084 3354 3138 deﬁni-

1803 3175 1996 3229 tionem
2036 3184 2252 3228 vocatus
2293 3174 2658 3241 obtemperare
2697 3170 2952 3235 noluerit,
2981 3171 3187 3226 noverit
3224 3173 3354 3227 sub-

1801 3265 2030 3319 dendum
2061 3278 2139 3326 se,
2166 3261 2304 3330 quod
2352 3276 2455 3315 non
2499 3272 2762 3330 optamus,
2794 3259 3166 3313 ecclesiasﬁca:
3194 3260 3354 3315 disci-

1805 3356 1984 3425 plinae.
2027 3352 2093 3406 Et
2129 3355 2182 3405 in
2214 3351 2311 3404 hac
2350 3359 2498 3418 parte
2543 3363 2859 3417 magnopere
2888 3357 2938 3402 te
2965 3349 3210 3401 volumus
3239 3363 3356 3402 esse

1803 3445 2105 3506 sollicitum,
2132 3450 2190 3495 ut
2220 3442 2264 3494 si
2295 3441 2411 3509 quis
2455 3438 2520 3493 de
2551 3436 2815 3491 Gallicana
2859 3439 2937 3490 vel
2982 3436 3227 3503 Hispania
3275 3451 3357 3490 re-

1803 3533 2066 3602 gionibus,
2097 3529 2441 3585 ecclesiastici
2490 3527 2688 3581 ordinis
2736 3534 2892 3592 atque
2933 3523 3119 3587 ofﬁcii,
3147 3526 3214 3576 ad
3261 3539 3357 3576 nos

1808 3623 1989 3676 venire
2015 3621 2315 3686 compulsus
2344 3617 2521 3680 fuerit,
2541 3631 2659 3670 cum
2685 3614 3025 3668 fraternitatis
3049 3621 3150 3666 tua:
3174 3613 3357 3666 notitia

1806 3713 1906 3766 iter
1937 3710 2374 3779 peregrinationis
2419 3707 2675 3774 arripiat:
2701 3713 2758 3757 ut
2798 3718 2894 3756 nee
2934 3705 3102 3755 honor
3127 3701 3239 3770 ejus
3270 3717 3362 3769 per

1809 3801 2154 3868 ignorantiam
2184 3798 2409 3866 aliquam
2439 3794 2808 3849 contumeliam
2839 3794 3084 3861 patiatur,
3114 3797 3169 3843 et
3192 3792 3364 3844 ambi-

1808 3891 2006 3958 guitate
2031 3887 2248 3956 depulsa
2276 3901 2305 3939 a
2331 3885 2482 3938 nobis
2503 3876 2680 3937 animo
2697 3897 2888 3936 securo
2907 3882 2958 3934 in
2980 3881 3366 3936 communionis

1809 3980 2027 4048 gratiam
2059 3976 2222 4046 possit
2256 3975 2477 4028 admitti.
2507 3973 2647 4026 Deus
2669 3979 2719 4026 le
2738 3971 3054 4024 incolumem
3083 3969 3366 4034 custodiat,

1811 4070 1971 4123 frater
2013 4066 2307 4120 carissime.
2346 4066 2469 4116 Data
2510 4077 2565 4114 ιιι
2602 4061 2718 4113 idus
2757 4059 2955 4122 Junias,
2991 4057 3174 4112 Flavio
3216 4073 3367 4111 sena—-

1810 4166 1925 4212 tore
1951 4157 2066 4209 viro
2087 4154 2381 4208 clarissimo
2403 4151 2618 4206 consule
2641 4149 2817 4215 (Anno
2845 4146 2976 4200 Chr.
3000 4147 3151 4214 5N).

2186 4307 2510 4364 EPISTOLA
2553 4306 2596 4360 x
2633 4288 2824 4375 (cun
2863 4303 2989 4370 v1).

1815 4415 2169 4456 APOLOGETICA
2210 4410 2468 4451 ADVERSUS
2499 4408 2762 4448 ANASTASII
2805 4403 3150 4444 IIPEBATOBIB
3185 4403 3363 4443 LIBEL'

1741 4469 1792 4529 D
1885 4486 1987 4523 LUII
2037 4483 2312 4529 ranosua,
2364 4481 2498 4527 quon
2546 4476 2852 4516 Ροιιτιιηοειι
2897 4474 2963 4512 on
2999 4475 3173 4516 una
3220 4473 3272 4513 ιιι
3307 4473 3369 4517 ss

1889 4550 2424 4593 EXCOIIUNICATIONIS
2460 4546 2786 4587 εειιτεκτιιιι
2822 4543 3226 4585 PBOSCINDEBAT.

1887 4652 1965 4705 Ad
1996 4651 2241 4717 Augustas
2283 4647 2572 4716 majestatis
2612 4643 2845 4700 Gratiani
2884 4643 3220 4710 imperatoris
3250 4642 3364 4709 epi-

1819 4742 2008 4796 stolam
2037 4750 2156 4794 octo
2185 4740 2334 4790 libris
2365 4739 2551 4790 beatus
2581 4733 2848 4802 respondit
2877 4730 3216 4794 Ambrosius,
3247 4731 3366 4798 quia

1821 4845 1916 4899 pro
1947 4830 2048 4882 ﬁde
2073 4827 2331 4881 catholica
2360 4834 2413 4878 et
2441 4825 2586 4878 illum
2617 4838 2718 4876 non
2747 4821 2911 4890 piguit
2940 4820 3193 4886 prolixius
3228 4833 3365 4887 prac-

1820 4921 2016 4977 dicare.
2046 4933 2093 4974 et
2125 4919 2208 4971 hic
2240 4932 2342 4970 non
2371 4915 2625 4970 fastidivit
2653 4921 2921 4980 gratanter
2949 4910 3207 4977 accipere.
3246 4908 3368 4964 Harc

1819 5010 2064 5072 dixerim,
2101 5018 2158 5061 ut
2192 5008 2236 5060 si
2278 5006 2487 5059 modum
2529 5002 2688 5057 libelli
2716 4999 3004 5070 promendo
3041 4998 3362 5068 collegerim,

1822 5116 1926 5155 non
1957 5100 2226 5153 existimer
2248 5112 2362 5164 qua:
2396 5111 2498 5148 non
2520 5093 2749 5160 oportuit
2777 5091 2997 5145 locutus.
3018 5089 3074 5144 Si
3104 5087 3364 5152 mihi,im-

1823 5202 2053 5261 perator,
2085 5188 2221 5257 apud
2249 5197 2459 5241 exteros
2488 5198 2659 5265 reges,
2684 5197 2880 5251 eosque
2902 5183 3057 5233 totius
3082 5177 3364 5232 divinitatis

1823 5283 2050 5350 ignaros,
2083 5295 2180 5348 pro
2212 5279 2312 5331 ﬁde
2339 5275 2599 5331 catholica
2627 5274 2906 5327 dicendum
2934 5270 3085 5331 foret,
3115 5268 3363 5336 quidquid

1821 5375 1935 5441 ejus
1973 5371 2174 5424 veritati
2219 5369 2510 5433 rationique
2549 5371 2882 5434 congrueret,
2922 5361 3077 5414 etiam
3114 5365 3366 5427 praetenta

1826 5470 1993 5516 morte
2025 5473 2344 5528 perorarem.
2389 5455 2478 5534 Vn:
2504 5454 2628 5507 mihi
2657 5453 2746 5507 erit
2776 5454 2821 5504 si
2847 5466 2943 5503 non
2968 5445 3367 5516 euangelizaer

264 5626 288 5651 ⁸
321 5621 464 5674 Anno
500 5621 626 5686 5|3,
657 5628 712 5674 ut
741 5627 878 5686 patet
907 5633 968 5674 ex
994 5619 1118 5687 Pagi
1156 5619 1518 5672 observatione
1546 5618 1700 5677 allata
1721 5631 1879 5685 supra
1909 5617 1973 5669 ad
1997 5616 2151 5683 epist.
2181 5617 2230 5666 ’1.
