  <div class='ocr_page' id='page_1' title='image "/cluster/home/n/w/nwhite01/storage/ocr_20150623/61-62/uva.x000827102/622.png"; bbox 0 0 3802 6242; ppageno 0'>
   <div class='ocr_carea' id='block_1_1' title="bbox 123 317 173 366">
    <p class='ocr_par' dir='ltr' id='par_1_1' title="bbox 123 317 173 366">
     <span class='ocr_line' id='line_1_1' title="bbox 123 317 173 366; baseline 0 0"><span class='ocrx_word' id='word_1_1' title='bbox 123 317 173 366; x_wconf 72' lang='lat'><strong>69</strong></span> 
     </span>
    </p>
   </div>
   <div class='ocr_carea' id='block_1_2' title="bbox 1220 309 2059 366">
    <p class='ocr_par' dir='ltr' id='par_1_2' title="bbox 1220 309 2059 366">
     <span class='ocr_line' id='line_1_2' title="bbox 1220 309 2059 366; baseline 0.002 -2"><span class='ocrx_word' id='word_1_2' title='bbox 1220 309 1566 366; x_wconf 55' lang='lat' dir='ltr'><strong>EPISTULA}</strong></span> <span class='ocrx_word' id='word_1_3' title='bbox 1608 309 1692 362; x_wconf 85' lang='lat' dir='ltr'><strong>ET</strong></span> <span class='ocrx_word' id='word_1_4' title='bbox 1732 311 2059 366; x_wconf 81' lang='lat' dir='ltr'><strong>DECRETA.</strong></span> 
     </span>
    </p>
   </div>
   <div class='ocr_carea' id='block_1_3' title="bbox 3164 326 3232 381">
    <p class='ocr_par' dir='ltr' id='par_1_3' title="bbox 3164 326 3232 381">
     <span class='ocr_line' id='line_1_3' title="bbox 3164 326 3232 381; baseline 0.044 -3"><span class='ocrx_word' id='word_1_5' title='bbox 3164 326 3232 381; x_wconf 80' lang='lat'><strong>70</strong></span> 
     </span>
    </p>
   </div>
   <div class='ocr_carea' id='block_1_4' title="bbox 122 419 3231 493">
    <p class='ocr_par' dir='ltr' id='par_1_4' title="bbox 122 419 3231 493">
     <span class='ocr_line' id='line_1_4' title="bbox 122 419 3231 493; baseline 0.004 -19"><span class='ocrx_word' id='word_1_6' title='bbox 122 430 142 476; x_wconf 70' lang='lat' dir='ltr'><strong>.l</strong></span> <span class='ocrx_word' id='word_1_7' title='bbox 159 432 234 484; x_wconf 86' lang='lat' dir='ltr'><strong>rio,</strong></span> <span class='ocrx_word' id='word_1_8' title='bbox 259 424 337 476; x_wconf 86' lang='lat' dir='ltr'><strong>sub</strong></span> <span class='ocrx_word' id='word_1_9' title='bbox 355 422 516 476; x_wconf 67' lang='lat' dir='ltr'><strong>divino</strong></span> <span class='ocrx_word' id='word_1_10' title='bbox 541 436 758 476; x_wconf 85' lang='lat' dir='ltr'><strong>necesse</strong></span> <span class='ocrx_word' id='word_1_11' title='bbox 778 432 856 474; x_wconf 89' lang='lat' dir='ltr'><strong>est</strong></span> <span class='ocrx_word' id='word_1_12' title='bbox 876 430 930 473; x_wconf 89' lang='grc' dir='ltr'><strong>ιιι</strong></span> <span class='ocrx_word' id='word_1_13' title='bbox 950 420 1296 476; x_wconf 64' lang='lat' dir='ltr'><strong>discotiautnr</strong></span> <span class='ocrx_word' id='word_1_14' title='bbox 1311 422 1574 476; x_wconf 62' lang='lat' dir='ltr'><strong>examine.</strong></span> <span class='ocrx_word' id='word_1_15' title='bbox 1608 423 1653 482; x_wconf 80' lang='grc' dir='ltr'><strong>Α</strong></span> <span class='ocrx_word' id='word_1_16' title='bbox 1679 431 1738 471; x_wconf 89' lang='lat' dir='ltr'><strong>se</strong></span> <span class='ocrx_word' id='word_1_17' title='bbox 1757 419 2055 473; x_wconf 82' lang='lat' dir='ltr'><strong>Christiano</strong></span> <span class='ocrx_word' id='word_1_18' title='bbox 2083 421 2190 472; x_wconf 74' lang='lat' dir='ltr'><strong>vult</strong></span> <span class='ocrx_word' id='word_1_19' title='bbox 2211 423 2464 476; x_wconf 82' lang='lat' dir='ltr'><strong>vocabulo</strong></span> <span class='ocrx_word' id='word_1_20' title='bbox 2485 426 2794 493; x_wconf 86' lang='lat' dir='ltr'><strong>nuncupari,</strong></span> <span class='ocrx_word' id='word_1_21' title='bbox 2821 427 2962 482; x_wconf 78' lang='lat' dir='ltr'><strong>inter</strong></span> <span class='ocrx_word' id='word_1_22' title='bbox 2984 427 3098 484; x_wconf 88' lang='lat' dir='ltr'><strong>illos</strong></span> <span class='ocrx_word' id='word_1_23' title='bbox 3117 432 3231 486; x_wconf 80' lang='lat' dir='ltr'><strong>sine</strong></span> 
     </span>
    </p>
   </div>
   <div class='ocr_carea' id='block_1_5' title="bbox 123 511 1583 580">
    <p class='ocr_par' dir='ltr' id='par_1_5' title="bbox 123 511 1583 580">
     <span class='ocr_line' id='line_1_5' title="bbox 123 511 1583 580; baseline -0.003 -12"><span class='ocrx_word' id='word_1_24' title='bbox 123 515 322 568; x_wconf 76' lang='lat' dir='ltr'><strong>Fortassis</strong></span> <span class='ocrx_word' id='word_1_25' title='bbox 346 514 560 565; x_wconf 85' lang='lat' dir='ltr'><strong>dicturus</strong></span> <span class='ocrx_word' id='word_1_26' title='bbox 589 526 668 575; x_wconf 86' lang='lat' dir='ltr'><strong>es,</strong></span> <span class='ocrx_word' id='word_1_27' title='bbox 699 513 948 574; x_wconf 87' lang='lat' dir='ltr'><strong>scriptum</strong></span> <span class='ocrx_word' id='word_1_28' title='bbox 979 525 1098 565; x_wconf 82' lang='lat' dir='ltr'><strong>esse</strong></span> <span class='ocrx_word' id='word_1_29' title='bbox 1130 527 1143 562; x_wconf 92' lang='lat'>:</span> <span class='ocrx_word' id='word_1_30' title='bbox 1177 511 1326 564; x_wconf 87' lang='lat' dir='ltr'><strong>Omni</strong></span> <span class='ocrx_word' id='word_1_31' title='bbox 1349 512 1583 580; x_wconf 71' lang='lat' dir='ltr'><strong>potestati</strong></span> 
     </span>
    </p>
   </div>
   <div class='ocr_carea' id='block_1_6' title="bbox 122 598 1584 667">
    <p class='ocr_par' dir='ltr' id='par_1_6' title="bbox 122 598 1584 667">
     <span class='ocr_line' id='line_1_6' title="bbox 122 598 1584 667; baseline 0.001 -15"><span class='ocrx_word' id='word_1_32' title='bbox 122 619 184 653; x_wconf 73' lang='lat' dir='ltr'><strong>iter</strong></span> <span class='ocrx_word' id='word_1_33' title='bbox 203 603 388 652; x_wconf 75' lang='lat' dir='ltr'><strong>mbdilos</strong></span> <span class='ocrx_word' id='word_1_34' title='bbox 413 615 512 652; x_wconf 75' lang='lat' dir='ltr'><strong>esse</strong></span> <span class='ocrx_word' id='word_1_35' title='bbox 528 600 702 650; x_wconf 78' lang='lat' dir='ltr'><strong><em>debere</em></strong></span> <span class='ocrx_word' id='word_1_36' title='bbox 724 599 894 667; x_wconf 78' lang='lat' dir='ltr'><strong>(Rom.</strong></span> <span class='ocrx_word' id='word_1_37' title='bbox 923 598 1054 666; x_wconf 79' lang='lat' dir='ltr'><strong>xm).</strong></span> <span class='ocrx_word' id='word_1_38' title='bbox 1079 598 1183 652; x_wconf 85' lang='lat' dir='ltr'><strong>Nos</strong></span> <span class='ocrx_word' id='word_1_39' title='bbox 1203 600 1411 666; x_wconf 84' lang='lat' dir='ltr'><strong>quidem</strong></span> <span class='ocrx_word' id='word_1_40' title='bbox 1437 611 1584 666; x_wconf 84' lang='lat' dir='ltr'><strong>pote-</strong></span> 
     </span>
    </p>
   </div>
   <div class='ocr_carea' id='block_1_7' title="bbox 121 688 1582 756">
    <p class='ocr_par' dir='ltr' id='par_1_7' title="bbox 121 688 1582 756">
     <span class='ocr_line' id='line_1_7' title="bbox 121 688 1582 756; baseline 0 -13"><span class='ocrx_word' id='word_1_41' title='bbox 121 703 240 743; x_wconf 75' lang='lat' dir='ltr'><strong>states</strong></span> <span class='ocrx_word' id='word_1_42' title='bbox 270 693 494 741; x_wconf 86' lang='lat' dir='ltr'><strong>humanas</strong></span> <span class='ocrx_word' id='word_1_43' title='bbox 528 703 623 741; x_wconf 90' lang='lat' dir='ltr'><strong>suo</strong></span> <span class='ocrx_word' id='word_1_44' title='bbox 662 688 777 741; x_wconf 90' lang='lat' dir='ltr'><strong>loco</strong></span> <span class='ocrx_word' id='word_1_45' title='bbox 814 689 1148 756; x_wconf 82' lang='lat' dir='ltr'><strong>suscipimus,</strong></span> <span class='ocrx_word' id='word_1_46' title='bbox 1197 689 1366 743; x_wconf 88' lang='lat' dir='ltr'><strong>donec</strong></span> <span class='ocrx_word' id='word_1_47' title='bbox 1401 701 1582 744; x_wconf 86' lang='lat' dir='ltr'><strong>contra</strong></span> 
     </span>
    </p>
   </div>
   <div class='ocr_carea' id='block_1_8' title="bbox 123 776 1586 847">
    <p class='ocr_par' dir='ltr' id='par_1_8' title="bbox 123 776 1586 847">
     <span class='ocr_line' id='line_1_8' title="bbox 123 776 1586 847; baseline 0 -16"><span class='ocrx_word' id='word_1_48' title='bbox 123 780 241 831; x_wconf 74' lang='lat' dir='ltr'><strong>Deum</strong></span> <span class='ocrx_word' id='word_1_49' title='bbox 263 791 367 829; x_wconf 82' lang='lat' dir='ltr'><strong>suas</strong></span> <span class='ocrx_word' id='word_1_50' title='bbox 385 776 578 843; x_wconf 80' lang='lat' dir='ltr'><strong>erigunt</strong></span> <span class='ocrx_word' id='word_1_51' title='bbox 597 777 914 829; x_wconf 73' lang='lat' dir='ltr'><strong>voluntates.</strong></span> <span class='ocrx_word' id='word_1_52' title='bbox 941 777 1196 830; x_wconf 75' lang='lat' dir='ltr'><strong>Czeterum</strong></span> <span class='ocrx_word' id='word_1_53' title='bbox 1226 779 1269 831; x_wconf 90' lang='lat' dir='ltr'><strong>si</strong></span> <span class='ocrx_word' id='word_1_54' title='bbox 1297 782 1467 831; x_wconf 86' lang='lat' dir='ltr'><strong>omnis</strong></span> <span class='ocrx_word' id='word_1_55' title='bbox 1492 793 1586 847; x_wconf 81' lang='lat' dir='ltr'><strong>po-</strong></span> 
     </span>
    </p>
   </div>
   <div class='ocr_carea' id='block_1_9' title="bbox 118 867 1584 935">
    <p class='ocr_par' dir='ltr' id='par_1_9' title="bbox 118 867 1584 935">
     <span class='ocr_line' id='line_1_9' title="bbox 118 867 1584 935; baseline 0.001 -15"><span class='ocrx_word' id='word_1_56' title='bbox 118 881 235 920; x_wconf 61' lang='lat' dir='ltr'><strong>leslils</strong></span> <span class='ocrx_word' id='word_1_57' title='bbox 255 882 276 918; x_wconf 69' lang='grc' dir='ltr'><strong>ιι</strong></span> <span class='ocrx_word' id='word_1_58' title='bbox 297 868 390 919; x_wconf 88' lang='lat' dir='ltr'><strong>Deo</strong></span> <span class='ocrx_word' id='word_1_59' title='bbox 409 876 504 928; x_wconf 80' lang='lat' dir='ltr'><strong>est,</strong></span> <span class='ocrx_word' id='word_1_60' title='bbox 523 868 687 935; x_wconf 83' lang='lat' dir='ltr'><strong>magis</strong></span> <span class='ocrx_word' id='word_1_61' title='bbox 709 882 836 934; x_wconf 87' lang='lat' dir='ltr'><strong>ergo</strong></span> <span class='ocrx_word' id='word_1_62' title='bbox 856 882 972 933; x_wconf 85' lang='lat' dir='ltr'><strong>quae</strong></span> <span class='ocrx_word' id='word_1_63' title='bbox 994 867 1148 920; x_wconf 85' lang='lat' dir='ltr'><strong>rebus</strong></span> <span class='ocrx_word' id='word_1_64' title='bbox 1193 878 1268 920; x_wconf 90' lang='lat' dir='ltr'><strong>est</strong></span> <span class='ocrx_word' id='word_1_65' title='bbox 1297 867 1584 935; x_wconf 69' lang='lat' dir='ltr'><strong>praestituta</strong></span> 
     </span>
    </p>
   </div>
   <div class='ocr_carea' id='block_1_10' title="bbox 116 955 1584 1019">
    <p class='ocr_par' dir='ltr' id='par_1_10' title="bbox 116 955 1584 1019">
     <span class='ocr_line' id='line_1_10' title="bbox 116 955 1584 1019; baseline 0.001 -9"><span class='ocrx_word' id='word_1_66' title='bbox 116 957 277 1010; x_wconf 85' lang='lat' dir='ltr'><strong>divinis.</strong></span> <span class='ocrx_word' id='word_1_67' title='bbox 305 955 441 1008; x_wconf 87' lang='lat' dir='ltr'><strong>Defer</strong></span> <span class='ocrx_word' id='word_1_68' title='bbox 466 955 569 1009; x_wconf 89' lang='lat' dir='ltr'><strong>Deo</strong></span> <span class='ocrx_word' id='word_1_69' title='bbox 591 956 642 1008; x_wconf 91' lang='lat' dir='ltr'><strong>in</strong></span> <span class='ocrx_word' id='word_1_70' title='bbox 673 955 843 1019; x_wconf 89' lang='lat' dir='ltr'><strong>nobis,</strong></span> <span class='ocrx_word' id='word_1_71' title='bbox 875 967 928 1009; x_wconf 93' lang='lat' dir='ltr'><strong>et</strong></span> <span class='ocrx_word' id='word_1_72' title='bbox 957 971 1052 1010; x_wconf 87' lang='lat' dir='ltr'><strong>nos</strong></span> <span class='ocrx_word' id='word_1_73' title='bbox 1079 956 1374 1011; x_wconf 87' lang='lat' dir='ltr'><strong>deferctnus</strong></span> <span class='ocrx_word' id='word_1_74' title='bbox 1397 957 1505 1010; x_wconf 88' lang='lat' dir='ltr'><strong>Deo</strong></span> <span class='ocrx_word' id='word_1_75' title='bbox 1533 958 1584 1012; x_wconf 90' lang='lat' dir='ltr'><strong>in</strong></span> 
     </span>
    </p>
   </div>
   <div class='ocr_carea' id='block_1_11' title="bbox 123 1045 1586 1116">
    <p class='ocr_par' dir='ltr' id='par_1_11' title="bbox 123 1045 1586 1116">
     <span class='ocr_line' id='line_1_11' title="bbox 123 1045 1586 1116; baseline 0.005 -23"><span class='ocrx_word' id='word_1_76' title='bbox 123 1055 167 1097; x_wconf 84' lang='lat' dir='ltr'><strong>te.</strong></span> <span class='ocrx_word' id='word_1_77' title='bbox 189 1045 405 1097; x_wconf 58' lang='lat' dir='ltr'><strong>Ceterum</strong></span> <span class='ocrx_word' id='word_1_78' title='bbox 432 1045 473 1098; x_wconf 85' lang='lat' dir='ltr'><strong>si</strong></span> <span class='ocrx_word' id='word_1_79' title='bbox 503 1045 694 1109; x_wconf 88' lang='lat' dir='ltr'><strong>tu_Deo</strong></span> <span class='ocrx_word' id='word_1_80' title='bbox 725 1060 827 1098; x_wconf 92' lang='lat' dir='ltr'><strong>non</strong></span> <span class='ocrx_word' id='word_1_81' title='bbox 867 1046 1104 1110; x_wconf 70' lang='lat' dir='ltr'><strong>deferas,</strong></span> <span class='ocrx_word' id='word_1_82' title='bbox 1155 1061 1258 1100; x_wconf 92' lang='lat' dir='ltr'><strong>non</strong></span> <span class='ocrx_word' id='word_1_83' title='bbox 1291 1057 1440 1115; x_wconf 89' lang='lat' dir='ltr'><strong>potes</strong></span> <span class='ocrx_word' id='word_1_84' title='bbox 1469 1046 1586 1116; x_wconf 86' lang='lat' dir='ltr'><strong>ejus</strong></span> 
     </span>
    </p>
   </div>
   <div class='ocr_carea' id='block_1_12' title="bbox 119 1133 1092 1202">
    <p class='ocr_par' dir='ltr' id='par_1_12' title="bbox 119 1133 1092 1202">
     <span class='ocr_line' id='line_1_12' title="bbox 119 1133 1092 1202; baseline 0.003 -19"><span class='ocrx_word' id='word_1_85' title='bbox 119 1136 166 1184; x_wconf 90' lang='lat' dir='ltr'><strong>uti</strong></span> <span class='ocrx_word' id='word_1_86' title='bbox 189 1133 412 1202; x_wconf 81' lang='lat' dir='ltr'><strong>privilegio</strong></span> <span class='ocrx_word' id='word_1_87' title='bbox 429 1173 443 1194; x_wconf 91' lang='lat'><strong>,</strong></span> <span class='ocrx_word' id='word_1_88' title='bbox 470 1133 616 1201; x_wconf 84' lang='lat' dir='ltr'><strong>cujus</strong></span> <span class='ocrx_word' id='word_1_89' title='bbox 637 1134 752 1202; x_wconf 83' lang='lat' dir='ltr'><strong>jura</strong></span> <span class='ocrx_word' id='word_1_90' title='bbox 781 1136 1092 1188; x_wconf 82' lang='lat' dir='ltr'><strong>contemnis.</strong></span> 
     </span>
    </p>
   </div>
   <div class='ocr_carea' id='block_1_13' title="bbox 165 1222 1586 1291">
    <p class='ocr_par' dir='ltr' id='par_1_13' title="bbox 165 1222 1586 1291">
     <span class='ocr_line' id='line_1_13' title="bbox 165 1222 1586 1291; baseline 0.004 -19"><span class='ocrx_word' id='word_1_91' title='bbox 165 1222 272 1274; x_wconf 84' lang='lat' dir='ltr'><strong>Dicis</strong></span> <span class='ocrx_word' id='word_1_92' title='bbox 303 1223 425 1288; x_wconf 89' lang='lat' dir='ltr'><strong>quod</strong></span> <span class='ocrx_word' id='word_1_93' title='bbox 459 1237 658 1276; x_wconf 85' lang='lat' dir='ltr'><strong>mecum</strong></span> <span class='ocrx_word' id='word_1_94' title='bbox 697 1224 1033 1291; x_wconf 88' lang='lat' dir='ltr'><strong>conspirante</strong></span> <span class='ocrx_word' id='word_1_95' title='bbox 1061 1232 1248 1278; x_wconf 91' lang='lat' dir='ltr'><strong>senatu</strong></span> <span class='ocrx_word' id='word_1_96' title='bbox 1281 1238 1586 1278; x_wconf 77' lang='lat' dir='ltr'><strong>excommu-</strong></span> 
     </span>
    </p>
   </div>
   <div class='ocr_carea' id='block_1_14' title="bbox 117 1312 1586 1381">
    <p class='ocr_par' dir='ltr' id='par_1_14' title="bbox 117 1312 1586 1381">
     <span class='ocr_line' id='line_1_14' title="bbox 117 1312 1586 1381; baseline 0.002 -16"><span class='ocrx_word' id='word_1_97' title='bbox 117 1312 336 1365; x_wconf 83' lang='lat' dir='ltr'><strong>nicaverim</strong></span> <span class='ocrx_word' id='word_1_98' title='bbox 364 1321 430 1364; x_wconf 88' lang='lat' dir='ltr'><strong>te.</strong></span> <span class='ocrx_word' id='word_1_99' title='bbox 494 1313 563 1364; x_wconf 82' lang='lat' dir='ltr'><strong>ita</strong></span> <span class='ocrx_word' id='word_1_100' title='bbox 593 1313 801 1380; x_wconf 84' lang='lat' dir='ltr'><strong>quidem</strong></span> <span class='ocrx_word' id='word_1_101' title='bbox 830 1328 948 1381; x_wconf 89' lang='lat' dir='ltr'><strong>ego,</strong></span> <span class='ocrx_word' id='word_1_102' title='bbox 989 1314 1080 1367; x_wconf 87' lang='lat' dir='ltr'><strong>sed</strong></span> <span class='ocrx_word' id='word_1_103' title='bbox 1106 1313 1489 1369; x_wconf 87' lang='lat' dir='ltr'><strong>rationabiliter</strong></span> <span class='ocrx_word' id='word_1_104' title='bbox 1510 1315 1586 1368; x_wconf 85' lang='lat' dir='ltr'><strong>fa-</strong></span> 
     </span>
    </p>
   </div>
   <div class='ocr_carea' id='block_1_15' title="bbox 115 1397 1582 1471">
    <p class='ocr_par' dir='ltr' id='par_1_15' title="bbox 115 1397 1582 1471">
     <span class='ocr_line' id='line_1_15' title="bbox 115 1397 1582 1471; baseline 0.006 -23"><span class='ocrx_word' id='word_1_105' title='bbox 115 1412 215 1449; x_wconf 77' lang='lat' dir='ltr'><strong>ctum</strong></span> <span class='ocrx_word' id='word_1_106' title='bbox 252 1413 277 1450; x_wconf 83' lang='lat' dir='ltr'><strong>a</strong></span> <span class='ocrx_word' id='word_1_107' title='bbox 318 1397 670 1452; x_wconf 86' lang='lat' dir='ltr'><strong>decessoribus</strong></span> <span class='ocrx_word' id='word_1_108' title='bbox 712 1404 865 1464; x_wconf 84' lang='lat' dir='ltr'><strong>meis,</strong></span> <span class='ocrx_word' id='word_1_109' title='bbox 907 1405 1023 1454; x_wconf 88' lang='lat' dir='ltr'><strong>sine</strong></span> <span class='ocrx_word' id='word_1_110' title='bbox 1067 1401 1228 1456; x_wconf 89' lang='lat' dir='ltr'><strong>dubio</strong></span> <span class='ocrx_word' id='word_1_111' title='bbox 1269 1403 1582 1471; x_wconf 81' lang='lat' dir='ltr'><strong>subsequar.</strong></span> 
     </span>
    </p>
   </div>
   <div class='ocr_carea' id='block_1_16' title="bbox 117 1480 1586 1554">
    <p class='ocr_par' dir='ltr' id='par_1_16' title="bbox 117 1480 1586 1554">
     <span class='ocr_line' id='line_1_16' title="bbox 117 1480 1586 1554; baseline 0.005 -14"><span class='ocrx_word' id='word_1_112' title='bbox 117 1487 215 1540; x_wconf 84' lang='lat' dir='ltr'><strong>Dicis</strong></span> <span class='ocrx_word' id='word_1_113' title='bbox 243 1487 362 1554; x_wconf 89' lang='lat' dir='ltr'><strong>quod</strong></span> <span class='ocrx_word' id='word_1_114' title='bbox 393 1489 521 1541; x_wconf 87' lang='lat' dir='ltr'><strong>male</strong></span> <span class='ocrx_word' id='word_1_115' title='bbox 551 1499 599 1541; x_wconf 91' lang='lat' dir='ltr'><strong>te</strong></span> <span class='ocrx_word' id='word_1_116' title='bbox 629 1487 896 1544; x_wconf 81' lang='lat' dir='ltr'><strong>Romanus</strong></span> <span class='ocrx_word' id='word_1_117' title='bbox 925 1499 1110 1544; x_wconf 85' lang='lat' dir='ltr'><strong>tractet</strong></span> <span class='ocrx_word' id='word_1_118' title='bbox 1137 1500 1370 1546; x_wconf 76' lang='lat' dir='ltr'><strong>senatus.</strong></span> <span class='ocrx_word' id='word_1_119' title='bbox 1404 1493 1460 1547; x_wconf 91' lang='lat' dir='ltr'><strong>Si</strong></span> <span class='ocrx_word' id='word_1_120' title='bbox 1491 1480 1586 1547; x_wconf 85' lang='lat' dir='ltr'><strong>nos</strong></span> 
     </span>
    </p>
   </div>
   <div class='ocr_carea' id='block_1_17' title="bbox 113 1575 1587 1636">
    <p class='ocr_par' dir='ltr' id='par_1_17' title="bbox 113 1575 1587 1636">
     <span class='ocr_line' id='line_1_17' title="bbox 113 1575 1587 1636; baseline 0.007 -11"><span class='ocrx_word' id='word_1_121' title='bbox 113 1586 148 1628; x_wconf 84' lang='lat' dir='ltr'><strong>te</strong></span> <span class='ocrx_word' id='word_1_122' title='bbox 164 1575 270 1628; x_wconf 87' lang='lat' dir='ltr'><strong>male</strong></span> <span class='ocrx_word' id='word_1_123' title='bbox 295 1575 579 1635; x_wconf 81' lang='lat' dir='ltr'><strong>tractamus.</strong></span> <span class='ocrx_word' id='word_1_124' title='bbox 613 1578 892 1633; x_wconf 80' lang='lat' dir='ltr'><strong>suadentes</strong></span> <span class='ocrx_word' id='word_1_125' title='bbox 920 1588 974 1633; x_wconf 88' lang='grc' dir='ltr'><strong>ιιι</strong></span> <span class='ocrx_word' id='word_1_126' title='bbox 1017 1581 1256 1635; x_wconf 80' lang='lat' dir='ltr'><strong>discedas</strong></span> <span class='ocrx_word' id='word_1_127' title='bbox 1282 1584 1348 1636; x_wconf 90' lang='lat' dir='ltr'><strong>ab</strong></span> <span class='ocrx_word' id='word_1_128' title='bbox 1378 1582 1587 1636; x_wconf 67' lang='lat' dir='ltr'><strong>ltarreti-</strong></span> 
     </span>
    </p>
   </div>
   <div class='ocr_carea' id='block_1_18' title="bbox 113 1663 1587 1740">
    <p class='ocr_par' dir='ltr' id='par_1_18' title="bbox 113 1663 1587 1740">
     <span class='ocr_line' id='line_1_18' title="bbox 113 1663 1587 1740; baseline 0.007 -25"><span class='ocrx_word' id='word_1_129' title='bbox 113 1663 189 1728; x_wconf 81' lang='lat' dir='ltr'><strong>cis,</strong></span> <span class='ocrx_word' id='word_1_130' title='bbox 216 1673 258 1714; x_wconf 90' lang='lat' dir='ltr'><strong>tu</strong></span> <span class='ocrx_word' id='word_1_131' title='bbox 282 1679 366 1717; x_wconf 85' lang='lat' dir='ltr'><strong>nos</strong></span> <span class='ocrx_word' id='word_1_132' title='bbox 395 1665 524 1718; x_wconf 83' lang='lat' dir='ltr'><strong>bene</strong></span> <span class='ocrx_word' id='word_1_133' title='bbox 561 1674 773 1727; x_wconf 87' lang='lat' dir='ltr'><strong>tractas.</strong></span> <span class='ocrx_word' id='word_1_134' title='bbox 824 1683 956 1736; x_wconf 88' lang='lat' dir='ltr'><strong>quos</strong></span> <span class='ocrx_word' id='word_1_135' title='bbox 997 1670 1074 1723; x_wconf 88' lang='lat' dir='ltr'><strong>vis</strong></span> <span class='ocrx_word' id='word_1_136' title='bbox 1100 1673 1304 1724; x_wconf 85' lang='lat' dir='ltr'><strong>sociare</strong></span> <span class='ocrx_word' id='word_1_137' title='bbox 1343 1673 1587 1740; x_wconf 63' lang='lat' dir='ltr'><strong>pratcipi-</strong></span> 
     </span>
    </p>
   </div>
   <div class='ocr_carea' id='block_1_19' title="bbox 115 1751 1662 1828">
    <p class='ocr_par' dir='ltr' id='par_1_19' title="bbox 115 1751 1662 1828">
     <span class='ocr_line' id='line_1_19' title="bbox 115 1751 1662 1828; baseline 0.005 -25"><span class='ocrx_word' id='word_1_138' title='bbox 115 1760 242 1804; x_wconf 67' lang='lat' dir='ltr'><strong>taliter</strong></span> <span class='ocrx_word' id='word_1_139' title='bbox 275 1751 559 1807; x_wconf 73' lang='lat' dir='ltr'><strong>haereticis?</strong></span> <span class='ocrx_word' id='word_1_140' title='bbox 593 1754 726 1820; x_wconf 86' lang='lat' dir='ltr'><strong>Quid</strong></span> <span class='ocrx_word' id='word_1_141' title='bbox 772 1755 838 1808; x_wconf 87' lang='lat' dir='ltr'><strong>ad</strong></span> <span class='ocrx_word' id='word_1_142' title='bbox 879 1771 983 1819; x_wconf 91' lang='lat' dir='ltr'><strong>me,</strong></span> <span class='ocrx_word' id='word_1_143' title='bbox 1034 1758 1259 1827; x_wconf 83' lang='lat' dir='ltr'><strong>inquies,</strong></span> <span class='ocrx_word' id='word_1_144' title='bbox 1297 1760 1435 1827; x_wconf 90' lang='lat' dir='ltr'><strong>quod</strong></span> <span class='ocrx_word' id='word_1_145' title='bbox 1481 1761 1587 1828; x_wconf 83' lang='lat' dir='ltr'><strong>egit</strong></span> <span class='ocrx_word' id='word_1_146' title='bbox 1617 1752 1662 1811; x_wconf 86' lang='grc' dir='ltr'><strong><em>Β</em></strong></span> 
     </span>
    </p>
   </div>
   <div class='ocr_carea' id='block_1_20' title="bbox 112 1840 1581 1912">
    <p class='ocr_par' dir='ltr' id='par_1_20' title="bbox 112 1840 1581 1912">
     <span class='ocr_line' id='line_1_20' title="bbox 112 1840 1581 1912; baseline 0.008 -21"><span class='ocrx_word' id='word_1_147' title='bbox 112 1840 312 1892; x_wconf 80' lang='lat' dir='ltr'><strong>Aeacius?</strong></span> <span class='ocrx_word' id='word_1_148' title='bbox 342 1841 538 1897; x_wconf 80' lang='lat' dir='ltr'><strong>Recede</strong></span> <span class='ocrx_word' id='word_1_149' title='bbox 572 1856 718 1912; x_wconf 90' lang='lat' dir='ltr'><strong>ergo,</strong></span> <span class='ocrx_word' id='word_1_150' title='bbox 754 1855 805 1899; x_wconf 88' lang='lat' dir='ltr'><strong>et</strong></span> <span class='ocrx_word' id='word_1_151' title='bbox 844 1846 973 1901; x_wconf 85' lang='lat' dir='ltr'><strong>nihil</strong></span> <span class='ocrx_word' id='word_1_152' title='bbox 1015 1848 1079 1901; x_wconf 90' lang='lat' dir='ltr'><strong>ad</strong></span> <span class='ocrx_word' id='word_1_153' title='bbox 1123 1858 1192 1902; x_wconf 90' lang='lat' dir='ltr'><strong>te.</strong></span> <span class='ocrx_word' id='word_1_154' title='bbox 1241 1849 1370 1902; x_wconf 86' lang='lat' dir='ltr'><strong>Nam</strong></span> <span class='ocrx_word' id='word_1_155' title='bbox 1405 1851 1448 1904; x_wconf 89' lang='lat' dir='ltr'><strong>si</strong></span> <span class='ocrx_word' id='word_1_156' title='bbox 1479 1865 1581 1904; x_wconf 92' lang='lat' dir='ltr'><strong>non</strong></span> 
     </span>
    </p>
   </div>
   <div class='ocr_carea' id='block_1_21' title="bbox 111 1929 1582 2006">
    <p class='ocr_par' dir='ltr' id='par_1_21' title="bbox 111 1929 1582 2006">
     <span class='ocr_line' id='line_1_21' title="bbox 111 1929 1582 2006; baseline 0.01 -28"><span class='ocrx_word' id='word_1_157' title='bbox 111 1929 263 1981; x_wconf 81' lang='lat' dir='ltr'><strong>recedis</strong></span> <span class='ocrx_word' id='word_1_158' title='bbox 281 1929 338 1982; x_wconf 80' lang='lat' dir='ltr'><strong>ab</strong></span> <span class='ocrx_word' id='word_1_159' title='bbox 361 1945 445 1995; x_wconf 85' lang='lat' dir='ltr'><strong>eo,</strong></span> <span class='ocrx_word' id='word_1_160' title='bbox 453 1934 685 1998; x_wconf 86' lang='lat' dir='ltr'><strong>pertinet</strong></span> <span class='ocrx_word' id='word_1_161' title='bbox 712 1942 767 1988; x_wconf 91' lang='lat' dir='ltr'><strong>et</strong></span> <span class='ocrx_word' id='word_1_162' title='bbox 791 1935 856 1988; x_wconf 89' lang='lat' dir='ltr'><strong>ad</strong></span> <span class='ocrx_word' id='word_1_163' title='bbox 879 1944 958 1988; x_wconf 83' lang='lat' dir='ltr'><strong>te.-</strong></span> <span class='ocrx_word' id='word_1_164' title='bbox 974 1935 1348 2004; x_wconf 81' lang='lat' dir='ltr'><strong>Relinquamus</strong></span> <span class='ocrx_word' id='word_1_165' title='bbox 1365 1949 1582 2006; x_wconf 90' lang='lat' dir='ltr'><strong>uterque</strong></span> 
     </span>
    </p>
   </div>
   <div class='ocr_carea' id='block_1_22' title="bbox 110 2022 1583 2099">
    <p class='ocr_par' dir='ltr' id='par_1_22' title="bbox 110 2022 1583 2099">
     <span class='ocr_line' id='line_1_22' title="bbox 110 2022 1583 2099; baseline 0.012 -31"><span class='ocrx_word' id='word_1_166' title='bbox 110 2028 332 2072; x_wconf 86' lang='lat' dir='ltr'><strong>mortuum.</strong></span> <span class='ocrx_word' id='word_1_167' title='bbox 365 2022 423 2074; x_wconf 88' lang='lat' dir='ltr'><strong>Et</strong></span> <span class='ocrx_word' id='word_1_168' title='bbox 463 2037 559 2075; x_wconf 89' lang='lat' dir='ltr'><strong>nos</strong></span> <span class='ocrx_word' id='word_1_169' title='bbox 590 2023 689 2077; x_wconf 88' lang='lat' dir='ltr'><strong>hoc</strong></span> <span class='ocrx_word' id='word_1_170' title='bbox 719 2026 963 2093; x_wconf 88' lang='lat' dir='ltr'><strong>petimus,</strong></span> <span class='ocrx_word' id='word_1_171' title='bbox 997 2037 1054 2080; x_wconf 91' lang='lat' dir='ltr'><strong>ut</strong></span> <span class='ocrx_word' id='word_1_172' title='bbox 1082 2029 1210 2082; x_wconf 83' lang='lat' dir='ltr'><strong>nihil</strong></span> <span class='ocrx_word' id='word_1_173' title='bbox 1247 2030 1310 2082; x_wconf 91' lang='lat' dir='ltr'><strong>ad</strong></span> <span class='ocrx_word' id='word_1_174' title='bbox 1343 2040 1393 2084; x_wconf 88' lang='lat' dir='ltr'><strong>te</strong></span> <span class='ocrx_word' id='word_1_175' title='bbox 1425 2032 1583 2099; x_wconf 90' lang='lat' dir='ltr'><strong>perti-</strong></span> 
     </span>
    </p>
   </div>
   <div class='ocr_carea' id='block_1_23' title="bbox 109 2112 1582 2187">
    <p class='ocr_par' dir='ltr' id='par_1_23' title="bbox 109 2112 1582 2187">
     <span class='ocr_line' id='line_1_23' title="bbox 109 2112 1582 2187; baseline 0.011 -28"><span class='ocrx_word' id='word_1_176' title='bbox 109 2119 195 2160; x_wconf 79' lang='lat' dir='ltr'><strong>neat</strong></span> <span class='ocrx_word' id='word_1_177' title='bbox 218 2112 335 2178; x_wconf 89' lang='lat' dir='ltr'><strong>quod</strong></span> <span class='ocrx_word' id='word_1_178' title='bbox 367 2115 466 2182; x_wconf 88' lang='lat' dir='ltr'><strong>egit</strong></span> <span class='ocrx_word' id='word_1_179' title='bbox 502 2115 746 2169; x_wconf 85' lang='lat' dir='ltr'><strong>Aeacius.</strong></span> <span class='ocrx_word' id='word_1_180' title='bbox 790 2117 867 2171; x_wconf 85' lang='lat' dir='ltr'><strong>Tu</strong></span> <span class='ocrx_word' id='word_1_181' title='bbox 910 2134 1004 2172; x_wconf 90' lang='lat' dir='ltr'><strong>nos</strong></span> <span class='ocrx_word' id='word_1_182' title='bbox 1046 2119 1175 2174; x_wconf 84' lang='lat' dir='ltr'><strong>facis</strong></span> <span class='ocrx_word' id='word_1_183' title='bbox 1202 2122 1431 2187; x_wconf 91' lang='lat' dir='ltr'><strong>objicere</strong></span> <span class='ocrx_word' id='word_1_184' title='bbox 1463 2123 1582 2187; x_wconf 85' lang='lat' dir='ltr'><strong>tibi,</strong></span> 
     </span>
    </p>
   </div>
   <div class='ocr_carea' id='block_1_24' title="bbox 108 2200 1583 2274">
    <p class='ocr_par' dir='ltr' id='par_1_24' title="bbox 108 2200 1583 2274">
     <span class='ocr_line' id='line_1_24' title="bbox 108 2200 1583 2274; baseline 0.012 -28"><span class='ocrx_word' id='word_1_185' title='bbox 108 2200 168 2262; x_wconf 83' lang='lat' dir='ltr'><strong>qui</strong></span> <span class='ocrx_word' id='word_1_186' title='bbox 187 2200 248 2248; x_wconf 87' lang='lat' dir='ltr'><strong>vis</strong></span> <span class='ocrx_word' id='word_1_187' title='bbox 265 2201 319 2251; x_wconf 88' lang='lat' dir='ltr'><strong>ad</strong></span> <span class='ocrx_word' id='word_1_188' title='bbox 337 2209 384 2252; x_wconf 88' lang='lat' dir='ltr'><strong>te</strong></span> <span class='ocrx_word' id='word_1_189' title='bbox 404 2205 665 2267; x_wconf 85' lang='lat' dir='ltr'><strong>pertinere</strong></span> <span class='ocrx_word' id='word_1_190' title='bbox 686 2206 822 2272; x_wconf 88' lang='lat' dir='ltr'><strong>quod</strong></span> <span class='ocrx_word' id='word_1_191' title='bbox 847 2208 952 2274; x_wconf 88' lang='lat' dir='ltr'><strong>egit</strong></span> <span class='ocrx_word' id='word_1_192' title='bbox 973 2209 1214 2262; x_wconf 86' lang='lat' dir='ltr'><strong>Aeacius.</strong></span> <span class='ocrx_word' id='word_1_193' title='bbox 1231 2209 1337 2262; x_wconf 81' lang='lat' dir='ltr'><strong>Nos</strong></span> <span class='ocrx_word' id='word_1_194' title='bbox 1359 2214 1583 2264; x_wconf 85' lang='lat' dir='ltr'><strong>vitamus</strong></span> 
     </span>
    </p>
   </div>
   <div class='ocr_carea' id='block_1_25' title="bbox 108 2286 1580 2367">
    <p class='ocr_par' dir='ltr' id='par_1_25' title="bbox 108 2286 1580 2367">
     <span class='ocr_line' id='line_1_25' title="bbox 108 2286 1580 2367; baseline 0.011 -31"><span class='ocrx_word' id='word_1_195' title='bbox 108 2286 208 2348; x_wconf 86' lang='lat' dir='ltr'><strong>quod</strong></span> <span class='ocrx_word' id='word_1_196' title='bbox 239 2287 329 2354; x_wconf 84' lang='lat' dir='ltr'><strong>egit</strong></span> <span class='ocrx_word' id='word_1_197' title='bbox 355 2291 604 2355; x_wconf 81' lang='lat' dir='ltr'><strong>Aeacius;</strong></span> <span class='ocrx_word' id='word_1_198' title='bbox 634 2295 739 2345; x_wconf 90' lang='lat' dir='ltr'><strong>vita</strong></span> <span class='ocrx_word' id='word_1_199' title='bbox 770 2303 824 2347; x_wconf 90' lang='lat' dir='ltr'><strong>et</strong></span> <span class='ocrx_word' id='word_1_200' title='bbox 851 2305 905 2348; x_wconf 88' lang='lat' dir='ltr'><strong>tu</strong></span> <span class='ocrx_word' id='word_1_201' title='bbox 943 2313 956 2346; x_wconf 93' lang='lat'><strong>:</strong></span> <span class='ocrx_word' id='word_1_202' title='bbox 1000 2305 1053 2349; x_wconf 91' lang='lat' dir='ltr'><strong>et</strong></span> <span class='ocrx_word' id='word_1_203' title='bbox 1087 2298 1149 2351; x_wconf 89' lang='lat' dir='ltr'><strong>ad</strong></span> <span class='ocrx_word' id='word_1_204' title='bbox 1191 2313 1441 2367; x_wconf 86' lang='lat' dir='ltr'><strong>utrosque</strong></span> <span class='ocrx_word' id='word_1_205' title='bbox 1477 2315 1580 2352; x_wconf 92' lang='lat' dir='ltr'><strong>non</strong></span> 
     </span>
    </p>
   </div>
   <div class='ocr_carea' id='block_1_26' title="bbox 108 2373 1584 2458">
    <p class='ocr_par' dir='ltr' id='par_1_26' title="bbox 108 2373 1584 2458">
     <span class='ocr_line' id='line_1_26' title="bbox 108 2373 1584 2458; baseline 0.014 -35"><span class='ocrx_word' id='word_1_206' title='bbox 108 2373 278 2435; x_wconf 80' lang='lat' dir='ltr'><strong>pertinet</strong></span> <span class='ocrx_word' id='word_1_207' title='bbox 299 2377 423 2443; x_wconf 92' lang='lat' dir='ltr'><strong>quod</strong></span> <span class='ocrx_word' id='word_1_208' title='bbox 453 2382 559 2447; x_wconf 88' lang='lat' dir='ltr'><strong>egit</strong></span> <span class='ocrx_word' id='word_1_209' title='bbox 581 2382 824 2448; x_wconf 81' lang='lat' dir='ltr'><strong>Aeacius,</strong></span> <span class='ocrx_word' id='word_1_210' title='bbox 852 2394 905 2437; x_wconf 92' lang='lat' dir='ltr'><strong>ut</strong></span> <span class='ocrx_word' id='word_1_211' title='bbox 928 2387 1094 2452; x_wconf 84' lang='lat' dir='ltr'><strong>possis</strong></span> <span class='ocrx_word' id='word_1_212' title='bbox 1119 2387 1234 2440; x_wconf 89' lang='lat' dir='ltr'><strong>sine</strong></span> <span class='ocrx_word' id='word_1_213' title='bbox 1257 2388 1319 2441; x_wconf 93' lang='lat' dir='ltr'><strong>iis</strong></span> <span class='ocrx_word' id='word_1_214' title='bbox 1341 2403 1456 2456; x_wconf 76' lang='lat' dir='ltr'><strong>qua:</strong></span> <span class='ocrx_word' id='word_1_215' title='bbox 1477 2393 1584 2458; x_wconf 84' lang='lat' dir='ltr'><strong>egit</strong></span> 
     </span>
    </p>
   </div>
   <div class='ocr_carea' id='block_1_27' title="bbox 108 2460 1580 2545">
    <p class='ocr_par' dir='ltr' id='par_1_27' title="bbox 108 2460 1580 2545">
     <span class='ocr_line' id='line_1_27' title="bbox 108 2460 1580 2545; baseline 0.012 -35"><span class='ocrx_word' id='word_1_216' title='bbox 108 2460 277 2515; x_wconf 79' lang='lat' dir='ltr'><strong>Aeacius</strong></span> <span class='ocrx_word' id='word_1_217' title='bbox 301 2477 408 2516; x_wconf 90' lang='lat' dir='ltr'><strong>cum</strong></span> <span class='ocrx_word' id='word_1_218' title='bbox 437 2480 497 2519; x_wconf 88' lang='lat' dir='ltr'><strong>ea</strong></span> <span class='ocrx_word' id='word_1_219' title='bbox 524 2484 642 2535; x_wconf 76' lang='lat' dir='ltr'><strong>qua:</strong></span> <span class='ocrx_word' id='word_1_220' title='bbox 662 2470 726 2522; x_wconf 91' lang='lat' dir='ltr'><strong>ad</strong></span> <span class='ocrx_word' id='word_1_221' title='bbox 760 2486 856 2524; x_wconf 91' lang='lat' dir='ltr'><strong>nos</strong></span> <span class='ocrx_word' id='word_1_222' title='bbox 885 2474 1111 2540; x_wconf 88' lang='lat' dir='ltr'><strong>pertinet</strong></span> <span class='ocrx_word' id='word_1_223' title='bbox 1131 2489 1285 2528; x_wconf 90' lang='lat' dir='ltr'><strong>causa</strong></span> <span class='ocrx_word' id='word_1_224' title='bbox 1314 2477 1580 2545; x_wconf 90' lang='lat' dir='ltr'><strong>conjungi,</strong></span> 
     </span>
    </p>
   </div>
   <div class='ocr_carea' id='block_1_28' title="bbox 106 2553 1579 2620">
    <p class='ocr_par' dir='ltr' id='par_1_28' title="bbox 106 2553 1579 2620">
     <span class='ocr_line' id='line_1_28' title="bbox 106 2553 1579 2620; baseline 0.016 -23"><span class='ocrx_word' id='word_1_225' title='bbox 106 2557 144 2598; x_wconf 88' lang='lat' dir='ltr'><strong>ut</strong></span> <span class='ocrx_word' id='word_1_226' title='bbox 178 2553 315 2616; x_wconf 74' lang='lat' dir='ltr'><strong>possis</strong></span> <span class='ocrx_word' id='word_1_227' title='bbox 352 2555 460 2608; x_wconf 84' lang='lat' dir='ltr'><strong>sine</strong></span> <span class='ocrx_word' id='word_1_228' title='bbox 497 2557 693 2611; x_wconf 84' lang='lat' dir='ltr'><strong>Acacio</strong></span> <span class='ocrx_word' id='word_1_229' title='bbox 730 2569 925 2614; x_wconf 69' lang='lat' dir='ltr'><strong>nostrae</strong></span> <span class='ocrx_word' id='word_1_230' title='bbox 968 2563 1324 2618; x_wconf 86' lang='lat' dir='ltr'><strong>communioni</strong></span> <span class='ocrx_word' id='word_1_231' title='bbox 1369 2566 1579 2620; x_wconf 88' lang='lat' dir='ltr'><strong>sociari.</strong></span> 
     </span>
    </p>
   </div>
   <div class='ocr_carea' id='block_1_29' title="bbox 106 2638 1581 2721">
    <p class='ocr_par' dir='ltr' id='par_1_29' title="bbox 106 2638 1581 2721">
     <span class='ocr_line' id='line_1_29' title="bbox 106 2638 1581 2721; baseline 0.016 -34"><span class='ocrx_word' id='word_1_232' title='bbox 106 2638 180 2690; x_wconf 76' lang='lat' dir='ltr'><strong>Nos</strong></span> <span class='ocrx_word' id='word_1_233' title='bbox 203 2655 287 2694; x_wconf 91' lang='lat' dir='ltr'><strong>non</strong></span> <span class='ocrx_word' id='word_1_234' title='bbox 312 2651 357 2696; x_wconf 87' lang='lat' dir='ltr'><strong>te</strong></span> <span class='ocrx_word' id='word_1_235' title='bbox 379 2650 965 2714; x_wconf 79' lang='lat' dir='ltr'><strong>excommunieavimus,</strong></span> <span class='ocrx_word' id='word_1_236' title='bbox 991 2652 1294 2721; x_wconf 79' lang='lat' dir='ltr'><strong>imperator,</strong></span> <span class='ocrx_word' id='word_1_237' title='bbox 1326 2657 1419 2710; x_wconf 92' lang='lat' dir='ltr'><strong>sed</strong></span> <span class='ocrx_word' id='word_1_238' title='bbox 1442 2659 1581 2712; x_wconf 82' lang='lat' dir='ltr'><strong>Aea-</strong></span> 
     </span>
    </p>
   </div>
   <div class='ocr_carea' id='block_1_30' title="bbox 104 2730 1580 2805">
    <p class='ocr_par' dir='ltr' id='par_1_30' title="bbox 104 2730 1580 2805">
     <span class='ocr_line' id='line_1_30' title="bbox 104 2730 1580 2805; baseline 0.017 -27"><span class='ocrx_word' id='word_1_239' title='bbox 104 2730 204 2782; x_wconf 81' lang='lat' dir='ltr'><strong>cium</strong></span> <span class='ocrx_word' id='word_1_240' title='bbox 227 2746 240 2782; x_wconf 88' lang='lat'><strong>:</strong></span> <span class='ocrx_word' id='word_1_241' title='bbox 267 2743 312 2785; x_wconf 90' lang='lat' dir='ltr'><strong>tu</strong></span> <span class='ocrx_word' id='word_1_242' title='bbox 331 2736 512 2789; x_wconf 87' lang='lat' dir='ltr'><strong>recede</strong></span> <span class='ocrx_word' id='word_1_243' title='bbox 541 2738 611 2790; x_wconf 87' lang='lat' dir='ltr'><strong>ab</strong></span> <span class='ocrx_word' id='word_1_244' title='bbox 633 2739 841 2805; x_wconf 80' lang='lat' dir='ltr'><strong>Acacio,</strong></span> <span class='ocrx_word' id='word_1_245' title='bbox 869 2750 921 2795; x_wconf 83' lang='lat' dir='ltr'><strong>et</strong></span> <span class='ocrx_word' id='word_1_246' title='bbox 954 2743 1020 2796; x_wconf 89' lang='lat' dir='ltr'><strong>ab</strong></span> <span class='ocrx_word' id='word_1_247' title='bbox 1049 2745 1188 2798; x_wconf 89' lang='lat' dir='ltr'><strong>illius</strong></span> <span class='ocrx_word' id='word_1_248' title='bbox 1216 2751 1580 2803; x_wconf 80' lang='lat' dir='ltr'><strong>excommuni-</strong></span> 
     </span>
    </p>
   </div>
   <div class='ocr_carea' id='block_1_31' title="bbox 105 2821 1580 2895">
    <p class='ocr_par' dir='ltr' id='par_1_31' title="bbox 105 2821 1580 2895">
     <span class='ocr_line' id='line_1_31' title="bbox 105 2821 1580 2895; baseline 0.02 -30"><span class='ocrx_word' id='word_1_249' title='bbox 105 2821 258 2873; x_wconf 75' lang='lat' dir='ltr'><strong>ratione</strong></span> <span class='ocrx_word' id='word_1_250' title='bbox 279 2825 482 2878; x_wconf 86' lang='lat' dir='ltr'><strong>recedis.</strong></span> <span class='ocrx_word' id='word_1_251' title='bbox 500 2826 579 2878; x_wconf 84' lang='lat' dir='ltr'><strong>Tu</strong></span> <span class='ocrx_word' id='word_1_252' title='bbox 603 2837 652 2880; x_wconf 81' lang='lat' dir='ltr'><strong>te</strong></span> <span class='ocrx_word' id='word_1_253' title='bbox 673 2827 776 2880; x_wconf 92' lang='lat' dir='ltr'><strong>noli</strong></span> <span class='ocrx_word' id='word_1_254' title='bbox 801 2831 1024 2885; x_wconf 89' lang='lat' dir='ltr'><strong>miscere</strong></span> <span class='ocrx_word' id='word_1_255' title='bbox 1045 2836 1580 2895; x_wconf 77' lang='lat' dir='ltr'><strong>excommunicationi</strong></span> 
     </span>
    </p>
   </div>
   <div class='ocr_carea' id='block_1_32' title="bbox 103 2903 1580 2995">
    <p class='ocr_par' dir='ltr' id='par_1_32' title="bbox 103 2903 1580 2995">
     <span class='ocr_line' id='line_1_32' title="bbox 103 2903 1580 2995; baseline 0.019 -42"><span class='ocrx_word' id='word_1_256' title='bbox 103 2903 198 2970; x_wconf 78' lang='lat' dir='ltr'><strong>ejus,</strong></span> <span class='ocrx_word' id='word_1_257' title='bbox 217 2917 259 2960; x_wconf 87' lang='lat' dir='ltr'><strong>et</strong></span> <span class='ocrx_word' id='word_1_258' title='bbox 281 2925 372 2964; x_wconf 89' lang='lat' dir='ltr'><strong>non</strong></span> <span class='ocrx_word' id='word_1_259' title='bbox 398 2927 452 2965; x_wconf 82' lang='lat' dir='ltr'><strong>es</strong></span> <span class='ocrx_word' id='word_1_260' title='bbox 474 2917 959 2995; x_wconf 82' lang='lat' dir='ltr'><strong>excommunicatus</strong></span> <span class='ocrx_word' id='word_1_261' title='bbox 978 2933 1007 2971; x_wconf 88' lang='lat' dir='ltr'><strong>a</strong></span> <span class='ocrx_word' id='word_1_262' title='bbox 1032 2922 1267 2977; x_wconf 89' lang='lat' dir='ltr'><strong>nobis.Si</strong></span> <span class='ocrx_word' id='word_1_263' title='bbox 1299 2935 1349 2978; x_wconf 92' lang='lat' dir='ltr'><strong>te</strong></span> <span class='ocrx_word' id='word_1_264' title='bbox 1372 2928 1580 2993; x_wconf 85' lang='lat' dir='ltr'><strong>misces,</strong></span> 
     </span>
    </p>
   </div>
   <div class='ocr_carea' id='block_1_33' title="bbox 106 3001 1584 3074">
    <p class='ocr_par' dir='ltr' id='par_1_33' title="bbox 106 3001 1584 3074">
     <span class='ocr_line' id='line_1_33' title="bbox 106 3001 1584 3074; baseline 0.019 -29"><span class='ocrx_word' id='word_1_265' title='bbox 106 3009 175 3045; x_wconf 85' lang='lat' dir='ltr'><strong>non</strong></span> <span class='ocrx_word' id='word_1_266' title='bbox 198 3012 219 3046; x_wconf 85' lang='lat' dir='ltr'><strong>a</strong></span> <span class='ocrx_word' id='word_1_267' title='bbox 243 3001 374 3053; x_wconf 90' lang='lat' dir='ltr'><strong>nobis</strong></span> <span class='ocrx_word' id='word_1_268' title='bbox 393 3043 407 3067; x_wconf 90' lang='lat'><strong>,</strong></span> <span class='ocrx_word' id='word_1_269' title='bbox 439 3003 530 3056; x_wconf 90' lang='lat' dir='ltr'><strong>sed</strong></span> <span class='ocrx_word' id='word_1_270' title='bbox 558 3018 590 3056; x_wconf 87' lang='lat' dir='ltr'><strong>a</strong></span> <span class='ocrx_word' id='word_1_271' title='bbox 620 3007 786 3074; x_wconf 91' lang='lat' dir='ltr'><strong>teipso</strong></span> <span class='ocrx_word' id='word_1_272' title='bbox 812 3015 1291 3069; x_wconf 80' lang='lat' dir='ltr'><strong>excommunicatus</strong></span> <span class='ocrx_word' id='word_1_273' title='bbox 1318 3032 1396 3071; x_wconf 89' lang='lat' dir='ltr'><strong>es.</strong></span> <span class='ocrx_word' id='word_1_274' title='bbox 1426 3020 1495 3072; x_wconf 87' lang='lat' dir='ltr'><strong>Ita</strong></span> <span class='ocrx_word' id='word_1_275' title='bbox 1529 3023 1584 3074; x_wconf 88' lang='lat' dir='ltr'><strong>lit</strong></span> 
     </span>
    </p>
   </div>
   <div class='ocr_carea' id='block_1_34' title="bbox 105 3087 1652 3166">
    <p class='ocr_par' dir='ltr' id='par_1_34' title="bbox 105 3087 1652 3166">
     <span class='ocr_line' id='line_1_34' title="bbox 105 3087 1652 3166; baseline 0.022 -32"><span class='ocrx_word' id='word_1_276' title='bbox 105 3087 192 3138; x_wconf 84' lang='lat' dir='ltr'><strong>utin</strong></span> <span class='ocrx_word' id='word_1_277' title='bbox 213 3099 422 3160; x_wconf 87' lang='lat' dir='ltr'><strong>utroque,</strong></span> <span class='ocrx_word' id='word_1_278' title='bbox 447 3096 562 3148; x_wconf 88' lang='lat' dir='ltr'><strong>sive</strong></span> <span class='ocrx_word' id='word_1_279' title='bbox 582 3096 846 3162; x_wconf 84' lang='lat' dir='ltr'><strong>discedas,</strong></span> <span class='ocrx_word' id='word_1_280' title='bbox 874 3115 975 3154; x_wconf 89' lang='lat' dir='ltr'><strong>non</strong></span> <span class='ocrx_word' id='word_1_281' title='bbox 1005 3103 1078 3155; x_wconf 85' lang='lat' dir='ltr'><strong>sis</strong></span> <span class='ocrx_word' id='word_1_282' title='bbox 1099 3110 1583 3166; x_wconf 80' lang='lat' dir='ltr'><strong>excommunicatus</strong></span> <span class='ocrx_word' id='word_1_283' title='bbox 1609 3097 1652 3158; x_wconf 64' lang='grc' dir='ltr'><strong>(ἶ</strong></span> 
     </span>
    </p>
   </div>
   <div class='ocr_carea' id='block_1_35' title="bbox 103 3180 1582 3258">
    <p class='ocr_par' dir='ltr' id='par_1_35' title="bbox 103 3180 1582 3258">
     <span class='ocr_line' id='line_1_35' title="bbox 103 3180 1582 3258; baseline 0.021 -31"><span class='ocrx_word' id='word_1_284' title='bbox 103 3193 121 3228; x_wconf 79' lang='grc' dir='ltr'><strong>ι</strong></span> <span class='ocrx_word' id='word_1_285' title='bbox 141 3180 274 3244; x_wconf 89' lang='lat' dir='ltr'><strong>nobis,</strong></span> <span class='ocrx_word' id='word_1_286' title='bbox 302 3185 400 3236; x_wconf 74' lang='lat' dir='ltr'><strong>site</strong></span> <span class='ocrx_word' id='word_1_287' title='bbox 429 3201 532 3239; x_wconf 91' lang='lat' dir='ltr'><strong>non</strong></span> <span class='ocrx_word' id='word_1_288' title='bbox 564 3187 828 3256; x_wconf 81' lang='lat' dir='ltr'><strong>discedas,</strong></span> <span class='ocrx_word' id='word_1_289' title='bbox 865 3207 965 3245; x_wconf 91' lang='lat' dir='ltr'><strong>non</strong></span> <span class='ocrx_word' id='word_1_290' title='bbox 996 3195 1068 3248; x_wconf 89' lang='lat' dir='ltr'><strong>sis</strong></span> <span class='ocrx_word' id='word_1_291' title='bbox 1096 3203 1582 3258; x_wconf 85' lang='lat' dir='ltr'><strong>excommunicatus</strong></span> 
     </span>
    </p>
   </div>
   <div class='ocr_carea' id='block_1_36' title="bbox 104 3270 1583 3366">
    <p class='ocr_par' dir='ltr' id='par_1_36' title="bbox 104 3270 1583 3366">
     <span class='ocr_line' id='line_1_36' title="bbox 104 3270 1583 3366; baseline 0.023 -50"><span class='ocrx_word' id='word_1_292' title='bbox 104 3270 267 3366; x_wconf 51' lang='lat' dir='ltr'><strong>anubia</strong></span> <span class='ocrx_word' id='word_1_293' title='bbox 294 3273 534 3332; x_wconf 73' lang='lat' dir='ltr'><strong>Catholici</strong></span> <span class='ocrx_word' id='word_1_294' title='bbox 579 3281 841 3348; x_wconf 87' lang='lat' dir='ltr'><strong>principes</strong></span> <span class='ocrx_word' id='word_1_295' title='bbox 864 3285 1076 3350; x_wconf 88' lang='lat' dir='ltr'><strong>quidem</strong></span> <span class='ocrx_word' id='word_1_296' title='bbox 1118 3304 1326 3359; x_wconf 88' lang='lat' dir='ltr'><strong>semper</strong></span> <span class='ocrx_word' id='word_1_297' title='bbox 1372 3307 1583 3366; x_wconf 82' lang='lat' dir='ltr'><strong>aposto-</strong></span> 
     </span>
    </p>
   </div>
   <div class='ocr_carea' id='block_1_37' title="bbox 104 3351 1585 3451">
    <p class='ocr_par' dir='ltr' id='par_1_37' title="bbox 104 3351 1585 3451">
     <span class='ocr_line' id='line_1_37' title="bbox 104 3351 1585 3451; baseline 0.022 -46"><span class='ocrx_word' id='word_1_298' title='bbox 104 3351 193 3408; x_wconf 74' lang='lat' dir='ltr'><strong>licos</strong></span> <span class='ocrx_word' id='word_1_299' title='bbox 216 3365 440 3425; x_wconf 59' lang='lat' dir='ltr'><strong>praesules</strong></span> <span class='ocrx_word' id='word_1_300' title='bbox 468 3367 739 3423; x_wconf 89' lang='lat' dir='ltr'><strong>institutos</strong></span> <span class='ocrx_word' id='word_1_301' title='bbox 767 3373 876 3424; x_wconf 83' lang='lat' dir='ltr'><strong>suis</strong></span> <span class='ocrx_word' id='word_1_302' title='bbox 904 3373 1091 3429; x_wconf 88' lang='lat' dir='ltr'><strong>litteris</strong></span> <span class='ocrx_word' id='word_1_303' title='bbox 1113 3393 1498 3451; x_wconf 64' lang='lat' dir='ltr'><strong>praevenerunt,</strong></span> <span class='ocrx_word' id='word_1_304' title='bbox 1530 3358 1585 3438; x_wconf 79' lang='lat' dir='ltr'><strong>et</strong></span> 
     </span>
    </p>
   </div>
   <div class='ocr_carea' id='block_1_38' title="bbox 104 3445 1581 3542">
    <p class='ocr_par' dir='ltr' id='par_1_38' title="bbox 104 3445 1581 3542">
     <span class='ocr_line' id='line_1_38' title="bbox 104 3445 1581 3542; baseline 0.023 -46"><span class='ocrx_word' id='word_1_305' title='bbox 104 3445 202 3500; x_wconf 78' lang='lat' dir='ltr'><strong>il‘am</strong></span> <span class='ocrx_word' id='word_1_306' title='bbox 235 3453 603 3511; x_wconf 73' lang='lat' dir='ltr'><strong>confessionem</strong></span> <span class='ocrx_word' id='word_1_307' title='bbox 645 3460 903 3530; x_wconf 81' lang='lat' dir='ltr'><strong>fidemque</strong></span> <span class='ocrx_word' id='word_1_308' title='bbox 951 3468 1294 3535; x_wconf 61' lang='lat' dir='ltr'><strong>praeipuam,</strong></span> <span class='ocrx_word' id='word_1_309' title='bbox 1335 3445 1581 3542; x_wconf 81' lang='lat' dir='ltr'><strong>tanquam</strong></span> 
     </span>
    </p>
   </div>
   <div class='ocr_carea' id='block_1_39' title="bbox 102 3536 1581 3624">
    <p class='ocr_par' dir='ltr' id='par_1_39' title="bbox 102 3536 1581 3624">
     <span class='ocr_line' id='line_1_39' title="bbox 102 3536 1581 3624; baseline 0.023 -39"><span class='ocrx_word' id='word_1_310' title='bbox 102 3536 185 3589; x_wconf 77' lang='lat' dir='ltr'><strong>boni</strong></span> <span class='ocrx_word' id='word_1_311' title='bbox 207 3541 298 3601; x_wconf 88' lang='lat' dir='ltr'><strong>lilii,</strong></span> <span class='ocrx_word' id='word_1_312' title='bbox 325 3549 644 3611; x_wconf 60' lang='lat' dir='ltr'><strong>quaesierunt</strong></span> <span class='ocrx_word' id='word_1_313' title='bbox 668 3550 859 3606; x_wconf 64' lang='lat' dir='ltr'><strong>debitae</strong></span> <span class='ocrx_word' id='word_1_314' title='bbox 891 3556 1100 3619; x_wconf 88' lang='lat' dir='ltr'><strong>pietatis</strong></span> <span class='ocrx_word' id='word_1_315' title='bbox 1126 3560 1335 3624; x_wconf 72' lang='lat' dir='ltr'><strong>affectu,</strong></span> <span class='ocrx_word' id='word_1_316' title='bbox 1366 3536 1454 3617; x_wconf 83' lang='lat' dir='ltr'><strong>cui</strong></span> <span class='ocrx_word' id='word_1_317' title='bbox 1483 3581 1581 3620; x_wconf 91' lang='lat' dir='ltr'><strong>no-</strong></span> 
     </span>
    </p>
   </div>
   <div class='ocr_carea' id='block_1_40' title="bbox 102 3628 1582 3710">
    <p class='ocr_par' dir='ltr' id='par_1_40' title="bbox 102 3628 1582 3710">
     <span class='ocr_line' id='line_1_40' title="bbox 102 3628 1582 3710; baseline 0.023 -35"><span class='ocrx_word' id='word_1_318' title='bbox 102 3628 173 3680; x_wconf 74' lang='lat' dir='ltr'><strong>scis</strong></span> <span class='ocrx_word' id='word_1_319' title='bbox 191 3631 324 3696; x_wconf 81' lang='lat' dir='ltr'><strong>ipsius</strong></span> <span class='ocrx_word' id='word_1_320' title='bbox 355 3636 557 3691; x_wconf 86' lang='lat' dir='ltr'><strong>Domini</strong></span> <span class='ocrx_word' id='word_1_321' title='bbox 589 3638 874 3696; x_wconf 88' lang='lat' dir='ltr'><strong>Salvatoris</strong></span> <span class='ocrx_word' id='word_1_322' title='bbox 903 3659 996 3697; x_wconf 87' lang='lat' dir='ltr'><strong>ore</strong></span> <span class='ocrx_word' id='word_1_323' title='bbox 1023 3661 1200 3701; x_wconf 89' lang='lat' dir='ltr'><strong>curam</strong></span> <span class='ocrx_word' id='word_1_324' title='bbox 1229 3654 1386 3704; x_wconf 89' lang='lat' dir='ltr'><strong>totius</strong></span> <span class='ocrx_word' id='word_1_325' title='bbox 1409 3653 1582 3710; x_wconf 77' lang='lat' dir='ltr'><strong>Eccle-</strong></span> 
     </span>
    </p>
   </div>
   <div class='ocr_carea' id='block_1_41' title="bbox 98 3717 1582 3810">
    <p class='ocr_par' dir='ltr' id='par_1_41' title="bbox 98 3717 1582 3810">
     <span class='ocr_line' id='line_1_41' title="bbox 98 3717 1582 3810; baseline 0.021 -45"><span class='ocrx_word' id='word_1_326' title='bbox 98 3717 163 3810; x_wconf 63' lang='lat' dir='ltr'><strong>sia</strong></span> <span class='ocrx_word' id='word_1_327' title='bbox 184 3719 460 3790; x_wconf 79' lang='lat' dir='ltr'><strong>delegatam.</strong></span> <span class='ocrx_word' id='word_1_328' title='bbox 483 3726 638 3791; x_wconf 87' lang='lat' dir='ltr'><strong>Quod</strong></span> <span class='ocrx_word' id='word_1_329' title='bbox 661 3731 777 3796; x_wconf 86' lang='lat' dir='ltr'><strong>quia</strong></span> <span class='ocrx_word' id='word_1_330' title='bbox 804 3746 896 3798; x_wconf 89' lang='lat' dir='ltr'><strong>per</strong></span> <span class='ocrx_word' id='word_1_331' title='bbox 915 3736 1224 3789; x_wconf 86' lang='lat' dir='ltr'><strong>occasiones</strong></span> <span class='ocrx_word' id='word_1_332' title='bbox 1247 3737 1467 3794; x_wconf 81' lang='lat' dir='ltr'><strong>fortasse</strong></span> <span class='ocrx_word' id='word_1_333' title='bbox 1491 3757 1582 3810; x_wconf 89' lang='lat' dir='ltr'><strong>pu-</strong></span> 
     </span>
    </p>
   </div>
   <div class='ocr_carea' id='block_1_42' title="bbox 99 3802 1580 3900">
    <p class='ocr_par' dir='ltr' id='par_1_42' title="bbox 99 3802 1580 3900">
     <span class='ocr_line' id='line_1_42' title="bbox 99 3802 1580 3900; baseline 0.024 -47"><span class='ocrx_word' id='word_1_334' title='bbox 99 3802 216 3859; x_wconf 82' lang='lat' dir='ltr'><strong>bliras</strong></span> <span class='ocrx_word' id='word_1_335' title='bbox 242 3821 311 3864; x_wconf 84' lang='lat' dir='ltr'><strong>tua</strong></span> <span class='ocrx_word' id='word_1_336' title='bbox 336 3818 566 3871; x_wconf 88' lang='lat' dir='ltr'><strong>creditur</strong></span> <span class='ocrx_word' id='word_1_337' title='bbox 596 3822 909 3884; x_wconf 76' lang='lat' dir='ltr'><strong>prmteriisse</strong></span> <span class='ocrx_word' id='word_1_338' title='bbox 931 3827 1300 3894; x_wconf 83' lang='lat' dir='ltr'><strong>tranquillitas.</strong></span> <span class='ocrx_word' id='word_1_339' title='bbox 1330 3848 1394 3885; x_wconf 91' lang='lat' dir='ltr'><strong>ne</strong></span> <span class='ocrx_word' id='word_1_340' title='bbox 1417 3836 1580 3900; x_wconf 77' lang='lat' dir='ltr'><strong>magis</strong></span> 
     </span>
    </p>
   </div>
   <div class='ocr_carea' id='block_1_43' title="bbox 99 3893 1581 3993">
    <p class='ocr_par' dir='ltr' id='par_1_43' title="bbox 99 3893 1581 3993">
     <span class='ocr_line' id='line_1_43' title="bbox 99 3893 1581 3993; baseline 0.023 -49"><span class='ocrx_word' id='word_1_341' title='bbox 99 3893 290 3952; x_wconf 69' lang='lat' dir='ltr'><strong>honorem</strong></span> <span class='ocrx_word' id='word_1_342' title='bbox 313 3917 475 3959; x_wconf 87' lang='lat' dir='ltr'><strong>meum</strong></span> <span class='ocrx_word' id='word_1_343' title='bbox 509 3924 671 3975; x_wconf 84' lang='lat' dir='ltr'><strong>quam</strong></span> <span class='ocrx_word' id='word_1_344' title='bbox 699 3912 1101 3968; x_wconf 85' lang='lat' dir='ltr'><strong>sollicitudinem</strong></span> <span class='ocrx_word' id='word_1_345' title='bbox 1131 3918 1378 3974; x_wconf 86' lang='lat' dir='ltr'><strong>dominici</strong></span> <span class='ocrx_word' id='word_1_346' title='bbox 1406 3925 1581 3993; x_wconf 87' lang='lat' dir='ltr'><strong>gregis</strong></span> 
     </span>
    </p>
   </div>
   <div class='ocr_carea' id='block_1_44' title="bbox 96 3994 1580 4078">
    <p class='ocr_par' dir='ltr' id='par_1_44' title="bbox 96 3994 1580 4078">
     <span class='ocr_line' id='line_1_44' title="bbox 96 3994 1580 4078; baseline 0.02 -40"><span class='ocrx_word' id='word_1_347' title='bbox 96 3997 286 4050; x_wconf 63' lang='lat' dir='ltr'><strong>aptetere</strong></span> <span class='ocrx_word' id='word_1_348' title='bbox 329 3994 620 4063; x_wconf 82' lang='lat' dir='ltr'><strong>judicaret,</strong></span> <span class='ocrx_word' id='word_1_349' title='bbox 683 4002 948 4069; x_wconf 87' lang='lat' dir='ltr'><strong>appellare</strong></span> <span class='ocrx_word' id='word_1_350' title='bbox 993 4020 1096 4058; x_wconf 92' lang='lat' dir='ltr'><strong>non</strong></span> <span class='ocrx_word' id='word_1_351' title='bbox 1127 4009 1307 4078; x_wconf 85' lang='lat' dir='ltr'><strong>destiti</strong></span> <span class='ocrx_word' id='word_1_352' title='bbox 1357 4014 1490 4066; x_wconf 90' lang='lat' dir='ltr'><strong>meis</strong></span> <span class='ocrx_word' id='word_1_353' title='bbox 1532 4025 1580 4069; x_wconf 86' lang='lat' dir='ltr'><strong>te</strong></span> 
     </span>
    </p>
   </div>
   <div class='ocr_carea' id='block_1_45' title="bbox 95 4084 526 4153">
    <p class='ocr_par' dir='ltr' id='par_1_45' title="bbox 95 4084 526 4153">
     <span class='ocr_line' id='line_1_45' title="bbox 95 4084 526 4153; baseline 0.016 -22"><span class='ocrx_word' id='word_1_354' title='bbox 95 4085 234 4138; x_wconf 75' lang='grc' dir='ltr'>ιροηιε</span> <span class='ocrx_word' id='word_1_355' title='bbox 251 4084 526 4153; x_wconf 72' lang='lat' dir='ltr'><strong>cttlloquiis.</strong></span> 
     </span>
    </p>
   </div>
   <div class='ocr_carea' id='block_1_46' title="bbox 146 4164 1577 4247">
    <p class='ocr_par' dir='ltr' id='par_1_46' title="bbox 146 4164 1577 4247">
     <span class='ocr_line' id='line_1_46' title="bbox 146 4164 1577 4247; baseline 0.022 -34"><span class='ocrx_word' id='word_1_356' title='bbox 146 4164 375 4234; x_wconf 76' lang='lat' dir='ltr'><strong>Vulgatum</strong></span> <span class='ocrx_word' id='word_1_357' title='bbox 418 4175 584 4229; x_wconf 76' lang='lat' dir='ltr'><strong>fuiSse</strong></span> <span class='ocrx_word' id='word_1_358' title='bbox 619 4175 882 4244; x_wconf 80' lang='lat' dir='ltr'><strong>designas,</strong></span> <span class='ocrx_word' id='word_1_359' title='bbox 923 4182 1061 4247; x_wconf 87' lang='lat' dir='ltr'><strong>quod</strong></span> <span class='ocrx_word' id='word_1_360' title='bbox 1093 4192 1176 4236; x_wconf 81' lang='lat' dir='ltr'><strong>tui</strong></span> <span class='ocrx_word' id='word_1_361' title='bbox 1211 4189 1468 4242; x_wconf 82' lang='lat' dir='ltr'><strong>serenitas</strong></span> <span class='ocrx_word' id='word_1_362' title='bbox 1497 4192 1577 4244; x_wconf 91' lang='lat' dir='ltr'><strong>di-</strong></span> 
     </span>
    </p>
   </div>
   <div class='ocr_carea' id='block_1_47' title="bbox 94 4260 1574 4341">
    <p class='ocr_par' dir='ltr' id='par_1_47' title="bbox 94 4260 1574 4341">
     <span class='ocr_line' id='line_1_47' title="bbox 94 4260 1574 4341; baseline 0.023 -40"><span class='ocrx_word' id='word_1_363' title='bbox 94 4263 191 4305; x_wconf 64' lang='lat' dir='ltr'><strong>recta</strong></span> <span class='ocrx_word' id='word_1_364' title='bbox 218 4260 405 4313; x_wconf 88' lang='lat' dir='ltr'><strong>militari</strong></span> <span class='ocrx_word' id='word_1_365' title='bbox 435 4279 596 4317; x_wconf 90' lang='lat' dir='ltr'><strong>manu</strong></span> <span class='ocrx_word' id='word_1_366' title='bbox 655 4270 991 4334; x_wconf 85' lang='lat' dir='ltr'><strong>compelleret</strong></span> <span class='ocrx_word' id='word_1_367' title='bbox 1021 4287 1112 4324; x_wconf 77' lang='lat' dir='ltr'><strong>eos</strong></span> <span class='ocrx_word' id='word_1_368' title='bbox 1141 4275 1225 4341; x_wconf 92' lang='lat' dir='ltr'><strong>qui</strong></span> <span class='ocrx_word' id='word_1_369' title='bbox 1252 4290 1310 4329; x_wconf 90' lang='lat' dir='ltr'><strong>se</strong></span> <span class='ocrx_word' id='word_1_370' title='bbox 1335 4292 1362 4329; x_wconf 91' lang='lat' dir='ltr'><strong>a</strong></span> <span class='ocrx_word' id='word_1_371' title='bbox 1390 4290 1574 4335; x_wconf 85' lang='lat' dir='ltr'><strong>conta-</strong></span> 
     </span>
    </p>
   </div>
   <div class='ocr_carea' id='block_1_48' title="bbox 91 4344 1576 4426">
    <p class='ocr_par' dir='ltr' id='par_1_48' title="bbox 91 4344 1576 4426">
     <span class='ocr_line' id='line_1_48' title="bbox 91 4344 1576 4426; baseline 0.025 -39"><span class='ocrx_word' id='word_1_372' title='bbox 91 4344 202 4404; x_wconf 79' lang='lat' dir='ltr'><strong>gione</strong></span> <span class='ocrx_word' id='word_1_373' title='bbox 224 4349 521 4413; x_wconf 83' lang='lat' dir='ltr'><strong>perfidorum</strong></span> <span class='ocrx_word' id='word_1_374' title='bbox 556 4357 742 4409; x_wconf 87' lang='lat' dir='ltr'><strong>multis</strong></span> <span class='ocrx_word' id='word_1_375' title='bbox 780 4360 1102 4426; x_wconf 83' lang='lat' dir='ltr'><strong>temporibus</strong></span> <span class='ocrx_word' id='word_1_376' title='bbox 1133 4364 1401 4421; x_wconf 84' lang='lat' dir='ltr'><strong>abstinere</strong></span> <span class='ocrx_word' id='word_1_377' title='bbox 1429 4368 1576 4424; x_wconf 88' lang='lat' dir='ltr'><strong>dele-</strong></span> 
     </span>
    </p>
   </div>
   <div class='ocr_carea' id='block_1_49' title="bbox 89 4432 1653 4514">
    <p class='ocr_par' dir='ltr' id='par_1_49' title="bbox 89 4432 1653 4514">
     <span class='ocr_line' id='line_1_49' title="bbox 89 4432 1653 4514; baseline 0.021 -32"><span class='ocrx_word' id='word_1_378' title='bbox 89 4432 230 4496; x_wconf 73' lang='lat' dir='ltr'><strong>tcriut,</strong></span> <span class='ocrx_word' id='word_1_379' title='bbox 274 4439 314 4490; x_wconf 88' lang='lat' dir='ltr'><strong>vi</strong></span> <span class='ocrx_word' id='word_1_380' title='bbox 362 4450 414 4494; x_wconf 90' lang='lat' dir='ltr'><strong>et</strong></span> <span class='ocrx_word' id='word_1_381' title='bbox 457 4446 628 4496; x_wconf 85' lang='lat' dir='ltr'><strong>armis</strong></span> <span class='ocrx_word' id='word_1_382' title='bbox 677 4445 726 4498; x_wconf 92' lang='lat' dir='ltr'><strong>in</strong></span> <span class='ocrx_word' id='word_1_383' title='bbox 783 4452 1138 4514; x_wconf 70' lang='lat' dir='ltr'><strong>pratvaricataa</strong></span> <span class='ocrx_word' id='word_1_384' title='bbox 1187 4460 1575 4513; x_wconf 87' lang='lat' dir='ltr'><strong>communionis</strong></span> <span class='ocrx_word' id='word_1_385' title='bbox 1604 4435 1653 4492; x_wconf 81' lang='lat' dir='ltr'><strong>D</strong></span> 
     </span>
    </p>
   </div>
   <div class='ocr_carea' id='block_1_50' title="bbox 89 4531 1573 4608">
    <p class='ocr_par' dir='ltr' id='par_1_50' title="bbox 89 4531 1573 4608">
     <span class='ocr_line' id='line_1_50' title="bbox 89 4531 1573 4608; baseline 0.022 -35"><span class='ocrx_word' id='word_1_386' title='bbox 89 4531 291 4582; x_wconf 77' lang='lat' dir='ltr'><strong>mnsortia</strong></span> <span class='ocrx_word' id='word_1_387' title='bbox 334 4533 668 4590; x_wconf 79' lang='lat' dir='ltr'><strong>detestanda.</strong></span> <span class='ocrx_word' id='word_1_388' title='bbox 720 4539 814 4594; x_wconf 88' lang='lat' dir='ltr'><strong>Ubi</strong></span> <span class='ocrx_word' id='word_1_389' title='bbox 868 4552 953 4608; x_wconf 91' lang='lat' dir='ltr'><strong>te,</strong></span> <span class='ocrx_word' id='word_1_390' title='bbox 1001 4560 1175 4600; x_wconf 89' lang='lat' dir='ltr'><strong>rerum</strong></span> <span class='ocrx_word' id='word_1_391' title='bbox 1229 4549 1573 4605; x_wconf 86' lang='lat' dir='ltr'><strong>humanarum</strong></span> 
     </span>
    </p>
   </div>
   <div class='ocr_carea' id='block_1_51' title="bbox 89 4612 1573 4700">
    <p class='ocr_par' dir='ltr' id='par_1_51' title="bbox 89 4612 1573 4700">
     <span class='ocr_line' id='line_1_51' title="bbox 89 4612 1573 4700; baseline 0.016 -26"><span class='ocrx_word' id='word_1_392' title='bbox 89 4612 291 4684; x_wconf 75' lang='lat' dir='ltr'><strong>P&#39;iuceps,</strong></span> <span class='ocrx_word' id='word_1_393' title='bbox 312 4625 695 4692; x_wconf 84' lang='lat' dir='ltr'><strong>qualiscunque</strong></span> <span class='ocrx_word' id='word_1_394' title='bbox 717 4631 856 4683; x_wconf 85' lang='lat' dir='ltr'><strong>sedis</strong></span> <span class='ocrx_word' id='word_1_395' title='bbox 879 4636 1177 4700; x_wconf 64' lang='lat' dir='ltr'><strong>apostolicae</strong></span> <span class='ocrx_word' id='word_1_396' title='bbox 1205 4639 1427 4694; x_wconf 80' lang='lat' dir='ltr'><strong>vicarius</strong></span> <span class='ocrx_word' id='word_1_397' title='bbox 1448 4657 1573 4698; x_wconf 81' lang='lat' dir='ltr'><strong>con-</strong></span> 
     </span>
    </p>
   </div>
   <div class='ocr_carea' id='block_1_52' title="bbox 87 4708 1573 4790">
    <p class='ocr_par' dir='ltr' id='par_1_52' title="bbox 87 4708 1573 4790">
     <span class='ocr_line' id='line_1_52' title="bbox 87 4708 1573 4790; baseline 0.026 -39"><span class='ocrx_word' id='word_1_398' title='bbox 87 4708 220 4759; x_wconf 77' lang='lat' dir='ltr'><strong>Ietzari</strong></span> <span class='ocrx_word' id='word_1_399' title='bbox 245 4725 346 4766; x_wconf 85' lang='lat' dir='ltr'><strong>mea</strong></span> <span class='ocrx_word' id='word_1_400' title='bbox 371 4731 496 4770; x_wconf 74' lang='lat' dir='ltr'><strong>voce</strong></span> <span class='ocrx_word' id='word_1_401' title='bbox 535 4734 646 4771; x_wconf 88' lang='lat' dir='ltr'><strong>non</strong></span> <span class='ocrx_word' id='word_1_402' title='bbox 674 4721 877 4788; x_wconf 85' lang='lat' dir='ltr'><strong>desino,</strong></span> <span class='ocrx_word' id='word_1_403' title='bbox 906 4734 961 4776; x_wconf 91' lang='lat' dir='ltr'><strong>ut</strong></span> <span class='ocrx_word' id='word_1_404' title='bbox 991 4736 1040 4778; x_wconf 91' lang='lat' dir='ltr'><strong>te</strong></span> <span class='ocrx_word' id='word_1_405' title='bbox 1070 4730 1372 4784; x_wconf 76' lang='lat' dir='ltr'><strong>memineris</strong></span> <span class='ocrx_word' id='word_1_406' title='bbox 1403 4733 1573 4790; x_wconf 91' lang='lat' dir='ltr'><strong>homi-</strong></span> 
     </span>
    </p>
   </div>
   <div class='ocr_carea' id='block_1_53' title="bbox 87 4805 1577 4887">
    <p class='ocr_par' dir='ltr' id='par_1_53' title="bbox 87 4805 1577 4887">
     <span class='ocr_line' id='line_1_53' title="bbox 87 4805 1577 4887; baseline 0.023 -42"><span class='ocrx_word' id='word_1_407' title='bbox 87 4805 172 4849; x_wconf 78' lang='lat' dir='ltr'><strong>nem</strong></span> <span class='ocrx_word' id='word_1_408' title='bbox 200 4807 500 4868; x_wconf 82' lang='lat' dir='ltr'><strong>quantalibet</strong></span> <span class='ocrx_word' id='word_1_409' title='bbox 540 4810 624 4863; x_wconf 88' lang='lat' dir='ltr'><strong>sis</strong></span> <span class='ocrx_word' id='word_1_410' title='bbox 651 4812 831 4865; x_wconf 91' lang='lat' dir='ltr'><strong>mundi</strong></span> <span class='ocrx_word' id='word_1_411' title='bbox 871 4823 1131 4880; x_wconf 86' lang='lat' dir='ltr'><strong>potestate</strong></span> <span class='ocrx_word' id='word_1_412' title='bbox 1166 4822 1442 4887; x_wconf 77' lang='lat' dir='ltr'><strong>subnixus,</strong></span> <span class='ocrx_word' id='word_1_413' title='bbox 1476 4830 1577 4880; x_wconf 83' lang='lat' dir='ltr'><strong>eir-</strong></span> 
     </span>
    </p>
   </div>
   <div class='ocr_carea' id='block_1_54' title="bbox 85 4892 1572 4980">
    <p class='ocr_par' dir='ltr' id='par_1_54' title="bbox 85 4892 1572 4980">
     <span class='ocr_line' id='line_1_54' title="bbox 85 4892 1572 4980; baseline 0.024 -44"><span class='ocrx_word' id='word_1_414' title='bbox 85 4892 433 4980; x_wconf 67' lang='lat' dir='ltr'><strong>csuispiciasque</strong></span> <span class='ocrx_word' id='word_1_415' title='bbox 461 4910 712 4966; x_wconf 88' lang='lat' dir='ltr'><strong>cunctos,</strong></span> <span class='ocrx_word' id='word_1_416' title='bbox 744 4905 830 4971; x_wconf 89' lang='lat' dir='ltr'><strong>qui</strong></span> <span class='ocrx_word' id='word_1_417' title='bbox 856 4904 924 4959; x_wconf 87' lang='lat' dir='ltr'><strong>ab</strong></span> <span class='ocrx_word' id='word_1_418' title='bbox 953 4907 1101 4962; x_wconf 90' lang='lat' dir='ltr'><strong>initio</strong></span> <span class='ocrx_word' id='word_1_419' title='bbox 1129 4910 1388 4980; x_wconf 77' lang='lat' dir='ltr'><strong>dogmatis</strong></span> <span class='ocrx_word' id='word_1_420' title='bbox 1417 4916 1572 4970; x_wconf 88' lang='lat' dir='ltr'><strong>Chri-</strong></span> 
     </span>
    </p>
   </div>
   <div class='ocr_carea' id='block_1_55' title="bbox 85 4973 1571 5077">
    <p class='ocr_par' dir='ltr' id='par_1_55' title="bbox 85 4973 1571 5077">
     <span class='ocr_line' id='line_1_55' title="bbox 85 4973 1571 5077; baseline 0.024 -51"><span class='ocrx_word' id='word_1_421' title='bbox 85 4973 514 5077; x_wconf 53' lang='lat' dir='ltr'><strong>tlianicatbolicatn</strong></span> <span class='ocrx_word' id='word_1_422' title='bbox 563 4989 724 5044; x_wconf 84' lang='lat' dir='ltr'><strong>ﬁdem</strong></span> <span class='ocrx_word' id='word_1_423' title='bbox 764 4993 972 5049; x_wconf 85' lang='lat' dir='ltr'><strong>diverso</strong></span> <span class='ocrx_word' id='word_1_424' title='bbox 1024 4973 1291 5066; x_wconf 67' lang='lat' dir='ltr'><strong>proposito</strong></span> <span class='ocrx_word' id='word_1_425' title='bbox 1331 5010 1571 5077; x_wconf 88' lang='lat' dir='ltr'><strong>persequi</strong></span> 
     </span>
    </p>
   </div>
   <div class='ocr_carea' id='block_1_56' title="bbox 84 5062 1574 5163">
    <p class='ocr_par' dir='ltr' id='par_1_56' title="bbox 84 5062 1574 5163">
     <span class='ocr_line' id='line_1_56' title="bbox 84 5062 1574 5163; baseline 0.026 -50"><span class='ocrx_word' id='word_1_426' title='bbox 84 5062 141 5158; x_wconf 56' lang='lat' dir='ltr'><strong>rel</strong></span> <span class='ocrx_word' id='word_1_427' title='bbox 167 5068 364 5140; x_wconf 82' lang='lat' dir='ltr'><strong>affligere</strong></span> <span class='ocrx_word' id='word_1_428' title='bbox 401 5089 521 5132; x_wconf 89' lang='lat' dir='ltr'><strong>sunt</strong></span> <span class='ocrx_word' id='word_1_429' title='bbox 563 5081 768 5142; x_wconf 87' lang='lat' dir='ltr'><strong>conati,</strong></span> <span class='ocrx_word' id='word_1_430' title='bbox 805 5062 1246 5151; x_wconf 77' lang='lat' dir='ltr'><strong>quemadmodum</strong></span> <span class='ocrx_word' id='word_1_431' title='bbox 1291 5062 1574 5163; x_wconf 65' lang='lat' dir='ltr'><strong>(vastitatis</strong></span> 
     </span>
    </p>
   </div>
   <div class='ocr_carea' id='block_1_57' title="bbox 87 5161 1571 5254">
    <p class='ocr_par' dir='ltr' id='par_1_57' title="bbox 87 5161 1571 5254">
     <span class='ocr_line' id='line_1_57' title="bbox 87 5161 1571 5254; baseline 0.025 -51"><span class='ocrx_word' id='word_1_432' title='bbox 87 5161 382 5223; x_wconf 75' lang='lat' dir='ltr'><strong>tusectatione.</strong></span> <span class='ocrx_word' id='word_1_433' title='bbox 424 5168 578 5235; x_wconf 89' lang='lat' dir='ltr'><strong>cujus</strong></span> <span class='ocrx_word' id='word_1_434' title='bbox 619 5170 819 5236; x_wconf 88' lang='lat' dir='ltr'><strong>placuit</strong></span> <span class='ocrx_word' id='word_1_435' title='bbox 854 5176 1184 5230; x_wconf 89' lang='lat' dir='ltr'><strong>contritionis</strong></span> <span class='ocrx_word' id='word_1_436' title='bbox 1230 5161 1406 5252; x_wconf 61' lang='lat' dir='ltr'><strong>illatae)</strong></span> <span class='ocrx_word' id='word_1_437' title='bbox 1453 5187 1571 5254; x_wconf 85' lang='lat' dir='ltr'><strong>ipsi,</strong></span> 
     </span>
    </p>
   </div>
   <div class='ocr_carea' id='block_1_58' title="bbox 85 5243 1572 5335">
    <p class='ocr_par' dir='ltr' id='par_1_58' title="bbox 85 5243 1572 5335">
     <span class='ocr_line' id='line_1_58' title="bbox 85 5243 1572 5335; baseline 0.024 -42"><span class='ocrx_word' id='word_1_438' title='bbox 85 5243 143 5335; x_wconf 50' lang='lat' dir='ltr'><strong>qui</strong></span> <span class='ocrx_word' id='word_1_439' title='bbox 165 5244 401 5308; x_wconf 72' lang='lat' dir='ltr'><strong>intulerint</strong></span> <span class='ocrx_word' id='word_1_440' title='bbox 439 5255 540 5311; x_wconf 77' lang='lat' dir='ltr'><strong>ista</strong></span> <span class='ocrx_word' id='word_1_441' title='bbox 575 5260 931 5325; x_wconf 61' lang='lat' dir='ltr'><strong>prevalendo.</strong></span> <span class='ocrx_word' id='word_1_442' title='bbox 966 5264 1276 5335; x_wconf 87' lang='lat' dir='ltr'><strong>defecerint,</strong></span> <span class='ocrx_word' id='word_1_443' title='bbox 1309 5283 1359 5326; x_wconf 92' lang='lat' dir='ltr'><strong>et</strong></span> <span class='ocrx_word' id='word_1_444' title='bbox 1387 5243 1572 5328; x_wconf 52' lang='lat' dir='ltr'><strong>ortlto:</strong></span> 
     </span>
    </p>
   </div>
   <div class='ocr_carea' id='block_1_59' title="bbox 85 5325 1573 5429">
    <p class='ocr_par' dir='ltr' id='par_1_59' title="bbox 85 5325 1573 5429">
     <span class='ocr_line' id='line_1_59' title="bbox 85 5325 1573 5429; baseline 0.027 -50"><span class='ocrx_word' id='word_1_445' title='bbox 85 5325 178 5383; x_wconf 75' lang='lat' dir='ltr'><strong>dot:</strong></span> <span class='ocrx_word' id='word_1_446' title='bbox 199 5341 374 5395; x_wconf 75' lang='lat' dir='ltr'><strong>veritas</strong></span> <span class='ocrx_word' id='word_1_447' title='bbox 404 5345 501 5399; x_wconf 90' lang='lat' dir='ltr'><strong>ltne</strong></span> <span class='ocrx_word' id='word_1_448' title='bbox 549 5349 888 5416; x_wconf 67' lang='lat' dir='ltr'><strong>praevaluerit</strong></span> <span class='ocrx_word' id='word_1_449' title='bbox 926 5357 1119 5424; x_wconf 83' lang='lat' dir='ltr'><strong>magis,</strong></span> <span class='ocrx_word' id='word_1_450' title='bbox 1163 5374 1266 5426; x_wconf 87' lang='lat' dir='ltr'><strong>quo</strong></span> <span class='ocrx_word' id='word_1_451' title='bbox 1303 5373 1573 5429; x_wconf 89' lang='lat' dir='ltr'><strong>putaretur</strong></span> 
     </span>
    </p>
   </div>
   <div class='ocr_carea' id='block_1_60' title="bbox 84 5430 1574 5510">
    <p class='ocr_par' dir='ltr' id='par_1_60' title="bbox 84 5430 1574 5510">
     <span class='ocr_line' id='line_1_60' title="bbox 84 5430 1574 5510; baseline 0.019 -29"><span class='ocrx_word' id='word_1_452' title='bbox 84 5430 271 5486; x_wconf 61' lang='lat' dir='ltr'><strong>°ftpressa</strong></span> <span class='ocrx_word' id='word_1_453' title='bbox 300 5449 312 5482; x_wconf 89' lang='lat'><strong>:</strong></span> <span class='ocrx_word' id='word_1_454' title='bbox 342 5451 456 5498; x_wconf 76' lang='lat' dir='ltr'><strong>qua:</strong></span> <span class='ocrx_word' id='word_1_455' title='bbox 476 5438 618 5492; x_wconf 83' lang='lat' dir='ltr'><strong>sicut</strong></span> <span class='ocrx_word' id='word_1_456' title='bbox 644 5440 743 5492; x_wconf 90' lang='lat' dir='ltr'><strong>sub</strong></span> <span class='ocrx_word' id='word_1_457' title='bbox 771 5441 1173 5501; x_wconf 87' lang='lat' dir='ltr'><strong>insectatoribus</strong></span> <span class='ocrx_word' id='word_1_458' title='bbox 1201 5451 1313 5504; x_wconf 92' lang='lat' dir='ltr'><strong>suis</strong></span> <span class='ocrx_word' id='word_1_459' title='bbox 1343 5456 1574 5510; x_wconf 85' lang='lat' dir='ltr'><strong>crevisse</strong></span> 
     </span>
    </p>
   </div>
   <div class='ocr_carea' id='block_1_61' title="bbox 87 5517 1569 5608">
    <p class='ocr_par' dir='ltr' id='par_1_61' title="bbox 87 5517 1569 5608">
     <span class='ocr_line' id='line_1_61' title="bbox 87 5517 1569 5608; baseline 0.022 -43"><span class='ocrx_word' id='word_1_460' title='bbox 87 5517 357 5608; x_wconf 40' lang='lat' dir='ltr'><strong>saturatur,</strong></span> <span class='ocrx_word' id='word_1_461' title='bbox 399 5525 477 5578; x_wconf 88' lang='lat' dir='ltr'><strong>sic</strong></span> <span class='ocrx_word' id='word_1_462' title='bbox 515 5527 805 5584; x_wconf 66' lang='lat' dir='ltr'><strong>obtricisse</strong></span> <span class='ocrx_word' id='word_1_463' title='bbox 833 5536 1170 5600; x_wconf 82' lang='lat' dir='ltr'><strong>cognoscitur</strong></span> <span class='ocrx_word' id='word_1_464' title='bbox 1213 5539 1569 5608; x_wconf 70' lang='lat' dir='ltr'><strong>insequentes.</strong></span> 
     </span>
    </p>
   </div>
   <div class='ocr_carea' id='block_1_62' title="bbox 85 5593 1581 5702">
    <p class='ocr_par' dir='ltr' id='par_1_62' title="bbox 85 5593 1581 5702">
     <span class='ocr_line' id='line_1_62' title="bbox 85 5593 1581 5702; baseline 0.023 -47"><span class='ocrx_word' id='word_1_465' title='bbox 85 5593 199 5656; x_wconf 64' lang='grc' dir='ltr'><strong>Βίων</strong></span> <span class='ocrx_word' id='word_1_466' title='bbox 225 5607 263 5661; x_wconf 84' lang='lat' dir='ltr'><strong>si</strong></span> <span class='ocrx_word' id='word_1_467' title='bbox 299 5626 392 5666; x_wconf 90' lang='lat' dir='ltr'><strong>non</strong></span> <span class='ocrx_word' id='word_1_468' title='bbox 418 5614 681 5674; x_wconf 88' lang='lat' dir='ltr'><strong>humanus</strong></span> <span class='ocrx_word' id='word_1_469' title='bbox 711 5635 903 5677; x_wconf 86' lang='lat' dir='ltr'><strong>sensus</strong></span> <span class='ocrx_word' id='word_1_470' title='bbox 930 5626 1172 5693; x_wconf 81' lang='lat' dir='ltr'><strong>intendit,</strong></span> <span class='ocrx_word' id='word_1_471' title='bbox 1199 5632 1459 5701; x_wconf 68' lang='lat' dir='ltr'><strong>praecipue</strong></span> <span class='ocrx_word' id='word_1_472' title='bbox 1487 5636 1581 5702; x_wconf 85' lang='lat' dir='ltr'><strong>qui</strong></span> 
     </span>
    </p>
   </div>
   <div class='ocr_carea' id='block_1_63' title="bbox 1681 507 3236 576">
    <p class='ocr_par' dir='ltr' id='par_1_63' title="bbox 1681 507 3236 576">
     <span class='ocr_line' id='line_1_63' title="bbox 1681 507 3236 576; baseline 0.008 -17"><span class='ocrx_word' id='word_1_473' title='bbox 1681 507 1839 560; x_wconf 90' lang='lat' dir='ltr'><strong>dubio</strong></span> <span class='ocrx_word' id='word_1_474' title='bbox 1859 509 2234 574; x_wconf 83' lang='lat' dir='ltr'><strong>deputandum,</strong></span> <span class='ocrx_word' id='word_1_475' title='bbox 2266 511 2352 576; x_wconf 89' lang='lat' dir='ltr'><strong>qtti</strong></span> <span class='ocrx_word' id='word_1_476' title='bbox 2377 522 2568 566; x_wconf 87' lang='lat' dir='ltr'><strong>rectam</strong></span> <span class='ocrx_word' id='word_1_477' title='bbox 2594 514 2976 570; x_wconf 84' lang='lat' dir='ltr'><strong>confessionem</strong></span> <span class='ocrx_word' id='word_1_478' title='bbox 3008 531 3236 572; x_wconf 85' lang='lat' dir='ltr'><strong>commu-</strong></span> 
     </span>
    </p>
   </div>
   <div class='ocr_carea' id='block_1_64' title="bbox 1682 596 3236 673">
    <p class='ocr_par' dir='ltr' id='par_1_64' title="bbox 1682 596 3236 673">
     <span class='ocr_line' id='line_1_64' title="bbox 1682 596 3236 673; baseline 0.007 -25"><span class='ocrx_word' id='word_1_479' title='bbox 1682 596 1999 664; x_wconf 87' lang='lat' dir='ltr'><strong>nionemque</strong></span> <span class='ocrx_word' id='word_1_480' title='bbox 2032 596 2383 650; x_wconf 88' lang='lat' dir='ltr'><strong>Christianam</strong></span> <span class='ocrx_word' id='word_1_481' title='bbox 2412 601 2571 652; x_wconf 89' lang='lat' dir='ltr'><strong>variis</strong></span> <span class='ocrx_word' id='word_1_482' title='bbox 2591 604 3049 669; x_wconf 86' lang='lat' dir='ltr'><strong>superstitionibus</strong></span> <span class='ocrx_word' id='word_1_483' title='bbox 3071 605 3236 673; x_wconf 87' lang='lat' dir='ltr'><strong>impu-</strong></span> 
     </span>
    </p>
   </div>
   <div class='ocr_carea' id='block_1_65' title="bbox 1681 685 3238 762">
    <p class='ocr_par' dir='ltr' id='par_1_65' title="bbox 1681 685 3238 762">
     <span class='ocr_line' id='line_1_65' title="bbox 1681 685 3238 762; baseline 0.006 -26"><span class='ocrx_word' id='word_1_484' title='bbox 1681 699 1843 752; x_wconf 87' lang='lat' dir='ltr'><strong>gnare</strong></span> <span class='ocrx_word' id='word_1_485' title='bbox 1873 693 1996 738; x_wconf 90' lang='lat' dir='ltr'><strong>sunt</strong></span> <span class='ocrx_word' id='word_1_486' title='bbox 2026 685 2121 738; x_wconf 72' lang='grc' dir='ltr'><strong>ιιί,ἰ</strong></span> <span class='ocrx_word' id='word_1_487' title='bbox 2142 726 2157 748; x_wconf 84' lang='grc'><em>,</em></span> <span class='ocrx_word' id='word_1_488' title='bbox 2195 686 2318 739; x_wconf 90' lang='lat' dir='ltr'><strong>dum</strong></span> <span class='ocrx_word' id='word_1_489' title='bbox 2355 686 2490 740; x_wconf 88' lang='lat' dir='ltr'><strong>hanc</strong></span> <span class='ocrx_word' id='word_1_490' title='bbox 2525 699 2578 741; x_wconf 91' lang='lat' dir='ltr'><strong>et</strong></span> <span class='ocrx_word' id='word_1_491' title='bbox 2614 689 2711 757; x_wconf 87' lang='lat' dir='ltr'><strong>ipsi</strong></span> <span class='ocrx_word' id='word_1_492' title='bbox 2740 707 3050 762; x_wconf 89' lang='lat' dir='ltr'><strong>quocunque</strong></span> <span class='ocrx_word' id='word_1_493' title='bbox 3078 693 3238 747; x_wconf 82' lang='lat' dir='ltr'><strong>modo</strong></span> 
     </span>
    </p>
   </div>
   <div class='ocr_carea' id='block_1_66' title="bbox 1684 775 3236 848">
    <p class='ocr_par' dir='ltr' id='par_1_66' title="bbox 1684 775 3236 848">
     <span class='ocr_line' id='line_1_66' title="bbox 1684 775 3236 848; baseline 0.005 -22"><span class='ocrx_word' id='word_1_494' title='bbox 1684 775 1974 841; x_wconf 88' lang='lat' dir='ltr'><strong>percellere</strong></span> <span class='ocrx_word' id='word_1_495' title='bbox 2006 776 2311 830; x_wconf 91' lang='lat' dir='ltr'><strong>moliuntur.</strong></span> <span class='ocrx_word' id='word_1_496' title='bbox 2335 777 2468 844; x_wconf 86' lang='lat' dir='ltr'><strong>Quid</strong></span> <span class='ocrx_word' id='word_1_497' title='bbox 2499 778 2715 832; x_wconf 89' lang='lat' dir='ltr'><strong>interest</strong></span> <span class='ocrx_word' id='word_1_498' title='bbox 2737 780 2874 832; x_wconf 86' lang='lat' dir='ltr'><strong>enim</strong></span> <span class='ocrx_word' id='word_1_499' title='bbox 2893 820 2908 844; x_wconf 94' lang='lat'><strong>,</strong></span> <span class='ocrx_word' id='word_1_500' title='bbox 2936 791 3107 835; x_wconf 90' lang='lat' dir='ltr'><strong>utrum</strong></span> <span class='ocrx_word' id='word_1_501' title='bbox 3141 796 3236 848; x_wconf 88' lang='lat' dir='ltr'><strong>pa-</strong></span> 
     </span>
    </p>
   </div>
   <div class='ocr_carea' id='block_1_67' title="bbox 1682 864 3236 930">
    <p class='ocr_par' dir='ltr' id='par_1_67' title="bbox 1682 864 3236 930">
     <span class='ocr_line' id='line_1_67' title="bbox 1682 864 3236 930; baseline 0.006 -19"><span class='ocrx_word' id='word_1_502' title='bbox 1682 876 1868 929; x_wconf 82' lang='lat' dir='ltr'><strong>ganus,</strong></span> <span class='ocrx_word' id='word_1_503' title='bbox 1901 878 1989 929; x_wconf 87' lang='lat' dir='ltr'><strong>an,</strong></span> <span class='ocrx_word' id='word_1_504' title='bbox 2015 864 2153 930; x_wconf 88' lang='lat' dir='ltr'><strong>quod</strong></span> <span class='ocrx_word' id='word_1_505' title='bbox 2183 874 2264 917; x_wconf 92' lang='lat' dir='ltr'><strong>est</strong></span> <span class='ocrx_word' id='word_1_506' title='bbox 2290 865 2543 929; x_wconf 87' lang='lat' dir='ltr'><strong>deterius,</strong></span> <span class='ocrx_word' id='word_1_507' title='bbox 2575 867 2675 920; x_wconf 85' lang='lat' dir='ltr'><strong>sub</strong></span> <span class='ocrx_word' id='word_1_508' title='bbox 2702 869 2914 921; x_wconf 88' lang='lat' dir='ltr'><strong>nomine</strong></span> <span class='ocrx_word' id='word_1_509' title='bbox 2939 869 3236 922; x_wconf 84' lang='lat' dir='ltr'><strong>Christiano</strong></span> 
     </span>
    </p>
   </div>
   <div class='ocr_carea' id='block_1_68' title="bbox 1685 952 3236 1024">
    <p class='ocr_par' dir='ltr' id='par_1_68' title="bbox 1685 952 3236 1024">
     <span class='ocr_line' id='line_1_68' title="bbox 1685 952 3236 1024; baseline 0.006 -23"><span class='ocrx_word' id='word_1_510' title='bbox 1685 964 1860 1003; x_wconf 72' lang='lat' dir='ltr'><strong>veram</strong></span> <span class='ocrx_word' id='word_1_511' title='bbox 1903 952 2271 1018; x_wconf 88' lang='lat' dir='ltr'><strong>sinceramque</strong></span> <span class='ocrx_word' id='word_1_512' title='bbox 2313 954 2645 1007; x_wconf 86' lang='lat' dir='ltr'><strong>traditionem</strong></span> <span class='ocrx_word' id='word_1_513' title='bbox 2691 955 2997 1023; x_wconf 73' lang='lat' dir='ltr'><strong>apostolicae</strong></span> <span class='ocrx_word' id='word_1_514' title='bbox 3041 958 3236 1024; x_wconf 75' lang='lat' dir='ltr'><strong>regula:</strong></span> 
     </span>
    </p>
   </div>
   <div class='ocr_carea' id='block_1_69' title="bbox 1683 1036 3236 1110">
    <p class='ocr_par' dir='ltr' id='par_1_69' title="bbox 1683 1036 3236 1110">
     <span class='ocr_line' id='line_1_69' title="bbox 1683 1036 3236 1110; baseline 0.005 -22"><span class='ocrx_word' id='word_1_515' title='bbox 1683 1045 1904 1089; x_wconf 89' lang='lat' dir='ltr'><strong>conetur</strong></span> <span class='ocrx_word' id='word_1_516' title='bbox 1933 1036 2238 1105; x_wconf 85' lang='lat' dir='ltr'><strong>infringere,</strong></span> <span class='ocrx_word' id='word_1_517' title='bbox 2258 1049 2416 1107; x_wconf 88' lang='lat' dir='ltr'><strong>atque</strong></span> <span class='ocrx_word' id='word_1_518' title='bbox 2438 1041 2489 1093; x_wconf 95' lang='lat' dir='ltr'><strong>in</strong></span> <span class='ocrx_word' id='word_1_519' title='bbox 2512 1039 2646 1093; x_wconf 87' lang='lat' dir='ltr'><strong>hanc</strong></span> <span class='ocrx_word' id='word_1_520' title='bbox 2667 1056 3008 1110; x_wconf 86' lang='lat' dir='ltr'><strong>prorumpere</strong></span> <span class='ocrx_word' id='word_1_521' title='bbox 3029 1045 3236 1097; x_wconf 65' lang='lat' dir='ltr'><strong>cecita-</strong></span> 
     </span>
    </p>
   </div>
   <div class='ocr_carea' id='block_1_70' title="bbox 1686 1125 3235 1198">
    <p class='ocr_par' dir='ltr' id='par_1_70' title="bbox 1686 1125 3235 1198">
     <span class='ocr_line' id='line_1_70' title="bbox 1686 1125 3235 1198; baseline 0.008 -24"><span class='ocrx_word' id='word_1_522' title='bbox 1686 1129 1813 1187; x_wconf 88' lang='lat' dir='ltr'><strong>tem,</strong></span> <span class='ocrx_word' id='word_1_523' title='bbox 1847 1133 1902 1177; x_wconf 91' lang='lat' dir='ltr'><strong>ut</strong></span> <span class='ocrx_word' id='word_1_524' title='bbox 1929 1140 2047 1179; x_wconf 92' lang='lat' dir='ltr'><strong>cum</strong></span> <span class='ocrx_word' id='word_1_525' title='bbox 2078 1126 2128 1177; x_wconf 94' lang='lat' dir='ltr'><strong>in</strong></span> <span class='ocrx_word' id='word_1_526' title='bbox 2165 1125 2263 1178; x_wconf 80' lang='lat' dir='ltr'><strong>illis</strong></span> <span class='ocrx_word' id='word_1_527' title='bbox 2293 1128 2618 1195; x_wconf 84' lang='lat' dir='ltr'><strong>regionibus.</strong></span> <span class='ocrx_word' id='word_1_528' title='bbox 2648 1139 2849 1182; x_wconf 68' lang='lat' dir='ltr'><strong>cunctae</strong></span> <span class='ocrx_word' id='word_1_529' title='bbox 2882 1146 3104 1198; x_wconf 78' lang='lat' dir='ltr'><strong>prorsus</strong></span> <span class='ocrx_word' id='word_1_530' title='bbox 3125 1134 3235 1186; x_wconf 71' lang='lat' dir='ltr'><strong>ha:-</strong></span> 
     </span>
    </p>
   </div>
   <div class='ocr_carea' id='block_1_71' title="bbox 1686 1212 3238 1289">
    <p class='ocr_par' dir='ltr' id='par_1_71' title="bbox 1686 1212 3238 1289">
     <span class='ocr_line' id='line_1_71' title="bbox 1686 1212 3238 1289; baseline 0.005 -25"><span class='ocrx_word' id='word_1_531' title='bbox 1686 1225 1835 1266; x_wconf 87' lang='lat' dir='ltr'><strong>reses</strong></span> <span class='ocrx_word' id='word_1_532' title='bbox 1888 1212 2162 1279; x_wconf 82' lang='lat' dir='ltr'><strong>opiniones</strong></span> <span class='ocrx_word' id='word_1_533' title='bbox 2183 1228 2305 1267; x_wconf 89' lang='lat' dir='ltr'><strong>suas</strong></span> <span class='ocrx_word' id='word_1_534' title='bbox 2334 1214 2557 1270; x_wconf 87' lang='lat' dir='ltr'><strong>habeant</strong></span> <span class='ocrx_word' id='word_1_535' title='bbox 2592 1217 2797 1284; x_wconf 84' lang='lat' dir='ltr'><strong>publice</strong></span> <span class='ocrx_word' id='word_1_536' title='bbox 2825 1218 3086 1274; x_wconf 82' lang='lat' dir='ltr'><strong>licentiam</strong></span> <span class='ocrx_word' id='word_1_537' title='bbox 3119 1238 3238 1289; x_wconf 91' lang='lat' dir='ltr'><strong>pru-</strong></span> 
     </span>
    </p>
   </div>
   <div class='ocr_carea' id='block_1_72' title="bbox 1687 1302 3238 1379">
    <p class='ocr_par' dir='ltr' id='par_1_72' title="bbox 1687 1302 3238 1379">
     <span class='ocr_line' id='line_1_72' title="bbox 1687 1302 3238 1379; baseline 0.007 -25"><span class='ocrx_word' id='word_1_538' title='bbox 1687 1302 1889 1368; x_wconf 84' lang='lat' dir='ltr'><strong>ﬁtendi,</strong></span> <span class='ocrx_word' id='word_1_539' title='bbox 1931 1303 2044 1355; x_wconf 92' lang='lat' dir='ltr'><strong>sola</strong></span> <span class='ocrx_word' id='word_1_540' title='bbox 2072 1304 2343 1362; x_wconf 69' lang='lat' dir='ltr'><strong>catholicae</strong></span> <span class='ocrx_word' id='word_1_541' title='bbox 2370 1311 2757 1362; x_wconf 86' lang='lat' dir='ltr'><strong>eummuniouis</strong></span> <span class='ocrx_word' id='word_1_542' title='bbox 2786 1309 2998 1365; x_wconf 89' lang='lat' dir='ltr'><strong>libertas</strong></span> <span class='ocrx_word' id='word_1_543' title='bbox 3029 1322 3238 1379; x_wconf 90' lang='lat' dir='ltr'><strong>putetur</strong></span> 
     </span>
    </p>
   </div>
   <div class='ocr_carea' id='block_1_73' title="bbox 1685 1386 3238 1464">
    <p class='ocr_par' dir='ltr' id='par_1_73' title="bbox 1685 1386 3238 1464">
     <span class='ocr_line' id='line_1_73' title="bbox 1685 1386 3238 1464; baseline 0.007 -25"><span class='ocrx_word' id='word_1_544' title='bbox 1685 1386 1752 1440; x_wconf 88' lang='lat' dir='ltr'><strong>ab</strong></span> <span class='ocrx_word' id='word_1_545' title='bbox 1781 1388 1844 1440; x_wconf 94' lang='lat' dir='ltr'><strong>iis</strong></span> <span class='ocrx_word' id='word_1_546' title='bbox 1888 1390 1974 1457; x_wconf 92' lang='lat' dir='ltr'><strong>qui</strong></span> <span class='ocrx_word' id='word_1_547' title='bbox 2003 1403 2060 1442; x_wconf 87' lang='lat' dir='ltr'><strong>se</strong></span> <span class='ocrx_word' id='word_1_548' title='bbox 2090 1389 2363 1457; x_wconf 88' lang='lat' dir='ltr'><strong>religiosos</strong></span> <span class='ocrx_word' id='word_1_549' title='bbox 2390 1394 2694 1447; x_wconf 82' lang='lat' dir='ltr'><strong>existimant</strong></span> <span class='ocrx_word' id='word_1_550' title='bbox 2720 1399 3060 1452; x_wconf 73' lang='lat' dir='ltr'><strong>subruenda&#39;i</strong></span> <span class='ocrx_word' id='word_1_551' title='bbox 3111 1399 3238 1464; x_wconf 71' lang='lat' dir='ltr'><strong>Qua:</strong></span> 
     </span>
    </p>
   </div>
   <div class='ocr_carea' id='block_1_74' title="bbox 1684 1477 3237 1555">
    <p class='ocr_par' dir='ltr' id='par_1_74' title="bbox 1684 1477 3237 1555">
     <span class='ocr_line' id='line_1_74' title="bbox 1684 1477 3237 1555; baseline 0.007 -26"><span class='ocrx_word' id='word_1_552' title='bbox 1684 1477 1727 1529; x_wconf 90' lang='lat' dir='ltr'><strong>si</strong></span> <span class='ocrx_word' id='word_1_553' title='bbox 1754 1487 1961 1543; x_wconf 87' lang='lat' dir='ltr'><strong>putatur</strong></span> <span class='ocrx_word' id='word_1_554' title='bbox 1982 1495 2132 1533; x_wconf 90' lang='lat' dir='ltr'><strong>error</strong></span> <span class='ocrx_word' id='word_1_555' title='bbox 2160 1481 2319 1547; x_wconf 85' lang='lat' dir='ltr'><strong>(quod</strong></span> <span class='ocrx_word' id='word_1_556' title='bbox 2348 1495 2452 1534; x_wconf 91' lang='lat' dir='ltr'><strong>non</strong></span> <span class='ocrx_word' id='word_1_557' title='bbox 2477 1481 2622 1548; x_wconf 82' lang='lat' dir='ltr'><strong>licet)</strong></span> <span class='ocrx_word' id='word_1_558' title='bbox 2647 1499 2768 1536; x_wconf 91' lang='lat' dir='ltr'><strong>eum</strong></span> <span class='ocrx_word' id='word_1_559' title='bbox 2793 1487 3020 1550; x_wconf 70' lang='lat' dir='ltr'><strong>caeteris,</strong></span> <span class='ocrx_word' id='word_1_560' title='bbox 3045 1488 3237 1555; x_wconf 89' lang='lat' dir='ltr'><strong>quibus</strong></span> 
     </span>
    </p>
   </div>
   <div class='ocr_carea' id='block_1_75' title="bbox 1687 1563 3237 1636">
    <p class='ocr_par' dir='ltr' id='par_1_75' title="bbox 1687 1563 3237 1636">
     <span class='ocr_line' id='line_1_75' title="bbox 1687 1563 3237 1636; baseline 0.009 -21"><span class='ocrx_word' id='word_1_561' title='bbox 1687 1563 1793 1616; x_wconf 90' lang='lat' dir='ltr'><strong>illic</strong></span> <span class='ocrx_word' id='word_1_562' title='bbox 1824 1564 2039 1620; x_wconf 85' lang='lat' dir='ltr'><strong>facultas</strong></span> <span class='ocrx_word' id='word_1_563' title='bbox 2074 1575 2157 1620; x_wconf 84' lang='lat' dir='ltr'><strong>est</strong></span> <span class='ocrx_word' id='word_1_564' title='bbox 2193 1583 2370 1636; x_wconf 80' lang='lat' dir='ltr'><strong>agere,</strong></span> <span class='ocrx_word' id='word_1_565' title='bbox 2412 1571 2615 1622; x_wconf 88' lang='lat' dir='ltr'><strong>sinatur</strong></span> <span class='ocrx_word' id='word_1_566' title='bbox 2649 1574 2941 1626; x_wconf 88' lang='lat' dir='ltr'><strong>erroribus.</strong></span> <span class='ocrx_word' id='word_1_567' title='bbox 2985 1577 3076 1627; x_wconf 85' lang='lat' dir='ltr'><strong>Sin</strong></span> <span class='ocrx_word' id='word_1_568' title='bbox 3106 1577 3237 1629; x_wconf 90' lang='lat' dir='ltr'><strong>inte-</strong></span> 
     </span>
    </p>
   </div>
   <div class='ocr_carea' id='block_1_76' title="bbox 1684 1640 3240 1730">
    <p class='ocr_par' dir='ltr' id='par_1_76' title="bbox 1684 1640 3240 1730">
     <span class='ocr_line' id='line_1_76' title="bbox 1684 1640 3240 1730; baseline 0.01 -28"><span class='ocrx_word' id='word_1_569' title='bbox 1684 1653 1846 1718; x_wconf 88' lang='lat' dir='ltr'><strong>gritas</strong></span> <span class='ocrx_word' id='word_1_570' title='bbox 1882 1657 2200 1720; x_wconf 56' lang='lat' dir='ltr'><strong>aestimatur,</strong></span> <span class='ocrx_word' id='word_1_571' title='bbox 2228 1659 2492 1724; x_wconf 88' lang='lat' dir='ltr'><strong>sequenda</strong></span> <span class='ocrx_word' id='word_1_572' title='bbox 2526 1661 2695 1725; x_wconf 84' lang='lat' dir='ltr'><strong>potius</strong></span> <span class='ocrx_word' id='word_1_573' title='bbox 2727 1640 2893 1713; x_wconf 74' lang='lat' dir='ltr'><strong>fuerat</strong></span> <span class='ocrx_word' id='word_1_574' title='bbox 2945 1677 3099 1730; x_wconf 80' lang='lat' dir='ltr'><strong>quam</strong></span> <span class='ocrx_word' id='word_1_575' title='bbox 3131 1663 3240 1716; x_wconf 76' lang='lat' dir='ltr'><strong>vio-</strong></span> 
     </span>
    </p>
   </div>
   <div class='ocr_carea' id='block_1_77' title="bbox 1690 1738 3238 1816">
    <p class='ocr_par' dir='ltr' id='par_1_77' title="bbox 1690 1738 3238 1816">
     <span class='ocr_line' id='line_1_77' title="bbox 1690 1738 3238 1816; baseline 0.008 -27"><span class='ocrx_word' id='word_1_576' title='bbox 1690 1738 1827 1791; x_wconf 89' lang='lat' dir='ltr'><strong>lenta</strong></span> <span class='ocrx_word' id='word_1_577' title='bbox 1881 1743 2246 1808; x_wconf 83' lang='lat' dir='ltr'><strong>persecutione</strong></span> <span class='ocrx_word' id='word_1_578' title='bbox 2298 1747 2571 1798; x_wconf 87' lang='lat' dir='ltr'><strong>vastanda.</strong></span> <span class='ocrx_word' id='word_1_579' title='bbox 2625 1747 2730 1800; x_wconf 86' lang='lat' dir='ltr'><strong>Nec</strong></span> <span class='ocrx_word' id='word_1_580' title='bbox 2783 1765 2898 1801; x_wconf 86' lang='lat' dir='ltr'><strong>eam</strong></span> <span class='ocrx_word' id='word_1_581' title='bbox 2953 1751 3238 1816; x_wconf 89' lang='lat' dir='ltr'><strong>probantur</strong></span> 
     </span>
    </p>
   </div>
   <div class='ocr_carea' id='block_1_78' title="bbox 1686 1825 3237 1908">
    <p class='ocr_par' dir='ltr' id='par_1_78' title="bbox 1686 1825 3237 1908">
     <span class='ocr_line' id='line_1_78' title="bbox 1686 1825 3237 1908; baseline 0.01 -31"><span class='ocrx_word' id='word_1_582' title='bbox 1686 1825 1889 1894; x_wconf 88' lang='lat' dir='ltr'><strong>insequi</strong></span> <span class='ocrx_word' id='word_1_583' title='bbox 1935 1829 2184 1896; x_wconf 89' lang='lat' dir='ltr'><strong>potuisse.</strong></span> <span class='ocrx_word' id='word_1_584' title='bbox 2237 1832 2335 1884; x_wconf 88' lang='lat' dir='ltr'><strong>nisi</strong></span> <span class='ocrx_word' id='word_1_585' title='bbox 2385 1847 2540 1898; x_wconf 81' lang='lat' dir='ltr'><strong>prava</strong></span> <span class='ocrx_word' id='word_1_586' title='bbox 2588 1844 2869 1908; x_wconf 79' lang='lat' dir='ltr'><strong>sectantes.</strong></span> <span class='ocrx_word' id='word_1_587' title='bbox 2919 1838 2985 1890; x_wconf 84' lang='lat' dir='ltr'><strong>At</strong></span> <span class='ocrx_word' id='word_1_588' title='bbox 3028 1854 3094 1892; x_wconf 93' lang='lat' dir='ltr'><strong>ne</strong></span> <span class='ocrx_word' id='word_1_589' title='bbox 3140 1842 3237 1908; x_wconf 86' lang='lat' dir='ltr'><strong>ipsi</strong></span> 
     </span>
    </p>
   </div>
   <div class='ocr_carea' id='block_1_79' title="bbox 1683 1916 3237 1993">
    <p class='ocr_par' dir='ltr' id='par_1_79' title="bbox 1683 1916 3237 1993">
     <span class='ocr_line' id='line_1_79' title="bbox 1683 1916 3237 1993; baseline 0.009 -27"><span class='ocrx_word' id='word_1_590' title='bbox 1683 1916 2127 1970; x_wconf 87' lang='lat' dir='ltr'><strong>convincerentur</strong></span> <span class='ocrx_word' id='word_1_591' title='bbox 2151 1933 2349 1983; x_wconf 89' lang='lat' dir='ltr'><strong>errare,</strong></span> <span class='ocrx_word' id='word_1_592' title='bbox 2383 1922 2642 1986; x_wconf 81' lang='lat' dir='ltr'><strong>repellere</strong></span> <span class='ocrx_word' id='word_1_593' title='bbox 2671 1924 2983 1991; x_wconf 77' lang='lat' dir='ltr'><strong>cogitarunt,</strong></span> <span class='ocrx_word' id='word_1_594' title='bbox 3011 1941 3114 1993; x_wconf 90' lang='lat' dir='ltr'><strong>quo</strong></span> <span class='ocrx_word' id='word_1_595' title='bbox 3144 1944 3237 1980; x_wconf 85' lang='lat' dir='ltr'><strong>nu-</strong></span> 
     </span>
    </p>
   </div>
   <div class='ocr_carea' id='block_1_80' title="bbox 1685 2003 3238 2084">
    <p class='ocr_par' dir='ltr' id='par_1_80' title="bbox 1685 2003 3238 2084">
     <span class='ocr_line' id='line_1_80' title="bbox 1685 2003 3238 2084; baseline 0.01 -30"><span class='ocrx_word' id='word_1_596' title='bbox 1685 2003 1926 2056; x_wconf 85' lang='lat' dir='ltr'><strong>tabantur</strong></span> <span class='ocrx_word' id='word_1_597' title='bbox 1960 2016 2219 2070; x_wconf 88' lang='lat' dir='ltr'><strong>errantes,</strong></span> <span class='ocrx_word' id='word_1_598' title='bbox 2259 2009 2513 2061; x_wconf 83' lang='lat' dir='ltr'><strong>malcutes</strong></span> <span class='ocrx_word' id='word_1_599' title='bbox 2550 2024 2652 2061; x_wconf 92' lang='lat' dir='ltr'><strong>non</strong></span> <span class='ocrx_word' id='word_1_600' title='bbox 2689 2013 2942 2065; x_wconf 88' lang='lat' dir='ltr'><strong>assectari</strong></span> <span class='ocrx_word' id='word_1_601' title='bbox 2974 2016 3111 2081; x_wconf 88' lang='lat' dir='ltr'><strong>quod</strong></span> <span class='ocrx_word' id='word_1_602' title='bbox 3150 2016 3238 2084; x_wconf 91' lang='lat' dir='ltr'><strong>ju-</strong></span> 
     </span>
    </p>
   </div>
   <div class='ocr_carea' id='block_1_81' title="bbox 1683 2095 3239 2167">
    <p class='ocr_par' dir='ltr' id='par_1_81' title="bbox 1683 2095 3239 2167">
     <span class='ocr_line' id='line_1_81' title="bbox 1683 2095 3239 2167; baseline 0.007 -21"><span class='ocrx_word' id='word_1_603' title='bbox 1683 2103 1822 2146; x_wconf 89' lang='lat' dir='ltr'><strong>stum</strong></span> <span class='ocrx_word' id='word_1_604' title='bbox 1864 2104 1968 2157; x_wconf 85' lang='lat' dir='ltr'><strong>est,</strong></span> <span class='ocrx_word' id='word_1_605' title='bbox 2000 2095 2090 2148; x_wconf 90' lang='lat' dir='ltr'><strong>sed</strong></span> <span class='ocrx_word' id='word_1_606' title='bbox 2135 2097 2308 2164; x_wconf 77' lang='lat' dir='ltr'><strong>petitis</strong></span> <span class='ocrx_word' id='word_1_607' title='bbox 2341 2101 2657 2152; x_wconf 80' lang='lat' dir='ltr'><strong>submovere</strong></span> <span class='ocrx_word' id='word_1_608' title='bbox 2686 2116 2789 2167; x_wconf 88' lang='lat' dir='ltr'><strong>quo</strong></span> <span class='ocrx_word' id='word_1_609' title='bbox 2805 2101 3134 2156; x_wconf 64' lang='lat' dir='ltr'><strong>docerentur</strong></span> <span class='ocrx_word' id='word_1_610' title='bbox 3162 2107 3239 2157; x_wconf 87' lang='lat' dir='ltr'><strong>in-</strong></span> 
     </span>
    </p>
   </div>
   <div class='ocr_carea' id='block_1_82' title="bbox 1682 2177 3239 2255">
    <p class='ocr_par' dir='ltr' id='par_1_82' title="bbox 1682 2177 3239 2255">
     <span class='ocr_line' id='line_1_82' title="bbox 1682 2177 3239 2255; baseline 0.011 -26"><span class='ocrx_word' id='word_1_611' title='bbox 1682 2179 1830 2247; x_wconf 89' lang='lat' dir='ltr'><strong>justi.</strong></span> <span class='ocrx_word' id='word_1_612' title='bbox 1879 2177 1972 2235; x_wconf 89' lang='lat' dir='ltr'><strong>Sic</strong></span> <span class='ocrx_word' id='word_1_613' title='bbox 2019 2184 2236 2235; x_wconf 84' lang='lat' dir='ltr'><strong>recessit</strong></span> <span class='ocrx_word' id='word_1_614' title='bbox 2278 2183 2346 2235; x_wconf 87' lang='lat' dir='ltr'><strong>ab</strong></span> <span class='ocrx_word' id='word_1_615' title='bbox 2387 2184 2624 2238; x_wconf 77' lang='lat' dir='ltr'><strong>humanis</strong></span> <span class='ocrx_word' id='word_1_616' title='bbox 2671 2189 2929 2242; x_wconf 85' lang='lat' dir='ltr'><strong>mentibus</strong></span> <span class='ocrx_word' id='word_1_617' title='bbox 2974 2190 3136 2255; x_wconf 90' lang='lat' dir='ltr'><strong>Deus,</strong></span> <span class='ocrx_word' id='word_1_618' title='bbox 3184 2204 3239 2246; x_wconf 88' lang='lat' dir='ltr'><strong>ut</strong></span> 
     </span>
    </p>
   </div>
   <div class='ocr_carea' id='block_1_83' title="bbox 1683 2268 3236 2344">
    <p class='ocr_par' dir='ltr' id='par_1_83' title="bbox 1683 2268 3236 2344">
     <span class='ocr_line' id='line_1_83' title="bbox 1683 2268 3236 2344; baseline 0.01 -24"><span class='ocrx_word' id='word_1_619' title='bbox 1683 2268 1945 2322; x_wconf 78' lang='lat' dir='ltr'><strong>obstinate</strong></span> <span class='ocrx_word' id='word_1_620' title='bbox 1972 2279 2152 2322; x_wconf 89' lang='lat' dir='ltr'><strong>contra</strong></span> <span class='ocrx_word' id='word_1_621' title='bbox 2181 2271 2262 2336; x_wconf 90' lang='lat' dir='ltr'><strong>jus</strong></span> <span class='ocrx_word' id='word_1_622' title='bbox 2294 2272 2614 2326; x_wconf 86' lang='lat' dir='ltr'><strong>voluntatem</strong></span> <span class='ocrx_word' id='word_1_623' title='bbox 2657 2289 2759 2327; x_wconf 91' lang='lat' dir='ltr'><strong>non</strong></span> <span class='ocrx_word' id='word_1_624' title='bbox 2795 2277 3072 2344; x_wconf 88' lang='lat' dir='ltr'><strong>aspiciant,</strong></span> <span class='ocrx_word' id='word_1_625' title='bbox 3104 2289 3156 2333; x_wconf 91' lang='lat' dir='ltr'><strong>et</strong></span> <span class='ocrx_word' id='word_1_626' title='bbox 3185 2283 3236 2335; x_wconf 87' lang='lat' dir='ltr'><strong>itt</strong></span> 
     </span>
    </p>
   </div>
   <div class='ocr_carea' id='block_1_84' title="bbox 1684 2355 3237 2434">
    <p class='ocr_par' dir='ltr' id='par_1_84' title="bbox 1684 2355 3237 2434">
     <span class='ocr_line' id='line_1_84' title="bbox 1684 2355 3237 2434; baseline 0.011 -27"><span class='ocrx_word' id='word_1_627' title='bbox 1684 2355 1784 2407; x_wconf 91' lang='lat' dir='ltr'><strong>isto</strong></span> <span class='ocrx_word' id='word_1_628' title='bbox 1814 2359 2008 2410; x_wconf 69' lang='lat' dir='ltr'><strong>smculo</strong></span> <span class='ocrx_word' id='word_1_629' title='bbox 2054 2359 2289 2412; x_wconf 65' lang='lat' dir='ltr'><strong>divinum</strong></span> <span class='ocrx_word' id='word_1_630' title='bbox 2331 2376 2433 2412; x_wconf 91' lang='lat' dir='ltr'><strong>non</strong></span> <span class='ocrx_word' id='word_1_631' title='bbox 2471 2361 2657 2416; x_wconf 87' lang='lat' dir='ltr'><strong>deesse</strong></span> <span class='ocrx_word' id='word_1_632' title='bbox 2687 2379 2840 2430; x_wconf 84' lang='lat' dir='ltr'><strong>posse</strong></span> <span class='ocrx_word' id='word_1_633' title='bbox 2862 2366 3144 2434; x_wconf 88' lang='lat' dir='ltr'><strong>judicium,</strong></span> <span class='ocrx_word' id='word_1_634' title='bbox 3186 2385 3237 2424; x_wconf 85' lang='lat' dir='ltr'><strong>ct</strong></span> 
     </span>
    </p>
   </div>
   <div class='ocr_carea' id='block_1_85' title="bbox 1685 2443 3238 2510">
    <p class='ocr_par' dir='ltr' id='par_1_85' title="bbox 1685 2443 3238 2510">
     <span class='ocr_line' id='line_1_85' title="bbox 1685 2443 3238 2510; baseline 0.011 -18"><span class='ocrx_word' id='word_1_635' title='bbox 1685 2450 1801 2507; x_wconf 89' lang='lat' dir='ltr'><strong>post</strong></span> <span class='ocrx_word' id='word_1_636' title='bbox 1830 2443 1982 2510; x_wconf 91' lang='lat' dir='ltr'><strong>hujus</strong></span> <span class='ocrx_word' id='word_1_637' title='bbox 2012 2445 2132 2498; x_wconf 72' lang='lat' dir='ltr'><strong>vita:</strong></span> <span class='ocrx_word' id='word_1_638' title='bbox 2160 2460 2369 2498; x_wconf 89' lang='lat' dir='ltr'><strong>cursum</strong></span> <span class='ocrx_word' id='word_1_639' title='bbox 2403 2448 2475 2499; x_wconf 90' lang='lat' dir='ltr'><strong>illi</strong></span> <span class='ocrx_word' id='word_1_640' title='bbox 2502 2449 2568 2500; x_wconf 91' lang='lat' dir='ltr'><strong>sit</strong></span> <span class='ocrx_word' id='word_1_641' title='bbox 2593 2453 2866 2504; x_wconf 90' lang='lat' dir='ltr'><strong>tremendo</strong></span> <span class='ocrx_word' id='word_1_642' title='bbox 2900 2469 3001 2506; x_wconf 91' lang='lat' dir='ltr'><strong>non</strong></span> <span class='ocrx_word' id='word_1_643' title='bbox 3033 2457 3238 2509; x_wconf 77' lang='lat' dir='ltr'><strong>defutu-</strong></span> 
     </span>
    </p>
   </div>
   <div class='ocr_carea' id='block_1_86' title="bbox 1683 2531 3240 2601">
    <p class='ocr_par' dir='ltr' id='par_1_86' title="bbox 1683 2531 3240 2601">
     <span class='ocr_line' id='line_1_86' title="bbox 1683 2531 3240 2601; baseline 0.013 -21"><span class='ocrx_word' id='word_1_644' title='bbox 1683 2543 1773 2581; x_wconf 88' lang='lat' dir='ltr'><strong>rus</strong></span> <span class='ocrx_word' id='word_1_645' title='bbox 1813 2531 2062 2592; x_wconf 80' lang='lat' dir='ltr'><strong>examini,</strong></span> <span class='ocrx_word' id='word_1_646' title='bbox 2115 2533 2214 2586; x_wconf 88' lang='lat' dir='ltr'><strong>sub</strong></span> <span class='ocrx_word' id='word_1_647' title='bbox 2253 2549 2357 2600; x_wconf 91' lang='lat' dir='ltr'><strong>quo</strong></span> <span class='ocrx_word' id='word_1_648' title='bbox 2393 2537 2805 2600; x_wconf 89' lang='lat' dir='ltr'><strong>perniciosarum</strong></span> <span class='ocrx_word' id='word_1_649' title='bbox 2853 2544 3025 2596; x_wconf 82' lang='lat' dir='ltr'><strong>studia</strong></span> <span class='ocrx_word' id='word_1_650' title='bbox 3072 2548 3240 2601; x_wconf 89' lang='lat' dir='ltr'><strong>modis</strong></span> 
     </span>
    </p>
   </div>
   <div class='ocr_carea' id='block_1_87' title="bbox 1683 2617 3237 2698">
    <p class='ocr_par' dir='ltr' id='par_1_87' title="bbox 1683 2617 3237 2698">
     <span class='ocr_line' id='line_1_87' title="bbox 1683 2617 3237 2698; baseline 0.011 -28"><span class='ocrx_word' id='word_1_651' title='bbox 1683 2617 1926 2671; x_wconf 89' lang='lat' dir='ltr'><strong>omnibus</strong></span> <span class='ocrx_word' id='word_1_652' title='bbox 1968 2619 2231 2688; x_wconf 81' lang='lat' dir='ltr'><strong>actionum</strong></span> <span class='ocrx_word' id='word_1_653' title='bbox 2274 2622 2506 2676; x_wconf 90' lang='lat' dir='ltr'><strong>discussa</strong></span> <span class='ocrx_word' id='word_1_654' title='bbox 2558 2627 2840 2692; x_wconf 85' lang='lat' dir='ltr'><strong>patefiant.</strong></span> <span class='ocrx_word' id='word_1_655' title='bbox 2886 2639 2938 2682; x_wconf 90' lang='lat' dir='ltr'><strong>et</strong></span> <span class='ocrx_word' id='word_1_656' title='bbox 2983 2635 3237 2698; x_wconf 74' lang='lat' dir='ltr'><strong>patefacta</strong></span> 
     </span>
    </p>
   </div>
   <div class='ocr_carea' id='block_1_88' title="bbox 1686 2707 3238 2788">
    <p class='ocr_par' dir='ltr' id='par_1_88' title="bbox 1686 2707 3238 2788">
     <span class='ocr_line' id='line_1_88' title="bbox 1686 2707 3238 2788; baseline 0.012 -32"><span class='ocrx_word' id='word_1_657' title='bbox 1686 2707 1984 2772; x_wconf 87' lang='lat' dir='ltr'><strong>puniantur,</strong></span> <span class='ocrx_word' id='word_1_658' title='bbox 2023 2709 2121 2761; x_wconf 87' lang='lat' dir='ltr'><strong>nisi</strong></span> <span class='ocrx_word' id='word_1_659' title='bbox 2163 2711 2249 2774; x_wconf 89' lang='lat' dir='ltr'><strong>qui</strong></span> <span class='ocrx_word' id='word_1_660' title='bbox 2291 2709 2401 2764; x_wconf 68' lang='lat' dir='ltr'><strong>lucc</strong></span> <span class='ocrx_word' id='word_1_661' title='bbox 2426 2714 2642 2765; x_wconf 90' lang='lat' dir='ltr'><strong>omnino</strong></span> <span class='ocrx_word' id='word_1_662' title='bbox 2678 2729 2780 2767; x_wconf 92' lang='lat' dir='ltr'><strong>non</strong></span> <span class='ocrx_word' id='word_1_663' title='bbox 2812 2717 3054 2784; x_wconf 88' lang='lat' dir='ltr'><strong>credunt,</strong></span> <span class='ocrx_word' id='word_1_664' title='bbox 3085 2736 3238 2788; x_wconf 74' lang='grc' dir='ltr'>ψιινθ</span> 
     </span>
    </p>
   </div>
   <div class='ocr_carea' id='block_1_89' title="bbox 1685 2793 3239 2864">
    <p class='ocr_par' dir='ltr' id='par_1_89' title="bbox 1685 2793 3239 2864">
     <span class='ocr_line' id='line_1_89' title="bbox 1685 2793 3239 2864; baseline 0.01 -18"><span class='ocrx_word' id='word_1_665' title='bbox 1685 2793 1774 2846; x_wconf 86' lang='lat' dir='ltr'><strong>illa</strong></span> <span class='ocrx_word' id='word_1_666' title='bbox 1809 2808 1866 2847; x_wconf 91' lang='lat' dir='ltr'><strong>se</strong></span> <span class='ocrx_word' id='word_1_667' title='bbox 1896 2807 2226 2863; x_wconf 84' lang='lat' dir='ltr'><strong>perpetrasse</strong></span> <span class='ocrx_word' id='word_1_668' title='bbox 2256 2797 2467 2864; x_wconf 91' lang='lat' dir='ltr'><strong>impune</strong></span> <span class='ocrx_word' id='word_1_669' title='bbox 2494 2799 2784 2854; x_wconf 90' lang='lat' dir='ltr'><strong>confidunt.</strong></span> <span class='ocrx_word' id='word_1_670' title='bbox 2811 2802 2914 2857; x_wconf 84' lang='lat' dir='ltr'><strong>Nos</strong></span> <span class='ocrx_word' id='word_1_671' title='bbox 2941 2815 3114 2860; x_wconf 84' lang='lat' dir='ltr'><strong>autem</strong></span> <span class='ocrx_word' id='word_1_672' title='bbox 3143 2808 3239 2862; x_wconf 72' lang='lat' dir='ltr'><strong>ltu-</strong></span> 
     </span>
    </p>
   </div>
   <div class='ocr_carea' id='block_1_90' title="bbox 1686 2886 3238 2963">
    <p class='ocr_par' dir='ltr' id='par_1_90' title="bbox 1686 2886 3238 2963">
     <span class='ocr_line' id='line_1_90' title="bbox 1686 2886 3238 2963; baseline 0.011 -26"><span class='ocrx_word' id='word_1_673' title='bbox 1686 2886 1827 2939; x_wconf 85' lang='lat' dir='ltr'><strong>tnani</strong></span> <span class='ocrx_word' id='word_1_674' title='bbox 1855 2888 2063 2955; x_wconf 87' lang='lat' dir='ltr'><strong>generis</strong></span> <span class='ocrx_word' id='word_1_675' title='bbox 2092 2889 2470 2942; x_wconf 83' lang='lat' dir='ltr'><strong>conscientiam</strong></span> <span class='ocrx_word' id='word_1_676' title='bbox 2496 2894 2804 2958; x_wconf 87' lang='lat' dir='ltr'><strong>contestari,</strong></span> <span class='ocrx_word' id='word_1_677' title='bbox 2831 2908 2929 2961; x_wconf 87' lang='lat' dir='ltr'><strong>qua</strong></span> <span class='ocrx_word' id='word_1_678' title='bbox 2961 2910 3238 2963; x_wconf 76' lang='lat' dir='ltr'><strong>possumus</strong></span> 
     </span>
    </p>
   </div>
   <div class='ocr_carea' id='block_1_91' title="bbox 1687 2977 3238 3048">
    <p class='ocr_par' dir='ltr' id='par_1_91' title="bbox 1687 2977 3238 3048">
     <span class='ocr_line' id='line_1_91' title="bbox 1687 2977 3238 3048; baseline 0.007 -19"><span class='ocrx_word' id='word_1_679' title='bbox 1687 2990 1835 3042; x_wconf 86' lang='lat' dir='ltr'><strong>voce,</strong></span> <span class='ocrx_word' id='word_1_680' title='bbox 1873 2977 2168 3031; x_wconf 87' lang='lat' dir='ltr'><strong>nullatenus</strong></span> <span class='ocrx_word' id='word_1_681' title='bbox 2194 2991 2464 3032; x_wconf 89' lang='lat' dir='ltr'><strong>cessamus</strong></span> <span class='ocrx_word' id='word_1_682' title='bbox 2487 2981 2902 3048; x_wconf 88' lang='lat' dir='ltr'><strong>omnipotentem</strong></span> <span class='ocrx_word' id='word_1_683' title='bbox 2936 2984 3097 3039; x_wconf 89' lang='lat' dir='ltr'><strong>Deum</strong></span> <span class='ocrx_word' id='word_1_684' title='bbox 3127 2990 3238 3040; x_wconf 80' lang='lat' dir='ltr'><strong>suis</strong></span> 
     </span>
    </p>
   </div>
   <div class='ocr_carea' id='block_1_92' title="bbox 1687 3068 3236 3150">
    <p class='ocr_par' dir='ltr' id='par_1_92' title="bbox 1687 3068 3236 3150">
     <span class='ocr_line' id='line_1_92' title="bbox 1687 3068 3236 3150; baseline 0.01 -32"><span class='ocrx_word' id='word_1_685' title='bbox 1687 3068 1902 3122; x_wconf 87' lang='lat' dir='ltr'><strong>minime</strong></span> <span class='ocrx_word' id='word_1_686' title='bbox 1922 3068 2242 3134; x_wconf 84' lang='lat' dir='ltr'><strong>defuturum,</strong></span> <span class='ocrx_word' id='word_1_687' title='bbox 2271 3080 2322 3122; x_wconf 91' lang='lat' dir='ltr'><strong>et</strong></span> <span class='ocrx_word' id='word_1_688' title='bbox 2342 3081 2743 3144; x_wconf 86' lang='lat' dir='ltr'><strong>quantacunque</strong></span> <span class='ocrx_word' id='word_1_689' title='bbox 2761 3076 2829 3129; x_wconf 87' lang='lat' dir='ltr'><strong>sit</strong></span> <span class='ocrx_word' id='word_1_690' title='bbox 2854 3077 3076 3133; x_wconf 88' lang='lat' dir='ltr'><strong>lmmana</strong></span> <span class='ocrx_word' id='word_1_691' title='bbox 3102 3096 3236 3150; x_wconf 74' lang='lat' dir='ltr'><strong>pra:-</strong></span> 
     </span>
    </p>
   </div>
   <div class='ocr_carea' id='block_1_93' title="bbox 1685 3156 3235 3228">
    <p class='ocr_par' dir='ltr' id='par_1_93' title="bbox 1685 3156 3235 3228">
     <span class='ocr_line' id='line_1_93' title="bbox 1685 3156 3235 3228; baseline 0.012 -22"><span class='ocrx_word' id='word_1_692' title='bbox 1685 3156 1938 3222; x_wconf 89' lang='lat' dir='ltr'><strong>sumptio,</strong></span> <span class='ocrx_word' id='word_1_693' title='bbox 1979 3165 2381 3225; x_wconf 86' lang='lat' dir='ltr'><strong>quantacunque</strong></span> <span class='ocrx_word' id='word_1_694' title='bbox 2422 3163 2654 3228; x_wconf 86' lang='lat' dir='ltr'><strong>potentia</strong></span> <span class='ocrx_word' id='word_1_695' title='bbox 2680 3203 2695 3226; x_wconf 94' lang='lat'><strong>,</strong></span> <span class='ocrx_word' id='word_1_696' title='bbox 2736 3166 2835 3217; x_wconf 93' lang='lat' dir='ltr'><strong>sub</strong></span> <span class='ocrx_word' id='word_1_697' title='bbox 2877 3166 3056 3220; x_wconf 88' lang='lat' dir='ltr'><strong>divino</strong></span> <span class='ocrx_word' id='word_1_698' title='bbox 3108 3182 3235 3225; x_wconf 91' lang='lat' dir='ltr'><strong>nutu</strong></span> 
     </span>
    </p>
   </div>
   <div class='ocr_carea' id='block_1_94' title="bbox 1683 3243 3236 3312">
    <p class='ocr_par' dir='ltr' id='par_1_94' title="bbox 1683 3243 3236 3312">
     <span class='ocr_line' id='line_1_94' title="bbox 1683 3243 3236 3312; baseline 0.012 -19"><span class='ocrx_word' id='word_1_699' title='bbox 1683 3243 1835 3310; x_wconf 88' lang='lat' dir='ltr'><strong>hujus</strong></span> <span class='ocrx_word' id='word_1_700' title='bbox 1859 3246 2150 3299; x_wconf 87' lang='lat' dir='ltr'><strong>atrocitatis</strong></span> <span class='ocrx_word' id='word_1_701' title='bbox 2172 3261 2446 3300; x_wconf 86' lang='lat' dir='ltr'><strong>censuram</strong></span> <span class='ocrx_word' id='word_1_702' title='bbox 2477 3250 2591 3302; x_wconf 89' lang='lat' dir='ltr'><strong>sine</strong></span> <span class='ocrx_word' id='word_1_703' title='bbox 2620 3251 2945 3308; x_wconf 89' lang='lat' dir='ltr'><strong>dubitatione</strong></span> <span class='ocrx_word' id='word_1_704' title='bbox 2972 3257 3236 3312; x_wconf 85' lang='lat' dir='ltr'><strong>vindican-</strong></span> 
     </span>
    </p>
   </div>
   <div class='ocr_carea' id='block_1_95' title="bbox 1682 3331 3254 3414">
    <p class='ocr_par' dir='ltr' id='par_1_95' title="bbox 1682 3331 3254 3414">
     <span class='ocr_line' id='line_1_95' title="bbox 1682 3331 3254 3414; baseline 0.01 -30"><span class='ocrx_word' id='word_1_705' title='bbox 1682 3331 1820 3385; x_wconf 90' lang='lat' dir='ltr'><strong>dam.</strong></span> <span class='ocrx_word' id='word_1_706' title='bbox 1851 3333 1978 3386; x_wconf 85' lang='lat' dir='ltr'><strong>Natr.</strong></span> <span class='ocrx_word' id='word_1_707' title='bbox 2004 3334 2158 3387; x_wconf 85' lang='lat' dir='ltr'><strong>talem</strong></span> <span class='ocrx_word' id='word_1_708' title='bbox 2186 3349 2370 3388; x_wconf 88' lang='lat' dir='ltr'><strong>ausum</strong></span> <span class='ocrx_word' id='word_1_709' title='bbox 2401 3351 2571 3404; x_wconf 90' lang='lat' dir='ltr'><strong>neque</strong></span> <span class='ocrx_word' id='word_1_710' title='bbox 2597 3339 2678 3392; x_wconf 88' lang='lat' dir='ltr'><strong>hic</strong></span> <span class='ocrx_word' id='word_1_711' title='bbox 2706 3342 3020 3395; x_wconf 88' lang='lat' dir='ltr'><strong>confidimus</strong></span> <span class='ocrx_word' id='word_1_712' title='bbox 3049 3360 3254 3414; x_wconf 43' lang='lat' dir='ltr'><strong>evasug</strong></span> 
     </span>
    </p>
   </div>
   <div class='ocr_carea' id='block_1_96' title="bbox 1683 3421 3233 3501">
    <p class='ocr_par' dir='ltr' id='par_1_96' title="bbox 1683 3421 3233 3501">
     <span class='ocr_line' id='line_1_96' title="bbox 1683 3421 3233 3501; baseline 0.01 -30"><span class='ocrx_word' id='word_1_713' title='bbox 1683 3435 1824 3482; x_wconf 92' lang='lat' dir='ltr'><strong>rum,</strong></span> <span class='ocrx_word' id='word_1_714' title='bbox 1867 3429 1920 3474; x_wconf 91' lang='lat' dir='ltr'><strong>et</strong></span> <span class='ocrx_word' id='word_1_715' title='bbox 1945 3421 1994 3474; x_wconf 82' lang='lat' dir='ltr'><strong>in</strong></span> <span class='ocrx_word' id='word_1_716' title='bbox 2025 3422 2116 3474; x_wconf 92' lang='lat' dir='ltr'><strong>illo</strong></span> <span class='ocrx_word' id='word_1_717' title='bbox 2146 3437 2334 3490; x_wconf 80' lang='lat' dir='ltr'><strong>magno</strong></span> <span class='ocrx_word' id='word_1_718' title='bbox 2361 3424 2452 3477; x_wconf 89' lang='lat' dir='ltr'><strong>Dei</strong></span> <span class='ocrx_word' id='word_1_719' title='bbox 2489 3426 2689 3493; x_wconf 90' lang='lat' dir='ltr'><strong>judicio</strong></span> <span class='ocrx_word' id='word_1_720' title='bbox 2715 3440 3069 3497; x_wconf 89' lang='lat' dir='ltr'><strong>recepturum,</strong></span> <span class='ocrx_word' id='word_1_721' title='bbox 3096 3437 3233 3501; x_wconf 87' lang='lat' dir='ltr'><strong>quod</strong></span> 
     </span>
    </p>
   </div>
   <div class='ocr_carea' id='block_1_97' title="bbox 1683 3505 3236 3575">
    <p class='ocr_par' dir='ltr' id='par_1_97' title="bbox 1683 3505 3236 3575">
     <span class='ocr_line' id='line_1_97' title="bbox 1683 3505 3236 3575; baseline 0.01 -16"><span class='ocrx_word' id='word_1_722' title='bbox 1683 3505 1749 3559; x_wconf 88' lang='lat' dir='ltr'><strong>iis</strong></span> <span class='ocrx_word' id='word_1_723' title='bbox 1770 3509 2152 3562; x_wconf 88' lang='lat' dir='ltr'><strong>temeritatibns</strong></span> <span class='ocrx_word' id='word_1_724' title='bbox 2174 3509 2348 3563; x_wconf 80' lang='lat' dir='ltr'><strong>divina</strong></span> <span class='ocrx_word' id='word_1_725' title='bbox 2375 3512 2718 3569; x_wconf 89' lang='lat' dir='ltr'><strong>retributione</strong></span> <span class='ocrx_word' id='word_1_726' title='bbox 2740 3516 2978 3572; x_wconf 86' lang='lat' dir='ltr'><strong>debetur.</strong></span> <span class='ocrx_word' id='word_1_727' title='bbox 2999 3520 3120 3574; x_wconf 66' lang='lat' dir='ltr'><strong>llaec</strong></span> <span class='ocrx_word' id='word_1_728' title='bbox 3140 3527 3236 3575; x_wconf 78' lang='lat' dir='ltr'><strong>nos</strong></span> 
     </span>
    </p>
   </div>
   <div class='ocr_carea' id='block_1_98' title="bbox 1683 3597 3233 3674">
    <p class='ocr_par' dir='ltr' id='par_1_98' title="bbox 1683 3597 3233 3674">
     <span class='ocr_line' id='line_1_98' title="bbox 1683 3597 3233 3674; baseline 0.014 -30"><span class='ocrx_word' id='word_1_729' title='bbox 1683 3608 2009 3661; x_wconf 88' lang='lat' dir='ltr'><strong>nequaquam</strong></span> <span class='ocrx_word' id='word_1_730' title='bbox 2044 3597 2270 3651; x_wconf 88' lang='lat' dir='ltr'><strong>tacuisse</strong></span> <span class='ocrx_word' id='word_1_731' title='bbox 2304 3599 2550 3666; x_wconf 85' lang='lat' dir='ltr'><strong>sufficiat,</strong></span> <span class='ocrx_word' id='word_1_732' title='bbox 2584 3611 2638 3655; x_wconf 88' lang='lat' dir='ltr'><strong>ttt</strong></span> <span class='ocrx_word' id='word_1_733' title='bbox 2669 3618 2786 3656; x_wconf 90' lang='lat' dir='ltr'><strong>cum</strong></span> <span class='ocrx_word' id='word_1_734' title='bbox 2814 3619 3037 3674; x_wconf 89' lang='lat' dir='ltr'><strong>superna</strong></span> <span class='ocrx_word' id='word_1_735' title='bbox 3075 3609 3233 3666; x_wconf 84' lang='lat' dir='ltr'><strong>fuerit</strong></span> 
     </span>
    </p>
   </div>
   <div class='ocr_carea' id='block_1_99' title="bbox 1681 3680 3231 3756">
    <p class='ocr_par' dir='ltr' id='par_1_99' title="bbox 1681 3680 3231 3756">
     <span class='ocr_line' id='line_1_99' title="bbox 1681 3680 3231 3756; baseline 0.014 -25"><span class='ocrx_word' id='word_1_736' title='bbox 1681 3680 1812 3745; x_wconf 88' lang='lat' dir='ltr'><strong>ultio</strong></span> <span class='ocrx_word' id='word_1_737' title='bbox 1849 3683 2150 3743; x_wconf 84' lang='lat' dir='ltr'><strong>subsecuta,</strong></span> <span class='ocrx_word' id='word_1_738' title='bbox 2188 3694 2240 3737; x_wconf 92' lang='lat' dir='ltr'><strong>et</strong></span> <span class='ocrx_word' id='word_1_739' title='bbox 2281 3700 2404 3738; x_wconf 81' lang='lat' dir='ltr'><strong>vera</strong></span> <span class='ocrx_word' id='word_1_740' title='bbox 2435 3700 2529 3740; x_wconf 86' lang='lat' dir='ltr'><strong>nos</strong></span> <span class='ocrx_word' id='word_1_741' title='bbox 2565 3691 2844 3756; x_wconf 87' lang='lat' dir='ltr'><strong>protulisse</strong></span> <span class='ocrx_word' id='word_1_742' title='bbox 2878 3697 3231 3752; x_wconf 81' lang='lat' dir='ltr'><strong>consideratio</strong></span> 
     </span>
    </p>
   </div>
   <div class='ocr_carea' id='block_1_100' title="bbox 1683 3768 3228 3853">
    <p class='ocr_par' dir='ltr' id='par_1_100' title="bbox 1683 3768 3228 3853">
     <span class='ocr_line' id='line_1_100' title="bbox 1683 3768 3228 3853; baseline 0.017 -35"><span class='ocrx_word' id='word_1_743' title='bbox 1683 3768 1906 3823; x_wconf 87' lang='lat' dir='ltr'><strong>humana</strong></span> <span class='ocrx_word' id='word_1_744' title='bbox 1943 3782 2244 3840; x_wconf 87' lang='lat' dir='ltr'><strong>cognoscat,</strong></span> <span class='ocrx_word' id='word_1_745' title='bbox 2274 3782 2327 3826; x_wconf 89' lang='lat' dir='ltr'><strong>et</strong></span> <span class='ocrx_word' id='word_1_746' title='bbox 2366 3789 2571 3842; x_wconf 72' lang='lat' dir='ltr'><strong>pmnam</strong></span> <span class='ocrx_word' id='word_1_747' title='bbox 2607 3794 2708 3831; x_wconf 93' lang='lat' dir='ltr'><strong>non</strong></span> <span class='ocrx_word' id='word_1_748' title='bbox 2747 3781 2971 3837; x_wconf 88' lang='lat' dir='ltr'><strong>inaniter</strong></span> <span class='ocrx_word' id='word_1_749' title='bbox 2997 3801 3228 3853; x_wconf 89' lang='lat' dir='ltr'><strong>pronun-</strong></span> 
     </span>
    </p>
   </div>
   <div class='ocr_carea' id='block_1_101' title="bbox 1681 3854 3227 3934">
    <p class='ocr_par' dir='ltr' id='par_1_101' title="bbox 1681 3854 3227 3934">
     <span class='ocr_line' id='line_1_101' title="bbox 1681 3854 3227 3934; baseline 0.015 -28"><span class='ocrx_word' id='word_1_750' title='bbox 1681 3854 1842 3909; x_wconf 84' lang='lat' dir='ltr'><strong>tiasse</strong></span> <span class='ocrx_word' id='word_1_751' title='bbox 1881 3867 2176 3926; x_wconf 88' lang='lat' dir='ltr'><strong>venturam,</strong></span> <span class='ocrx_word' id='word_1_752' title='bbox 2216 3871 2267 3913; x_wconf 90' lang='lat' dir='ltr'><strong>et</strong></span> <span class='ocrx_word' id='word_1_753' title='bbox 2303 3865 2650 3930; x_wconf 67' lang='lat' dir='ltr'><strong>praeposuisse</strong></span> <span class='ocrx_word' id='word_1_754' title='bbox 2681 3871 3090 3934; x_wconf 68' lang='lat' dir='ltr'><strong>prmmnnitionis</strong></span> <span class='ocrx_word' id='word_1_755' title='bbox 3121 3878 3227 3930; x_wconf 76' lang='lat' dir='ltr'><strong>{or-</strong></span> 
     </span>
    </p>
   </div>
   <div class='ocr_carea' id='block_1_102' title="bbox 1680 3949 3228 4037">
    <p class='ocr_par' dir='ltr' id='par_1_102' title="bbox 1680 3949 3228 4037">
     <span class='ocr_line' id='line_1_102' title="bbox 1680 3949 3228 4037; baseline 0.019 -40"><span class='ocrx_word' id='word_1_756' title='bbox 1680 3959 1839 4010; x_wconf 90' lang='lat' dir='ltr'><strong>mam,</strong></span> <span class='ocrx_word' id='word_1_757' title='bbox 1877 3962 1976 4014; x_wconf 90' lang='lat' dir='ltr'><strong>qua</strong></span> <span class='ocrx_word' id='word_1_758' title='bbox 2015 3949 2318 4018; x_wconf 88' lang='lat' dir='ltr'><strong>hujusmodi</strong></span> <span class='ocrx_word' id='word_1_759' title='bbox 2357 3956 2662 4023; x_wconf 74' lang='lat' dir='ltr'><strong>praecipitiis</strong></span> <span class='ocrx_word' id='word_1_760' title='bbox 2703 3959 2768 4015; x_wconf 89' lang='lat' dir='ltr'><strong>de</strong></span> <span class='ocrx_word' id='word_1_761' title='bbox 2806 3973 2999 4018; x_wconf 72' lang='lat' dir='ltr'><strong>etetero</strong></span> <span class='ocrx_word' id='word_1_762' title='bbox 3032 3977 3228 4037; x_wconf 89' lang='lat' dir='ltr'><strong>tempe-</strong></span> 
     </span>
    </p>
   </div>
   <div class='ocr_carea' id='block_1_103' title="bbox 1680 4035 3230 4120">
    <p class='ocr_par' dir='ltr' id='par_1_103' title="bbox 1680 4035 3230 4120">
     <span class='ocr_line' id='line_1_103' title="bbox 1680 4035 3230 4120; baseline 0.015 -35"><span class='ocrx_word' id='word_1_763' title='bbox 1680 4043 1844 4087; x_wconf 89' lang='lat' dir='ltr'><strong>retur.</strong></span> <span class='ocrx_word' id='word_1_764' title='bbox 1889 4035 2044 4088; x_wconf 90' lang='lat' dir='ltr'><strong>Certe</strong></span> <span class='ocrx_word' id='word_1_765' title='bbox 2101 4038 2143 4089; x_wconf 84' lang='lat' dir='ltr'><strong>si</strong></span> <span class='ocrx_word' id='word_1_766' title='bbox 2202 4038 2495 4106; x_wconf 84' lang='lat' dir='ltr'><strong>hujusmodi</strong></span> <span class='ocrx_word' id='word_1_767' title='bbox 2539 4057 2813 4113; x_wconf 90' lang='lat' dir='ltr'><strong>propterea</strong></span> <span class='ocrx_word' id='word_1_768' title='bbox 2859 4035 3230 4120; x_wconf 83' lang='lat' dir='ltr'><strong>relinquendus</strong></span> 
     </span>
    </p>
   </div>
   <div class='ocr_carea' id='block_1_104' title="bbox 1680 4121 3227 4198">
    <p class='ocr_par' dir='ltr' id='par_1_104' title="bbox 1680 4121 3227 4198">
     <span class='ocr_line' id='line_1_104' title="bbox 1680 4121 3227 4198; baseline 0.017 -27"><span class='ocrx_word' id='word_1_769' title='bbox 1680 4121 1893 4188; x_wconf 89' lang='lat' dir='ltr'><strong>proprio</strong></span> <span class='ocrx_word' id='word_1_770' title='bbox 1915 4123 2147 4177; x_wconf 88' lang='lat' dir='ltr'><strong>definitis</strong></span> <span class='ocrx_word' id='word_1_771' title='bbox 2162 4128 2534 4198; x_wconf 88' lang='lat' dir='ltr'><strong>arbitrio,quia</strong></span> <span class='ocrx_word' id='word_1_772' title='bbox 2555 4148 2649 4186; x_wconf 89' lang='lat' dir='ltr'><strong>nec</strong></span> <span class='ocrx_word' id='word_1_773' title='bbox 2667 4148 2696 4187; x_wconf 89' lang='lat' dir='ltr'><strong>a</strong></span> <span class='ocrx_word' id='word_1_774' title='bbox 2719 4135 3025 4192; x_wconf 81' lang='lat' dir='ltr'><strong>Christianis</strong></span> <span class='ocrx_word' id='word_1_775' title='bbox 3049 4147 3227 4198; x_wconf 84' lang='lat' dir='ltr'><strong>vexari</strong></span> 
     </span>
    </p>
   </div>
   <div class='ocr_carea' id='block_1_105' title="bbox 1678 4209 3230 4290">
    <p class='ocr_par' dir='ltr' id='par_1_105' title="bbox 1678 4209 3230 4290">
     <span class='ocr_line' id='line_1_105' title="bbox 1678 4209 3230 4290; baseline 0.015 -30"><span class='ocrx_word' id='word_1_776' title='bbox 1678 4209 1861 4262; x_wconf 88' lang='lat' dir='ltr'><strong>deceat</strong></span> <span class='ocrx_word' id='word_1_777' title='bbox 1897 4210 2163 4265; x_wconf 89' lang='lat' dir='ltr'><strong>Christum</strong></span> <span class='ocrx_word' id='word_1_778' title='bbox 2203 4230 2518 4285; x_wconf 89' lang='lat' dir='ltr'><strong>quocunque</strong></span> <span class='ocrx_word' id='word_1_779' title='bbox 2558 4220 2708 4273; x_wconf 89' lang='lat' dir='ltr'><strong>titulo</strong></span> <span class='ocrx_word' id='word_1_780' title='bbox 2751 4226 3084 4290; x_wconf 87' lang='lat' dir='ltr'><strong>confitcntes,</strong></span> <span class='ocrx_word' id='word_1_781' title='bbox 3133 4246 3230 4284; x_wconf 85' lang='lat' dir='ltr'><strong>nec</strong></span> 
     </span>
    </p>
   </div>
   <div class='ocr_carea' id='block_1_106' title="bbox 1678 4301 3229 4376">
    <p class='ocr_par' dir='ltr' id='par_1_106' title="bbox 1678 4301 3229 4376">
     <span class='ocr_line' id='line_1_106' title="bbox 1678 4301 3229 4376; baseline 0.018 -28"><span class='ocrx_word' id='word_1_782' title='bbox 1678 4301 1914 4354; x_wconf 81' lang='lat' dir='ltr'><strong>virentes</strong></span> <span class='ocrx_word' id='word_1_783' title='bbox 1942 4302 1989 4353; x_wconf 93' lang='lat' dir='ltr'><strong>in</strong></span> <span class='ocrx_word' id='word_1_784' title='bbox 2009 4302 2129 4370; x_wconf 89' lang='lat' dir='ltr'><strong>jure</strong></span> <span class='ocrx_word' id='word_1_785' title='bbox 2159 4305 2398 4360; x_wconf 80' lang='lat' dir='ltr'><strong>Romano</strong></span> <span class='ocrx_word' id='word_1_786' title='bbox 2428 4309 2645 4365; x_wconf 88' lang='lat' dir='ltr'><strong>lacerari</strong></span> <span class='ocrx_word' id='word_1_787' title='bbox 2668 4317 2947 4370; x_wconf 80' lang='lat' dir='ltr'><strong>conveniat</strong></span> <span class='ocrx_word' id='word_1_788' title='bbox 2976 4334 3003 4371; x_wconf 86' lang='lat' dir='ltr'><strong>a</strong></span> <span class='ocrx_word' id='word_1_789' title='bbox 3035 4319 3229 4376; x_wconf 79' lang='lat' dir='ltr'><strong>Roma-</strong></span> 
     </span>
    </p>
   </div>
   <div class='ocr_carea' id='block_1_107' title="bbox 1678 4388 3226 4474">
    <p class='ocr_par' dir='ltr' id='par_1_107' title="bbox 1678 4388 3226 4474">
     <span class='ocr_line' id='line_1_107' title="bbox 1678 4388 3226 4474; baseline 0.017 -36"><span class='ocrx_word' id='word_1_790' title='bbox 1678 4388 1791 4451; x_wconf 90' lang='lat' dir='ltr'><strong>nis;</strong></span> <span class='ocrx_word' id='word_1_791' title='bbox 1819 4401 2204 4458; x_wconf 88' lang='lat' dir='ltr'><strong>consequenter</strong></span> <span class='ocrx_word' id='word_1_792' title='bbox 2223 4395 2548 4457; x_wconf 86' lang='lat' dir='ltr'><strong>ostenditur.</strong></span> <span class='ocrx_word' id='word_1_793' title='bbox 2590 4399 2852 4457; x_wconf 83' lang='lat' dir='ltr'><strong>Romanos</strong></span> <span class='ocrx_word' id='word_1_794' title='bbox 2883 4403 3143 4474; x_wconf 87' lang='lat' dir='ltr'><strong>homines,</strong></span> <span class='ocrx_word' id='word_1_795' title='bbox 3173 4421 3226 4463; x_wconf 90' lang='lat' dir='ltr'><strong>et</strong></span> 
     </span>
    </p>
   </div>
   <div class='ocr_carea' id='block_1_108' title="bbox 1676 4477 3226 4560">
    <p class='ocr_par' dir='ltr' id='par_1_108' title="bbox 1676 4477 3226 4560">
     <span class='ocr_line' id='line_1_108' title="bbox 1676 4477 3226 4560; baseline 0.019 -36"><span class='ocrx_word' id='word_1_796' title='bbox 1676 4477 2054 4542; x_wconf 86' lang='lat' dir='ltr'><strong>qualiscunque</strong></span> <span class='ocrx_word' id='word_1_797' title='bbox 2094 4478 2412 4536; x_wconf 62' lang='lat' dir='ltr'><strong>Christianae</strong></span> <span class='ocrx_word' id='word_1_798' title='bbox 2437 4488 2774 4552; x_wconf 84' lang='lat' dir='ltr'><strong>professionis</strong></span> <span class='ocrx_word' id='word_1_799' title='bbox 2814 4491 3086 4560; x_wconf 88' lang='lat' dir='ltr'><strong>impetere,</strong></span> <span class='ocrx_word' id='word_1_800' title='bbox 3130 4513 3226 4553; x_wconf 89' lang='lat' dir='ltr'><strong>nec</strong></span> 
     </span>
    </p>
   </div>
   <div class='ocr_carea' id='block_1_109' title="bbox 1678 4567 3221 4649">
    <p class='ocr_par' dir='ltr' id='par_1_109' title="bbox 1678 4567 3221 4649">
     <span class='ocr_line' id='line_1_109' title="bbox 1678 4567 3221 4649; baseline 0.017 -31"><span class='ocrx_word' id='word_1_801' title='bbox 1678 4567 2032 4624; x_wconf 85' lang='lat' dir='ltr'><strong>Christianum</strong></span> <span class='ocrx_word' id='word_1_802' title='bbox 2046 4572 2148 4626; x_wconf 88' lang='lat' dir='ltr'><strong>dici</strong></span> <span class='ocrx_word' id='word_1_803' title='bbox 2169 4589 2323 4640; x_wconf 88' lang='lat' dir='ltr'><strong>posse</strong></span> <span class='ocrx_word' id='word_1_804' title='bbox 2335 4578 2503 4632; x_wconf 89' lang='lat' dir='ltr'><strong>modis</strong></span> <span class='ocrx_word' id='word_1_805' title='bbox 2516 4581 2780 4649; x_wconf 89' lang='lat' dir='ltr'><strong>omnibus,</strong></span> <span class='ocrx_word' id='word_1_806' title='bbox 2797 4601 2892 4639; x_wconf 91' lang='lat' dir='ltr'><strong>nec</strong></span> <span class='ocrx_word' id='word_1_807' title='bbox 2907 4588 3221 4645; x_wconf 78' lang='lat' dir='ltr'><strong>Romanum.</strong></span> 
     </span>
    </p>
   </div>
   <div class='ocr_carea' id='block_1_110' title="bbox 1679 4655 3225 4744">
    <p class='ocr_par' dir='ltr' id='par_1_110' title="bbox 1679 4655 3225 4744">
     <span class='ocr_line' id='line_1_110' title="bbox 1679 4655 3225 4744; baseline 0.016 -37"><span class='ocrx_word' id='word_1_808' title='bbox 1679 4655 1907 4711; x_wconf 89' lang='lat' dir='ltr'><strong>Proinde</strong></span> <span class='ocrx_word' id='word_1_809' title='bbox 1946 4667 2037 4712; x_wconf 89' lang='lat' dir='ltr'><strong>aut</strong></span> <span class='ocrx_word' id='word_1_810' title='bbox 2074 4663 2357 4728; x_wconf 86' lang='lat' dir='ltr'><strong>repellendi</strong></span> <span class='ocrx_word' id='word_1_811' title='bbox 2403 4665 2632 4732; x_wconf 88' lang='lat' dir='ltr'><strong>fuerant,</strong></span> <span class='ocrx_word' id='word_1_812' title='bbox 2674 4680 2763 4722; x_wconf 89' lang='lat' dir='ltr'><strong>aut</strong></span> <span class='ocrx_word' id='word_1_813' title='bbox 2801 4674 2976 4728; x_wconf 90' lang='lat' dir='ltr'><strong>nullus</strong></span> <span class='ocrx_word' id='word_1_814' title='bbox 3016 4679 3225 4744; x_wconf 88' lang='lat' dir='ltr'><strong>penitus</strong></span> 
     </span>
    </p>
   </div>
   <div class='ocr_carea' id='block_1_111' title="bbox 1679 4746 3224 4828">
    <p class='ocr_par' dir='ltr' id='par_1_111' title="bbox 1679 4746 3224 4828">
     <span class='ocr_line' id='line_1_111' title="bbox 1679 4746 3224 4828; baseline 0.015 -30"><span class='ocrx_word' id='word_1_815' title='bbox 1679 4746 2030 4814; x_wconf 86' lang='lat' dir='ltr'><strong>itnpetendus,</strong></span> <span class='ocrx_word' id='word_1_816' title='bbox 2057 4761 2111 4804; x_wconf 91' lang='lat' dir='ltr'><strong>et</strong></span> <span class='ocrx_word' id='word_1_817' title='bbox 2139 4753 2276 4819; x_wconf 91' lang='lat' dir='ltr'><strong>quod</strong></span> <span class='ocrx_word' id='word_1_818' title='bbox 2303 4753 2354 4806; x_wconf 93' lang='lat' dir='ltr'><strong>in</strong></span> <span class='ocrx_word' id='word_1_819' title='bbox 2387 4770 2491 4808; x_wconf 91' lang='lat' dir='ltr'><strong>uno</strong></span> <span class='ocrx_word' id='word_1_820' title='bbox 2524 4773 2716 4825; x_wconf 88' lang='lat' dir='ltr'><strong>genere</strong></span> <span class='ocrx_word' id='word_1_821' title='bbox 2741 4760 2945 4828; x_wconf 89' lang='lat' dir='ltr'><strong>judicas</strong></span> <span class='ocrx_word' id='word_1_822' title='bbox 2976 4781 3224 4822; x_wconf 57' lang='lat' dir='ltr'><strong>amoveo-</strong></span> 
     </span>
    </p>
   </div>
   <div class='ocr_carea' id='block_1_112' title="bbox 1679 4835 3225 4915">
    <p class='ocr_par' dir='ltr' id='par_1_112' title="bbox 1679 4835 3225 4915">
     <span class='ocr_line' id='line_1_112' title="bbox 1679 4835 3225 4915; baseline 0.016 -29"><span class='ocrx_word' id='word_1_823' title='bbox 1679 4835 1822 4898; x_wconf 88' lang='lat' dir='ltr'><strong>dum,</strong></span> <span class='ocrx_word' id='word_1_824' title='bbox 1850 4837 1904 4889; x_wconf 92' lang='lat' dir='ltr'><strong>in</strong></span> <span class='ocrx_word' id='word_1_825' title='bbox 1932 4839 2174 4893; x_wconf 91' lang='lat' dir='ltr'><strong>omnibus</strong></span> <span class='ocrx_word' id='word_1_826' title='bbox 2204 4844 2418 4909; x_wconf 87' lang='lat' dir='ltr'><strong>repelle,</strong></span> <span class='ocrx_word' id='word_1_827' title='bbox 2443 4846 2484 4897; x_wconf 90' lang='lat' dir='ltr'><strong>si</strong></span> <span class='ocrx_word' id='word_1_828' title='bbox 2512 4848 2785 4915; x_wconf 59' lang='lat' dir='ltr'><strong>praevales.</strong></span> <span class='ocrx_word' id='word_1_829' title='bbox 2819 4851 2874 4904; x_wconf 90' lang='lat' dir='ltr'><strong>Si</strong></span> <span class='ocrx_word' id='word_1_830' title='bbox 2899 4854 3069 4906; x_wconf 90' lang='lat' dir='ltr'><strong>omnia</strong></span> <span class='ocrx_word' id='word_1_831' title='bbox 3101 4867 3225 4911; x_wconf 88' lang='lat' dir='ltr'><strong>sunt</strong></span> 
     </span>
    </p>
   </div>
   <div class='ocr_carea' id='block_1_113' title="bbox 1675 4927 3220 5011">
    <p class='ocr_par' dir='ltr' id='par_1_113' title="bbox 1675 4927 3220 5011">
     <span class='ocr_line' id='line_1_113' title="bbox 1675 4927 3220 5011; baseline 0.017 -35"><span class='ocrx_word' id='word_1_832' title='bbox 1675 4927 1913 4989; x_wconf 70' lang='lat' dir='ltr'><strong>sinendo,</strong></span> <span class='ocrx_word' id='word_1_833' title='bbox 1960 4930 2134 4983; x_wconf 92' lang='lat' dir='ltr'><strong>nullus</strong></span> <span class='ocrx_word' id='word_1_834' title='bbox 2178 4934 2381 4999; x_wconf 89' lang='lat' dir='ltr'><strong>penitus</strong></span> <span class='ocrx_word' id='word_1_835' title='bbox 2421 4937 2797 4993; x_wconf 82' lang='lat' dir='ltr'><strong>excludendos.</strong></span> <span class='ocrx_word' id='word_1_836' title='bbox 2848 4943 3058 5011; x_wconf 84' lang='lat' dir='ltr'><strong>Alioqui</strong></span> <span class='ocrx_word' id='word_1_837' title='bbox 3097 4947 3220 5002; x_wconf 91' lang='lat' dir='ltr'><strong>dum</strong></span> 
     </span>
    </p>
   </div>
   <div class='ocr_carea' id='block_1_114' title="bbox 1677 5015 3220 5092">
    <p class='ocr_par' dir='ltr' id='par_1_114' title="bbox 1677 5015 3220 5092">
     <span class='ocr_line' id='line_1_114' title="bbox 1677 5015 3220 5092; baseline 0.017 -27"><span class='ocrx_word' id='word_1_838' title='bbox 1677 5015 1941 5080; x_wconf 87' lang='lat' dir='ltr'><strong>parcendo</strong></span> <span class='ocrx_word' id='word_1_839' title='bbox 1961 5021 2166 5084; x_wconf 82' lang='lat' dir='ltr'><strong>cunctis</strong></span> <span class='ocrx_word' id='word_1_840' title='bbox 2186 5023 2454 5078; x_wconf 89' lang='lat' dir='ltr'><strong>erroribus</strong></span> <span class='ocrx_word' id='word_1_841' title='bbox 2476 5026 2548 5080; x_wconf 87' lang='lat' dir='ltr'><strong>sis</strong></span> <span class='ocrx_word' id='word_1_842' title='bbox 2570 5030 2788 5092; x_wconf 87' lang='lat' dir='ltr'><strong>amicus,</strong></span> <span class='ocrx_word' id='word_1_843' title='bbox 2806 5047 2906 5084; x_wconf 94' lang='lat' dir='ltr'><strong>non</strong></span> <span class='ocrx_word' id='word_1_844' title='bbox 2932 5036 3030 5088; x_wconf 89' lang='lat' dir='ltr'><strong>nisi</strong></span> <span class='ocrx_word' id='word_1_845' title='bbox 3052 5037 3220 5090; x_wconf 91' lang='lat' dir='ltr'><strong>solum</strong></span> 
     </span>
    </p>
   </div>
   <div class='ocr_carea' id='block_1_115' title="bbox 1675 5103 3222 5187">
    <p class='ocr_par' dir='ltr' id='par_1_115' title="bbox 1675 5103 3222 5187">
     <span class='ocr_line' id='line_1_115' title="bbox 1675 5103 3222 5187; baseline 0.017 -34"><span class='ocrx_word' id='word_1_846' title='bbox 1675 5103 1767 5154; x_wconf 92' lang='lat' dir='ltr'><strong>tibi</strong></span> <span class='ocrx_word' id='word_1_847' title='bbox 1812 5105 2062 5171; x_wconf 88' lang='lat' dir='ltr'><strong>probatur</strong></span> <span class='ocrx_word' id='word_1_848' title='bbox 2098 5109 2433 5178; x_wconf 81' lang='lat' dir='ltr'><strong>displicuisse</strong></span> <span class='ocrx_word' id='word_1_849' title='bbox 2473 5118 2608 5181; x_wconf 91' lang='lat' dir='ltr'><strong>quod</strong></span> <span class='ocrx_word' id='word_1_850' title='bbox 2654 5133 2832 5173; x_wconf 90' lang='lat' dir='ltr'><strong>verum</strong></span> <span class='ocrx_word' id='word_1_851' title='bbox 2887 5135 2987 5176; x_wconf 89' lang='lat' dir='ltr'><strong>est.</strong></span> <span class='ocrx_word' id='word_1_852' title='bbox 3030 5127 3222 5187; x_wconf 84' lang='lat' dir='ltr'><strong>Omnes</strong></span> 
     </span>
    </p>
   </div>
   <div class='ocr_carea' id='block_1_116' title="bbox 1674 5192 3220 5277">
    <p class='ocr_par' dir='ltr' id='par_1_116' title="bbox 1674 5192 3220 5277">
     <span class='ocr_line' id='line_1_116' title="bbox 1674 5192 3220 5277; baseline 0.016 -33"><span class='ocrx_word' id='word_1_853' title='bbox 1674 5192 1917 5246; x_wconf 89' lang='lat' dir='ltr'><strong>catholici</strong></span> <span class='ocrx_word' id='word_1_854' title='bbox 1959 5195 2243 5263; x_wconf 69' lang='lat' dir='ltr'><strong>principes,</strong></span> <span class='ocrx_word' id='word_1_855' title='bbox 2289 5202 2399 5254; x_wconf 88' lang='lat' dir='ltr'><strong>sive</strong></span> <span class='ocrx_word' id='word_1_856' title='bbox 2436 5219 2554 5257; x_wconf 91' lang='lat' dir='ltr'><strong>cum</strong></span> <span class='ocrx_word' id='word_1_857' title='bbox 2598 5207 2834 5273; x_wconf 89' lang='lat' dir='ltr'><strong>imperiis</strong></span> <span class='ocrx_word' id='word_1_858' title='bbox 2872 5213 3220 5277; x_wconf 84' lang='lat' dir='ltr'><strong>gubernacula</strong></span> 
     </span>
    </p>
   </div>
   <div class='ocr_carea' id='block_1_117' title="bbox 1675 5289 3220 5370">
    <p class='ocr_par' dir='ltr' id='par_1_117' title="bbox 1675 5289 3220 5370">
     <span class='ocr_line' id='line_1_117' title="bbox 1675 5289 3220 5370; baseline 0.017 -38"><span class='ocrx_word' id='word_1_859' title='bbox 1675 5295 2035 5350; x_wconf 85' lang='lat' dir='ltr'><strong>susceperunt,</strong></span> <span class='ocrx_word' id='word_1_860' title='bbox 2064 5289 2175 5341; x_wconf 90' lang='lat' dir='ltr'><strong>sive</strong></span> <span class='ocrx_word' id='word_1_861' title='bbox 2195 5304 2312 5342; x_wconf 89' lang='lat' dir='ltr'><strong>cum</strong></span> <span class='ocrx_word' id='word_1_862' title='bbox 2342 5295 2641 5358; x_wconf 49' lang='lat' dir='ltr'><strong>apostolica:</strong></span> <span class='ocrx_word' id='word_1_863' title='bbox 2669 5299 2779 5350; x_wconf 86' lang='lat' dir='ltr'><strong>sedi</strong></span> <span class='ocrx_word' id='word_1_864' title='bbox 2803 5314 2966 5353; x_wconf 85' lang='lat' dir='ltr'><strong>novos</strong></span> <span class='ocrx_word' id='word_1_865' title='bbox 2994 5318 3220 5370; x_wconf 83' lang='lat' dir='ltr'><strong>agnove-</strong></span> 
     </span>
    </p>
   </div>
   <div class='ocr_carea' id='block_1_118' title="bbox 1676 5378 3220 5462">
    <p class='ocr_par' dir='ltr' id='par_1_118' title="bbox 1676 5378 3220 5462">
     <span class='ocr_line' id='line_1_118' title="bbox 1676 5378 3220 5462; baseline 0.016 -39"><span class='ocrx_word' id='word_1_866' title='bbox 1676 5381 1796 5424; x_wconf 89' lang='lat' dir='ltr'><strong>runt</strong></span> <span class='ocrx_word' id='word_1_867' title='bbox 1826 5378 2076 5439; x_wconf 61' lang='lat' dir='ltr'><strong>praesules</strong></span> <span class='ocrx_word' id='word_1_868' title='bbox 2108 5379 2392 5442; x_wconf 81' lang='lat' dir='ltr'><strong>institutos,</strong></span> <span class='ocrx_word' id='word_1_869' title='bbox 2418 5384 2479 5435; x_wconf 91' lang='lat' dir='ltr'><strong>ad</strong></span> <span class='ocrx_word' id='word_1_870' title='bbox 2503 5400 2616 5436; x_wconf 87' lang='lat' dir='ltr'><strong>eam</strong></span> <span class='ocrx_word' id='word_1_871' title='bbox 2640 5402 2732 5439; x_wconf 89' lang='lat' dir='ltr'><strong>sua</strong></span> <span class='ocrx_word' id='word_1_872' title='bbox 2763 5392 3004 5456; x_wconf 90' lang='lat' dir='ltr'><strong>protinus</strong></span> <span class='ocrx_word' id='word_1_873' title='bbox 3027 5395 3220 5462; x_wconf 88' lang='lat' dir='ltr'><strong>scripta</strong></span> 
     </span>
    </p>
   </div>
   <div class='ocr_carea' id='block_1_119' title="bbox 1676 5463 3222 5550">
    <p class='ocr_par' dir='ltr' id='par_1_119' title="bbox 1676 5463 3222 5550">
     <span class='ocr_line' id='line_1_119' title="bbox 1676 5463 3222 5550; baseline 0.017 -39"><span class='ocrx_word' id='word_1_874' title='bbox 1676 5463 1955 5526; x_wconf 65' lang='lat' dir='ltr'><strong>miserunt,</strong></span> <span class='ocrx_word' id='word_1_875' title='bbox 1990 5475 2043 5517; x_wconf 93' lang='lat' dir='ltr'><strong>ut</strong></span> <span class='ocrx_word' id='word_1_876' title='bbox 2067 5482 2124 5519; x_wconf 91' lang='lat' dir='ltr'><strong>se</strong></span> <span class='ocrx_word' id='word_1_877' title='bbox 2150 5470 2400 5523; x_wconf 87' lang='lat' dir='ltr'><strong>docerent</strong></span> <span class='ocrx_word' id='word_1_878' title='bbox 2429 5472 2541 5539; x_wconf 75' lang='lat' dir='ltr'><strong>ejus</strong></span> <span class='ocrx_word' id='word_1_879' title='bbox 2577 5490 2694 5529; x_wconf 84' lang='lat' dir='ltr'><strong>esse</strong></span> <span class='ocrx_word' id='word_1_880' title='bbox 2720 5491 3013 5534; x_wconf 87' lang='lat' dir='ltr'><strong>consortes.</strong></span> <span class='ocrx_word' id='word_1_881' title='bbox 3045 5481 3222 5550; x_wconf 82' lang='lat' dir='ltr'><strong>Itaque</strong></span> 
     </span>
    </p>
   </div>
   <div class='ocr_carea' id='block_1_120' title="bbox 1675 5550 3221 5636">
    <p class='ocr_par' dir='ltr' id='par_1_120' title="bbox 1675 5550 3221 5636">
     <span class='ocr_line' id='line_1_120' title="bbox 1675 5550 3221 5636; baseline 0.017 -36"><span class='ocrx_word' id='word_1_882' title='bbox 1675 5550 1762 5614; x_wconf 88' lang='lat' dir='ltr'><strong>qui</strong></span> <span class='ocrx_word' id='word_1_883' title='bbox 1794 5551 1890 5604; x_wconf 90' lang='lat' dir='ltr'><strong>hoc</strong></span> <span class='ocrx_word' id='word_1_884' title='bbox 1920 5569 2022 5605; x_wconf 88' lang='lat' dir='ltr'><strong>non</strong></span> <span class='ocrx_word' id='word_1_885' title='bbox 2062 5556 2331 5621; x_wconf 84' lang='lat' dir='ltr'><strong>fecerunt,</strong></span> <span class='ocrx_word' id='word_1_886' title='bbox 2375 5561 2440 5613; x_wconf 87' lang='lat' dir='ltr'><strong>ab</strong></span> <span class='ocrx_word' id='word_1_887' title='bbox 2469 5563 2650 5618; x_wconf 85' lang='lat' dir='ltr'><strong>eadem</strong></span> <span class='ocrx_word' id='word_1_888' title='bbox 2683 5567 2882 5633; x_wconf 86' lang='lat' dir='ltr'><strong>scipsos</strong></span> <span class='ocrx_word' id='word_1_889' title='bbox 2915 5571 3221 5636; x_wconf 76' lang='lat' dir='ltr'><strong>profitentur</strong></span> 
     </span>
    </p>
   </div>
   <div class='ocr_carea' id='block_1_121' title="bbox 1676 5642 3222 5724">
    <p class='ocr_par' dir='ltr' id='par_1_121' title="bbox 1676 5642 3222 5724">
     <span class='ocr_line' id='line_1_121' title="bbox 1676 5642 3222 5724; baseline 0.016 -32"><span class='ocrx_word' id='word_1_890' title='bbox 1676 5642 1896 5705; x_wconf 86' lang='lat' dir='ltr'><strong>alienos,</strong></span> <span class='ocrx_word' id='word_1_891' title='bbox 1933 5647 2072 5713; x_wconf 88' lang='lat' dir='ltr'><strong>qttod</strong></span> <span class='ocrx_word' id='word_1_892' title='bbox 2094 5648 2289 5702; x_wconf 84' lang='lat' dir='ltr'><strong>chartis</strong></span> <span class='ocrx_word' id='word_1_893' title='bbox 2316 5667 2520 5720; x_wconf 79' lang='lat' dir='ltr'><strong>quoque</strong></span> <span class='ocrx_word' id='word_1_894' title='bbox 2553 5658 2653 5708; x_wconf 89' lang='lat' dir='ltr'><strong>tuis</strong></span> <span class='ocrx_word' id='word_1_895' title='bbox 2681 5657 2813 5724; x_wconf 87' lang='lat' dir='ltr'><strong>apud</strong></span> <span class='ocrx_word' id='word_1_896' title='bbox 2841 5667 2886 5712; x_wconf 85' lang='lat' dir='ltr'><strong>te</strong></span> <span class='ocrx_word' id='word_1_897' title='bbox 2915 5660 3068 5712; x_wconf 83' lang='lat' dir='ltr'><strong>etiam</strong></span> <span class='ocrx_word' id='word_1_898' title='bbox 3105 5677 3222 5724; x_wconf 81' lang='lat' dir='ltr'><strong>pos-</strong></span> 
     </span>
    </p>
   </div>
  </div>
