3842 6226
528 302 585 354 τι
1586 324 1592 331 .
1832 280 1966 335 ΒΥΜ
1977 282 2110 334 MAC

2236 280 2423 333 l‘Al‘x‘E
3718 268 3788 317 τ’)

531 425 710 464 sumus
736 415 994 468 astruere,
1029 404 1125 456 nisi
1163 412 1214 454 te
1243 400 1514 462 rcmulum,
1548 406 1598 450 et
1628 411 1798 456 roum,
1823 409 1873 445 et
1903 393 2080 444 inimi-
2117 402 2162 452 Λ
2193 393 2437 442 fidelibus
2462 405 2563 441 non
2589 401 2858 454 negamus.
2886 385 3122 451 Accipi=e
3143 383 3440 437 veneranda
3461 385 3789 448 patrocinia

530 516 647 552 cum
681 497 986 557 vitaremus,
1005 503 1054 545 ct
1079 492 1339 559 judicem.
1367 489 1481 542 Non
1509 487 1699 539 mirum
1723 484 1768 537 si
1796 480 2088 535 catholicos
2192 483 2503 533 invictarum
2537 480 2782 540 militum,
2801 476 2919 543 quia
2946 485 3000 529 et
3022 476 3130 541 jam
3161 483 3390 526 vestram
3418 473 3564 538 piam
3608 471 3788 521 fidem

533 598 920 658 persequuntur
981 585 1387 636 Manicha'orum
1440 577 1675 646 patroni,
1723 590 1842 628 cum
1894 573 2092 626 falsitas
2194 571 2244 622 in
2288 569 2483 636 pra-liis
2521 568 2806 632 imperator
2841 563 3072 630 agnovit.
3108 562 3360 622 Feliciter,
3400 560 3794 614 confessionis

535 693 638 730 non
676 678 836 740 possit
862 690 962 725 non
1003 671 1247 740 persequi
1288 670 1586 738 veritatem.
1622 665 1734 718 Non
1759 664 1948 717 mirum
1971 662 2090 714 siin
2195 678 2411 715 munera
2455 673 2824 713 consmnmare
2852 657 2995 710 dabit
3023 656 3143 720 (al.,
3166 663 3554 709 consummate.
3593 651 3796 709 Dabit;

534 767 856 819 orthodoxos
886 763 1122 825 szeviant,
1154 761 1345 828 quibus
1387 766 1564 826 potest
1593 771 1712 807 cum
1748 752 1955 806 cunctis
1989 754 2096 802 hat-
2199 754 2354 812 Deus,
2380 767 2497 804 cum
2528 749 2623 817 ipsi
2650 748 2906 816 placuerit
2935 747 3186 798 reducere
3208 744 3457 797 Ecclesiis
3481 742 3750 810 quietem
3783 757 3795 794 ς

537 859 742 910 resibus
772 853 1074 914 convenire,
1115 862 1167 903 et
1204 849 1464 902 universis
1506 845 1777 898 erroribus
1807 841 1961 894 amici
1990 855 2095 892 non
2197 851 2248 892 et
2280 849 2336 891 ut
2366 852 2671 900 maerorem,
2720 851 2874 904 quem
2921 834 3124 887 induxit
3145 835 3262 902 (aL,
3285 833 3494 900 indixit)
3522 830 3802 884 adversi-

539 947 742 1017 possint
767 946 865 998 nisi
888 945 1015 996 solis
1037 956 1156 995 esse
1181 956 1284 993 non
1309 938 1607 992 errantibus
1629 933 1918 988 inimici.Si
1943 946 2096 983 error
2199 939 2298 992 tas,
2332 929 2474 995 pacis
2498 926 2775 980 dulcedine
2803 925 3126 978 consoletur.

541 1046 640 1098 est,
681 1034 1070 1088 convincendus
1103 1041 1219 1084 est:
1250 1043 1431 1082 verum
1463 1029 1504 1079 si
1534 1039 1684 1079 error
1713 1039 1816 1075 non
1846 1030 1926 1074 est
1951 1060 1966 1084 ,
2001 1019 2096 1070 tibi

542 1139 723 1175 verum
759 1106 946 1176 deesse
981 1134 1263 1189 cognosce,
1293 1117 1383 1183 qui
1424 1117 1759 1184 persequeris
1797 1127 1904 1178 quo
1940 1108 2100 1176 profi-

549 1215 672 1266 teris
700 1227 882 1266 errare
924 1213 1017 1281 (at.
1045 1224 1151 1278 quo
1180 1206 1511 1262 convinceris
1539 1202 1765 1272 errore).
1793 1201 1895 1254 Sed
1926 1199 2103 1268 pravi-

543 1303 670 1355 tatis
692 1303 936 1369 complex
977 1315 1081 1352 non
1117 1307 1291 1367 potest
1323 1297 1420 1348 nisi
1445 1310 1567 1348 eum
1600 1291 1878 1362 persequi,
1905 1289 1991 1357 qui
2020 1297 2104 1340 est

545 1392 818 1458 pravitatis
849 1390 1114 1443 inimicus.

904 1517 1232 1573 EPISTOLA
1272 1515 1338 1569 XI
1383 1512 1563 1583 (ouu
1599 1512 1735 1579 vu).

545 1625 803 1665 IYIHAClll
844 1623 984 1662 ΡΑΡιΕ
1030 1622 1127 1658 νει,
1167 1620 1364 1656 SALTEM
1410 1616 1568 1654 IPSIUS
1607 1614 1799 1652 NOIINF.
1841 1612 1903 1648 ΑΙ
1948 1611 2106 1669 Emit)-

619 1696 702 1732 ι)ιο
738 1692 954 1731 mucoso
981 1689 1192 1728 SCRIPTA
1234 1690 1296 1724 Αυ
1340 1685 1610 1731 ertscoros
1647 1666 2106 1734 cournssonsslin

619 1747 913 1802 Sardiniam
944 1755 985 1795 et
1014 1745 1142 1795 alios
1167 1743 1359 1794 insulas
1391 1741 1718 1807 deportatos).

621 1851 988 1911 Dilectissimis
1017 1853 1266 1907 fratribus
1289 1849 1550 1917 episcopis
1567 1847 1710 1901 Afris
1735 1844 2105 1916 Symmachus.

621 1968 847 2022 Lucrum
880 1966 1096 2018 forsitan
1123 1969 1329 2028 putaret
1352 1959 1617 2021 inimicus,
1646 1959 1690 2012 si
1721 1960 1856 2012 inter
1877 1956 2112 2025 pericula

549 2072 666 2127 quae
696 2052 1010 2108 Christianis
1041 2050 1248 2112 indixit,
1282 2048 1610 2101 credentium
1636 2046 1841 2098 animos
1870 2045 2112 2112 subegis-

553 2156 657 2212 set,
679 2140 738 2199 ct
759 2159 849 2213 per
873 2143 1082 2196 diversa
1109 2138 1314 2204 Domini
1341 2151 1499 2204 grege
1519 2136 1778 2203 disperso,
1803 2149 1907 2187 non
1931 2148 2115 2202 super-

551 2244 696 2290 esset
724 2235 805 2288 vel
835 2233 973 2286 inter
999 2244 1208 2299 paucos.
1242 2243 1269 2279 a
1316 2226 1504 2291 quibus
1534 2225 1700 2292 possit
1742 2224 1844 2276 fide
1874 2236 2118 2290 perseve-

562 2339 714 2398 rante
757 2327 970 2381 calcari.
1008 2326 1208 2392 liegnat
1251 2322 1422 2373 adhuc
1473 2320 1559 2372 ille
1583 2320 1634 2372 in
1669 2332 1889 2370 numero
1918 2325 2116 2379 vestro,

556 2419 646 2486 qui
679 2417 776 2471 sibi
822 2430 932 2470 non
968 2423 1074 2466 tam
1111 2413 1163 2465 in
1196 2409 1529 2463 multitudine
1564 2421 1718 2474 quam
1750 2408 1799 2459 in
1839 2405 2119 2459 devotione

553 2507 892 2576 complacuit.
924 2505 1187 2571 Scriptum
1211 2511 1292 2553 est
1315 2503 1454 2554 enim
1489 2498 1638 2567 (Luc.
1665 2497 1794 2562 χιιι)
1826 2497 2000 2550 datam
2026 2496 2122 2550 Sa-

558 2611 694 2654 tanae
727 2604 1034 2666 potestatem
1058 2601 1112 2647 ut
1135 2606 1318 2645 servos
1343 2589 1538 2642 Christi
1569 2589 1824 2641 cribraret
1847 2603 1860 2637 :
1897 2594 1952 2638 ut
1979 2585 2118 2652 quod

557 2692 622 2742 de
652 2685 826 2742 tritico
867 2682 1093 2738 inveniri
1125 2688 1323 2748 posset,
1355 2677 1561 2730 horreis
1591 2675 1902 2743 iungeretur
1931 2688 1943 2723 :
1979 2673 2116 2740 quod

561 2779 629 2831 de
658 2775 847 2845 paleis,
881 2774 944 2826 ad
972 2772 1166 2839 ignium
1199 2768 1445 2822 alimenta
1475 2767 1740 2818 transiret.
1771 2761 1849 2815 Ad
1878 2776 1972 2814 vos
2001 2777 2122 2828 spe-

552 2863 762 2919 cialiter
795 2863 993 2916 dictum
1044 2868 1125 2912 est
1172 2873 1187 2909 :
1242 2855 1418 2908 Nolite
1468 2855 1662 2916 timere,
1699 2852 1910 2918 pusillus
1951 2862 2120 2920 grex:

558 2954 857 3020 complacuit
892 2951 1033 3003 Patri
1060 2957 1219 3002 ucstra
1249 2949 1371 3000 dare
1399 2947 1532 2997 vobis
1563 2960 1771 3013 regnum
1797 2944 1950 3008 (Luc.
1992 2941 2117 3007 xu).

2559 1029 2884 1118 EPISTULA
2926 1061 3016 1114 xu
3057 1022 3236 1129 iocur
3276 1057 3368 1126 xu

2201 1183 2266 1219 AD
2317 1178 2630 1218 τηεοιιοῐιωι
2683 1175 3091 1214 ιιλυῐιελςιςκεικ
3146 1173 3231 1211 CUI
3284 1172 3456 1210 PALLII
3507 1170 3801 1209 οοδωῖῡιτ

2899 1246 3052 1284 υδυδι.

2275 1361 2300 1400 δ
2333 1360 2681 1431 Symmachus
2720 1357 2916 1411 sancta:
2945 1355 3248 1425 apostolicm
3286 1356 3430 1407 sedis
3467 1356 3649 1421 gratia
3702 1356 3802 1405 Dei

2205 1453 2486 1519 cpiscopus
2515 1447 2955 1502 reverendissimo
2978 1456 3030 1500 et
3051 1445 3390 1498 sanctissimo
3419 1444 3561 1495 fratri
3592 1443 3803 1495 Theo-

2206 1545 2336 1596 doro
2363 1524 2743 1593 Laureacensis
2775 1536 3027 1589 Ecclesia:
3056 1534 3477 1601 archiepiscopo.

2281 1631 2471 1685 Diebus
2501 1630 2623 1682 vita:
2653 1637 2755 1681 tua:
2779 1625 2920 1694 pallii
2950 1639 3122 1685 usum,
3149 1638 3308 1691 quem
3339 1623 3403 1674 ad
3429 1619 3800 1673 sacerdotalis

2139 1742 2181 1798 Β
2209 1719 2368 1773 officii
2417 1717 2661 1770 decorem
2709 1723 2764 1768 et
2806 1713 2870 1766 ad
2917 1711 3300 1765 ostendendam
3345 1709 3796 1766 unanimitatem.

2213 1824 2368 1879 quam
2406 1822 2524 1858 cum
2553 1807 2704 1858 beato
2733 1801 2890 1856 Petro
2926 1799 3166 1868 apostolo
3207 1799 3485 1851 uniwrsus
3515 1812 3652 1864 grex
3690 1795 3796 1846 do-

2213 1901 2525 1953 tuinicarum
2575 1900 2748 1950 ovium
2803 1910 2920 1965 quae
2972 1904 3024 1947 et
3059 1893 3360 1947 commissa:
3405 1899 3529 1943 sunt
3579 1888 3798 1941 habere

2213 1991 2426 2043 dubium
2460 1990 2561 2040 non
2591 1998 2690 2051 est,
2724 1987 2792 2039 ab
2821 1983 3108 2053 apostolica
3140 1982 3266 2035 sede
3292 1981 3431 2033 sicut
3457 1979 3664 2039 decuit,
3705 1993 3792 2041 po-

2216 2078 2451 2147 poscisd,
2485 2077 2620 2143 quod
2667 2083 2722 2128 ut
2771 2085 2889 2139 pote
2918 2074 2984 2125 ab
3020 2071 3218 2125 eisdem
3262 2068 3515 2136 apostolis
3548 2065 3795 2117 fundat:

2219 2168 2471 2222 Eccl-size
2522 2167 2778 2233 majorum
2845 2179 2992 2218 more
3055 2163 3281 2216 libenter
3341 2161 3662 2213 indulsimus
3727 2159 3793 2208 ait

2217 2256 2600 2311 ostendendum
2631 2265 2680 2308 te
2713 2255 3018 2322 magistrum
3040 2260 3093 2304 et
3111 2251 3588 2318 archiepiscopum,
3613 2256 3793 2298 tuam-

2217 2361 2325 2412 que
2379 2354 2613 2396 sanrtam
2664 2342 3080 2395 Laureaccnscm
3144 2337 3436 2392 Ecclesiam
3493 2337 3789 2405 provinciae

2221 2433 2608 2486 l‘animuiorum
2655 2430 2835 2484 sudem
2886 2429 2999 2481 fore
3050 2426 3531 2492 metropolitanam.
3575 2425 3792 2478 Idcirco

2225 2525 2401 2591 pallio.
2432 2525 2569 2589 quod
2601 2537 2666 2576 ex
2702 2520 2990 2589 apostolica
3030 2519 3248 2574 caritate
3294 2519 3388 2571 tibi
3429 2519 3788 2576 destinamus.

2220 2629 2325 2682 quo
2362 2615 2433 2665 uti
2472 2613 2665 2666 debeas
2702 2611 2992 2664 secundum
3039 2625 3239 2664 morem
3273 2609 3526 2664 Ecclesiae
3565 2618 3674 2661 tua
3706 2626 3792 2662 so-

2222 2706 2384 2759 lerter
2409 2703 2757 2755 admouemus
2785 2701 3084 2768 pariterque
3113 2700 3381 2764 volumus,
3411 2707 3467 2751 ut
3495 2697 3790 2766 intelligas,

2221 2795 2340 2861 quia
2373 2795 2482 2862 ipse
2510 2793 2761 2853 vestitus,
2787 2806 2893 2858 quo
2923 2789 2986 2843 ad
3018 2791 3297 2844 missarum
3338 2789 3590 2843 solemnia
3623 2803 3790 2840 orna-

2223 2885 2316 2946 ris,
2351 2885 2554 2950 signum
2589 2877 2866 2944 praetendit
2893 2880 3087 2943 crucis,
3121 2892 3214 2946 per
3240 2878 3378 2945 quod
3414 2880 3548 2931 scito
3579 2888 3630 2931 te
3665 2891 3788 2928 cum

2225 2972 2470 3024 lratribns
2517 2970 2710 3023 debere
2756 2967 2984 3033 compati
3024 2981 3087 3020 ac
3133 2966 3486 3020 mundialibus
3522 2967 3790 3019 illecebris

566 3045 724 3122 Ῠθθίι
771 3042 908 3094 ima"
949 3052 1042 3090 vos
1088 3037 1292 3104 gladius
1353 3033 1710 3127 permotum:
1755 3032 1842 3100 qm
1891 3030 2117 3127 mf‘rcjida
2150 3069 2191 3127 ρ
2226 3062 2276 3112 itt
2321 3061 2510 3113 affectu
2554 3057 2808 3124 crucifigi.
2864 3030 3012 3110 Unde
3055 3069 3172 3106 cum
3215 3065 3265 3108 te
3301 3053 3432 3108 foris
3480 3053 3790 3120 hujusmo-Ji

563 3121 816 3188 Ecclesia:
846 3129 1079 3183 membra
1111 3133 1379 3180 resecaret
1400 3165 1414 3188 ,
1445 3132 1497 3176 et
1526 3123 1588 3175 ad
1613 3123 1880 3175 cmlestem
1902 3121 2121 3190 gloriam

561 3236 688 3276 sana
714 3221 1046 3289 perduceret.
1075 3216 1218 3283 Quos
1241 3214 1430 3267 habeat
1451 3211 1689 3265 Christus
1712 3209 1927 3274 milites,
1949 3220 2124 3262 certa-

561 3326 684 3364 men
712 3308 978 3362 ostendit:
1016 3307 1101 3372 qui
1144 3302 1466 3368 triumphum
1497 3310 1798 3365 mereatur,
1838 3313 1930 3365 per
1986 3298 2124 3350 bella

559 3399 914 3466 cognoscitur.
939 3395 1110 3448 Nolite
1133 3403 1391 3453 metuere,
1420 3388 1556 3456 quod
1583 3387 1899 3456 pontificalis
1923 3401 1953 3438 a
1976 3386 2125 3439 vobis

569 3487 736 3556 apicis
761 3487 953 3546 infulas
978 3484 1326 3537 abstulerunt.
1357 3477 1634 3532 Vobiscum
1664 3486 1745 3530 est
1765 3475 2012 3530 sacerdos
2040 3476 2126 3528 ille

567 3576 652 3630 vel
681 3575 871 3637 hostia,
904 3574 990 3639 qui
1025 3587 1126 3625 non
1151 3581 1253 3623 tam
1278 3567 1562 3621 honoribus
1583 3565 1855 3619 consuevit
1897 3567 2128 3632 gaudere

540 3680 719 3734 _quam
762 3663 1046 3717 mentibus.
1098 3659 1293 3727 Maiora
1337 3666 1460 3710 sunt
1497 3655 1843 3708 confessionis
1885 3654 2121 3720 praetuia,

566 3769 720 3823 quam
745 3753 1025 3806 nominata:
1050 3762 1263 3802 munera
1285 3745 1558 3813 dignitatis
1583 3761 1596 3796 :
1619 3744 1684 3796 ad
1708 3744 1796 3796 illa
1820 3744 2127 3811 plerumque

569 3849 728 3898 etiam
761 3842 976 3897 minoris
1003 3840 1175 3896 meriti
1220 3851 1469 3906 personas
1501 3836 1646 3888 favor
1678 3835 1934 3888 humanus
1962 3836 2128 3888 addu-

570 3936 684 3993 cit:
731 3934 828 3986 ista
863 3933 957 3984 nisi
987 3931 1152 3998 gratia
1183 3940 1405 3993 superna
1439 3939 1542 3978 non
1574 3926 1776 3979 tribuit,
1827 3926 1942 3989 Ipse
1986 3925 2127 3995 enim

567 4025 621 4078 in
654 4023 802 4076 vobis
842 4031 892 4074 et
922 4019 1168 4088 pugnavit
1192 4027 1246 4071 et
1272 4015 1433 4079 vicit,
1466 4030 1619 4082 quem
1667 4015 1795 4068 fides
1824 4023 2055 4070 meretur
2078 4022 2130 4067 et

570 4115 714 4169 inter
737 4113 1004 4164 hominum
1032 4117 1289 4162 tormenta
1320 4107 1534 4162 sociari.

642 4201 864 4254 Prolixis
895 4214 997 4252 non
1025 4208 1106 4252 est
1135 4213 1267 4264 Opus
1297 4196 1363 4249 ad
1394 4197 1652 4249 fervorem
1697 4196 1746 4247 in
1779 4195 1928 4248 vobis
1967 4196 2129 4248 coale-

573 4299 709 4343 stem
743 4289 978 4342 animare
1004 4287 1292 4353 colloquiis.
1343 4284 1511 4338 liabet
1556 4284 1876 4338 incrementa
1921 4299 2014 4338 sua
2052 4286 2132 4337 di-

568 4380 704 4433 vina:
730 4378 936 4429 virtutis
959 4375 1276 4429 incendium.
1300 4373 1413 4427 Non
1439 4381 1520 4426 est
1542 4389 1674 4439 Opus
1717 4387 1809 4426 eos
1853 4375 1906 4425 in
1932 4383 2130 4440 tropaeo
2160 4413 2207 4472 υ

571 4469 674 4534 iam
717 4466 918 4534 positos
946 4463 1113 4516 attolli
1145 4462 1384 4517 laudibus
1419 4463 1506 4528 qui
1555 4463 1667 4513 sine
1697 4462 1957 4514 monitore
1984 4465 2124 4515 vice-

573 4570 692 4610 runt
716 4575 730 4610 :
761 4565 980 4625 gravant
1005 4554 1374 4608 conscientiam
1404 4550 1691 4605 Christiani
1718 4551 1972 4619 quidquid
1999 4553 2127 4605 affe-

2227 3148 2453 3216 insignio
2480 3147 2734 3207 iudueris,
2760 3149 2901 3198 intus
2930 3149 2982 3198 in
3016 3146 3192 3198 animo
3216 3147 3491 3198 considera
3519 3147 3659 3215 quod
3691 3146 3790 3197 hoc

2227 3236 2294 3290 sit
2320 3237 2486 3305 magis
2529 3235 2708 3287 oneris
2738 3249 2893 3301 quam
2925 3235 3172 3298 honoris,
3204 3243 3362 3302 atque
3386 3249 3477 3288 cor
3505 3245 3647 3288 tmnu
3683 3236 3793 3289 Deo

2228 3332 2437 3391 tegente
2476 3323 2541 3376 ab
2581 3321 2816 3390 appetitu
2863 3323 3014 3374 istius
3055 3324 3232 3376 saeculi
3263 3323 3339 3377 sic
3371 3334 3624 3391 tempera,
3653 3334 3713 3379 ut
3739 3333 3789 3376 et

2227 3414 2561 3467 commissam
2584 3412 2801 3480 exsequi
2818 3410 3248 3479 gubernationem
3268 3411 3498 3474 studeas,
3517 3423 3566 3465 et
3585 3416 3790 3479 adeptis

2226 3500 2484 3568 dignitati,
2507 3501 2654 3568 cujus
2677 3499 2978 3553 sublimaris
2999 3499 3194 3566 officio,
3219 3508 3274 3552 et
3297 3499 3556 3566 probitate
3583 3514 3787 3551 morum

2227 3597 2282 3641 et
2322 3591 2602 3642 vivacitate
2654 3588 3025 3641 sollicitudinis
3067 3603 3126 3641 ac
3167 3588 3407 3642 custodia
3438 3590 3788 3657 integerrima:

2229 3677 2351 3730 tldei
2405 3691 2686 3744 congruas,
2733 3683 2994 3742 quatenus
3041 3685 3095 3728 tu
3149 3675 3262 3744 ipse
3312 3690 3342 3728 ιι
3397 3687 3786 3730 remuneratore

2229 3767 2463 3819 omnium
2494 3767 2753 3820 bonorum
2785 3765 2917 3831 Deo,
2949 3773 3003 3818 et
3031 3765 3412 3818 benedictionis
3461 3767 3681 3835 gratiam
3714 3769 3786 3818 vi-

2231 3865 2440 3924 tantque
2469 3865 2720 3910 aeternam
2751 3860 3001 3926 consequi
3034 3859 3309 3912 mercaris.
3344 3862 3530 3913 Amen.

2625 4007 2994 4062 EXEMPLAR
3018 4007 3417 4066 CONSTITUTI

2233 4130 2382 4168 FACTI
2423 4133 2450 4166 Α
2482 4129 2670 4166 ΝηΙΙΝΟ
2697 4115 2973 4166 εἵλικλοὶιο
3002 4131 3152 4178 ΡΑΡΑ,
3187 4131 3252 4169 DF.
3306 4131 3600 4170 ABROGANDA
3659 4132 3782 4170 LECF.

2301 4199 2554 4236 οοολοιιις
2579 4198 2723 4235 REGIS
2737 4198 3074 4243 REPUGNANTE
3096 4200 3370 4237 LIBEBTATI
3387 4201 3782 4239 Εεειεδηετισις

2305 4266 2356 4306 IN
2391 4267 2681 4306 ELECTIONE
2707 4264 3012 4316 PONTIFICIS,
3037 4268 3103 4305 ET
3125 4269 3190 4306 DE
3214 4269 3375 4308 ΗΕΒυὸ
3399 4270 3653 4308 εεςιεειε
3670 4271 3782 4308 C0!-

2303 4336 2606 4377 SERVANDIS.

2300 4453 2378 4521 (α)
2405 4452 2653 4506 Flaviano
2691 4452 2811 4522 (at.,
2837 4451 3044 4508 Flaviol
3086 4453 3288 4507 Avieno
3339 4455 3455 4508 viro
3509 4456 3780 4509 clarissimo

2226 4545 2437 4612 juniore
2454 4543 2691 4605 consule,
2717 4543 2814 4596 sub
2831 4543 2914 4596 die
2932 4559 3020 4596 vut
3048 4544 3166 4614 (aL,
3189 4548 3350 4613 nono)
3375 4546 3550 4599 iduum
3576 4545 3779 4599 Nomm-

2233 4633 2426 4697 brium,
2472 4632 2524 4685 in
2581 4634 2794 4686 basilica
2849 4634 2986 4687 beati
3040 4634 3176 4687 l’etri
3231 4635 3475 4701 apostoli,
3531 4636 3779 4688 residente

2233 4722 2517 4775 venerabili
2545 4722 2658 4776 viro
2683 4736 2812 4790 papa
2863 4722 3202 4792 Symmacho,
3255 4739 3358 4776 una
3407 4739 3526 4777 cum
3579 4740 3776 4777 venera-

2233 4811 2569 4866 bilibusviris
2591 4811 2665 4878 (b)
2688 4822 2741 4865 et
2767 4813 3031 4880 episcopis
3081 4815 3153 4880 (c)
3201 4813 3505 4880 Laurentio,
3546 4816 3771 4870 Maximo.

2239 4905 2414 4966 Petro,
2436 4901 2738 4964 Laurentio,
2754 4901 3079 4967 :Emiliano,‘
3099 4901 3352 4970 Tigridio,
3369 4903 3565 4966 Felice,
3593 4905 3773 4956 Bassia~

2241 4991 2644 5058 no,Cresconio,
2661 4991 2966 5053 Pacatiano,
2987 4991 3238 5059 Benigno,
3252 4991 3519 5058 Rufentio,
3541 4993 3771 5046 Innocen-

572 4657 697 4704 runt
727 4647 1080 4701 blandimenta
1115 4643 1382 4711 prteconii.
1420 4643 1522 4696 Res
1563 4643 1778 4710 quidem
1810 4645 2016 4696 virtutis
2046 4655 2127 4696 est

573 4752 730 4807 quam
763 4736 989 4798 fecistis,
1017 4734 1106 4786 sed
1152 4733 1340 4787 summi
1385 4731 1587 4800 praemii
1616 4734 1941 4785 restitutione
1973 4747 2127 4799 supc-

575 4820 760 4875 randa.
813 4820 962 4882 Quod
1007 4827 1176 4868 tamen
1207 4855 1220 4878 ,
1285 4815 1498 4867 directis
1550 4816 1614 4866 ad
1675 4816 1836 4867 lilium
1887 4827 2125 4868 nostrum

577 4909 640 4965 Ν.
672 4907 961 4961 Ennodium
994 4915 1016 4940 ⁸
1046 4906 1318 4956 diaconum
1354 4904 1573 4967 litteris,
1624 4905 1908 4970 sperastis,
1950 4906 2131 4960 beato-

578 5013 692 5052 rum
736 4995 940 5049 Nazarii
985 5002 1038 5046 et
1080 4992 1298 5045 Romani
1339 4993 1760 5046 benedicdonem
1811 5003 2128 5058 poscentes,

649 5117 674 5145 ⁸
714 5110 910 5162 Nomen
942 5107 1159 5160 Ennodii
1191 5105 1339 5158 deest
1363 5106 1413 5156 iu
1441 5121 1540 5157 ms.
1573 5105 1690 5158 cod.
1721 5107 1772 5157 in
1796 5120 1899 5171 quo
1921 5120 2025 5158 non
2063 5105 2126 5159 Ν.

581 5178 670 5254 sed
698 5179 759 5298 Ill;
784 5178 990 5243 legitur,
1011 5192 1074 5228 ne
1098 5175 1329 5242 reliquiis
1353 5185 1654 5228 sanctorum
1685 5184 1978 5244 martyrum
2005 5179 2127 5228 mis-

581 5261 670 5298 Sis.
755 5261 835 5298 AB.

579 5261 670 5300 Sis.
711 5261 835 5298 ωε,

646 5313 671 5349 δ
715 5317 786 5366 Ex
819 5312 1101 5380 appendice
1124 5313 1186 5363 ad
1214 5311 1509 5364 Chronicou
1537 5311 2048 5381 Reicherspergense
2074 5324 2128 5366 et

580 5402 642 5439 ex
674 5384 950 5443 tnctroiioli
977 5382 1361 5447 Salisburgensi
1394 5381 1602 5433 llondit.

648 5452 930 5517 ‘Dionys.,
989 5448 1212 5517 Trigido.
1263 5449 1428 5517 lituo.

650 5517 725 5584 (α)
755 5514 851 5570 Ms.
885 5514 1131 5570 Lucensis
1158 5518 1277 5579 1‘25,
1308 5514 1510 5570 Flavio.
1556 5559 1578 5570 ..

651 5589 724 5644 ib)
754 5588 808 5638 ltt
831 5587 1014 5639 eodem
1045 5601 1138 5639 ms.
1176 5587 1323 5639 deest
1351 5595 1394 5636 ct
1421 5587 1686 5651 cpismpis.

2312 5103 2384 5173 (c)
2400 5103 2494 5155 Ms.
2528 5102 2918 5173 LucensisiSS,
2965 5104 3257 5173 Laurentio,
3287 5104 3460 5165 Petro.
3493 5107 3767 5162 xﬁ'miliano.

2242 5171 2430 5234 Felice,
2455 5173 2769 5234 Acresconio,
2795 5172 3038 5238 Benigno.
3071 5171 3382 5231 Innocentio.
3416 5174 3655 5236 Maximo,
3693 5175 3766 5227 Jo-

2238 5245 2421 5305 Itamtc,
2454 5239 2679 5305 Eulalia,
2712 5241 3010 5304 Fortunato,
3029 5239 3312 5306 Eustathio.
3326 5241 3584 5307 locando,
3610 5245 3768 5297 Fortu-

2237 5324 2377 5375 nato,
2411 5311 2629 5375 Euticio,
2682 5312 2876 5376 Aprile,
2929 5309 3206 5370 Mercurio,
3250 5312 3548 5373 Fortunato,
3601 5315 3763 5369 Aulio.

2236 5385 2514 5451 Stephano,
2531 5384 2806 5451 ﬂuminio,
2825 5377 3114 5451 Laurentio.
3147 5377 3652 5451 Frigido,Cauiano,
3684 5382 3766 5432 Ρα-

2234 5446 2481 5507 cannam).
2526 5448 2749 5516 Ruf/ina,
2775 5447 3028 5516 Jfohannc,
3062 5446 3337 5516 Stephano,
3364 5449 3572 5512 Sereno,
3600 5449 3765 5516 Proru-

2232 5522 2416 5578 lciano,
2451 5514 2739 5580 Laurentio,
2769 5515 3041 5575 Martiano,
3070 5514 3320 5580 Candida,
3351 5516 3398 5567 Γ
3403 5535 3450 5569 οι
3464 5530 3648 5574 lunato.
3678 5515 3765 5568 Eu-

2230 5588 2419 5655 tgchio,
2455 5587 2646 5653 Aprile,
2669 5585 2944 5652 Mercurio,
2963 5583 3262 5651 Fortunato,
3287 5588 3481 5649 Asello,
3501 5587 3758 5649 Stephano.
