3802 6242
558 280 630 342 7S
1895 291 1972 346 SY
1981 291 2107 346 MM!

2212 292 2242 346 ll
2279 292 2485 354 PANE~
3691 316 3738 370 76

562 397 730 466 legent
758 396 1054 466 specialiter
1087 395 1448 464 przelerentes,
1493 412 1650 468 quam
1697 397 1850 455 nobis
1897 399 2126 456 haeredi-
2152 409 2201 466 Α
2227 415 2482 473 concepta
2513 406 2742 474 videtur,
2792 414 3022 470 maxime
3051 410 3171 491 quia
3214 417 3265 472 in
3295 432 3356 474 ea
3390 420 3562 477 nullus
3587 427 3735 492 pinsiti

564 488 768 579 busqne
811 489 1004 544 nostris
1030 489 1343 545 Christianae
1380 493 1572 547 mentis
1615 493 1901 548 devodoue
1947 497 2126 551 sanci-
2226 497 2371 551 sedis
2395 498 2697 566 apostolica:
2725 499 3030 561 interfuisse
3051 488 3143 562 vel
3161 511 3372 578 propria
3395 488 3736 585 subscriptione

560 578 701 635 mus.
748 578 822 633 Nc
845 594 1070 643 unquam
1096 580 1376 649 praedium,
1434 597 1528 636 seu
1558 583 1808 638 rusticum
1841 600 1934 640 seu
1968 587 2127 642 urba-
2226 586 2466 644 ﬁrmasse
2493 599 2833 645 monstratur.
2859 593 3094 652 Eulalius
3123 601 3404 670 episcOpus
3436 578 3737 674 Syracusana:

559 669 818 731 uum,'vel
848 680 1158 724 ornamenta
1190 672 1597 727 atztttninisteria
1626 673 1971 730 ecclesiarum
2000 693 2121 748 quas

559 774 698 813 nunc
723 767 866 822 sunt,
893 759 976 814 vel
999 775 1117 828 quae
1142 776 1205 815 ex
1229 762 1548 831 quibuslibet
1579 763 1742 819 titulis
1775 765 1838 819 ad
1870 769 2122 822 ecclesia-

468 895 471 898 .
560 865 677 904 rum
694 848 811 917 jura
833 851 1194 917 pervenerint,
1217 851 1284 906 ab
1303 867 1368 907 eo
1386 853 1471 920 qui
1496 868 1636 908 nunc
1659 855 1874 910 antistes
1897 857 1995 911 sub
2014 857 2125 914 ele-

546 926 731 994 ﬁctione
748 942 1016 995 communi
1050 941 1206 998 fuerit
1227 944 1570 1009 ordinandus,
1595 955 1650 1001 et
1683 946 1788 1000 illis
1821 949 1908 1017 qui
1933 948 2124 1005 futuris

554 1029 762 1084 saeculis
791 1041 1102 1098 sequentur,
1127 1048 1438 1103 quocunque
1454 1036 1609 1089 titulo
1632 1047 1792 1108 atque
1814 1051 2121 1094 commento

554 1120 630 1187 (a)
656 1119 973 1176 alienentur.
1028 1120 1089 1176 Si
1120 1125 1239 1190 quia
1269 1139 1396 1178 vero
1430 1122 1623 1193 aliquid
1655 1139 1840 1180 eorum
1887 1129 2123 1183 alienare

554 1211 800 1277 voluerit,
853 1211 1100 1269 inefﬁcax
1143 1216 1300 1284 atque
1353 1213 1558 1269 irritum
1605 1217 1899 1286 iudicetur;
1950 1219 2121 1289 sitque

558 1298 797 1371 facienti,
843 1300 931 1356 vel
973 1302 1342 1367 consentienti,
1395 1303 1784 1372 accipientique
1813 1307 2120 1364 anathema.

571 1374 830 1470 Maximus
859 1395 1137 1460 cpiscopus
1165 1392 1402 1445 Bleranae
1443 1392 1534 1462 (at.
1569 1394 1835 1464 Bledanaa)
1867 1396 2122 1470 Ecclesia:

551 1463 722 1533 dixiti
745 1479 896 1534 Modo
921 1488 1104 1535 sancta
1131 1481 1365 1551 synodus
1391 1482 1635 1551 dignetur
1655 1463 1886 1550 edicere,
1906 1488 1949 1541 si
1971 1468 2121 1544 licuit

551 1570 686 1623 laico
709 1570 908 1625 homini
929 1571 1210 1625 anathema
1234 1572 1283 1625 in
1302 1572 1488 1627 ordine
1506 1575 1869 1630 ecclesiastico
1893 1577 2115 1632 dictare.

553 1650 659 1713 Aut
685 1660 731 1715 si
770 1659 943 1730 potuit
971 1661 1135 1716 laicus
1175 1662 1437 1718 sacerdoti
1482 1664 1762 1722 anathema
1809 1667 2018 1739 dicere,
2062 1677 2120 1724 et

2224 676 2480 732 Ecclesiae
2501 679 2634 734 dixit
2657 696 2672 734 :
2694 681 2962 752 Scriptura
2986 701 3102 754 quis
3127 688 3179 742 in
3210 693 3527 750 sacerdotali
3554 701 3738 754 concilio

2223 769 2443 826 recitata
2470 779 2576 841 est,
2604 773 3018 832 evidentissimis
3045 778 3379 840 documentis
3402 798 3601 843 constat
3623 791 3740 846 itm-

2224 859 2357 914 lida.
2392 859 2648 929 Primum,
2696 864 2839 933 quod
2865 875 3046 922 contra
3080 870 3292 928 Patrum
3323 878 3530 945 regulas
3553 894 3580 933 a
3601 881 3738 945 laicis,

2221 951 2463 1017 quamvis
2494 951 2776 1022 religiosis,
2803 957 2995 1024 quibus
3023 958 3166 1014 nulla
3204 962 3271 1017 de
3301 967 3659 1024 ecclesiasticis
3681 972 3742 1024 ta-

2220 1042 2505 1107 cnltatthns
2545 1044 2741 1115 aliquid
2771 1047 3086 1119 disponendi
3132 1054 3321 1125 legitur
3365 1074 3588 1128 unquam
3619 1067 3741 1119 attri-

2222 1130 2345 1186 buta
2384 1133 2624 1201 facultas,
2674 1135 2809 1192 facta
2858 1139 3082 1196 videtur.
3129 1143 3351 1213 Deinde,
3403 1154 3541 1218 quod
3584 1156 3740 1210 nullius

2221 1224 2462 1291 praesulis
2485 1227 2788 1295 apostolica;
2813 1230 2955 1283 sedis
2980 1232 3373 1304 subscriptione
3395 1239 3594 1297 ﬁrmata
3613 1248 3742 1301 doce-

2221 1322 2324 1369 tur.
2371 1315 2521 1380 Quod
2549 1317 2596 1370 si
2621 1319 2906 1396 cujuslibet
2953 1326 3235 1390 provinciat-
3281 1330 3606 1398 sacerdotes,
3632 1336 3742 1391 intra

2222 1406 2477 1460 terminos
2503 1421 2627 1461 suos
2653 1410 2882 1464 concilio
2912 1412 3112 1476 habito,
3133 1415 3418 1484 quidquam
3444 1422 3558 1475 sine
3580 1434 3744 1478 metro-

2221 1495 2464 1564 politani,
2512 1497 2660 1552 suive
2702 1500 2954 1554 antistitis
2984 1503 3296 1560 auctoritate
3329 1507 3401 1576 (ε)
3429 1515 3735 1579 tentaverint,

2221 1585 2428 1640 irritum
2456 1603 2576 1642 esse
2601 1589 2797 1663 debere
2821 1591 3004 1646 Patres
3030 1594 3196 1647 sancti
3221 1608 3514 1653 sanxerunt
3536 1616 3550 1652 :
3571 1611 3743 1671 quanto

2222 1676 2407 1744 magis,
2452 1678 2589 1759 quod
2618 1678 2670 1732 in
2714 1680 3181 1749 apostolica'sede,
3216 1698 3320 1738 non
3349 1687 3606 1744 existente
3631 1705 3743 1759 prae-

548 1763 732 1806 contra
754 1756 1159 1824 cauones,quod
1185 1757 1231 1810 ei
1259 1772 1364 1811 non
1389 1761 1749 1828 competebat,
1768 1763 2113 1819 constituere.
2146 1755 2195 1815 Β
2219 1767 2358 1835 sulc,
2403 1755 2489 1836 qui
2518 1772 2866 1839 praerogativa
2907 1771 3048 1827 beati
3076 1782 3102 1810 ιι
3146 1776 3350 1831 meritis
3379 1780 3602 1847 apostoli
3632 1755 3747 1837 Petti

553 1843 740 1909 Dicite,
768 1845 917 1898 vobis
941 1845 1067 1915 quid
1098 1847 1342 1901 videtur?
1392 1848 1465 1902 De
1495 1866 1578 1902 tne
1611 1851 1756 1906 licuit
1783 1851 1920 1908 laico
1946 1853 2116 1923 legem

549 1933 710 1986 dare?
738 1933 928 1988 Sancta
961 1936 1195 2005 synodus
1223 1937 1390 1992 dixit:
1420 1938 1532 1992 Non
1565 1939 1732 1994 licuit.
1780 1940 2112 2010 Et‘adjeeit:

549 2021 689 2090 Lege
717 2025 1009 2090 sequentia.
1041 2024 1324 2080 Horntisda
1352 2026 1603 2084 diaconus
1634 2027 1782 2097 legit.
1837 2028 1906 2084 Et
1951 2031 1996 2085 is
2023 2033 2112 2100 qui

473 2139 480 2148 -
547 2116 803 2183 praedium
854 2116 1103 2170 rusticum
1151 2116 1233 2171 vel
1283 2117 1540 2172 urbanum
1583 2117 1720 2187 juris
1760 2116 2112 2183 ecclesiastici

545 2205 705 2260 fuerit
733 2215 1069 2274 consecutus,
1100 2209 1308 2262 uo‘verit
1328 2203 1404 2262 se
1431 2209 1573 2264 nulla
1605 2209 1720 2279 lege
1751 2211 1835 2288 vel
1863 2216 2107 2281 prescri-

548 2303 724 2368 ptione
753 2303 845 2370 (at.
875 2303 1006 2371 legis
1029 2302 1451 2372 praescriptione)
1481 2303 1740 2360 munitum
1766 2321 1781 2359 :
1805 2305 1900 2358 sed
1927 2307 2042 2361 sive
2067 2308 2112 2362 is

543 2393 632 2458 qui
661 2391 990 2455 alienat-crit,
1044 2391 1158 2448 sive
1205 2395 1250 2447 is
1291 2392 1379 2462 qui
1421 2402 1811 2463 consequenter
1839 2395 2112 2450 voluntate

542 2485 804 2538 contraria
844 2484 1100 2553 prindium
1152 2483 1452 2553 huiusmodi
1523 2485 1808 2540 alienatum
1857 2501 2110 2542 revocare

545 2577 844 2640 tentaverit,
875 2577 925 2631 id
952 2593 1072 2631 cum
1103 2577 1361 2633 fructibus
1384 2578 1650 2642 restituat,
1681 2582 1768 2648 qui
1793 2579 1924 2633 illud
1950 2579 2108 2636 fuerit

540 2677 877 2720 consecutus.
924 2667 994 2721 Et
1036 2681 1157 2722 cum
1205 2666 1437 2735 legeret,
1477 2666 1780 2735 Stephanus
1823 2670 2106 2737 episcopus

541 2759 820 2813 Venusina:
855 2758 1104 2815 Ecclesia:
1127 2773 1404 2828 surgense
1429 2772 1686 2814 consessu
1716 2759 1886 2814 dixit:
1919 2759 2105 2816 Perle-

539 2862 716 2919 gatur,
742 2850 1017 2914 Hormisda
1042 2849 1297 2924 diaconus
1325 2850 1477 2920 tegit.

605 3051 772 3118 Quam
803 3052 961 3106 etiam
1012 3065 1219 3124 pinnam
1269 3050 1464 3118 placuit
1505 3051 1812 3119 accipientis
1858 3051 2101 3108 haercdes

539 3143 982 3213 probaeredesqup
1023 3145 1312 3212 respicere.
1358 3142 1413 3193 ln
1443 3155 1546 3210 qua
1579 3156 1637 3195 re
1679 3140 1900 3196 cuilibet
1944 3140 2102 3198 cleri-

537 3250 718 3288 θυι-ωε
747 3233 1143 3304 contradicendi
1176 3231 1340 3284 libera
1370 3229 1441 3284 sit
1467 3231 1705 3284 lacultas.
1750 3231 1988 3299 iniquum
2019 3243 2102 3287 eat

539 3323 698 3387 enim,
723 3333 777 3376 et
803 3322 1061 3401 sacrilegii
1088 3321 1276 3387 instar,
1323 3328 1382 3373 ut
1407 3334 1524 3387 quae
1551 3321 1632 3373 vel
1663 3334 1760 3388 pro
1790 3322 1985 3388 salute,
2015 3323 2098 3377 vel

539 3428 634 3481 pro
658 3412 839 3481 requie
860 3411 1154 3472 animarum
1183 3423 1398 3463 suarum
1425 3410 1784 3478 unusquisque
1810 3412 2101 3467 venerabih'

541 3501 790 3555 Ecclesia:
820 3513 1111 3575 pauperum
1138 3511 1295 3550 causa
1324 3497 1627 3564 contulerit,
1676 3507 1767 3553 aut
1798 3510 1946 3555 certe
1972 3502 2120 3555 reii-.

539 3593 737 3660 querit,
760 3591 826 3643 ab
855 3590 957 3656 his,
979 3603 1111 3658 quos
1135 3588 1247 3641 haec
1270 3588 1496 3641 maxime
1518 3603 1734 3644 servare
1753 3601 2096 3659 convenerat,

539 3683 590 3735 in
620 3680 698 3749 (b)
714 3665 1035 3734 alienitatem
1066 3676 1471 3731 transferantur.
1499 3675 1673 3730 Plana:
1696 3693 2024 3752 quaecunque
2047 3681 2098 3735 itt

539 3773 786 3840 gemmis,
809 3771 890 3831 vel
914 3785 1042 3824 auro
1065 3778 1223 3838 atque
1246 3779 1486 3837 argento,
1517 3784 1612 3823 nec
1635 3784 1738 3823 non
1769 3781 1820 3825 et
1845 3772 2098 3840 vestibus,

541 3867 713 3918 minus
749 3872 867 3930 apta
903 3859 1196 3925 usibus-vel
1240 3859 1452 3913 ornatui
1481 3857 1796 3914 videbuntur
1824 3860 2098 3927 Ecclesiae,

539 3971 655 4021 quae
681 3942 880 4011 servari
923 3966 984 4020 ac
1027 3951 1116 4003 diu
1149 3964 1363 4005 manere
1391 3965 1496 4003 non
1545 3959 1786 4018 possunt,
1836 3951 2100 4019 subjuSIa

539 4045 891 4102 :ustimatioue
918 4043 1234 4117 vendantur,
1267 4050 1318 4095 et
1361 4042 1658 4110 erogationi
1681 4043 1946 4113 religiosa
1976 4059 2100 4113 pro-

540 4141 734 4198 ﬁciant.
765 4125 1000 4206 Cumque
1029 4136 1161 4189 lecta
1206 4135 1416 4198 fuisset,
1450 4133 1790 4206 Laurentius,
1822 4136 2102 4206 episcopus

539 4213 942 4289 mediolanensis
969 4226 1243 4290 Ecclesiae,
1267 4225 1440 4277 dixit:
1475 4225 1576 4292 Ista
1606 4215 1868 4303 scriptura
1899 4228 2100 4302 nullum

540 4325 790 4396 liutnaitp:
837 4320 1062 4372 civitatis
1106 4316 1274 4384 potuit
1313 4316 1547 4383 obligare
1595 4316 1931 4392 pontiﬁcem,
1982 4319 2101 4386 quia

544 4427 644 4464 nun
681 4410 837 4479 :llCllii.
883 4410 976 4472 (al.
1006 4407 1224 4475 placuit)
1273 4407 1406 4460 laico
1445 4407 1710 4471 statuendi
1758 4407 2096 4472 inlcclesia,

547 4481 732 4570 pitcter
753 4515 934 4568 put-am
954 4498 1270 4578 [ὶωιιιεηιψιι.
1298 4497 1492 4551 habere
1513 4481 1743 4566 aliquam’
1766 4501 2099 4566 petcstatetn,

545 4593 624 4646 cui
659 4593 733 4660 (ε)
763 4587 1084 4656 obsequendi
1113 4588 1208 4652 (al.
1243 4585 1624 4654 subsequendi)
1661 4594 1838 4650 manet
1867 4590 2102 4643 DCCCSSl-

549 4696 648 4746 tas,
675 4698 777 4734 non
807 4680 1086 4732 auctoritas
1109 4677 1424 4752 imperandi,
1445 4677 1672 4743 maxime
1694 4687 1817 4730 ‘cum
1853 4693 1948 4731 nec
1972 4693 2102 4747 papa

551 4776 814 4826 Romanus
839 4771 1227 4836 subscripserit,
1248 4757 1359 4832 nec
1386 4769 1606 4838 alicujus
1633 4769 1922 4823 secundum
1946 4786 2105 4825 cauo-

550 4881 646 4919 ncs
670 4863 1050 4925 n'tctro;:olit:tui
1084 4865 1283 4930 legatur
1311 4875 1579 4913 assensus.
1609 4860 1794 4914 Petrus
1822 4864 2101 4930 episcopus

551 4959 592 5009 it
615 4953 871 5008 ivenuatis
894 4952 1137 5003 Ecclesiae
1167 4954 1295 5003 dixit
1326 4967 1338 5002 :
1371 4951 1639 5017 Scriptura
1683 4966 1798 5020 quae
1841 4953 1891 5005 itt
1926 4963 2102 5006 nostra

551 5044 956 5112 congregatione
988 5043 1188 5108 vulgati
1218 5053 1317 5108 est,
1349 5043 1505 5112 nullis
1553 5057 1667 5094 cum
1702 5043 1898 5097 vit-ibus
1929 5045 2104 5097 subsio

549 5150 690 5191 stcre
717 5133 808 5206 (nl.
841 5131 1108 5217 Stlsll:)t'l'l)
1142 5128 1470 5183 manifestum
1498 5143 1580 5184 est
1616 5150 1629 5185 :
1673 5136 1792 5200 quia
1824 5147 1921 5186 nec
1947 5149 2106 5186 cano-

553 5231 704 5290 uibus
732 5222 996 5284 convenit,
1021 5231 1072 5274 ct
1094 5220 1168 5289 (d)
1199 5222 1324 5274 luica
1358 5221 1449 5289 (al.
1481 5235 1508 5273 a
1540 5221 1670 5275 laica
1696 5223 1856 5291 nunc)
1884 5237 2108 5291 persona

622 5420 647 5447 ει
676 5407 794 5465 Hun
859 5383 1025 5458 locum
1053 5413 1254 5467 exiioqe
1280 5438 1294 5460 ,
1343 5399 1478 5467 sicut
1509 5398 1843 5464 przecedente
1873 5401 2101 5452 concilio

553 5479 785 5540 exposita
826 5483 946 5527 sunt
989 5475 1100 5522 hinc
1133 5466 1287 5540 vetita
1323 5466 1502 5540 :_E;'tts
1541 5471 1648 5519 sedi
1700 5469 1918 5536 primum
1967 5471 2106 5521 l’t'tri

556 5538 762 5615 apostoli
789 5547 1051 5615 maritum,
1073 5549 1172 5591 etc.
1202 5539 1324 5615 Snv.
1357 5538 1551 5615 limitis.

626 5624 697 5684 (ui
727 5621 800 5674 ltl.
833 5609 956 5676 ius,
985 5613 1204 5662 (uisitare
1236 5607 1442 5660 voluerit
1471 5606 1718 5672 itte/ﬁetu.

2219 1873 2316 1928 per
2341 1859 2648 1913 universum
2675 1862 2859 1916 orbem
2890 1865 3172 1931 primatum
3199 1867 3446 1924 obtinens
3473 1873 3746 1940 sacerdotii,

2216 1953 2428 2004 statutis
2457 1953 2800 2023 synodalibus
2826 1957 3104 2009 consuevit
3128 1957 3362 2014 tribuere
3394 1962 3701 2029 ﬁrmitatem,
3725 1978 3748 2017 a

2215 2042 2384 2110 laicis,
2413 2043 2536 2098 licet
2561 2045 3019 2101 consentientibus
3045 2049 3334 2116 aliquantis
3376 2053 3638 2124 episcopis
3660 2057 3748 2124 (qui

2212 2141 2388 2187 tamen
2422 2134 2680 2200 pontiﬁci,
2713 2151 2743 2189 a
2765 2151 2873 2204 quo
2898 2138 3204 2192 consecrari
3234 2141 3546 2207 probantur,
3588 2147 3748 2213 preju-

2212 2221 2408 2276 dicinm
2451 2221 2649 2277 inferre
2679 2239 2785 2278 non
2833 2227 3166 2294 potuerunt),
3208 2238 3590 2295 praesumptum
3614 2231 3750 2287 fuisse

2211 2313 2579 2383 cognoscitur,
2641 2316 2846 2370 viribus
2885 2331 3072 2374 carere
3124 2335 3228 2374 non
3268 2320 3491 2374 dubium
3535 2331 3632 2388 est,
3671 2337 3749 2376 nec

2213 2419 2368 2474 posse
2395 2406 2532 2461 inter
2558 2405 2922 2461 ecclesiastica
2954 2409 3063 2462 ullo
3090 2409 3247 2464 modo
3299 2419 3496 2464 statuta
3543 2413 3752 2466 censeri?

2208 2496 2399 2548 Sancta
2437 2495 2670 2566 synodus
2697 2495 2864 2550 dixit:
2900 2496 3089 2564 Liquet
3121 2501 3416 2554 secundum
3446 2504 3749 2569 prosecutio-

2210 2601 2332 2640 nem
2375 2587 2762 2641 venerabilium
2813 2588 3036 2642 fratrum
3083 2599 3420 2657 nostrorum,
3482 2592 3752 2657 Laurentii,

2207 2675 2371 2740 Petri,
2406 2675 2622 2742 Eulalii,
2655 2679 2950 2744 (iresconii,
2980 2679 3216 2744 Maximi,
3258 2682 3339 2735 vel
3365 2683 3646 2750 Stephani,
3673 2700 3752 2738 nec

2205 2767 2344 2835 apud
2372 2765 2474 2822 nos
2492 2768 2761 2823 incerto
2791 2766 3037 2833 habetur,
3085 2767 3223 2825 hanc
3255 2770 3428 2839 ipsam
3459 2773 3756 2842 scripturam

2203 2859 2405 2913 nullius
2432 2873 2553 2914 esse
2583 2859 2858 2926 momenti,
2887 2875 3069 2929 quam,
3115 2861 3323 2917 etiamsi
3370 2865 3551 2933 aliqua
3597 2877 3753 2934 posset

2205 2952 2497 3006 subsistere
2526 2952 2756 3014 ratione,
2808 2951 2980 3005 modis
3014 2953 3262 3008 omnibus
3292 2955 3342 3008 in
3372 2955 3622 3026 synodali
3648 2970 3758 3009 cono

2208 3053 2372 3098 ventu
2395 3043 2616 3112 provida
2644 3045 2993 3122 beatitudinis
3016 3061 3206 3101 vestra:
3237 3051 3503 3104 sententia
3532 3052 3756 3104 encrvari

2203 3137 2576 3204 conveniebat,
2621 3148 2675 3192 et
2704 3139 2756 3192 in
2786 3138 2996 3193 irritum
3023 3140 3236 3204 deduci,
3285 3157 3354 3196 ne
3383 3143 3436 3196 in
3467 3143 3756 3210 exemplum

2203 3237 2508 3284 remaneret
2550 3228 2905 3297 praesumendi
2935 3230 3260 3297 quibuslibet
3310 3231 3481 3297 laicis,
3534 3234 3760 3302 quamvis

2201 3318 2466 3388 religiosis
2494 3318 2578 3372 vel
2607 3318 2937 3387 potentibus,
2966 3318 3020 3372 in
3052 3335 3370 3389 quacunque
3403 3324 3624 3379 civitate
3645 3337 3760 3391 quo-

2202 3409 2334 3463 libet
2361 3407 2521 3462 modo
2546 3408 2748 3476 aliquid
2774 3409 3069 3464 decernere
3097 3410 3166 3464 de
3197 3412 3583 3467 ecclesiasticis
3609 3414 3758 3466 lactt”-

2202 3497 2427 3561 tatibus;
2479 3481 2718 3566 quarum.
2757 3499 2887 3552 solis
2932 3499 3299 3553 sacerdotibus
3328 3500 3650 3568 disponendi
3693 3503 3761 3552 in—

2199 3589 2439 3644 discussa
2469 3604 2499 3642 a
2529 3589 2637 3642 Deo
2663 3602 2788 3642 cura
2817 3591 3099 3643 commissa
3132 3589 3371 3646 docetur.
3423 3590 3761 3662 Symmachus

2199 3677 2485 3747 episcopus
2527 3678 2706 3731 dixit:
2748 3677 2921 3741 Modo,
2966 3680 3089 3746 quia
3136 3679 3271 3733 Deus
3311 3681 3654 3747 praesentiam
3681 3695 3759 3733 ve-

2200 3781 2364 3822 Stram
2396 3769 2630 3824 votivam
2653 3767 2780 3821 mihi
2804 3769 2906 3821 sub
2929 3768 3164 3834 qualibet
3183 3771 3465 3824 occasione
3486 3771 3760 3829 coneasit,

2203 3863 2322 3912 vo'o
2351 3861 2418 3932 (si
2450 3859 2646 3929 placet)
2678 3873 2799 3914 rem
2819 3858 2935 3912 ﬁeri
2971 3859 3198 3924 ﬁrmam,
3229 3875 3385 3929 qttam
3413 3860 3584 3913 credo
3608 3860 3761 3913 eccle-

2200 3949 2429 4004 siasticis
2457 3948 2795 4003 facultatibus
2823 3948 3133 4013 convenire,
3163 3959 3220 4002 ut
3242 3959 3544 4018 agnoscant
3570 3965 3763 4010 euinci,

2201 4052 2333 4108 quos
2362 4038 2416 4092 in
2454 4053 2540 4092 me
2569 4051 2734 4091 vanus
2779 4036 2925 4089 furor
2967 4037 3239 4101 excitavit,
3292 4037 3426 4091 nihil
3478 4053 3569 4093 me
3613 4037 3762 4104 magis

2201 4127 2416 4182 studere
2447 4139 2606 4194 quam
2667 4133 2722 4178 ut
2763 4124 2968 4177 salvum
2997 4138 3116 4177 esse
3160 4124 3328 4192 possit
3358 4128 3506 4206 quod
3541 4127 3669 4180 mihi
3695 4137 3766 4178 est

2202 4231 2230 4268 a
2263 4215 2371 4269 Deo
2393 4215 2493 4268 sub
2517 4214 2915 4282 dispensatione
2945 4215 3313 4279 commissum,
3353 4216 3448 4282 sed
3477 4227 3536 4270 et
3564 4217 3767 4284 quibus-

2204 4309 2332 4362 libet
2365 4307 2808 4377 (successoribus)
2837 4307 3000 4361 Deum
3032 4306 3361 4372 timentibus,
3411 4323 3630 4378 gnatum
3661 4324 3766 4362 esse

2198 4395 2417 4463 debeat,
2447 4407 2500 4452 et
2527 4397 2593 4449 ad
2621 4397 2967 4451 ecclesiastici
2995 4397 3291 4450 custodiam
3321 4400 3632 4465 patrimo'nii
3661 4414 3762 4466 ρει·-
3796 4443 3797 4448 η

2208 4487 2397 4541 tinere.
2448 4485 2642 4541 Sancta
2685 4485 2922 4555 synodus
2964 4484 3136 4540 dixit:
3175 4485 3384 4541 Scimus
3418 4489 3768 4556 provisionetn

2207 4591 2435 4636 vestram
2463 4566 2780 4635 necessariis
2820 4578 3057 4642 studere,
3111 4589 3166 4634 et
3212 4580 3331 4634 ideo
3378 4583 3432 4635 in
3483 4591 3660 4645 vestra
3699 4595 3797 4636 est‘

2209 4679 2468 4739 potestate
2495 4669 2763 4738 sequenda
2785 4669 3090 4750 disponere.
3121 4672 3476 4741 Symmachus
3499 4675 3770 4744 epiSCOpus
3796 4723 3797 4756 ἰ

2209 4763 2464 4818 Ecclesiae
2489 4762 2761 4816 catholicae
2789 4747 2938 4815 urbis
2957 4761 3142 4815 Romae
3165 4761 3296 4814 dixit
3321 4780 3332 4812 ε
3358 4755 3551 4833 Magna
3571 4765 3770 4832 quidem
3796 4747 3797 4830 ξ

2212 4852 2510 4907 venerando
2536 4862 2589 4906 et
2618 4850 2932 4905 sacerdotali
2962 4849 3187 4904 debetur
3220 4851 3426 4906 cultura
3479 4857 3770 4923 proposito,
3796 4855 3797 4928 ἐ

2211 4951 2292 5001 cui
2325 4944 2566 4997 imminet
2590 4943 2653 4996 de
2674 4940 2873 5003 studio,
2903 4955 3023 5009 quae
3051 4949 3192 4995 recta
3233 4952 3376 5007 sunt,
3429 4959 3543 4998 non
3589 4947 3654 5000 de
3691 4960 3774 4997 ne-

2155 5031 2163 5037 ’
2211 5039 2482 5099 cessitate,
2501 5036 2804 5101 disliouere.
2824 5032 2927 5087 Sed
2949 5035 3197 5102 quoniam
3231 5037 3280 5088 in
3309 5037 3586 5104 aliquibus
3614 5038 3772 5092 aliena

2215 5126 2623 5195 postulantibus,
2678 5123 2926 5176 vitiorum
2973 5135 3143 5177 mater
3182 5128 3440 5193 avaritia,
3495 5129 3797 5197 repudiatis;

2220 5217 2510 5272 honestatis
2537 5216 2824 5284 repagulis,
2869 5226 3035 5272 totum
3068 5229 3214 5286 putat
3243 5221 3506 5289 expedire
3558 5220 3694 5293 quod
3725 5221 3778 5272 li-

2282 5393 2356 5460 (b)
2391 5394 2463 5447 ltl.
2496 5408 2617 5460 ms.,
2648 5394 3046 5446 altermttudine.
3402 5391 3408 5398 '

2283 5467 2354 5528 (ι’)
2386 5465 2458 5515 ltl.
2488 5481 2608 5528 ttts.,
2651 5465 3006 5531 subsequendi.

2287 5537 2364 5599 (tl)
2396 5533 2629 5595 It|.'tns.,
2662 5551 2690 5584 τι
2720 5534 2850 5584 laica
2884 5547 3036 5583 nunc.

2289 5607 2354 5669 (ι’)
2387 5604 2454 5656 ld.
2497 5618 2617 5669 tns.,
2656 5612 2884 5656 testatum
2910 5601 3085 5668 fuerit.
