3842 6226
36 295 88 348 Ti
1178 284 1529 343 EPISTOLI’E
1568 284 1654 339 ET
1694 284 2026 340 DECRETA.

3134 282 3205 330 Ἱδ

37 407 197 458 betzet
217 404 303 469 ita,
332 402 456 455 dum
482 401 689 471 prada
715 400 877 455 inhiat
898 398 1146 470 patientia
1170 411 1411 466 superna:
1439 394 1545 463 pie-
1574 395 1625 455 Α
1652 392 1756 454 fata
1786 396 2088 450 conditione
2129 393 2392 458 domibus,
2439 392 2672 445 alienare
2701 398 2927 443 tentaret
2942 386 3003 444 it.
3041 387 3203 439 donu—

37 497 133 546 talis
170 494 424 556 abutitur,
490 492 932 561 exspectantibus
984 489 1368 544 correctionem
1411 485 1550 540 ctelo

35 586 308 647 moderante,
356 581 584 650 iudiciis
626 598 688 637 se
731 582 1027 637 existimant
1066 596 1172 635 non
1206 576 1394 642 teneri,
1428 591 1549 630 cum

34 678 192 726 clarum
213 674 294 733 sit,
324 672 466 737 quod
501 673 648 737 apud
670 680 845 726 certos
874 673 924 725 in
952 670 1287 724 occasionem
1312 665 1549 736 rapiendi

32 761 235 830 ριοενὼι
254 759 448 814 divinas
480 775 639 813 mora
667 760 961 813 sententiae.
986 758 1090 813 Sed
1125 758 1273 812 nobis
1301 771 1432 823 quos
1455 765 1548 823 pa-

30 851 199 903 storalis
226 863 349 901 cura
388 858 445 903 et
477 849 846 903 ecclesiastica
888 846 1153 917 astringit,
1198 860 1293 913 pro
1336 844 1552 911 dispen-

30 940 188 991 satione
210 937 430 1002 credita,
460 937 607 991 ratio
632 937 896 991 reddenda
923 936 1230 991 substantia:
1256 953 1267 987 :
1291 947 1426 1012 opus
1446 942 1546 996 est,

28 1040 69 1078 ut
92 1027 479 1081 sollicitudinem
528 1012 788 1091 nostram,
820 1042 925 1080 non
954 1027 1122 1080 solum
1152 1026 1217 1078 ad
1248 1024 1546 1093 praesentia,

27 1121 94 1172 sed
115 1120 258 1172 etiam
284 1120 356 1172 ad
380 1130 636 1175 secutura
668 1121 856 1171 saecula
887 1118 1235 1186 porrig‘amus,
1260 1129 1326 1168 ne
1349 1115 1414 1167 ad
1436 1112 1548 1166 ani-

26 1226 101 1261 ma:
126 1218 306 1260 nostra:
350 1208 684 1261 detrimenta
713 1208 1003 1275 contingat,
1044 1208 1088 1259 si
1121 1206 1172 1257 hi
1202 1205 1289 1272 qui
1329 1210 1549 1272 possunt

26 1299 197 1351 statutis
221 1298 416 1351 debere
447 1299 831 1361 innocentiam,
880 1304 1258 1364 praesumentes
1291 1294 1360 1348 de
1385 1292 1547 1345 liber-

26 1398 123 1449 tale,
165 1388 514 1456 delquerint,
565 1402 682 1439 cum
726 1386 969 1453 religiosa
1019 1384 1222 1453 possint
1268 1391 1321 1436 et
1367 1388 1544 1435 nostra

26 1477 305 1529 successoris
335 1476 515 1529 nostri
553 1484 813 1543 potestate
844 1462 1037 1536 fulciri,
1066 1473 1269 1541 legibus
1295 1459 1547 1526 ecclosia-

26 1568 136 1619 sticis
158 1565 477 1618 servientes.
561 1592 568 1598 -

733 1678 818 1731 IV.

1651 493 1755 551 tor,
1794 488 2051 541 alienatur
2096 500 2160 540 ac
2208 485 2484 549 venditor,
2540 481 2758 537 honotis
2795 480 2875 533 sui
2920 478 3206 533 amissione.

1650 576 1946 631 mulctetur.

2370 641 2483 696 VII.

1721 743 2003 806 Prasterea,
2022 742 2109 815 qui
2139 741 2346 812 petierit
2363 749 2453 794 aut
2469 739 2754 809 acceperit,
2774 737 2858 793 vel
2876 737 2963 806 qui
2986 733 3205 804 presby-

1650 842 1905 898 terorum,
1926 842 2017 886 aut
2042 824 2408 895 diaconorum,
2426 843 2520 884 seu
2553 828 2887 882 defensorum
2912 823 3203 881 danti'suh-

1648 926 1932 993 scripserit,
1960 939 2064 992 quo
2092 923 2257 978 iratus
2292 924 2430 975 Deus
2460 920 2663 973 animas
2696 917 2946 986 percutit,
2979 913 3203 969 anathe-

1647 1025 1788 1067 mate
1813 995 2045 1067 feriatur.
2076 1012 2261 1081 Sitque
2290 1008 2710 1075 accipientipvel
2753 1002 3200 1063 subscribentide

1649 1102 1889 1170 personis
1910 1103 2148 1171 superius
2172 1099 2594 1169 comprehensis,
2640 1097 2693 1151 id
2719 1105 2801 1151 est
2827 1111 2958 1165 quas
2982 1098 3196 1156 anathe-

1651 1197 1792 1242 mate
1822 1189 1965 1241 feriri
1996 1189 2296 1243 censuimus
2332 1187 2595 1256 (instituta
2638 1199 2793 1254 ptena
2845 1183 3198 1238 contuberna-

1648 1276 1773 1330 lium
1803 1278 2052 1348 servata),
2085 1294 2242 1347 quam
2291 1278 2639 1344 praemisimus
2668 1275 2720 1328 in
2760 1274 3053 1328 alienatore
3083 1270 3197 1323 vino

1647 1366 1807 1421 dictu.
1839 1366 1946 1421 Nisi
1975 1367 2110 1427 forte
2133 1377 2188 1423 et
2214 1367 2468 1422 alienatur
2491 1366 2615 1432 sibi,
2644 1368 2767 1419 dum
2794 1365 3007 1434 repetit,
3033 1374 3090 1418 et
3107 1366 3197 1433 qui

1646 1456 1927 1527 acceperit,
1957 1458 2116 1513 celeri
2146 1458 2478 1513 restitutione
2508 1460 2858 1527 prospexerit.

2357 1568 2486 1621 Vill.

1634 1684 1637 1685 '
1716 1667 1867 1735 Quod
1895 1669 1937 1722 si
1967 1668 2172 1723 minore
2201 1668 2389 1721 animae
2408 1682 2517 1721 suas
2538 1679 2687 1731 cura,
2711 1665 2987 1734 quisquam
3017 1679 3194 1719 reme-

75 1768 150 1821 llis
167 1782 288 1837 ergo
316 1736 626 1837 perpensis,
643 1782 890 1821 mansuro
917 1780 1037 1821 cum
1061 1764 1153 1820 Dei
1184 1764 1349 1820 nostri
1376 1765 1545 1819 consi-
1574 1732 1623 1791 Β
1650 1732 1791 1817 dium
1820 1763 2051 1817 oblatum
2084 1762 2223 1815 forte
2269 1760 2578 1831 neglexerit,
2627 1732 2787 1827 supra
2828 1732 2891 1812 ea
2922 1773 3195 1821 pinnarum

26 1858 254 1909 iteratione
276 1858 529 1925 decreto,
558 1857 844 1920 sancimus,
883 1866 941 1910 ut
969 1855 1097 1910 nulli
1125 1855 1427 1924 apostolicae
1463 1844 1548 1910 ὼ-

26 1950 103 2008 dis,
131 1950 351 2016 przesuli,
396 1965 429 2002 a
463 1950 713 2017 praesenti
761 1948 847 2003 die
878 1947 1087 2018 (donec,
1111 1948 1422 2015 disponente
1447 1945 1547 2000 do-

26 2038 155 2099 mino,
195 2037 478 2092 catholicas
523 2038 644 2092 fidei
695 2036 946 2091 manserit
990 2035 1228 2090 doctrina
1277 2033 1542 2102 salutaris)

30 2130 148 2181 lceat
171 2129 424 2196 prsidium
454 2124 457 2125 ⁷
482 2130 759 2192 rusticum,
808 2135 1224 2196 quantaecunque
1264 2124 1418 2179 fuerit
1462 2125 1545 2177 vel

30 2218 379 2287 magnitudinis,
400 2220 491 2273 vel
511 2219 810 2286 esiguitatis
831 2216 930 2270 sub
952 2224 1202 2283 perpetua
1229 2214 1547 2268 alienatione

33 2308 93 2359 vel
116 2310 520 2363 commutatione
568 2308 633 2361 ad
661 2306 940 2377 cujuslibet
957 2306 1073 2374 jura
1097 2304 1401 2358 transferre.
1441 2304 1548 2358 Nec

32 2403 293 2465 cujusquam
337 2410 668 2455 exeusentur
696 2396 1027 2453 necessitatis
1076 2396 1315 2459 obtentu,
1357 2392 1548 2463 quippe

34 2504 125 2542 tum
148 2506 241 2543 non
265 2490 332 2544 sit
360 2490 671 2559 personale,
720 2486 863 2557 quod
904 2486 1165 2555 loquimur
1190 2502 1203 2537 :
1240 2499 1338 2539 nec
1360 2484 1549 2553 aliquis

34 2578 295 2633 clericorum
337 2581 424 2634 vel
473 2579 729 2633 laicorum
760 2578 859 2632 sub
896 2577 993 2629 hac
1018 2575 1298 2629 occasione
1334 2581 1546 2640 accepta

35 2677 218 2721 tueatur.
265 2668 369 2723 Sed
401 2683 505 2722 nec
533 2668 607 2735 (α)
638 2667 690 2720 in
722 2663 1107 2718 usuh'uctuario
1139 2662 1259 2730 jure
1287 2660 1547 2728 aliquibus

38 2756 134 2808 dare
168 2759 332 2820 liceat,
388 2773 489 2812 nec
528 2758 652 2811 data
694 2757 945 2817 retinere,
987 2763 1181 2821 praeter
1222 2750 1463 2815 clericos,
1493 2759 1549 2805 et

41 2848 256 2911 captivos,
284 2857 446 2917 atque
471 2851 776 2917 pert-griuos
799 2864 813 2901 :
836 2861 905 2902 ne
934 2844 1086 2900 make
1107 2841 1431 2898 tractationis
1450 2842 1549 2895 mi-

42 2938 248 2990 nistretur
272 2939 509 3004 occasio,
536 2952 656 2991 cunt
682 2936 985 2990 liberalitati
1012 2933 1087 2989 illi
1132 2932 1232 2985 alia
1262 2930 1336 3003 (li)
1361 2930 1547 2985 itinere

43 3036 345 3082 reserventur.
1132 3031 1138 3037 ’

1646 1868 1860 1921 genera,
1908 1869 2026 1923 quas
2055 1852 2299 1921 superius
2330 1860 2579 1906 tenentur
2613 1848 2863 1917 ascripta,
2908 1858 3087 1904 contra
3118 1847 3198 1903 fas

1647 1943 1693 1999 si
1738 1942 1877 2012 quod
1924 1954 2236 2010 conceptum
2284 1942 2442 1997 fuerit
2482 1940 2888 2004 documentum,
2938 1937 3199 1993 universis

1646 2038 1864 2096 viribus.
1896 2036 2139 2105 quamvis
2164 2036 2231 2089 ah
2269 2035 2419 2088 initio
2455 2034 2628 2087 nullas
2658 2030 2917 2093 habuerit,
2965 2028 3041 2098 (Ῑ)
3067 2028 3195 2083 elle-

1648 2134 1808 2179 tetur.
1851 2124 1954 2178 Sed
1984 2125 2145 2177 etiam
2187 2123 2346 2177 liceat
2383 2122 2783 2191 quibuscunque
2824 2117 3196 2172 ecclesiasticis

1649 2214 1889 2281 personis
1914 2211 2117 2265 vocem'
2137 2210 2571 2265 contradictionis
2609 2209 2819 2269 aﬂ‘erre,
2864 2216 2914 2260 et
2944 2207 3195 2261 ecclesia-

1649 2297 1777 2350 stica
1808 2295 2122 2350 auctoritate
2152 2286 2341 2359 fulciri,
2389 2297 2463 2349 ita
2495 2304 2551 2349 ut
2570 2298 2700 2367 cum
2737 2291 2993 2346 fructibus
3032 2289 3198 2358 possit

1650 2386 1877 2440 alienata
1904 2392 2187 2453 reposcere
2211 2403 2223 2437 :
2251 2399 2348 2439 nec
2374 2378 2553 2452 aliquo
2572 2397 2631 2437 se
2652 2389 2776 2435 ante
2801 2380 3028 2434 tribunal
3048 2378 3196 2432 Chri-

1648 2476 1715 2529 sti
1754 2474 2029 2529 ohstaculo
2076 2474 2296 2538 muniat,
2334 2472 2424 2543 qui
2464 2488 2491 2525 a
2519 2471 2777 2541 religiosis
2817 2469 3094 2524 animabus
3129 2467 3195 2522 ad

1648 2564 1997 2618 substantiam
2030 2563 2318 2633 pauperum
2348 2562 2620 2626 derelicta,
2650 2572 2833 2616 contra
2862 2560 2937 2614 fas
2963 2560 3079 2614 sine
3102 2559 3199 2613 ali-

1647 2667 1747 2721 qua
1779 2653 1988 2721 pietatis
2033 2651 2460 2707 consideratione
2498 2651 2767 2719 dispergit.
2816 2648 2979 2718 Hujus
3016 2658 3193 2705 autem

1647 2744 2034 2798 constitutionis
2075 2744 2243 2812 legem
2285 2744 2339 2796 in
2381 2743 2668 2810 apostolica
2694 2748 2911 2794 tantum
2954 2741 3195 2796 volumus
3286 2778 3289 2780 -

1648 2832 1777 2888 sede
1816 2832 2037 2900 servari,
2088 2831 2143 2886 itt
2181 2832 2441 2886 universis
2467 2830 2722 2886 Ecclesiis
2760 2844 2853 2899 per
2902 2831 3197 2899 provincias

1648 2922 1937 2979 secundum
1963 2924 2255 2977 animarum
2300 2921 2799 2985 considerationem,
2846 2935 3024 2989 quem,
3072 2936 3195 2989 pro-

1652 3012 1824 3080 posito
1849 3010 2115 3081 religionis
2140 3012 2423 3067 convenire
2470 3021 2703 3066 rectores
2728 3023 2913 3065 earum
2944 3008 3191 3079 viderint.

740 3096 805 3150 ν.
1575 3078 1622 3139 c
1650 3078 1799 3156 more
1822 3078 2051 3155 servato.

100 3185 216 3241 Sane
239 3198 433 3243 tantum
465 3189 658 3244 domus
685 3188 738 3242 in
763 3185 1084 3257 quibuslibet
1107 3183 1327 3239 urbibus
1350 3182 1548 3238 consti-

52 3284 164 3337 uitat,
177 3292 379 3345 quarum
400 3289 599 3333 statum
618 3291 833 3333 necesse
850 3286 933 3331 est
955 3288 1184 3343 expensa
1215 3287 1319 3327 non
1344 3272 1548 3333 modica

53 3368 304 3431 sustentari,
347 3371 580 3437 acceptis
609 3368 679 3436 (si
716 3367 898 3423 offerri
928 3361 1242 3435 contigerit)
1284 3363 1382 3418 sub
1408 3363 1548 3429 justa

56 3454 107 3517 to
128 3456 485 3511 existimatione
510 3456 786 3520 reditibus,
832 3461 888 3508 et
922 3437 1083 3507 antiit
1130 3453 1317 3506 timore
1341 3449 1546 3519 judicii,

57 3540 487 3607 (dicommutentur
516 3545 616 3615 (af.
647 3540 1101 3611 commodentur).

735 3652 823 3707 Vl.

109 3748 199 3803 Pari
221 3752 365 3807 etiam
409 3754 757 3809 ecclesiarum
800 3766 895 3819 per
925 3762 1113 3804 omnes
1142 3748 1391 3801 Romanas
1418 3745 1551 3799 civi-

58 3838 153 3891 tatis
170 3841 349 3907 titulos,
380 3844 470 3912 qui
493 3840 953 3910 suntpresbyteri,
982 3839 1066 3894 vel
1094 3837 1391 3907 quicunque
1432 3833 1548 3888 fue-

60 3924 333 3998 iihlsttingi
358 3932 603 3985 volumus
629 3931 745 3997 lege
777 3931 1023 3983 custodes
1048 3945 1062 3980 :
1086 3926 1210 3995 quia
1237 3922 1386 3980 nefas
1409 3923 1553 3977 dictu

28 4038 31 4039 ν
60 4022 135 4073 est,
156 4016 448 4087 obligatione
479 4062 495 4084 ,
544 4034 645 4087 qua
680 4033 740 4072 se
768 4034 860 4086 per
885 4018 1155 4070 caritatem
1185 4014 1380 4067 Christi
1421 4028 1551 4067 eon-

61 4106 185 4157 nectit
207 4122 426 4164 summus
459 4110 716 4178 pontifex,
748 4124 810 4162 ea
841 4109 1106 4161 hominem
1137 4106 1351 4160 secundi
1384 4106 1435 4157 itt
1466 4120 1557 4158 ec-

61 4190 181 4246 clesia
204 4199 388 4253 ordinis
412 4216 521 4253 non
550 4198 735 4253 teneri.
775 4199 1083 4264 Quicunque
1116 4196 1297 4250 tamen
1322 4200 1391 4265 (ε)
1417 4198 1551 4250 obli-

62 4289 191 4344 Satus,
213 4282 316 4349 Dei,
340 4299 393 4342 et
420 4271 800 4353 decreti’hujtts
821 4290 1111 4339 immemor
1132 4285 1283 4354 cujus
1304 4285 1554 4337 Romamn

62 4369 241 4427 civitatis
278 4378 579 4447 sacerdotes
612 4378 852 4430 volumus
901 4377 1156 4445 religiosis
1203 4376 1425 4441 nexibus
1466 4375 1555 4428 de—

65 4460 226 4525 vinciri,
267 4464 315 4519 in
343 4466 693 4521 constitutum
726 4482 960 4535 prtesens
1006 4467 1363 4530 committens,
1406 4466 1559 4533 quid-

65 4562 181 4611 αυεω
206 4554 263 4607 de
296 4557 409 4624 jure
443 4559 729 4611 titulorum.
752 4559 831 4611 vel
871 4559 1111 4611 ecclesia:
1145 4558 1384 4626 superius
1427 4573 1559 4625 pras-

67 4638 157 4690 hu:
191 4647 404 4709 quolibet
448 4650 630 4716 modo,
680 4659 870 4717 prmter
917 4664 1123 4709 aurum,
1174 4644 1443 4716 argentum
1473 4648 1554 4702 vel

67 4739 265 4796 Βειιιωη,
297 4748 465 4793 testes
496 4730 727 4807 quoque,
768 4740 811 4791 si
841 4749 983 4803 sunt,
1034 4739 1118 4793 vel
1164 4740 1207 4792 si
1237 4740 1560 4793 accesserint

68 4814 195 4881 aliqua
219 4825 435 4889 mobilia,
480 4826 545 4879 ad
596 4839 902 4882 ornamenta
946 4828 1120 4884 divina
1156 4829 1371 4882 tninime
1397 4830 1558 4898 perti-

70 4908 220 4976 nentia,
261 4927 507 4984 perpetuo
529 4917 673 4984 jure,
724 4919 959 4987 exceptis
1000 4920 1255 4973 duntaxat
1296 4908 1399 4973 sub
1422 4934 1555 4989 pras-

122 5129 142 5155 ⁸
166 5122 207 5198 In
228 5128 364 5198 rebus
413 5121 577 5198 gestis
607 5129 677 5181 S.’
702 5128 957 5198 Fulgentii
986 5128 1275 5197 Ruspensis
1298 5129 1558 5195 episc0pi,

76 5183 153 5267 huic
169 5192 223 5247 de
249 5183 444 5251 ιςυιωιῑῖῖ
471 5197 757 5250 habentur:
786 5183 1019 5249 Eulalius
1051 5183 1125 5250 vi}
1151 5183 1347 5258 eximite
1375 5183 1555 5250 sancti:

80 5266 485 5335 tatis._admirabi!is
506 5268 884 5330 hospitalitatis,
910 5270 1281 5335 perfectissima:
1301 5269 1545 5331 caritatis,

77 5333 237 5402 tucujns
259 5339 397 5389 corde
418 5337 684 5388 thesaurus
710 5336 967 5402 sapientia:
981 5333 1261 5402 spiritantia
1290 5336 1555 5389 abscondi-

80 5400 151 5470 ξω»
171 5405 319 5470 vituitus
345 5406 649 5459 talentorum
672 5400 1034 5458 dominicortmt
1064 5406 1395 5470 negotiatione
1417 5404 1553 5457 dita-

83 5461 151 5514 θαι.
181 5466 338 5543 Virtute
363 5477 493 5528 enim
530 5476 840 5529 discretionis
876 5491 1023 5543 super
1055 5461 1224 5525 om‘m'a
1262 5476 1577 5543 decoratus,

83 5538 370 5660 ξὲςαῇξζέτη
398 5545 761 5614 professionem
780 5538 1121 5612 super'omnia
1151 5543 1416 5614 diligebat,
1443 5538 1547 5602 etc.
1570 5540 1573 5543 ’

86 5630 109 5652 κ’
166 5645 175 5657 ι
246 5627 269 5660 ι’
319 5630 361 5660 ς-

86 5617 175 5657 NN.
200 5617 361 5667 titulus.

1586 4418 1633 4475 Ι)

2206 3223 2651 3264 ευδςειιιρτιοδιῑε.

1718 3301 1911 3356 Cadius
1948 3300 2298 3371 Symmachus
2340 3302 2619 3368 episcenos
2648 3300 2895 3355 Ecclesia:
2943 3298 3195 3353 Romanas

1647 3388 1770 3444 huic
1795 3391 2081 3445 constituto
2109 3406 2137 3442 a
2165 3390 2318 3444 nobis
2343 3390 2483 3444 facto
2507 3389 2816 3458 subscripsi.

1716 3483 1912 3538 Cadius
1937 3483 2252 3538 Laurentius
2270 3485 2551 3552 episcopus
2575 3491 2773 3536 sancta:
2790 3481 3196 3537 Mediolanensls

1652 3574 1901 3628 Ecl-lesize
1938 3573 2061 3628 huic
2088 3574 2376 3629 constituto
2403 3588 2432 3626 a
2474 3572 2759 3628 venerabili
2788 3587 2919 3641 papa
2954 3571 3197 3641 Symma-

1590 3696 1597 3703 -
1650 3663 1751 3717 cho
1777 3664 1916 3717 facto
1943 3664 2260 3732 subscripsi.

1722 3754 1910 3808 Petrus
1970 3754 2248 3821 episcopus
2314 3753 2589 3809 catholica:
2636 3754 2958 3809 Ravennatis
3001 3764 3199 3823 sancta:

1606 3884 1607 3887 η
1653 3844 1906 3900 Εοεξθεὶεις
1950 3844 2073 3898 huic
2099 3845 2390 3899 constituto
2417 3860 2446 3898 a
2475 3845 2763 3900 venerabili
2798 3858 2931 3914 papa
2971 3844 3197 3899 Simma-

1651 3933 1753 3987 cho
1785 3934 1926 3987 iacto
1953 3934 2261 4003 subscripsi.

1724 4033 1751 4061 ι
1786 4025 2017 4101 Eulalius
2056 4027 2335 4093 episcopus
2386 4026 2636 4080 Ecclesia:
2687 4026 3030 4095 Syracusana:
3075 4025 3196 4079 huic

1651 4114 1938 4167 constituto
1975 4128 2005 4166 a
2031 4115 2322 4185 venerabili
2369 4129 2504 4183 papa
2532 4114 2851 4186 Symmacho
2895 4116 3031 4169 iacto
3068 4117 3193 4170 sub-

1651 4216 1754 4254 seri
1763 4217 1860 4269 pst.
2952 4223 2957 4227 ~

1793 4291 1937 4344 Felix
1970 4292 2403 4349 Interamnettsis.

1792 4380 2107 4437 Cresconius
2126 4383 2463 4436 Tudertintts.

1797 4473 2110 4527 .‘Euiilianus
2141 4472 2511 4528 Vercellensis.

1797 4560 2065 4614 Jocundus
2098 4560 2529 4628 Suhangnstanus
2562 4560 2655 4629 (al.
2679 4558 3062 4632 Aug-tstanus).

1797 4650 2060 4718 Tigridius
2088 4652 2365 4706 Taurinas.

1801 4738 1982 4795 Vitalis
2012 4740 2314 4795 Fundanus.

1802 4829 1993 4884 Bassus
2018 4833 2111 4900 (at.
2144 4831 2446 4898 Bassianus)
2477 4830 2804 4886 Mutinensis.

1801 4923 1817 4951 ³
1840 4921 2153 4977 Pacatianus
2176 4919 2557 4975 Comaelensis.

1730 5126 1805 5197 (α)
1833 5127 1908 5182 Id.
1940 5143 2064 5194 ms.,
2090 5146 2143 5181 m
2167 5128 2426 5195 usufructtt
2450 5140 2596 5178 rura.
2692 5132 2697 5135 '

1751 5198 1799 5257 ὁ)
1833 5197 1906 5250 ltl.
1939 5215 2064 5263 ms.,
2092 5199 2322 5251 retinere.

1752 5266 1797 5335 ε)
1829 5268 1902 5321 Id.
1936 5285 2059 5331 ms.,
2089 5264 2431 5320 mstimatioue.

1748 5334 1804 5400 ὀ)
1836 5336 1908 5390 Id.
1938 5351 2061 5400 ms.,
2095 5334 2482 5388 committentur.
2580 5394 2583 5395 ν

1727 5404 1796 5473 (e)
1827 5406 1900 5463 Id.
1932 5421 2058 5471 ms.,
2084 5404 2285 5473 oblitus.

1725 5472 1791 5543 (fl
1825 5474 1899 5528 Id.
1928 5490 2054 5539 ms.,
2085 5472 2338 5538 e/l‘ccetur.

1727 5540 2015 5615 i"Dionyse,
2048 5543 2378 5614 Pagatianus.
2408 5540 2576 5595 ιωυ.
2636 5570 2645 5581 -
