3842 6226
31 331 81 384 εί
1347 319 1914 376 PROLEGOMENON.
3122 388 3136 401 ο
3179 325 3249 378 sa

31 455 112 504 que
136 437 264 490 enim
289 437 331 490 is
348 435 774 500 eratdiaconus,
799 442 850 487 ut
877 432 1196 488 existimavit
1225 432 1460 485 Norisius
1482 431 1582 498 (a),
1613 437 1659 489 Α
1687 432 1890 483 aliunde
1913 432 2099 499 placet,
2140 433 2236 484 nisi
2261 448 2323 484 ex
2345 450 2401 484 eo
2430 433 2563 500 quod
2594 432 2698 500 ipse
2727 434 3021 488 donaverit:
3048 448 3243 500 errant,

31 543 173 595 neque
194 525 516 589 monachus,
545 535 604 578 ut
636 540 912 593 perperam
940 524 1173 578 crs-ditus
1208 532 1291 576 est
1338 537 1369 574 a
1421 521 1574 573 Blon-

33 619 283 683 deilolb);
308 615 405 668 sed
445 617 555 678 vir,
583 624 640 668 ut
666 616 882 679 videtur,
922 615 1165 669 militaris
1205 632 1218 665 :
1261 613 1349 681 qui
1379 627 1500 664 cum
1527 613 1579 664 in

35 709 333 761 Pal-.estinam
361 721 596 772 pergere
622 706 962 771 decrevisset,
993 705 1445 771 intellexissetque
1467 700 1582 769 plu-

37 818 100 855 tes
123 816 206 866 per
245 814 366 852 eain
416 800 754 866 provinciam
807 801 1037 853 haereses
1093 797 1290 866 passim
1331 811 1578 864 serpere,

37 902 280 956 proptere:
313 882 383 944 ne
426 892 573 943 ullus
627 890 728 944 sibi
775 906 960 944 sensus
1013 891 1277 944 haeretica:
1307 888 1582 955 pravitatis

34 989 333 1046 subreperet,
366 994 396 1030 a
460 979 803 1032 sanctissimo
833 995 984 1048 aeque
1025 995 1086 1032 ac
1112 979 1420 1034 doctissimo
1447 977 1584 1032 Rus-

35 1073 153 1136 pcusi
177 1070 436 1136 episcopo
460 1069 589 1123 ﬁdei
621 1071 855 1137 regulam
887 1070 1169 1138 ﬂagitarat.

92 1202 141 1252 ll.
167 1201 279 1253 tam
310 1215 448 1254 vero
476 1202 545 1255 de
577 1201 716 1255 Petri
757 1202 962 1257 diaconi
1005 1202 1187 1256 libello
1224 1201 1398 1270 deque
1445 1201 1585 1255 illius

33 1290 375 1344 conscribendi
419 1292 706 1346 occasione
753 1293 915 1346 verba
956 1293 1166 1357 facturi,
1214 1292 1450 1345 virorum
1491 1291 1584 1344 do—

31 1397 209 1435 ειιιιιιιη
240 1384 489 1452 vestigiis
514 1383 908 1448 inhterebimus,
930 1386 1021 1452 qui
1051 1399 1112 1437 ea
1145 1384 1195 1436 in
1218 1398 1276 1436 re
1303 1381 1584 1451 aperienda

33 1474 163 1524 nobis
191 1473 478 1538 praivisse
511 1473 648 1525 ultro
669 1474 1026 1540 agnoscimus.
1069 1473 1224 1525 Anno
1271 1473 1429 1540 igitur
1457 1472 1585 1536 518,

35 1565 112 1615 sub
140 1562 342 1615 initium
369 1562 591 1627 imperii
615 1561 827 1624 Justini,
855 1561 1100 1615 monachi
1131 1561 1344 1629 Scytha:
1364 1576 1588 1628 quorum

35 1655 119 1703 dus
145 1661 195 1704 et
222 1650 404 1704 fautor
426 1651 666 1705 Joannes
696 1652 1012 1714 Maxentius,
1049 1667 1172 1706 cum
1200 1652 1592 1705 existimassem

37 1743 250 1795 haeresim
277 1743 656 1796 Nestorianam
683 1753 738 1796 et
766 1743 1146 1812 Eutychianam
1169 1745 1312 1796 haud
1338 1743 1591 1797 radicitus

37 1833 238 1886 etscindi
268 1849 463 1901 posse,
495 1835 593 1889 nisi
624 1851 802 1904 unuse
826 1835 1073 1888 Trinitate
1094 1852 1276 1905 passus
1307 1851 1573 1890 asserere-

41 1935 122 1983 tur,
147 1923 391 1991 ingentes
423 1926 614 1978 turbas
640 1925 1103 1994 ConstantinOpuli
1127 1928 1448 1991 excitarunt,
1480 1930 1594 1996 qui-

43 2014 116 2062 tus
138 2015 271 2066 brevi
297 2021 447 2067 totus
472 2014 620 2069 orbis
648 2016 866 2069 exarsit.
893 2015 1065 2070 Causa
1090 2017 1392 2085 lmjusmodi
1419 2017 1485 2070 ad
1510 2032 1592 2070 se-

45 2104 108 2155 dis
132 2105 445 2169 apostolica:
487 2109 687 2174 legatos
713 2106 1178 2176 Constantinopoli
1222 2119 1440 2178 agentes
1485 2113 1593 2178 pri-

45 2207 159 2243 mutu
184 2194 391 2258 delata;
425 2211 550 2248 mox
592 2197 657 2249 ad
705 2198 877 2264 ipsum
927 2200 1266 2270 llormisdam
1299 2201 1593 2252 Romanum

44 2284 317 2344 pontiﬁcem
346 2284 583 2338 deducta
627 2287 954 2352 perhibetur.
991 2289 1178 2342 Verum
1223 2304 1342 2342 eum
1374 2289 1593 2342 ltomam

46 2375 165 2424 missi
213 2376 606 2429 monachorum
650 2377 836 2447 legati,
878 2392 1104 2446 quorum
1157 2379 1354 2447 primas
1404 2379 1592 2446 agebat

48 2461 202 2515 l'etrns
245 2464 541 2533 Diaconus,
596 2482 785 2521 novam
842 2470 986 2522 illam
1039 2470 1250 2524 dicendi
1306 2469 1591 2524 formulam

50 2550 163 2604 t-aud
202 2554 394 2609 leviter
440 2558 700 2625 exagitari
748 2561 1134 2626 comperissent
1207 2559 1273 2611 ad
1315 2561 1596 2628 episcopos

51 2642 211 2694 Africa:
237 2643 285 2695 in
309 2645 560 2698 Sardinia
584 2649 887 2700 exsulantes
913 2649 1284 2716 confugerunt.
1319 2649 1470 2700 Anno
1498 2649 1596 2702 ita-

54 2746 134 2790 que
162 2743 396 2788 vertente
409 2735 540 2797 520,
563 2746 653 2790 aut
670 2738 882 2792 ineunte
897 2739 1021 2806 52f,
1041 2739 1277 2793 redditus
1303 2750 1384 2793 est
1408 2752 1595 2794 sancto

56 2821 297 2889 lulgentio
328 2829 647 2896 exterisque
694 2829 1114 2895 eonfessoribus,
1160 2848 1188 2885 a
1225 2833 1595 2886 Trasamundo

59 2909 382 2968 Vandalurum
417 2931 541 2984 rege
571 2919 767 2971 Ariano
821 2920 871 2972 in
921 2921 1221 2975 Sardiniam
1267 2923 1590 2989 deportatis,

59 3000 370 3062 professionis
414 3007 534 3059 lidei
581 3007 793 3063 libellus
839 3011 904 3062 ad
935 3011 1174 3076 epistola:
1225 3014 1435 3066 modum
1467 3028 1596 3067 con-

64 3101 224 3149 luitis,
257 3093 395 3147 Petri
432 3097 641 3152 diaconi
667 3110 719 3151 et
745 3101 1009 3152 sociorum
1041 3101 1154 3169 ejus
1177 3104 1390 3156 nomine
1416 3104 1590 3156 consi-

64 3191 238 3241 gnatus.
282 3184 390 3237 llos
425 3187 561 3238 inter
607 3188 850 3241 laudatus
880 3190 1064 3242 Petrus
1101 3193 1353 3244 diaconus
1391 3196 1591 3246 emine-

68 3269 152 3328 bat,
180 3272 257 3337 qui
278 3273 450 3337 primo
472 3278 630 3328 etiam
654 3278 770 3330 loco
800 3279 1031 3331 libellum
1061 3280 1388 3346 subscripsit.
1418 3285 1593 3347 Quan-

70 3357 311 3423 doquidem
340 3379 470 3417 vero
495 3367 780 3432 typothetze
793 3369 1069 3421 oscitantia
1102 3370 1286 3420 horum
1303 3370 1590 3437 legatorum

70 3450 448 3520 subcriptiones
489 3456 587 3509 hac
618 3458 668 3510 in
712 3469 891 3511 nostra
938 3459 1171 3513 editione
1217 3463 1595 3526 pratermissas

74 3538 207 3594 fuisse
225 3545 716 3610 animadvertimus,
745 3563 836 3602 eas
867 3560 1145 3617 propterea
1177 3551 1262 3604 hic
1291 3553 1476 3605 saltem
1505 3552 1597 3604 de-

72 3629 341 3686 scribendas
370 3637 650 3690 duximus.
683 3638 772 3691 Sic
799 3648 973 3693 autem
1003 3654 1062 3693 se
1091 3641 1317 3694 habent:

130 3719 310 3776 Parcus
332 3727 676 3779 misericordia
704 3726 794 3779 Dei
820 3731 1063 3781 diaconus
1089 3733 1399 3799 subscripsit.

128 3808 331 3868 ιοιιιιιεε
359 3817 706 3869 misericordia
731 3817 824 3870 Dei
852 3823 1125 3873 monac/ists
1149 3824 1458 3892 subscripsit.

129 3899 368 3959 Leontius
394 3909 750 3962 misericordia
779 3911 868 3963 Dei
891 3914 1173 3982 monachus
1196 3915 1509 3983 subscripsit.

128 3992 332 4050 Joannes
357 4000 514 4050 lector
538 4001 882 4054 misericordia
907 4003 1001 4056 Dei
1035 4005 1347 4074 subscripsit.

132 4123 200 4176 Ill.
231 4127 283 4180 lli
313 4146 468 4196 porro
499 4148 528 4184 a
568 4137 844 4189 monachis
878 4139 1089 4207 Scythis
1139 4147 1380 4193 oratores
1431 4141 1600 4206 missi,

77 4211 271 4270 libellum
315 4221 364 4273 in
409 4233 531 4275 octo
583 4226 751 4291 capita
788 4227 1047 4293 digestum
1084 4229 1147 4281 ad
1179 4231 1391 4284 exsules
1420 4231 1604 4286 Patres

78 4303 310 4361 Atticanos
335 4310 602 4364 deferunt.
624 4316 738 4377 Quo
768 4315 817 4367 in
842 4316 1020 4369 libello
1035 4318 1294 4385 prioribus
1317 4321 1601 4389 capitibus,

77 4407 96 4437 λ
123 4399 328 4452 secundo
356 4403 606 4455 nimirum
652 4405 716 4456 ad
761 4407 1024 4472 quintum,
1068 4423 1219 4460 suam
1267 4407 1497 4477 ipsorum
1537 4413 1602 4466 de

1683 520 1918 588 inquam,
1950 523 2074 575 dum
2109 522 2211 576 hoc
2239 522 2601 575 testimonium
2653 523 2893 576 tribuunt
2941 525 3248 579 Innocentio

1683 625 1828 678 papa:
1853 614 1903 665 in
1933 615 2158 682 epistola
2182 614 2246 666 ad
2271 615 2556 666 concilium
2589 615 2954 667 Milevitanum
2985 614 3096 682 (sl):
3128 632 3248 668 nam

1682 700 1871 766 legitur
1896 704 1947 754 in
1992 704 2219 769 epistola
2257 704 2320 756 2|
2360 702 2633 756 Caelestini
2676 718 2823 770 papa
2858 704 2926 756 ad
2972 705 3253 771 episcOpos

1684 788 1865 844 Gallia:
1911 794 2020 861 (e).
2070 794 2252 848 Delato
2300 797 2475 859 itaque
2505 795 2553 844 in
2602 792 2901 845 Sardiniam
2933 793 3252 863 Scytharum

1683 881 2058 935 monachorum
2121 883 2334 936 nomine
2376 883 2679 950 hujusmodi
2739 883 2918 936 libello
2950 928 2963 950 ,
3015 885 3252 938 Africani

1685 969 1869 1024 Patres
1889 984 2043 1024 suum
2073 973 2139 1026 de
2169 972 2457 1040 propositis
2503 973 2882 1040 quaestionibus
2911 990 3127 1028 sensum
3160 990 3254 1026 ex-

1685 1071 1929 1124 promere
1952 1059 2090 1114 haud
2120 1061 2447 1128 refugerunt.
2479 1062 2656 1138 Neque
2696 1078 2849 1129 vero,
2870 1074 2925 1116 ut
2953 1081 3073 1120 cum
3101 1067 3254 1120 Nori-

1686 1149 1768 1202 sio
1816 1150 2150 1221 loquarlf),
2200 1155 2568 1209 tantummodo
2614 1156 2825 1209 illorum
2876 1159 3255 1212 monachorum

1687 1237 1842 1292 fidem
1873 1255 1936 1293 ex
1973 1242 2174 1308 integro
2204 1244 2660 1308 commendarunt,
2695 1261 2880 1299 verum
2925 1247 3083 1300 etiam
3118 1249 3252 1302 alte-

1688 1316 1803 1382 rum
1835 1339 1891 1384 et
1927 1331 2025 1399 ipsi
2059 1335 2304 1387 volumen
2356 1336 2465 1403 pari
2514 1336 2666 1388 titulo
2706 1336 2768 1390 de
2812 1335 3173 1392 Incarnatioue
3207 1351 3256 1392 et

1690 1417 1867 1471 Gratia
1903 1420 2107 1474 Domini
2129 1424 2290 1475 ποεινὶ
2317 1422 2442 1477 Jcsu
2467 1424 2650 1479 Christi
2668 1437 3049 1494 reposuerunt;
3081 1429 3133 1482 in
3153 1445 3258 1498 quo

1690 1522 1875 1562 omnes
1906 1509 2222 1578 Scytharum
2255 1515 2546 1568 sententias
2591 1517 2989 1588 approbarunt,
3033 1520 3259 1588 aliisque

1696 1598 1914 1677 insuper
1944 1599 2287 1654 solidioribus
2315 1601 2529 1655 easdem
2561 1608 2886 1673 argumentis
2933 1610 3254 1662 munierunt.

1697 1686 1757 1737 lli
1781 1697 1958 1739 autem
1984 1687 2715 1759 fuerelt‘iepisCOpi,quorum
2736 1697 2947 1748 nomina
2965 1697 3113 1750 initio
3137 1700 3258 1752 libri

1631 1775 1676 1834 Β
1701 1785 2066 1829 recensentur.
2104 1776 2268 1843 Unius
2292 1787 2465 1834 tamen
2498 1781 2757 1850 Fulgentii
2787 1785 3076 1853 Ruspensis
3107 1789 3259 1852 titulo

1701 1867 1946 1919 volumen
1983 1868 2107 1920 illud
2131 1869 2492 1922 elucubratum
2519 1873 2679 1927 fuisse
2710 1876 3050 1944 intelligimus
3080 1893 3144 1931 ex
3166 1893 3260 1931 au-

1695 1968 1864 2018 ctore.
1897 1960 1984 2025 qui
2032 1960 2271 2027 ejusdem
2307 1963 2563 2030 Fulgeu'tii
2587 1975 2731 2033 gesta
2764 1967 2953 2020 litteris
2984 1969 3260 2038 consigna-

1699 2048 1790 2099 vit.
1819 2048 1905 2101 Sic
1924 2051 2065 2102 enim
2099 2052 2268 2118 inquit
2297 2053 2404 2119 (g):
2435 2053 2851 2121 Quandocunque
2901 2060 3258 2112 transmarinis
3300 2050 3305 2055 ’

1695 2139 1874 2200 litteris
1895 2125 1956 2191 de
1978 2140 2080 2206 ﬁde
2125 2142 2200 2194 vel
2249 2143 2310 2194 de
2344 2146 2551 2196 diversis
2584 2147 2940 2211 questionibus
2977 2149 3092 2222 inter
3107 2167 3254 2218 roga-

1696 2227 1878 2279 bantur
1894 2232 2146 2295 episcopi,
2181 2230 2455 2298 Fulgeutio
2478 2238 2780 2301 respondere
2810 2252 2903 2301 pro
2928 2241 3157 2290 omnibus
3196 2241 3258 2291 ab

1697 2320 1927 2372 omnibus
1948 2313 2322 2386 imponebatur.
2348 2323 2422 2375 Eo
2451 2337 2626 2393 autem
2657 2327 2710 2378 in
2736 2343 2915 2394 opere,
2936 2331 3009 2382 ait
3037 2330 3258 2398 Fulgen-

1699 2409 1961 2464 tianorum
1988 2426 2206 2480 operum
2227 2415 2514 2483 editor(h),
2535 2436 2552 2466 ι
2573 2417 2638 2471 de
2657 2418 3019 2474 [incarnatione
3046 2407 3257 2490 quidem

1699 2502 1950 2566 prmelare
1981 2502 2367 2573 subtiliterque
2409 2506 2644 2572 tliSputat
2691 2507 3025 2578 Fulgentius;
3068 2511 3136 2565 de
3168 2512 3257 2564 illa

1696 2605 1822 2645 vero
1862 2593 2108 2656 formula,
2141 2593 2300 2649 'Unus
2350 2599 2412 2649 de
2456 2597 2702 2652 Trinitate
2746 2617 2923 2668 passus
2949 2611 3041 2665 est,
3081 2603 3254 2657 minus

1695 2692 1876 2736 acute:
1907 2699 2027 2741 cum
2049 2687 2164 2753 ejus
2189 2687 2327 2750 loco,
2357 2688 2501 2742 velut
2520 2690 2757 2756 ejusdem
2785 2696 2993 2754 s‘ensus,
3027 2695 3160 2747 hanc
3179 2693 3250 2747 lo-

1695 2775 1960 2830 cntionem
1991 2787 2227 2846 usurpet,
2264 2778 2378 2831 Una
2401 2782 2462 2830 de
2494 2780 2741 2834 Trinitate
2769 2798 2986 2848 persona
3008 2784 3252 2850 cruciﬁzco

1650 2906 1654 2911 .
1704 2880 1785 2920 εει
1813 2866 1903 2936 (ἰ).
1942 2867 2162 2932 Verum,
2189 2880 2242 2921 ut
2266 2869 2582 2938 Scytharum
2613 2871 2991 2926 monachorum
3039 2874 3254 2942 scriptio

1698 2973 1882 3026 magna
1913 2972 1976 3012 ex
2009 2962 2232 3026 partem
2258 2961 2572 3028 explicando
2609 2965 2793 3030 gratia:
2833 2965 3259 3032 prtedestinatio-

1699 3051 1886 3113 niSqlle
1915 3051 2174 3118 mysterio
2196 3052 2532 3115 versabatur;
2579 3054 2655 3106 sic
2693 3053 2954 3122 Fulgentii
2984 3054 3260 3121 responsio

1619 3125 1665 3185 C
1695 3140 1746 3192 in
1773 3140 1962 3194 iisdem
1983 3141 2241 3208 capitibus
2263 3142 2638 3197 confirmandis
2663 3145 3070 3212 muniendisque
3097 3146 3258 3199 multa

1693 3242 1798 3286 est.
1838 3251 1856 3282 ι

1764 3322 1849 3376 ιγ.
1883 3323 2052 3376 Porro
2080 3325 2319 3392 quamvis
2347 3324 2580 3378 Africani
2614 3327 2796 3379 Patres
2825 3327 2874 3378 in
2898 3326 3142 3386 Sardinia
3170 3341 3262 3378 ex-

1693 3413 1931 3487 sulasjtes
1956 3413 2255 3482 Scythicam
2289 3415 2446 3468 fidem
2473 3416 2731 3483 Fulgentii
2763 3417 2964 3483 scripto
2991 3417 3170 3468 statim
3197 3417 3263 3468 ab

1698 3505 1850 3557 initio
1874 3503 2336 3559 commendassem
2377 3506 2458 3558 his
2505 3506 2681 3558 verbis
2718 3505 2813 3582 (j),
2858 3505 3081 3558 Vestram
3111 3509 3262 3558 simul

1697 3594 1892 3647 alacres
1911 3604 1958 3646 et
1979 3595 2132 3662 ﬁdem
2157 3597 2480 3666 cognovimus
2519 3607 2566 3648 et
2615 3598 2862 3661 salutem;
2900 3596 2999 3648 imo
3035 3596 3086 3646 in
3113 3596 3261 3664 agni-

1699 3686 1834 3738 tione
1859 3685 1998 3750 Iidei,
2031 3697 2195 3738 vestra
2218 3674 2359 3739 nobis
2391 3689 2528 3740 saltis
2555 3688 2766 3739 innotuit
2790 3702 2807 3740 :
2837 3701 3059 3754 magnus
3087 3697 3260 3741 tamen

1701 3774 1985 3827 Annalium
2017 3775 2501 3828 eerlesiasticorum
2545 3789 2736 3842 parens
2783 3775 3098 3844 Scytharum
3149 3789 3264 3827 nio-

1704 3864 1992 3917 nachorum
2019 3865 2336 3917 sententiam
2375 3865 2442 3917 de
2468 3879 2572 3918 uno
2597 3880 2659 3918 es
2692 3865 2948 3919 Trinitate
2995 3878 3153 3932 passo
3179 3879 3265 3918 rc-

1705 3955 2049 4024 probandam,
2091 3956 2332 4024 adeoque
2380 3956 2588 4009 illorum
2642 3957 2954 4021 legationem
2987 3957 3049 4008 ad
3085 3956 3266 4008 Patres

1703 4046 1860 4099 Afros
1883 4048 1932 4098 in
1959 4047 2312 4113 suspicionem
2341 4046 2651 4108 voeandam,
2677 4047 2802 4114 quin
2829 4056 2881 4100 et
2902 4061 3084 4098 eorum
3110 4045 3266 4101 iidem

1702 4137 2099 4190 obtundendam
2133 4146 2186 4189 et
2213 4137 2527 4190 elevandam
2557 4137 2877 4189 existimavit
2920 4134 3017 4203 (lt).
3050 4138 3114 4192 At
3143 4155 3266 4192 vero

1704 4227 1862 4280 iidem
1892 4221 2134 4281 monachi
2172 4237 2443 4280 strenuum
2477 4229 2614 4280 nacti
2644 4238 2767 4280 sunt
2801 4239 3076 4293 patronum
3107 4248 3121 4281 :
3166 4233 3267 4281 No-

1707 4317 1913 4380 risium,
1945 4318 2181 4385 inquam,
2213 4317 2301 4384 qui
2335 4328 2612 4384 propterea
2656 4317 2951 4372 doetissiini
2988 4321 3269 4372 cardinalis

1706 4409 1985 4462 sententia:
2011 4424 2071 4461 se
2101 4425 2203 4461 non
2234 4423 2386 4475 posse
2416 4408 2670 4491 accedere
2696 4410 2969 4478 proﬁtetur
2985 4411 3093 4479 (l):
3125 4412 3268 4463 «Non

83 4481 405 4545 lnearnatione
434 4492 592 4548 fidem
621 4507 925 4563 expatiant:
958 4498 1176 4564 reliquis
1213 4515 1340 4554 vero
1373 4503 1538 4555 tribus
1571 4518 1599 4556 a
1629 4468 1678 4526 υ
1716 4501 1858 4568 quod
1892 4499 2234 4567 ait(m),viro
2263 4480 2623 4552 eruditissimo
2645 4516 2798 4566 quem
2828 4501 2879 4552 in
2910 4501 3266 4553 ecclesiastica

79 4585 201 4626 scito
227 4579 285 4630 ad
316 4583 469 4635 linem
517 4598 716 4651 usque,
769 4585 833 4638 de
862 4587 1026 4652 gratia
1069 4597 1121 4639 et
1170 4590 1337 4642 libero
1378 4592 1600 4646 arbitrio

81 4669 176 4727 ‘lu'd
203 4675 421 4729 sentiant
461 4687 753 4744 exponunt.
810 4678 996 4731 Errant
1028 4689 1225 4742 tamen,
1272 4692 1328 4734 ut
1370 4684 1600 4739 advertit

81 4760 367 4817 doctissimus
424 4769 667 4821 Norisins
697 4768 791 4836 (ο),
833 4771 971 4822 .dutn
1045 4771 1146 4822 hoc
1188 4774 1592 4838 testimonium,

85 4842 228 4898 (inania
247 4856 405 4905 studia
425 4865 471 4908 et
503 4859 672 4908 omnia
699 4874 852 4921 opera
874 4877 934 4910 ac
959 4862 1134 4912 merita
1184 4870 1492 4926 sanctorum,
1528 4869 1595 4918 ad

84 4928 153 4983 Dei
191 4939 388 5004 gloriam
434 4946 733 5012 latarumque
759 4949 1019 5014 referenda
1045 4942 1190 5012 sunt;
1219 4950 1338 5014 quia
1366 4967 1517 5004 nemo
1547 4957 1592 5008 ei

135 5086 390 5190 £0)‘E":lls.
419 5093 555 5147 llist.
587 5094 762 5163 Pelag.
783 5097 872 5149 lib.
903 5113 960 5158 ll,
992 5089 1119 5164 cap.
1145 5097 1227 5159 l9,
1254 5114 1377 5166 opp.
1405 5111 1530 5153 tom.
1558 5103 1596 5167 Ι,

87 5165 174 5220 pag.
197 5161 306 5213 ibi.
719 5161 736 5163 “
1060 5161 1073 5164 ⁷
1168 5220 1171 5223 ,

141 5227 484 5303 ibilttondell.
516 5233 582 5284 de
610 5232 844 5296 Primat.,
877 5249 994 5303 pag.
1017 5234 1144 5288 ιιι.

91 5371 100 5418 ι
140 5297 372 5415 inﬁmis.
400 5302 536 5355 llist.
563 5303 737 5370 Pelag.
769 5297 1088 5371 lihfnfcap.
1121 5306 1202 5369 l9,
1228 5320 1349 5372 Opp.
1386 5314 1512 5359 tom.
1547 5308 1598 5373 Ι,

105 5377 176 5424 "5’.-
232 5387 307 5419 ι).

142 5434 204 5510 id)
226 5434 350 5510 iielr.
378 5440 516 5493 Diae.
533 5441 693 5494 Ilbell.
713 5442 776 5494 de
804 5441 1007 5494 lucarn.
1032 5457 1147 5510 cap.
1165 5445 1215 5500 8.
1243 5444 1371 5494 infra
1391 5445 1593 5499 co|.90.

93 5503 433 5624 uiiia'ﬁaiicsl.
461 5513 615 5576 episn
646 5513 735 5577 2i,
766 5514 880 5578 cap.
912 5511 964 5578 8,
1001 5503 1116 5580 pag:
1157 5515 1290 5568 ll‘JO
1319 5530 1430 5580 seq.
1461 5518 1591 5568 edit.

149 5646 388 5717 illNori-n
425 5647 457 5700 l.
489 5661 561 5710 0.,
595 5663 708 5717 pag.
740 5653 858 5704 486.

1709 4590 1925 4642 historia
1956 4589 2252 4656 principem
2281 4597 2334 4642 et
2361 4588 2526 4643 fateor
2551 4601 2606 4642 et
2633 4603 2878 4653 veneror,
2913 4605 3094 4656 parum
3125 4591 3266 4643 defe-

1670 4684 1672 4686 ’
1708 4679 1928 4732 rendum
1953 4688 2163 4746 putem;
2198 4679 2288 4732 sed
2320 4679 2456 4746 quod
2488 4678 2530 4728 is
2562 4678 2769 4730 veritati
2805 4679 2976 4731 cultus
3023 4679 3264 4743 deﬂetur,

1706 4784 1759 4821 ut
1791 4783 1946 4820 nemo
1970 4769 2042 4822 illi
2071 4773 2124 4821 in
2148 4783 2328 4821 amore
2352 4766 2710 4834 praeferendus
2742 4767 2830 4819 sit.
2865 4785 2882 4816 ›
2914 4768 3092 4820 Latius
3120 4769 3258 4820 dein-

1701 4874 1825 4923 ceps
1857 4858 1994 4912 idem
2031 4858 2090 4910 V.
2121 4856 2182 4912 C.
2211 4859 2336 4911 alibi
2357 4857 2662 4910 eorumdem
2689 4860 3066 4911 monachorum
3094 4872 3263 4926 patro~

1700 4951 1895 5006 ciuium
1925 4950 2174 5015 suscepit,
2205 4963 2322 5002 cum
2353 4945 2653 5018 ianistoria
2689 4949 3034 5001 controversiis:
3061 4950 3121 5000 de
3145 4965 3243 4999 uno

1777 5099 1856 5164 (g)
1888 5098 1995 5149 Vit.
2021 5097 2077 5150 S.
2113 5095 2349 5164 Fulgent.
2378 5110 2495 5162 cap.
2517 5095 2605 5148 20.

1778 5167 2110 5236 (hLPratlat.
2145 5165 2208 5217 ad
2238 5180 2359 5231 opp.
2378 5165 2450 5236 _S.
2487 5165 2724 5232 Fulgent.

1779 5233 1842 5298 (ἡ)
1873 5234 2118 5300 Fulgent.
2156 5236 2246 5284 lib.
2279 5236 2345 5285 de
2377 5234 2581 5286 lncarn.
2613 5249 2729 5298 cap.
2767 5233 2848 5285 10.

1777 5307 1849 5374 (j)
1895 5304 2132 5370 Fulgent.
2157 5303 2250 5374 lib.
2281 5303 2582 5374 deulnearn.
2617 5317 2730 5374 cap.
2765 5302 2813 5353 1.

1779 5371 1854 5439 (lt)
1886 5374 2075 5425 Baron.
2108 5371 2171 5423 ad
2204 5386 2325 5422 anu.
2350 5372 2472 5431 519,
2589 5373 2673 5423 ΙΗ
2706 5385 2850 5437 seqq.

1781 5445 1857 5508 (l)
1892 5442 2063 5494 Noris.
2094 5441 2230 5492 Hist.
2260 5441 2433 5508 Pelag.
2467 5443 2553 5493 lib.
2592 5457 2646 5504 ιι,
2678 5440 3182 5507 cap.18,0pp.tum.
3219 5439 3257 5504 Ι,

1708 5525 1858 5580 pagg.
1891 5510 1995 5563 483
2022 5527 2171 5577 sequ.

1781 5577 1872 5648 (mi
1899 5581 1993 5644 ld.,
2016 5581 2217 5647 prtt'l'at.
2240 5577 2301 5630 ad
2335 5580 2467 5633 lli~t.
2495 5581 2667 5648 Pelag.
