3842 6226
717 294 789 352 83

2065 297 2261 352 PETRI
2299 297 2562 352 DIACONI
3803 305 3817 358 l

713 431 776 468 οτι
811 412 1053 468 Triuitate
1097 427 1243 477 passo
1265 409 1363 480 (α),
1393 417 1500 463 tum
1531 412 1582 464 in
1613 409 1855 479 Apologia
1903 411 2265 461 monachorum
2292 420 2342 475 Α
2369 424 2519 472 mur;
2551 409 2674 477 quin
2699 410 2805 464 imo
2821 426 2938 480 quae
2960 414 3013 466 in
3044 427 3139 468 eos
3165 413 3339 467 acrius
3365 411 3817 479 pronuntiavit,der4

712 505 936 573 Scythia?
946 504 1006 554 ab
1021 503 1253 570 anonymi
1265 503 1518 569 scrupulis
1532 503 1784 555 vindicata
1806 500 1902 567 (b).
1930 498 2002 552 De
2021 501 2254 566 procatita

711 611 738 643 a
765 594 973 646 Norisio
1004 592 1273 645 monachis
1295 592 1556 660 Scytliici~
1575 592 1922 646 advocatione
1947 590 2096 658 plura
2125 605 2254 643 con-

711 690 914 745 texere,
949 690 1152 734 nonest
1182 682 1333 749 hujus
1363 681 1485 737 loci.
1514 682 1681 735 Adeat
1714 682 1877 734 lector
1896 680 2254 734 eminentissi-

709 788 850 826 mum
877 773 1022 824 illum
1051 780 1342 836 auctorem,
1372 774 1425 826 in
1465 772 1614 840 cujus
1640 771 1852 838 scriptis
1880 769 2251 837 pervolvendis

706 863 982 931 voluptatis
1001 864 1241 928 multum,
1271 863 1551 931 plurimum
1573 860 1808 914 utilitatis
1830 875 1949 914 eum
1973 870 2251 928 perceptu-

708 967 824 1004 rum
838 953 1079 1017 equidem
1100 953 1368 1019 polliceor.
1381 953 1632 1005 Ceterum
1651 950 1912 1002 mitiorem
1927 949 2180 1015 deinceps
2194 948 2250 1000 in

708 1041 1084 1095 monachorum
1117 1042 1430 1111 Scytharum
1474 1038 1785 1093 sententiam
1808 1038 1876 1093 de
1905 1053 2010 1091 uno
2041 1051 2106 1090 ex
2135 1035 2252 1090 Tri-

698 1133 866 1186 uitste
894 1147 1046 1200 passo
1074 1146 1134 1186 se
1164 1133 1331 1200 ipsum
1371 1129 1670 1185 exhibuisse
1708 1130 1988 1184 Baronium
2038 1129 2254 1182 arbitra-

775 1263 847 1331 (a)
871 1263 1038 1320 Notis.
1102 1262 1234 1315 Hist.
1265 1271 1500 1315 controv.
1526 1270 1642 1315 εδει.
1685 1276 1809 1329 opp.
1831 1272 1958 1314 tom.
1982 1261 2062 1314 ΙΙΙ.
2090 1275 2241 1329 pagg.

703 1329 982 1470 Πῗὺῖθίδῗ
1007 1400 1226 1468 Apolog.
1249 1398 1497 1454 monacb.
1531 1398 1661 1455 Ibid.
1692 1415 1844 1470 pagg.
1871 1400 1975 1456 879
1998 1415 2150 1472 seqq.

2268 1468 2317 1527 B

2357 499 2530 553 suisse
2575 501 2693 567 jure
2727 502 2927 569 optimo
2976 504 3362 557 existimandus
3413 504 3624 556 videtur
3661 519 3672 553 :
3715 517 3817 568 quam

2356 603 2512 657 quem
2551 601 2731 654 postea
2760 590 3001 644 eamdem
3043 593 3360 644 sententiam
3407 591 3461 644 in
3507 590 3817 643 Fcrrandodit

2357 693 2493 731 cano
2520 663 2896 746 comprbbasse
2918 681 3261 748 intelligimus
3286 687 3377 748 (c).
3401 680 3554 746 Quod
3580 675 3817 746 superasti

2355 777 2575 835 utroque
2603 769 2785 822 libello
2823 770 3132 823 excudeudo
3176 773 3486 837 praclarum
3529 771 3686 824 seettti
3721 783 3817 822 suml

2351 859 2632 912 editionem
2655 873 2872 927 operum
2896 864 3062 914 sancti
3097 861 3349 929 Fulgentii
3382 861 3602 914 Parisiis
3621 863 3817 927 evulgaut

2350 961 2490 1000 anno
2510 947 2666 1008 1684.
2692 964 2849 1017 quam
2877 952 3114 1020 diligenti
3150 967 3278 1005 cura
3315 961 3372 1006 et
3413 953 3594 1005 studio
3638 954 3817 1005 adornat

2353 1039 2417 1093 γ.
2449 1041 2510 1092 C.
2533 1039 2705 1094 Lucas
2738 1039 2977 1096 Urbanus
3007 1042 3305 1112 Mangeant,
3357 1051 3415 1095 ut
3461 1057 3494 1094 a
3537 1041 3661 1096 viris
3683 1043 3817 1095 erudit

2353 1131 2634 1184 edocemur
2662 1131 2762 1201 (ά).
2821 1146 2825 1150 ·

2420 1261 2492 1330 (c)
2527 1263 2714 1334 Daren.
2739 1265 2803 1317 ad
2833 1279 2957 1317 ann.
2989 1265 3113 1327 555.
3141 1263 3281 1334 §28.

2426 1334 2506 1402 (ά)
2533 1331 2746 1399 Gouiet,
2765 1335 2899 1388 Bibl.
2931 1335 3026 1387 des
3050 1331 3163 1386 aut.
3188 1335 3345 1392 eccl..
3370 1343 3500 1386 tom.
3529 1334 3614 1398 ΙΙΙ,
3639 1350 3740 1401 pag.
3769 1337 3817 1388 lii

2351 1401 2454 1454 BB.
2485 1401 2539 1457 in
2571 1405 2800 1470 append.
2832 1404 2896 1457 ad
2922 1413 3050 1458 tom.
3078 1402 3143 1456 VI
3167 1417 3292 1472 opp.
3319 1403 3376 1459 S.
3398 1405 3646 1472 August.,
3672 1419 3770 1472 pag.
3791 1403 3817 1454 li

1605 1689 2161 1802 PETRI
2234 1679 2991 1804 υιΔεοΝι

870 1881 958 1934 ΕΤ
994 1879 1294 1935 ALIORUM
1332 1878 1445 1945 QUI
1483 1879 1548 1934 IN
1583 1879 1808 1935 CAUSA
1842 1878 2015 1933 FIDEI
2053 1880 2097 1935 A
2133 1878 2409 1938 ΟΜΟῙὸ
2442 1880 2532 1935 EX
2569 1879 2862 1935 ORIENTE
2901 1879 3140 1936 ROMAM
3179 1879 3354 1934 MISSI
3388 1879 3723 1944 FUERUNT,

703 2017 878 2129 DE
979 2013 2021 2128 INCARNATIONE
2123 2014 2301 2123 ET

2415 2011 2931 2125 GRATIA
3038 2014 3170 2124 D.
3291 2012 3422 2124 N.
3548 2013 3648 2124 J.
3749 2011 3817 2122 C.

1343 2213 1448 2269 AD
1493 2208 2000 2270 FULGENTIUM
2044 2210 2143 2270 ET
2187 2209 2418 2271 ALIOS
2455 2209 2866 2272 EPISCOPOS
2909 2209 3252 2282 AFRICIE,

2147 2340 2460 2415 LIBER.

767 2479 1002 2533 Dominis
1030 2477 1379 2531 sanctissimis
1402 2484 1455 2530 et
1483 2490 1598 2529 cum
1622 2477 1762 2529 omni
1785 2477 2123 2529 veneratione
2152 2493 2249 2530 no-

699 2567 955 2620 minandis
999 2576 1022 2602 ο
1073 2566 1310 2629 Datiano,
1358 2564 1666 2626 Fortunato,
1731 2565 1954 2626 Albano,
1998 2565 2240 2626 Orontio,

701 2657 867 2720 Βωιο,
907 2655 1194 2722 Ριιῐερηιίιι,
1249 2652 1497 2706 Januario
1525 2662 1577 2705 et
1623 2653 1827 2704 ctuteris
1857 2653 2140 2719 episcopis,
2190 2659 2245 2706 et

701 2745 753 2798 in
793 2743 987 2798 Christi
1027 2743 1361 2797 cciifessione
1390 2742 1670 2806 decoratis,
1701 2742 1871 2807 exigui
1903 2742 2086 2794 Petrus
2126 2740 2241 2793 dia-

701 2847 882 2896 conus,
919 2835 1167 2893 Joannes,
1210 2832 1480 2895 Leontius,
1526 2832 1660 2884 alius
1700 2830 1951 2895 Joannes,
1981 2841 2033 2884 et
2061 2829 2310 2896 ceteri-1,

699 2927 884 2976 t'ratres
914 2923 966 2975 in
995 2938 1149 2977 causa
1187 2922 1307 2976 ﬁdei
1339 2923 1556 2973 Romam
1586 2920 1794 2973 directi.
2268 2881 2314 2937 ι’

1197 3049 1368 3105 CAPU
1388 3050 1414 3102 l'
1457 3049 1736 3103 PRIMUM.

701 3140 977 3194 Comenses
1005 3139 1346 3193 Ecclesiaruni
1374 3142 1426 3190 in
1471 3138 1592 3205 ﬁde,
1633 3139 1954 3204 conﬁrmatio
1990 3134 2238 3204 ﬁdelium.

773 3255 909 3308 Utile
953 3264 1006 3308 et
1037 3253 1512 3319 pernecessarium,
1541 3253 1843 3318 sanctisque
1870 3251 1958 3304 Dei
1995 3249 2244 3304 Ecclesiis

702 3344 999 3412 specialiter
1045 3343 1311 3396 credimus
1347 3341 1700 3409 profuturum,
1746 3354 1808 3394 ea
1838 3356 1954 3407 quae
1975 3339 2041 3392 de
2068 3338 2244 3391 lncar-

705 3433 915 3485 natione
941 3438 995 3484 et
1022 3431 1429 3497 dispensatione.
1451 3429 1623 3482 divina
1672 3429 1940 3482 nobiscum
1984 3427 2243 3481 universa

705 3530 898 3573 sanctze
913 3519 1251 3573 Orientalium
1277 3518 1525 3573 Ecclesiae
1549 3526 1732 3570 contra
1757 3517 2040 3569 haereticos
2054 3514 2240 3567 delen-

706 3611 835 3662 dunt
858 3609 968 3677 (qui
999 3609 1172 3677 pravis
1196 3619 1249 3662 et
1276 3609 1467 3676 iniquis
1500 3607 1825 3672 argumentis
1853 3597 2119 3672 antiquam
2149 3605 2246 3658 Ec-

713 3700 890 3752 clesiae
927 3699 1080 3753 fidem
1131 3698 1420 3766 inquietare
1445 3713 1548 3750 non
1583 3698 1815 3762 cessant)
1856 3693 2121 3748 sanctitati
2147 3707 2246 3747 ve-

710 3799 834 3842 stra:
861 3803 1160 3858 suggerere,
1183 3796 1338 3856 atque
1363 3787 1430 3841 de
1455 3787 1535 3840 his
1569 3801 1882 3839 consensum
1911 3793 2100 3837 vestrae
2125 3782 2248 3845 bea-

704 3878 937 3932 titudinis
957 3879 1262 3946 suppliciter
1283 3876 1592 3945 promereri.
1611 3875 1740 3941 Quia
1767 3876 1818 3927 in
1849 3873 1994 3928 nullo
2009 3881 2244 3925 sanctam

699 3968 1082 4036 gloriosamque
1133 3965 1520 4021 confessionem
1581 3967 1606 4002 δ
1688 3974 1918 4019 vestram
1983 3962 2247 4016 credimus

704 4057 1004 4119 dissentire,
1037 4056 1327 4122 praesertim
1352 4071 1472 4109 cum
1512 4069 1616 4108 uno
1661 4053 1853 4118 ubique
1890 4052 2080 4120 spiritu
2123 4063 2248 4105 san-

701 4156 838 4196 etam
878 4144 968 4197 Dei
992 4143 1276 4196 Ecclesium
1300 4145 1526 4210 vegetari
1559 4144 1772 4195 minime
1793 4142 2112 4195 dubitemus.
2133 4139 2244 4192 Non

2349 2476 2375 2512 ά
2400 2477 2644 2545 perfacile
2659 2486 2919 2532 tantorum
2945 2479 3175 2532 virorum
3196 2479 3762 2548 proliatissimornmquc
3778 2493 3817 2532 sa

2347 2566 2622 2620 cerdotum
2655 2569 2970 2622 auctoritate
3009 2569 3222 2631 muniti,
3249 2571 3427 2636 iniqua
3462 2571 3759 2639 loquentium
3781 2583 3817 2616 ut

2346 2657 2622 2710 obstruere
2665 2656 2955 2720 valeamus,
3004 2667 3056 2710 et
3089 2658 3140 2711 in
3187 2657 3286 2712 title
3336 2673 3642 2712 sanctorum
3683 2659 3817 2710 Patrnt

2348 2756 2765 2814 perseverantes,
2796 2747 2904 2799 Deo
2935 2755 2960 2784 ο
2992 2747 3078 2816 qui
3111 2763 3202 2800 vos
3223 2750 3559 2801 snnCIimonii
3593 2748 3669 2802 sui
3685 2747 3817 2801 confes

2345 2837 2494 2890 sione
2542 2836 2873 2904 gloriﬁcavit,
2926 2839 3122 2905 gratias
3175 2837 3494 2902 referamus,
3541 2839 3726 2892 domini
3762 2849 3817 2888 an

2344 2928 2564 2980 ctissimi
2607 2937 2676 2980 et
2707 2927 2813 2980 Deo
2848 2926 3164 2995 dignissimi.
3197 2928 3344 2983 Nunc
3372 2943 3438 2982 ea
3467 2944 3585 2996 qua:
3617 2939 3817 2996 sequimni

2344 3019 2571 3086 petimus
2597 3017 2902 3084 exploretis.

2943 3144 3167 3200 CAPUT
3206 3147 3268 3200 Il.

2345 3235 2413 3289 In
2460 3235 2660 3290 Christo
2703 3231 2824 3290 dua?
2870 3245 3087 3297 natura,
3134 3236 3246 3289 sine
3276 3236 3615 3315 _confusione,
3645 3236 3694 3287 in
3735 3247 3817 3285 una

2892 3321 3158 3369 personam
3200 3316 3374 3357 unum.

2414 3412 2576 3481 Igitur
2618 3412 2765 3480 juxta
2802 3421 3104 3465 sanctorum
3164 3413 3374 3465 Patrum
3399 3414 3739 3473 traditionem,
3768 3410 3817 3460 Dn

2342 3501 2543 3553 minum
2585 3508 2821 3552 nostrum
2851 3500 3032 3553 Iesum
3062 3498 3332 3552 Christum
3373 3502 3426 3553 in
3459 3503 3658 3553 duabus
3693 3493 3817 3552 natud

2344 3590 2508 3643 unitis
2537 3599 2592 3643 et
2621 3589 2931 3654 inconfusis,
2961 3590 3010 3641 id
3038 3599 3120 3643 est
3144 3589 3434 3644 divinitatis
3469 3601 3526 3645 et
3568 3585 3817 3644 liumanitat‘

2347 3678 2400 3732 in
2431 3694 2531 3732 una
2563 3682 2810 3746 persona,
2850 3682 2959 3735 sive
2989 3678 3007 3718 ί
3041 3680 3381 3735 subsistentia
3411 3683 3733 3735 confitemur.
3772 3676 3817 3730 Ni

2347 3770 2449 3823 illis
2470 3770 2867 3837 acquiescentes
2921 3772 3008 3837 qui
3042 3786 3194 3824 unam
3224 3772 3316 3833 Dei
3357 3771 3514 3826 Verbi
3552 3784 3767 3824 naturam
3792 3769 3817 3819 it

2346 3867 2614 3914 carnatam
2671 3861 3034 3927 praedicantes,
3086 3861 3404 3915 venerabilis
3448 3851 3817 3928 Chalcedonensi

2347 3949 2554 4003 concilii
2605 3950 2760 4004 ﬁdem
2799 3950 3084 4018 refugiunt,
3117 3965 3214 4004 nec
3253 3951 3374 4004 illos
3407 3951 3751 4008 admittentes,
3785 3955 3817 4018 at

2347 4037 2481 4092 duas
2503 4047 2714 4092 naturas
2741 4005 2943 4092 dolose"
2965 4005 3384 4105 pronuntiantes,
3413 4053 3572 4092 unam
3619 4037 3700 4090 Dei
3725 4005 3817 4084 ‘t’ed

2350 4139 2588 4181 naturam
2618 4129 2943 4181 incarnatam
2968 4129 3185 4181 minime
3219 4127 3817 4190 conﬁtentur,:estimamt

701 4234 840 4286 enim
874 4248 1054 4301 parva,
1081 4233 1186 4285 imo
1206 4232 1374 4300 potius
1402 4246 1586 4298 magna
1617 4231 1794 4284 lastitia
1822 4231 2050 4284 universi
2084 4231 2245 4297 reple-

2355 4218 2454 4272 lioc
2499 4219 2719 4271 duarum
2778 4227 3084 4271 naturarum
3137 4216 3456 4285 professioni
3509 4214 3798 4270 contrarium

704 4316 893 4376 buntur
920 4322 1235 4387 Orientales,
1273 4324 1316 4374 si
1348 4323 1676 4374 sanctitatem
1708 4329 1935 4374 vestram
1968 4321 2099 4383 suis,
2141 4320 2247 4373 imo

708 4417 871 4481 magis
913 4414 1208 4476 catholicis,
1250 4413 1492 4465 noverint
1547 4412 1597 4462 iu
1646 4409 1891 4476 omnibus
1946 4409 2248 4463 consentire

703 4503 1050 4570 dogmatibus.
1087 4503 1234 4558 Unde
1261 4501 1564 4568 suppliciter
1588 4499 1812 4567 petimus
1836 4508 1889 4552 et
1908 4499 2247 4552 obsecramus

705 4592 1078 4644 beatitudinem
1125 4601 1375 4653 vestram,
1415 4600 1674 4658 quatenus
1698 4588 1931 4656 diligenti
1972 4586 2246 4639 examina-

707 4680 869 4746 tione,
919 4695 976 4733 ea
1023 4698 1138 4750 quae
1162 4682 1379 4734 inferius
1408 4679 1746 4732 continentur
1793 4677 2130 4730 discutientes
2168 4676 2248 4742 (ut

705 4769 858 4823 decet
885 4771 1186 4823 verissimus
1226 4780 1280 4825 et
1305 4770 1597 4838 intrepidos
1627 4766 1820 4821 Christi
1854 4767 2248 4834 praedicatores)

705 4860 915 4926 scriptis
953 4862 1261 4913 sententiam
1310 4869 1542 4914 vestram
1583 4857 1731 4911 nobis
1762 4866 1783 4895 ε
1818 4854 2113 4924 patefacere
2158 4853 2246 4921 ju-

705 4950 875 5003 lieatis
901 4966 914 5001 :
955 4957 1012 5002 ut
1034 4951 1098 5010 si,
1133 4950 1236 5002 Deo
1265 4959 1565 5016 prrestante,
1601 4946 1872 5001 catholicae
1902 4944 2023 4998 ﬁdei
2051 4957 2246 4997 come-

707 5042 857 5092 niens
898 5047 951 5091 et
995 5039 1294 5105 apostolicis
1339 5039 1705 5092 traditionibus
1745 5047 1924 5092 nostra
1965 5035 2100 5104 apud
2149 5045 2245 5086 vos

708 5134 866 5194 (sicut
899 5145 1000 5182 non
1033 5130 1336 5198 diffidimus)
1363 5131 1521 5184 fuerit
1569 5128 1830 5199 expositio
1877 5124 2241 5194 comprobata,

775 5276 796 5302 ⁸
831 5266 977 5328 Ant.,
1005 5263 1250 5314 Diacono.
2273 5322 2278 5326 η

733 5405 742 5413 ο
774 5335 799 5372 δ
829 5336 948 5397 his,
976 5334 1348 5400 gloriosamth
1379 5335 1735 5402 confessionem
1776 5332 2022 5383 credimus
2063 5328 2254 5380 dissen-

707 5414 720 5451 l
805 5441 816 5453 .

728 5420 797 5505 Ir:
832 5471 950 5531 Msa,
1007 5471 1232 5535 pateﬁeri
1247 5472 1489 5537 jubeatia.

776 5541 802 5574 ά
833 5543 919 5592 Sic
945 5555 1070 5604 ms.;
1102 5541 1226 5592 editi
1256 5555 1402 5602 vero,
1431 5549 1476 5590 et
1496 5539 1668 5607 facile.

781 5617 802 5643 ⁸
836 5609 990 5672 Editi,
1031 5610 1116 5676 qui
1161 5624 1271 5663 uos.
1309 5609 1411 5664 Sed
1445 5606 1629 5664 melius
1677 5608 1879 5663 videtur
1915 5606 2052 5676 quod
2091 5608 2247 5663 habet

2347 4310 2499 4375 quasi
2541 4310 2734 4376 aliquid
2783 4307 2921 4363 aliud
2963 4320 3119 4376 Quam
3149 4307 3278 4360 duas
3325 4314 3540 4360 naturas
3569 4301 3817 4358 inell'abilitt

2348 4398 2540 4457 unitas,
2592 4411 2692 4450 una
2736 4397 2828 4450 Dei
2873 4396 3030 4450 Verbi
3060 4406 3245 4450 natura
3295 4396 3564 4448 incarnata
3604 4389 3817 4459 significh

2347 4487 2501 4540 beato
2528 4486 2727 4555 Cyrillo
2753 4486 3124 4540 Alexandrina:
3159 4485 3384 4538 civitatis
3413 4484 3640 4538 antistite
3663 4490 3685 4526 ς
3715 4481 3756 4530 in
3781 4487 3817 4526 st

2349 4562 2517 4628 cnnda
2538 4575 2761 4640 epistula
2793 4574 2860 4627 ad
2889 4575 3201 4629 Successum
3230 4574 3537 4640 episeOpum
3587 4561 3817 4623 Diocesarit

2351 4667 2419 4717 ita
2447 4666 2712 4718 scribente
2740 4681 2754 4716 :
2794 4683 2812 4715 ι
2841 4663 2896 4719 Si
2923 4666 3063 4719 enim
3109 4680 3264 4718 unam
3285 4671 3524 4716 naturam
3541 4661 3750 4714 dicentes
3773 4653 3817 4704 Di

2351 4754 2534 4819 Verbi,
2564 4755 2908 4808 tacuissemus
2939 4770 3042 4809 non
3095 4756 3378 4809 inlerentes
3417 4753 3739 4807 incarnatam,
3774 4757 3817 4793 ειη

2351 4848 2493 4900 velut
2529 4846 2836 4914 abjicientrs
2871 4847 3348 4915 dispensationem;
3395 4839 3515 4900 erat
3543 4843 3640 4896 illis
3667 4835 3817 4891 forsiw

2352 4952 2455 4991 non
2502 4935 2862 5002 improbabilia
2902 4949 3101 4999 sermo,
3139 4935 3508 4989 simulantibus
3549 4931 3817 4990 interrogari

2351 5028 2438 5081 ubi
2469 5036 2549 5082 est
2577 5026 2630 5078 in
2669 5025 3006 5082 humanitate
3033 5026 3323 5093 perfectio?
3367 5035 3459 5077 aut
3485 5017 3726 5090 quomodo
3749 5011 3817 5063 sub

2348 5117 2536 5171 stantia
2565 5123 2744 5168 nostra
2792 5114 3070 5168 subsistit?
3100 5116 3356 5180 Quoniam
3387 5130 3512 5166 vero
3541 5119 3592 5164 et
3635 5099 3817 5174 perfecti

2358 5263 2482 5307 ms.,
2506 5247 2590 5310 qui
2616 5261 2736 5307 vos;
2766 5246 2884 5312 quia
2930 5246 3207 5313 episcopos
3235 5240 3550 5313 compellant
3579 5240 3741 5295 exsilio
3770 5250 3817 5302 pri

2355 5317 2548 5370 Christi
2577 5315 2852 5368 divinitate
2880 5317 3158 5383 gloriosos.

2427 5393 2447 5430 τ
2483 5395 2649 5457 adzii,
2680 5375 3005 5447 Lovau.van.
3035 5394 3169 5447 1556
3189 5403 3241 5445 et
3269 5393 3425 5445 Basil.
3459 5391 3637 5442 habent
3661 5375 3817 5437 είυεετιέ

2350 5465 2554 5516 stantia.
3652 5530 3657 5531 ν
3745 5525 3766 5531 υ
3792 5524 3797 5530 ι

2425 5551 2450 5587 ⁸
2483 5539 2786 5619 Πεθνθτιη
2817 5541 2866 5592 in
2894 5540 3109 5592 serimda
3146 5538 3354 5606 episscia
3396 5539 3578 5592 absunt
3621 5530 3678 5582 ab
3702 5525 3817 5578 edin;

2351 5610 2592 5680 leguntu'r
2613 5610 2665 5663 in
2689 5625 2785 5662 ius.
3162 5626 3168 5632 '
