3842 6226
41 295 100 351 85

905 273 1099 332 LIBER
1127 272 1220 327 DE
1252 260 1749 334 INCARNATIONE
1783 259 1872 318 ET
1910 261 2190 328 GRATIA,
2221 258 2369 316 ETC.

3191 245 3259 312 35

44 392 580 481 ﬁuminbumanitate
605 408 776 466 est,et
795 396 1027 455 essentia:
1040 400 1234 448 nostra:
1255 382 1609 442 maniiestatio
1639 379 1686 439 A
1715 381 2000 449 οοιηροδὶιε
2031 394 2153 436 esse
2181 393 2286 432 ηοη
2310 373 2476 445 Ροεείι
2502 390 2517 428 ε
2551 384 2649 426 "ec
2671 367 2892 436 εοεῖιαει
2915 361 3070 439 αυοιι,
3086 361 3259 414 άί“ί¹¹²¹

1499 475 1511 481 -
1811 477 1821 481 -
1921 479 1930 481 -
2021 475 2035 481 -
2235 480 2240 481 ,
2589 480 2596 481 κ
2647 460 2895 481 ---_2_--a
2945 455 3259 481 :_A:m:..u|n

44 475 170 558 illata
195 509 277 556 est
298 542 315 563 ,
369 512 477 565 per
503 495 557 549 id
588 492 735 563 quod
774 490 960 544 dictum
992 495 1073 541 est
1127 485 1398 557 incarnata
1428 515 1444 541 ,
1494 475 1601 543 jam

46 597 315 654 Idesinant
342 587 712 643 arunditteam
732 582 924 650 virgam
953 577 1166 632 sibimet
1191 575 1601 640 supponetttes.t

655 711 872 770 CAPUT
910 710 992 766 Ill.

373 811 552 866 Beata
583 807 740 880 Virgo
763 804 958 874 proprie
982 801 1074 856 Dei
1098 808 1277 854 mater.

108 930 321 984 Beatam
354 940 504 978 vero
536 921 788 989 virginem
819 914 1032 970 Mariam
1059 925 1165 967 non
1194 915 1409 980 propter
1437 903 1616 973 digni-

47 1030 190 1073 tatem
203 1013 470 1090 hominis
494 1011 635 1066 illius
652 993 739 1078 qui
768 1021 831 1061 ex
860 1006 969 1072 ipsa
1003 1010 1156 1056 natus
1179 1009 1267 1054 est
1291 998 1473 1066 (quem
1495 1006 1620 1062 gra-

48 1115 105 1165 tia
134 1119 186 1163 et
211 1122 320 1162 non
352 1115 558 1158 natura
591 1097 976 1167 Deumqnidam
1007 1095 1165 1164 impie
1191 1090 1483 1160 praedicare
1511 1099 1617 1138 non

49 1200 324 1265 ittetaunt),
356 1195 465 1250 sed
503 1193 713 1264 proprie
742 1198 795 1244 et
823 1177 1110 1242 secundum
1139 1181 1418 1237 veritatem
1443 1174 1620 1232 credi-

50 1304 154 1344 mus
180 1263 466 1345 Θιοέὸκον.
494 1285 546 1338 id
571 1292 649 1337 est
679 1281 771 1334 Dei
801 1277 1136 1346 genitricem,
1163 1287 1229 1326 eo
1255 1268 1394 1339 quod
1420 1263 1622 1334 peperit

51 1396 162 1434 vere
190 1391 245 1434 et
273 1377 513 1446 proprie
536 1375 698 1427 Deum
724 1369 956 1423 Verbum
987 1367 1339 1423 iucarnatum,
1371 1366 1425 1412 et
1450 1353 1626 1410 homi-

55 1487 164 1524 nem
185 1444 423 1528 factum,
455 1472 617 1530 atque
638 1457 989 1514 essentialiter
1011 1455 1124 1507 sive
1138 1448 1456 1525 naturaliter»
1475 1444 1624 1500 carni

56 1561 270 1611 unitum.
305 1557 612 1622 Propterea
633 1550 788 1604 etiam
813 1542 1301 1607 essentialem,sive
1328 1539 1624 1594 naturalem

57 1651 234 1702 iactam
266 1657 598 1698 naturarum
629 1638 918 1692 unitionem
947 1633 1264 1688 omnimodis
1289 1630 1624 1691 confitemur;

1712 477 1967 546 sapientia
1993 475 2130 530 sicut
2157 480 2280 527 ante
2308 484 2463 540 quam
2494 481 2554 522 se
2576 460 2917 525 exinanisset,
2945 455 3260 527 indiminuta

1713 543 2037 637 permansit;
2071 566 2142 618 ita
2183 571 2239 618 et
2289 562 2340 615 in
2391 559 2491 613 hac
2521 552 2880 625 exinanitione
2901 561 3060 617 quam
3102 543 3269 614 gessit

1713 658 2150 730 misericorditer,
2199 651 2511 707 indiminuta
2551 656 2708 711 atque
2735 637 3133 698 indemutabilis
3177 648 3268 689 ex—

1713 728 1862 807 stitit.
1892 750 1957 804 Et
1987 750 2088 804 huc
2116 747 2274 801 etiam
2317 741 2486 804 dicis,
2535 736 2673 806 quod
2713 733 2968 802 sapientia
3006 727 3272 783 habitaret

1715 843 1770 894 in
1796 856 1860 894 eo
1907 837 2043 892 sicut
2097 836 2397 890 habitamus
2424 824 2483 884 et
2511 842 2608 881 nos
2640 825 2691 879 in
2719 823 2960 878 domibus
2988 828 3013 857 ⁸
3051 827 3110 870 ιιι
3137 816 3273 869 alter
3349 834 3353 838 <

1724 935 1780 989 in
1806 934 2004 990 altero;
2035 927 2128 984 sed
2170 939 2344 996 neque
2391 935 2516 991 pars
2553 919 2743 972 domus
2782 927 2880 967 nos
2922 922 3128 971 sumus,
3173 911 3273 958 tice

1718 1023 1885 1080 nostri
1935 1035 2053 1089 pars
2116 1017 2305 1072 domus
2352 1022 2457 1068 est.
2509 1027 2530 1061 ι
2578 1005 2830 1062 Similiter
2871 1002 3031 1057 etiam
3089 1000 3273 1053 beatus

1720 1114 2038 1174 Athanasius
2071 1113 2122 1164 in
2154 1109 2329 1164 libello
2356 1105 2508 1174 cujus
2537 1108 2619 1157 est
2647 1091 3014 1161 titulus,Quod
3044 1106 3176 1170 unus
3209 1089 3273 1140 sit

1722 1207 1972 1268 Christus,
2001 1201 2364 1256 haereticorum
2398 1168 2681 1248 vanitatem
2709 1187 2969 1248 refutans,
3001 1168 3275 1252 postquam

1722 1299 1790 1354 de
1815 1296 1934 1350 Filii
1961 1294 2053 1364 Dei
2085 1292 2359 1346 divinitate
2377 1283 2748 1355 inquisitiones
2778 1291 2962 1333 eorum
2986 1271 3279 1341 superﬂuas

1723 1362 2088 1460 approbasset,
2124 1385 2191 1438 ita
2221 1379 2589 1451 prosequitur:
2624 1393 2642 1426 ι
2671 1374 2780 1438 Sic,
2802 1366 2994 1439 inquit,
3026 1367 3184 1421 etiam
3210 1362 3280 1418 de

1725 1481 2088 1537 incarnatione
2120 1473 2422 1542 inquirunt:
2468 1465 2767 1534 Quomodo,
2811 1461 3072 1530 inquiunt,
3104 1457 3277 1510 incar-

1726 1575 2062 1629 naturDeus?
2076 1561 2343 1634 quomodo
2367 1554 2768 1625 incorporatur?
2785 1550 3051 1620 quomodo
3075 1559 3282 1611 compo-

1730 1662 1874 1716 nitur
1901 1657 1966 1712 ad
1997 1670 2212 1724 parvum
2237 1647 2606 1719 corpusculum
2638 1638 2981 1709 incapalsilis?
3017 1633 3279 1706 quomodo

60 1756 153 1794 Μ
180 1747 322 1792 mem
350 1737 463 1797 lu"
495 1749 582 1800 qm
615 1739 860 1799 umquam
887 1743 938 1780 In
968 1724 1245 1794 pmpheta'
1277 1725 1350 1776 na
1381 1736 1436 1775 m
1467 1717 1622 1774 Chr"
1659 1736 1708 1796 Β
1735 1753 1917 1808 unitur
1975 1717 2239 1802 increatus
2284 1717 2485 1803 creato,
2539 1731 3027 1797 incircumscriptus
3059 1726 3286 1779 circum-

60 1842 132 1882 sto
161 1830 186 1866 δ
234 1823 698 1901 υειιιιιονετὺιιιιι
749 1820 1057 1886 iuoperasse
1091 1813 1431 1869 contendunt.
1485 1811 1631 1876 Quos

62 1899 329 1988 redarguit
391 1899 586 1970 beatus
625 1910 907 1993 Gregorius
961 1907 1323 1960 Nazianzenus
1349 1902 1414 1956 ad
1454 1899 1637 1954 Clido-

64 2013 223 2076 nium,
255 2007 501 2061 dicens:
533 2022 550 2053 ι
588 2001 645 2056 Si
671 1988 787 2070 quis
807 1998 942 2052 sicut
970 1997 1021 2049 in
1059 1993 1310 2063 propheta
1337 1988 1625 2045 secundum

67 2102 278 2168 gratiam
311 2096 460 2150 dicit
485 2095 792 2160 imperasse
823 2089 986 2142 Deum
1037 2085 1287 2147 Verbum,
1320 2090 1390 2139 et
1414 2095 1519 2132 non
1553 2093 1657 2132 cs-r

66 2190 360 2244 sentialiter
415 2186 611 2238 factam
664 2179 944 2234 confitetur
970 2176 1288 2236 unitionem,
1332 2172 1401 2224 sit
1441 2182 1640 2223 vacuus

71 2278 300 2335 melioris
332 2271 747 2343 inoperationis,
781 2267 946 2336 magis
967 2276 1144 2319 autem
1176 2262 1364 2332 plenus
1395 2261 1464 2314 sit
1493 2259 1642 2314 dete-

74 2373 242 2425 rioris.
284 2387 303 2420 ι
338 2366 461 2420 Nec
486 2366 624 2418 sicut
654 2361 726 2430 illi
753 2361 845 2429 qui
887 2355 1177 2413 secundum
1207 2353 1639 2415 illustrationem,

74 2472 158 2516 aut
184 2459 543 2515 dilectionem
567 2464 655 2509 aut
679 2453 1029 2512 aﬂectionem,
1058 2435 1387 2517 personalem
1416 2445 1496 2500 vel
1517 2443 1645 2498 sub-

77 2549 454 2611 sistentialem,
473 2547 586 2599 sive
609 2542 896 2598 secundum
925 2538 1314 2598 auctoritatem,
1339 2543 1432 2587 aut
1459 2544 1643 2601 poten-

79 2645 215 2702 tiam,
266 2645 364 2689 aut
413 2633 770 2701 aequalitatem
827 2628 1063 2690 honoris,
1113 2623 1406 2677 unitionem
1438 2626 1643 2675 tentant

84 2738 314 2780 astruere
340 2731 678 2777 naturarum.
703 2718 848 2785 Quos
875 2715 1033 2785 paulo
1055 2715 1298 2782 superius
1323 2720 1642 2765 memoratus

87 2817 261 2869 beatus
301 2813 546 2883 Cyrillus
572 2809 985 2863 anathematizat
1029 2805 1213 2857 dicens
1241 2813 1425 2856 contra
1453 2800 1638 2854 Nesto-

91 2910 212 2959 rium
236 2914 262 2943 ι
292 2919 310 2958 :
345 2922 364 2954 ι
405 2899 602 2970 Siquis
631 2901 680 2953 in
709 2911 813 2952 uno
854 2896 1067 2950 Christo
1094 2893 1281 2951 dividit
1308 2892 1647 2946 substantias

94 2993 243 3062 post‘l
293 2993 622 3054 unitionem,
652 2988 760 3042 sola
802 3000 896 3040 eas
925 2987 1178 3038 societate
1219 2989 1540 3037 connectens
1563 2995 1648 3034 se-

1737 1840 1967 1910 scripto?
1995 1845 2087 1891 aut
2113 1831 2378 1904 quomodo
2423 1830 2476 1882 in
2509 1815 2685 1896 partas
2711 1835 2932 1890 magnus
2957 1818 3066 1882 ille,
3099 1825 3150 1870 et
3182 1814 3283 1866 im-

1737 1905 1954 1988 mensus
1983 1937 2037 1983 et
2080 1920 2420 1980 individuus)?
2453 1917 2510 1973 Si
2564 1924 2738 1969 autem
2771 1908 3077 1978 magnitudo
3102 1905 3189 1960 illa
3225 1905 3275 1958 in

1735 2037 1899 2092 parvo
1922 2022 2036 2073 loco
2064 2024 2335 2071 contracta
2355 2017 2457 2073 est,
2485 2016 2574 2064 aut
2596 2017 2812 2075 parvum
2843 2000 2970 2056 illud
2990 1999 3184 2051 factum
3205 2002 3288 2048 est

1738 2112 2007 2182 magnum,
2035 2108 2281 2172 autpars,
2300 2109 2354 2157 et
2376 2115 2483 2156 non
2511 2097 2684 2151 omnis
2709 2091 2953 2148 divinitas
2973 2087 3120 2141 carni
3144 2084 3289 2138 unita

1740 2178 1851 2266 est;
1880 2199 2018 2269 quod
2047 2207 2130 2251 est
2181 2193 2399 2261 it'npium
2421 2184 2760 2243 credere.‘Et
2797 2178 3027 2249 prolapsi
3057 2181 3183 2229 sunt
3219 2187 3287 2226 ex

1743 2296 1842 2348 hoc
1871 2267 2012 2360 quod
2041 2288 2224 2343 dicunt
2249 2301 2262 2338 :
2315 2279 2609 2355 Quomodo,
2642 2271 2863 2342 et'q'uali
2899 2267 3088 2322 modo?
3113 2276 3165 2319 et
3191 2277 3292 2331 qua

1739 2381 2000 2456 sententia
2025 2388 2078 2434 et
2109 2374 2327 2442 perﬁdia
2355 2371 2511 2425 etiam
2544 2365 2629 2421 isti
2652 2374 2705 2421 et
2733 2359 3165 2415 inhabitationettt
3198 2367 3294 2422 pro

1742 2453 2106 2531 incarnatione
2132 2466 2150 2504 τ
2177 2462 2550 2534 opinatisunt,
2577 2468 2627 2512 et
2653 2471 2749 2525 pro
2773 2453 2976 2508 unitate
3002 2458 3055 2502 et
3083 2459 3294 2514 compo-

1740 2567 1935 2621 sitione
1961 2560 2377 2630 inoperationem
2400 2554 2702 2613 humanam,
2720 2556 2773 2601 et
2801 2558 2894 2613 pro
2920 2556 3019 2596 una
3049 2539 3294 2594 substan-

1744 2660 1812 2710 tia
1842 2629 2239 2707 Doniini‘inostri
2272 2647 2397 2700 Jesu
2423 2641 2643 2705 Christi,
2683 2637 2813 2691 duas
2840 2629 3206 2706 subsistentias
3243 2635 3297 2680 et

1743 2748 1875 2801 duas
1909 2755 2179 2813 personas,
2222 2748 2273 2792 et
2312 2752 2403 2805 pro
2435 2743 2612 2787 sancta
2641 2743 2694 2783 et
2732 2724 2983 2780 ineil'abtli
3014 2721 3294 2778 Trinitate.

1746 2828 2149 2905 quaternitatetn
2181 2828 2486 2882 indecenter
2514 2820 2929 2891 dogmatizautes
2959 2823 3014 2868 et
3055 2813 3234 2889 impie.
3273 2825 3294 2859 ι

1749 2899 1949 2980 liursus
1973 2923 2159 2976 beatus
2182 2917 2466 2985 Gregorius
2487 2914 2536 2966 in
2567 2910 2810 2965 sermohe
2830 2907 2895 2961 de
2925 2903 3089 2960 Filio:
3127 2920 3145 2952 ι
3169 2899 3299 2954 ‘Uno

1754 3023 1951 3077 autem,
1980 3011 2171 3080 inquit,
2195 3005 2424 3076 capitulo
2451 3017 2589 3066 meo,
2617 3010 2674 3054 ut
2698 2999 2890 3052 altiora
2914 2994 3123 3062 quidem
3137 2990 3302 3044 ascri~

99 3086 313 3140 cundum
341 3076 688 3150 dign‘iamm’
731 3075 1098 3130 auum-“atem
1137 3082 1228 3126 am
1255 3072 1565 3168 mimum“?
1600 3081 1654 3124 et
1682 3074 1726 3135 Ο
1758 3109 1851 3162 bas
1879 3072 2168 3168 divinitati,
2188 3072 2341 3152 etilli
2374 3100 2574 3148 natura:
2610 3105 2729 3158 qua:
2755 3083 3086 3157 passionibus
3108 3092 3160 3136 et
3183 3085 3304 3133 'cor-

101 3193 193 3230 non
223 3176 395 3243 magis
438 3171 867 3240 coniunctionem
898 3181 1014 3233 qua:
1045 3172 1125 3217 est
1156 3164 1444 3216 secundum
1479 3162 1648 3213 uiita—

105 3277 201 3320 tem
247 3264 578 3326 naturalem,
628 3259 903 3312 anathema
947 3255 1035 3308 sit.
1090 3271 1111 3304 ι
1164 3253 1299 3305 Deus
1338 3249 1480 3304 enim
1525 3249 1653 3302 Ver-

110 3360 241 3419 bum,
268 3372 375 3409 non
402 3353 620 3406 nomine
644 3363 832 3412 vacuo,
884 3360 986 3398 non
1016 3341 1268 3411 particula
1294 3342 1395 3407 sui,
1427 3341 1523 3394 sed
1562 3353 1656 3393 na-

111 3457 210 3499 tura
237 3446 379 3499 Deus
416 3449 617 3504 tantus,
648 3439 877 3506 quantus
923 3444 977 3488 et
1008 3435 1165 3487 Pater
1188 3440 1291 3495 est,
1318 3430 1533 3499 aequalis
1564 3443 1658 3496 per

113 3540 271 3589 omnia
319 3533 496 3596 Patri,
528 3539 721 3596 prteter
751 3527 853 3580 hoc
876 3524 1246 3578 tantummodo
1273 3521 1412 3590 quod
1443 3521 1532 3573 ille
1561 3518 1660 3572 Pa-

114 3635 184 3678 ter
206 3637 300 3687 est,
325 3625 433 3678 iste
458 3621 647 3682 Filius,
672 3628 873 3670 naturae
901 3629 960 3674 se
986 3614 1229 3666 humanae
1250 3611 1459 3676 uniens,
1492 3608 1661 3663 factus

115 3726 187 3768 est
212 3715 391 3768 homo.
430 3713 560 3765 Ilinc
585 3712 746 3762 etiam
774 3722 803 3758 a
849 3705 1049 3759 sanctis
1073 3704 1318 3756 Patribus
1345 3684 1663 3754 adunatione

117 3821 171 3859 ex
196 3806 476 3859 divinitate
501 3812 553 3854 et
580 3799 901 3853 humanitate
923 3796 1169 3848 Christus
1198 3793 1450 3845 Dominus
1479 3777 1664 3844 noster

119 3895 435 3960 toittpositus
463 3891 798 3960 prmdicatur.
832 3886 980 3950 Quod
1027 3884 1219 3937 nolen-t
1249 3881 1440 3936 Paulus
1479 3881 1666 3933 Samo-

118 3996 320 4036 satettus
348 3981 614 4041 conliteri,
659 3979 938 4030 damnatus
969 3984 1054 4028 est
1080 3973 1146 4025 ab
1175 3971 1507 4025 Antiocbeuo
1533 3983 1665 4024 con-

121 4074 250 4138 cilio,
303 4072 606 4126 Malcltioue
657 4067 966 4134 presbytero
1032 4064 1271 4130 ejusdem
1323 4058 1666 4114 Antiochense

125 4161 382 4226 Ecclesiae,
430 4161 544 4211 viro
596 4173 690 4226 per
730 4157 906 4208 omnia
946 4153 1324 4215 eruditissimo,
1363 4159 1418 4203 et
1455 4149 1521 4202 ab
1554 4149 1669 4201 uni-

124 4248 671 4305 versisvsacerdotibus
694 4249 780 4314 qui
811 4254 993 4299 contra
1023 4245 1272 4296 euintlum
1297 4241 1516 4294 Paulum
1538 4252 1670 4293 con-

125 4355 367 4398 venerant
431 4351 556 4395 tunc
607 4339 800 4404 electo,
834 4338 922 4406 (ιιιί
984 4350 1246 4389 summum
1296 4329 1670 4399 disputationis

1756 3213 1882 3269 pore
1904 3196 2155 3266 probatur
2179 3205 2297 3246 esse
2322 3186 2564 3255 superior
2591 3200 2604 3235 :
2631 3178 2911 3234 humiliora
2940 3189 3068 3229 vero
3093 3185 3306 3237 compo-

1754 3262 1859 3344 sito
1889 3262 2112 3346 tribuas,
2146 3282 2232 3350 qui
2264 3288 2476 3348 propter
2509 3286 2560 3328 te
2597 3278 2766 3327 semet
2799 3269 2970 3338 ipsum
2991 3262 3305 3325 exinanivit,

1753 3390 1809 3434 ct
1854 3381 2157 3431 incarnatus
2205 3381 2305 3424 cst.
2343 3389 2360 3419 ι
2399 3366 2530 3418 llinc
2555 3378 2683 3429 ergo
2711 3358 3004 3414 rectissime
3045 3352 3309 3406 credimus

1757 3568 2083 3626 assumptam
2104 3565 2316 3608 carnem
2339 3549 2539 3602 nullum
2561 3547 2897 3611 augmentum
2914 3536 3312 3589 detrimentum—

1722 3656 1727 3661 ’
1759 3667 1863 3723 que
1887 3649 2184 3720 pertulerit,
2212 3644 2319 3697 imo
2340 3638 2577 3692 unitione
2601 3648 2694 3691 sua
2733 3626 3053 3684 inetiabilem
3092 3622 3313 3691 gloriam

1763 3741 2044 3820 Contulerit
2070 3742 2351 3803 assumpta:
2377 3738 2598 3785 naturae.

1802 3923 1806 3927 .
1926 3872 1931 3878 ’
2368 3858 2591 3914 CAPUT
2625 3852 2710 3908 iV.

1769 3964 1889 4018 Non
1930 3970 2005 4014 est
2049 3959 2186 4026 facta
2203 3952 2512 4024 quaternitas
2551 3948 2603 4025 in
2623 3944 2808 4001 deitale
2843 3954 2932 4008 per
2953 3931 3318 3988 incarnationis

2064 4044 2079 4049 -
2215 4015 2227 4024 ’
2387 4015 2695 4088 mysterium.

1837 4144 1946 4197 llac
1974 4135 2042 4194 de
2079 4105 2536 4192 causal'l‘ritiitatis
2581 4125 2742 4179 etiam
2790 4113 2910 4188 post
2947 4110 3324 4170 lncarnationis

1768 4232 2076 4303 mysterium
2095 4226 2323 4282 Trinitas
2341 4220 2553 4278 man’sit.
2572 4216 2694 4284 quia
2722 4212 2860 4279 idetn
2894 4201 3031 4261 Deus
3067 4201 3319 4264 Verbum,

1767 4329 1928 4381 etiam
1957 4335 2079 4377 eum
2105 4316 2317 4387 propria
2343 4324 2504 4366 carne
2531 4321 2665 4361 unus
2691 4313 2772 4359 est
2798 4317 2863 4356 ex
2891 4298 3185 4352 Trinitate:
3219 4306 3326 4345 non

135 4384 367 4398 .ν..ν.-...
432 4384 556 4395 ...ην
609 4384 800 4404 -------,
839 4384 922 4406 Ἰ--
985 4384 1134 4389 -___,,,
1168 4384 1189 4386 γ
1235 4384 1243 4385 ,
1305 4384 1326 4386 ,ν
1384 4384 1396 4399 _
2107 4384 2120 4387 _

127 4446 380 4488 certamen
414 4446 443 4482 a
473 4430 700 4483 concilio
740 4435 1036 4480 memorato
1066 4424 1382 4489 suscipiens,
1413 4422 1488 4474 ita
1531 4435 1674 4473 eunt-
1701 4425 1753 4483 Β
1776 4415 1914 4486 quod
1943 4423 2072 4466 caro
2092 4410 2210 4476 ejus
2247 4406 2315 4459 sit
2341 4403 2408 4457 de
2425 4397 2729 4457 substantia
2763 4389 3057 4450 Trinitatis,
3088 4384 3181 4438 sed
3205 4384 3325 4453 quia

127 4526 234 4577 dem
261 4522 570 4577 lmreticum
599 4521 740 4572 inter
759 4526 950 4572 caetera
976 4515 1265 4582 redarguit,
1288 4513 1472 4565 dicetis
1495 4527 1508 4564 ε
1544 4529 1560 4559 ι
1594 4510 1669 4563 Ex

127 4615 445 4683 simplicibus
489 4612 546 4664 lit
587 4618 734 4664 certe
777 4607 1149 4675 compositum,
1195 4606 1332 4656 sicut
1361 4603 1414 4656 itt
1458 4601 1671 4656 Christo

129 4705 258 4770 Jesu,
289 4707 377 4772 qui
432 4718 494 4757 ex
540 4701 650 4754 Deo
682 4698 856 4752 Verbo
879 4709 941 4750 et
985 4696 1217 4748 humano
1245 4707 1488 4760 corpore,
1531 4691 1668 4760 quod

130 4806 200 4848 est
238 4811 300 4849 ex
327 4795 535 4849 semine
582 4791 765 4853 David,
799 4803 936 4841 unus
979 4787 1148 4839 factus
1197 4792 1299 4847 est,
1334 4796 1666 4852 nequaquam

133 4885 330 4939 ulterius
359 4881 624 4936 divisione
653 4879 849 4946 aliqua,
881 4875 971 4929 sed
1004 4875 1202 4928 unitate
1247 4873 1563 4926 subsistens.
1591 4871 1669 4924 Tu

131 4987 242 5028 vero
268 4976 463 5028 videris
488 4968 911 5025 tttiltisecundum
941 4969 1040 5020 ltoc
1070 4965 1212 5019 nolle
1231 4964 1670 5030 compositionem

134 5066 287 5133 lateti,
316 5079 375 5121 ut
425 5081 528 5120 non
570 5061 864 5118 substantia
911 5060 982 5113 sit
1016 5061 1069 5112 in
1099 5071 1164 5111 eo
1210 5055 1382 5110 Filius
1419 5055 1533 5120 Dei,
1575 5055 1670 5107 sed

133 5160 375 5222 sapientia
405 5157 692 5225 secundum
737 5136 1218 5220 participationem.
1247 5147 1379 5200 ‘lloc
1424 5147 1564 5201 enim
1594 5145 1674 5198 di-

141 5245 265 5308 tisti,
307 5249 438 5315 quia
482 5242 736 5312 sapientia
791 5239 1128 5307 dispendium
1161 5224 1423 5315 patiatur,
1449 5247 1498 5287 ct
1542 5236 1665 5288 ideo

197 5405 222 5465 ἒ
246 5398 350 5465 AL,
385 5395 631 5448 deserant.

199 5464 223 5502 δ
250 5467 315 5519 Ita
337 5458 450 5518 'tns.
470 5482 485 5528 ;
506 5476 558 5517 at
578 5463 725 5526 edd.,
762 5458 963 5513 Donum
983 5458 1206 5511 verbum.

203 5544 224 5604 ς
249 5533 475 5604 Cyrillus
499 5538 760 5604 attatltettt.
785 5532 838 5583 5.
870 5537 922 5604 '__
1200 5593 1202 5595 _
1223 5596 1234 5604 ι
1441 5563 1444 5566 ί

200 5598 222 5637 δ
261 5593 419 5666 ιὶῖιὶιὶ,
439 5612 551 5674 post
583 5602 841 5665 unitatem,
875 5597 995 5668 Ms.,
1019 5605 1131 5671 post
1153 5593 1444 5649 unitionettt.

1771 4471 1896 4560 caro
1920 4501 2014 4556 Dei
2044 4471 2204 4552 Verbi
2235 4503 2338 4561 est,
2361 4491 2448 4562 qui
2475 4498 2558 4545 est
2590 4500 2740 4542 .utttts
2763 4497 2828 4538 ex
2856 4479 3137 4534 Trinitate.
3197 4471 3225 4528 1
3232 4489 3337 4541 pse

1771 4596 1913 4650 enim
1952 4588 2191 4651 omnino,
2238 4594 2292 4639 et
2337 4596 2443 4636 non
2496 4578 2627 4632 alius
2654 4572 2880 4629 ascendit
2913 4570 2966 4623 in
2994 4565 3195 4629 emittm,
3244 4563 3330 4633 qui

1771 4684 2027 4740 daremdii
2055 4681 2118 4735 de
2144 4678 2288 4739 curio,
2305 4672 2472 4728 Filius
2492 4668 2708 4724 hominis
2735 4666 2819 4733 qui
2844 4673 2917 4716 est
2945 4661 2997 4713 in
3014 4653 3329 4733 caeloUomt.

1773 4796 1853 4845 ttt,
1879 4777 1990 4847 15).
2015 4777 2344 4841 Quapropter
2371 4773 2426 4821 et
2451 4765 2616 4818 Deum
2649 4757 2878 4814 Verbum
2913 4766 3123 4823 passum
3145 4762 3327 4812 carne,

1776 4880 1831 4925 et
1881 4837 2195 4921 cruciﬁxum
2233 4837 2429 4919 icarue,
2459 4860 2514 4907 et
2540 4847 2802 4916 sepultum
2835 4856 2996 4900 carne
3041 4837 3330 4896 Secundum

1779 4960 1987 5014 beatum
2033 4951 2291 5023 Cyrillum
2320 4955 2345 4994 ι
2378 4937 2976 5018 prolitetnurdicentetn
3005 4951 3022 4990 :
3065 4948 3085 4983 ι
3128 4930 3186 4985 Si
3214 4928 3334 4996 quis

1780 5033 1882 5104 neti
1911 5045 2196 5117 conﬁtetur
2232 5041 2392 5093 Deum
2440 5031 2666 5088 Verbum
2697 5013 2918 5099 passum
2943 5033 3127 5086 carne.
3160 5019 3333 5074 cruci.

1780 5115 1942 5195 tixum
1973 5147 2152 5196 carne,
2182 5140 2238 5185 et
2278 5136 2500 5190 mortem
2531 5134 2690 5176 carne
2728 5129 2999 5197 gustasse,
3033 5115 3333 5178 {actumque

1783 5226 2188 5301 primogenitum
2220 5235 2285 5274 ex
2314 5216 2558 5278 mortuis,
2601 5207 2896 5266 secundum
2925 5203 3063 5279 quod
3095 5202 3177 5283 est
3206 5202 3333 5262 vita,

1848 5396 1873 5423 °
1904 5383 2038 5439 Editi
2068 5381 2194 5436 Lov.
2227 5369 2282 5431 et
2311 5372 2491 5437 Basil.,
2521 5378 2574 5424 ut
2600 5376 2726 5423 utter
2746 5366 2799 5418 in
2820 5365 3002 5418 altera.

1763 5496 1766 5500 -
1849 5455 1868 5494 ί
1903 5455 2065 5516 Εὐίι..
2098 5446 2312 5516 apertttt‘.
2338 5515 2363 5516 η
2496 5458 2500 5460 ’

1852 5535 1877 5573 α
1903 5515 2063 5595 Cer.
2092 5515 2274 5593 anath.
2308 5515 2414 5568 15..
