3842 6226
516 248 579 302 87
1040 212 1052 219 ”
1864 250 2063 328 PETRI

2173 252 2369 308 ACONI
2894 230 2899 239 ’
3704 270 3773 321 sa

516 371 569 412 et
597 358 887 412 riviﬁcator
915 370 1159 425 tanquam
1193 362 1350 427 Deus,
1375 362 1654 415 anathema
1686 362 1771 416 sit.
1812 382 1830 413 ι
1865 362 2065 417 Simili-
2102 366 2147 421 Α
2176 378 2273 419 nec
2306 379 2408 418 non
2438 367 2597 419 titiam
2626 367 2953 437 Ephesinum
2996 374 3241 441 primum,
3282 376 3368 430 cui
3414 376 3769 444 prmitieth

521 464 601 501 ter
622 450 778 502 etiam
810 437 1072 502 hoininem
1101 450 1371 504 Christum
1391 452 1617 506 d'cimus
1636 452 1863 506 Verbum
1886 469 2079 507 secun-
2182 454 2474 510 beatissimi
2503 458 2826 516 leestinus
2855 460 3130 519 Romanus
3170 476 3223 521 et
3255 469 3486 537 Cyrillus
3513 469 3774 523 Alexan-

514 539 637 590 dum
683 538 809 591 illud
842 539 976 591 beati
1022 540 1271 592 Joannis:
1310 541 1458 604 Quod
1502 541 1598 609 fuit
1629 541 1693 593 ab
1721 542 1889 604 initio,
1939 541 2078 611 quod
2172 546 2367 602 'drinus
2413 552 2704 611 antistites:
2749 565 2802 607 et
2849 567 3092 610 sanctum
3132 574 3196 613 ac
3238 561 3574 632 venerabile,
3619 564 3771 631 quod

514 627 812 709 audivimus,
862 629 995 692 quod
1027 630 1240 683 uidimus
1270 632 1433 683 oculis
1462 631 1665 692 nastris,
1711 632 1849 698 quod
1874 648 2079 700 perspe-
2141 711 2155 722 ι
2178 639 2317 704 apud
2339 638 2729 695 Chalcedonam
2761 644 3086 699 celebratum
3116 660 3221 703 est.
3252 627 3773 722 Epistolas’quoqus

1877 699 1882 700 ,
2217 699 2228 704 _
3125 699 3220 703 η--
3252 699 3512 718 Ἵππη
3536 699 3771 722 ..-Ἴ--

512 699 698 780 simus,
726 726 788 768 .et
832 735 1011 770 manus
1040 728 1226 772 nostris
1273 730 1611 773 tractaverunt
1659 722 1722 773 de
1755 721 1919 776 Verbo
1962 722 2078 776 vita:
2139 711 2155 734 ’
2179 726 2317 784 beati
2349 726 2546 783 Leonis
2574 731 2968 800 amplectimur.
2988 737 3500 796 anathematizantes
3530 744 3771 797 univer-

513 804 561 871 (Ι
582 804 737 858 Joan.
764 822 800 867 ι,
830 808 905 875 l).
930 808 1109 877 Neque
1135 810 1274 863 enim
1306 809 1529 864 Verbum
1557 811 1846 864 secundum
1868 812 2078 865 deitatis
2179 818 2563 883 eoscontraria
2595 818 2929 889 dogmatibus
2952 824 3207 880 Ecclesiae
3239 833 3557 896 sentientes,
3598 835 3773 887 simul

511 909 619 946 sine
650 908 889 949 naturain
923 902 1135 951 tractari
1162 902 1329 967 potuit
1382 900 1627 953 manibus
1657 901 1926 966 humanis,
1972 901 2075 955 nisi
2178 912 2233 958 et
2258 905 2441 959 omnia
2478 908 2675 977 scripta
2715 910 2979 967 Theodori
3024 915 3372 984 Mopsuestini
3419 930 3473 975 et
3518 922 3774 977 Νεμοῆί

517 988 667 1040 iteret
690 990 869 1045 homo.
908 991 1001 1043 Est
1035 993 1191 1043 etiam
1217 992 1397 1057 procul
1424 991 1585 1045 dttbio
1614 1007 1746 1060 puer
1775 993 1886 1056 ille,
1914 1009 2073 1061 quem
2176 994 2421 1079 discipuli
2448 997 2585 1064 ejus,
2609 1014 2900 1070 omnesque
2922 1005 3008 1071 qui
3042 1006 3147 1059 illis
3169 1007 3364 1062 similia
3388 1012 3616 1079 sapiunt
3639 1027 3770 1066 cum

513 1077 665 1131 heata
703 1078 859 1146 Virgo
887 1082 1089 1148 genuit,
1120 1095 1275 1147 quem
1306 1078 1493 1147 pannis
1532 1078 1778 1142 involvit,
1821 1095 1979 1149 quem
2020 1080 2072 1133 in
2176 1074 2378 1141 eodem"
2407 1087 2673 1152 Nestorio,
2710 1106 2935 1146 necnon
2965 1094 3126 1148 etiam
3165 1111 3359 1153 cuncta
3390 1106 3595 1172 scripta
3630 1106 3777 1159 duo-

512 1170 771 1235 priesepio
824 1170 1123 1235 collocavit,
1157 1185 1311 1235 quem
1363 1180 1549 1223 octavo
1585 1170 1672 1224 die
1720 1170 2070 1231 circumcidit.
2176 1177 2359 1231 decim
2373 1179 2708 1235 adversantia
2736 1183 2980 1262 capitulis
3009 1185 3154 1241 beati
3184 1186 3388 1258 Cyrilli,
3420 1170 3539 1262 qua:
3564 1206 3771 1250 coritra

512 1274 669 1325 quem
695 1259 911 1313 Simeon
935 1260 1017 1312 vir
1032 1262 1205 1325 justus
1223 1261 1453 1327 propriis
1481 1260 1813 1325 amplexatus
1840 1272 1923 1316 est
1952 1278 2073 1356 ςτε-
2175 1270 2426 1349 eumdem
2449 1257 2944 1331 Nestorium'edidit
2977 1294 2991 1331 :
3017 1279 3101 1333 his
3120 1257 3772 1356 adjicientes-Eutychem

512 1347 654 1409 tniis,
695 1360 852 1413 quem
886 1348 1186 1415 subjectum
1223 1349 1531 1415 parentibus
1571 1350 1915 1417 evangelista:
1944 1350 2076 1406 refe-
2176 1371 2230 1414 et
2262 1347 2572 1417 Dioscorum
2606 1378 2725 1418 cum
2757 1369 2917 1422 sociis
2946 1384 3153 1437 eorum,
3184 1356 3477 1443 omnesque
3503 1394 3659 1445 quos
3686 1380 3769 1447 ju-

512 1448 637 1490 NM
663 1437 811 1507 (ιυει
837 1453 895 1503 ιιι
914 1438 1014 1507 εί)
1044 1454 1200 1506 quem
1238 1440 1526 1505 ιποτθεὶεεε
1547 1447 1709 1495 δείδιε
1734 1451 1786 1531 ei
1815 1442 2073 1510 δθρίθηιία
2175 1462 2257 1509 ste
2277 1470 2341 1527 ac
2366 1457 2680 1526 regulariter
2704 1460 2858 1524 sedes
2878 1465 3171 1531 apostolica
3203 1437 3611 1525 condemnavit.

515 1538 901 1595 protestantur,
966 1538 1154 1583 natura
1200 1529 1355 1594 Deus,
1414 1545 1509 1598 per
1548 1545 1704 1599 quom
1758 1530 1896 1585 facta
1949 1541 2075 1586 sunt
2912 1529 2928 1531 “

516 1617 688 1652 ηννὲηςη
719 1620 944 1652 υςρηάιίλ
968 1631 1016 1652 ,η
1046 1622 1324 1652 ;.η,;..;ι.;ι;..
1383 1622 1681 1652 ...ιεηιιηςοηη
1729 1637 1775 1652 ι..
1808 1626 2045 1652 ..-εηληη
2793 1595 3015 1651 CAPUT
3046 1599 3130 1652 νΙ.

594 1617 655 1634 ..
1459 1622 1589 1633 ..
1875 1626 1887 1637 .
2793 1617 3130 1652 ωηιυινι.

515 1634 689 1673 omnia
719 1622 944 1674 vrstbilta
967 1623 1349 1686 ct,tnvuulnha,
1383 1633 1684 1691 unigenitus
1727 1637 1779 1677 et
1808 1639 2073 1694 primoge-
2188 1678 2366 1705 ΛΜΗ-
2397 1679 2541 1705 ,ΨΜ
2578 1694 2802 1705 ___.“__
2838 1696 2873 1705 J
2914 1704 2919 1705 ν
3007 1689 3035 1705 Γ
3454 1701 3461 1705 _
3525 1694 3535 1705 ,

515 1709 681 1774 nitus,
712 1712 764 1762 in
798 1726 899 1779 quo
934 1712 1104 1764 omnia
1143 1722 1397 1778 constant,
1443 1708 1737 1767 secundum
1780 1718 2066 1780 apostolum

2188 1678 2366 1745 Qualis
2392 1679 2542 1734 homo
2570 1694 2803 1747 creatus;
2825 1696 2877 1780 et
2900 1689 3066 1780 quali:
3092 1706 3205 1780 cum
3229 1706 3327 1744 sua
3352 1694 3655 1760 posteritate
3673 1710 3766 1766 pa

515 1757 681 1774 """"
799 1757 892 1779 7""
1145 1757 1397 1778 """"""
1443 1757 1733 1767 """""‘”"
1781 1757 2077 1780 "'""'""""'
2109 1757 2154 1769 "
2429 1808 2431 1811 ,
2707 1766 2965 1820 peccatum
2992 1757 3213 1823 effectus.

512 1797 733 1852 Paulum
775 1798 910 1867 (Col.
954 1816 992 1862 ι,
1038 1799 1144 1869 16).
1196 1798 1260 1854 Et
1310 1800 1410 1855 hoc
1450 1803 1621 1869 ipsum
1656 1802 1815 1857 claris
1863 1804 2081 1861 vocibus
2254 1861 2291 1869 _
2414 1864 2425 1869 _

510 1891 669 1941 etiam
697 1890 855 1942 Isaias
887 1891 1140 1956 propheta
1166 1900 1489 1958 protestatur
1518 1892 1736 1945 dicens:
1776 1892 1910 1945 Puer
1930 1904 2079 1949 natus

510 1988 577 2030 est
599 1978 761 2042 nobis,
785 1988 830 2030 et
854 1976 899 2028 F
904 1979 1020 2031 ilius
1043 1981 1190 2031 datus
1212 1990 1281 2031 est
1310 1980 1473 2042 nobis,
1496 1983 1639 2050 cujus
1660 1992 1877 2051 potestas
1900 1983 1951 2034 in
1973 1983 2071 2037 Itu-

512 2082 648 2119 mero
671 2074 803 2137 ejus,
827 2080 873 2121 et
893 2070 1150 2121 vocabitur
1186 2072 1351 2137 magni
1373 2071 1570 2123 consilii
1593 2074 1825 2141 angelus,
1849 2073 2077 2126 admira-

518 2158 652 2220 bitis,
678 2159 1018 2222 consiliarius,
1049 2158 1183 2212 Deus
1209 2160 1375 2225 fortis,
1403 2160 1687 2213 dominator
1709 2202 1724 2227 ,
1751 2171 1896 2228 pater
1917 2164 2079 2230 futuri

513 2247 699 2307 sa'culi,
735 2250 968 2313 princeps
1012 2250 1149 2314 pacis
1204 2248 1364 2319 (Isai.
1412 2264 1483 2313 Ix,
1529 2251 1607 2318 6).
1640 2251 1704 2305 Et
1745 2252 1942 2308 idcirco
1983 2270 2075 2310 ac-

512 2341 887 2404 quiescendum
922 2341 1025 2393 illis
1054 2342 1353 2395 nullatenus
1382 2343 1668 2409 Credimus,
1692 2345 1778 2411 qui
1812 2359 1977 2417 puero
2001 2346 2075 2399 illi

514 2430 678 2482 Deum
699 2434 884 2486 fortem
918 2434 1118 2486 unitum
1150 2445 1414 2496 asserunt,
1442 2450 1539 2489 nec
1573 2436 1734 2489 Deum
1764 2428 1958 2491 {artem
1990 2439 2074 2507 ip-

511 2534 628 2571 sum
659 2535 778 2573 esse
807 2536 1029 2587 puerum
1051 2524 1295 2582 credunt.
1332 2529 1627 2591 praesertim
1660 2542 1780 2580 cum
1810 2542 1916 2581 non
1940 2531 2074 2583 aite-

512 2612 619 2663 rius
675 2613 972 2680 cujuslibet,
1022 2615 1114 2667 seil
1163 2617 1277 2682 ejus
1306 2618 1523 2669 omnino
1570 2619 1844 2685 thronum,
1877 2621 1965 2688 qui
2003 2621 2072 2675 de

516 2702 711 2768 Spiritu
752 2717 933 2757 sancto
970 2715 1023 2759 et
1053 2706 1221 2762 Maria.
1246 2708 1455 2776 Virgine
1495 2718 1650 2761 natus
1683 2719 1785 2774 est,
1828 2720 1988 2777 atque
2017 2711 2069 2763 in

511 2792 737 2846 .lordane
766 2809 793 2845 a
818 2794 1035 2857 Joanne,
1075 2805 1131 2849 ut
1168 2811 1331 2863 aquas
1368 2800 1745 2863 sattctilicaret,
1774 2801 2070 2879 baptizatus

515 2892 536 2914 ε·
571 2892 671 2943 est,
706 2882 757 2933 in
788 2884 1039 2936 saeculum
1064 2888 1242 2939 saeculi
1273 2887 1551 2942 Psalmista
1578 2898 1818 2954 testetur,
1844 2892 2065 2947 dicens:

510 2969 741 3024 Tiironus
762 2984 876 3026 tuus
908 2972 1039 3027 Deus
1066 2977 1117 3027 in
1145 2977 1383 3030 sarculum
1406 2980 1609 3043 sa'culi;
1638 2980 1774 3049 virga
1794 2984 2063 3051 (equitatis,

2254 1861 2382 1915 Post
2414 1864 2526 1918 haec
2563 1879 2897 1937 consequens
2925 1880 3009 1924 est
3037 1874 3221 1940 etiam,
3255 1876 3483 1943 qualiter
3502 1877 3572 1930 de
3594 1876 3765 1931 Chri-

2180 1952 2247 2006 sti
2279 1955 2446 2021 gratia
2486 1957 2795 2025 sentiamus,
2826 1975 2927 2026 qua
2958 1976 3054 2015 nos
3089 1965 3227 2017 eruit
3263 1967 3331 2018 de
3358 1976 3635 2034 potestate
3664 1970 3761 2024 Sa-

2180 2054 2337 2111 tanas,
2373 2042 2671 2102 secundum
2716 2052 2855 2117 quod
2904 2053 3056 2107 nobis
3099 2066 3181 2109 est
3227 2056 3501 2120 traditum,
3557 2068 3761 2114 vestr:

2182 2136 2492 2191 beatitudini
2511 2141 2789 2194 declarare
2814 2159 2827 2193 :
2860 2144 2980 2207 quia
3010 2145 3169 2199 etiam
3198 2146 3251 2199 in
3278 2148 3377 2200 hac
3400 2160 3547 2214 parte
3569 2160 3757 2203 aucto.

2179 2228 2309 2281 ritas
2356 2240 2531 2282 vestra
2583 2231 2733 2283 nobis
2784 2232 2935 2286 valde
2973 2244 3058 2288 est
3095 2238 3415 2291 necessaria.
3464 2238 3758 2295 Credimus

2179 2316 2380 2385 itaque,
2412 2318 2606 2372 bonum
2653 2329 2707 2373 et
2750 2322 2865 2375 sine
2910 2324 3014 2375 ulla
3055 2326 3230 2379 carnis
3261 2327 3693 2397 impugnatione,
3725 2346 3753 2384 ι

2181 2408 2289 2462 Deo
2309 2419 2551 2464 creatore
2574 2414 2830 2476 omnium,
2863 2416 3058 2469 factum
3086 2419 3276 2484 Adam,
3298 2436 3600 2489 magnaque
3620 2437 3754 2491 pra:-

2174 2498 2345 2551 ditum
2391 2502 2659 2567 libertate;
2696 2505 2762 2557 ita
2810 2514 2867 2558 ut
2903 2516 2955 2560 et
2988 2510 3182 2561 bonum
3216 2510 3393 2565 facere
3431 2514 3483 2565 in
3521 2516 3744 2581 propria

2175 2588 2429 2643 facultate
2461 2591 2701 2658 haberet,
2735 2601 2789 2647 et
2818 2596 3037 2660 malum,
3061 2599 3105 2650 si
3138 2600 3316 2663 vellet,
3339 2614 3519 2667 posset
3541 2604 3745 2658 admito

2176 2688 2308 2733 tere.
2342 2681 2573 2749 Eratque
2605 2699 2745 2737 mors
2772 2694 2848 2757 fet
2892 2687 3271 2744 immortalitas
3309 2693 3363 2746 in
3407 2696 3525 2761 ejus
3568 2697 3745 2764 posita

2170 2773 2564 2837 quodammodo
2622 2776 2826 2829 arbitrii
2883 2778 3148 2835 libertate.
3208 2782 3388 2851 Capax
3439 2789 3585 2840 enim
3632 2800 3747 2841 erat

2172 2860 2446 2930 utriusque
2472 2863 2573 2927 rei,
2609 2872 2667 2917 ut
2703 2866 2746 2919 si
2790 2880 3028 2923 servaret
3055 2884 3401 2941 prmceptum,
3430 2877 3548 2932 sine
3575 2893 3743 2943 expc-

2168 2950 2358 3005 rientia
2385 2955 2571 3008 mortis
2590 2955 2744 3010 fieret
2765 2957 3111 3014 immortalis:
3132 2963 3175 3015 si
3200 2978 3328 3018 vero
3349 2979 3740 3035 contemneret,

508 3064 644 3130 virga
667 3066 807 3134 regni
828 3067 921 3117 tui.
944 3064 1177 3120 Dilexisti
1188 3070 1463 3138 justitiam,
1486 3081 1531 3121 et
1552 3045 2072 3139 odisti‘iniquitatcm;
2100 3060 2147 3121 C
2180 3054 2322 3139 ("0's
2346 3050 2597 3097 conum")
2610 3045 3040 3139 δυδεεξξυέτθιυτα
3066 3050 3244 3118 Itaque
3256 3057 3521 3121 serpentis
3539 3066 3741 3111 astutia

508 3162 772 3220 promerea
802 3156 941 3208 unait
966 3172 1012 3210 te
1037 3156 1172 3211 Deus
1190 3170 1305 3211 tuus
1325 3158 1434 3211 oleo
1448 3161 1797 3214 exsultationis
1818 3178 1927 3229 pne
1952 3180 2071 3231 par-

507 3244 736 3307 licipibus
758 3246 875 3299 tuis.
900 3248 1175 3311 Quomodo
1196 3258 1372 3301 autem
1403 3252 1523 3319 ungi
1557 3261 1761 3319 poterat
1787 3252 1943 3317 Deus,
1970 3268 2068 3308 cu-

508 3334 590 3402 ius
623 3337 844 3389 thronus
872 3349 953 3391 est
980 3339 1027 3389 in
1059 3340 1304 3392 saeculum
1335 3340 1541 3408 saeculi,
1565 3341 1664 3396 nisi
1695 3343 1846 3397 ﬁeret
1874 3343 2069 3399 homo?

2174 3128 2511 3199 depravatus,
2545 3145 2735 3200 sponte
2756 3136 2947 3191 divina:
2972 3139 3104 3207 legis
3126 3146 3500 3209 praevaricator
3520 3147 3743 3203 eﬂectus

2171 3226 2281 3283 est;
2314 3229 2370 3273 et
2414 3221 2533 3275 ideo
2563 3225 2851 3278 secundum
2899 3229 3038 3290 quod
3083 3230 3130 3283 ei
3175 3233 3483 3298 praedictum
3535 3238 3730 3301 iuerat,

2166 3308 2311 3377 justo
2341 3312 2432 3365 Dei
2457 3314 2658 3381 judicio
2698 3320 2884 3373 mortis
2924 3335 3076 3387 paena
3117 3322 3421 3390 damnatur,
3453 3338 3724 3398 totusque,

2170 3401 2223 3453 id
2255 3412 2335 3455 est
2372 3406 2666 3460 secundum
2716 3424 2911 3477 corpus
2956 3423 3008 3466 et
3056 3418 3354 3469 secundum
3401 3422 3639 3474 animam
3684 3424 3739 3476 in

2169 3494 2407 3549 deterius
2455 3510 2829 3566 commutatus,
2865 3503 3059 3557 amissa
3089 3506 3332 3561 libertate
3362 3513 3603 3577 propria,
3640 3513 3736 3566 sub

2169 3588 2371 3652 peccati
2403 3590 2623 3642 servitio
2653 3594 3003 3660 mancipatur.
3043 3598 3115 3649 Ex
3160 3599 3258 3651 hoc
3291 3602 3467 3656 nullus
3514 3613 3600 3657 est
3644 3602 3736 3657 ho-

2167 3677 2392 3741 minum,
2422 3680 2508 3747 qui
2534 3694 2638 3733 non
2661 3681 2815 3749 hujus
2836 3687 3036 3750 peccati
3058 3668 3278 3740 \‘inculo
3305 3701 3557 3745 nascatur
3580 3696 3733 3745 astri-

2165 3777 2304 3834 ctus,
2340 3780 2534 3837 praeter
2565 3786 2683 3825 eum
2713 3775 2799 3839 qui
2841 3775 2904 3825 nd
2949 3774 3051 3829 hoc
3092 3778 3362 3833 vinculum
3392 3784 3601 3848 peccati
3631 3783 3733 3835 sol-

2166 3856 2418 3922 vendum,
2451 3874 2587 3911 novo
2609 3864 2966 3929 generationis
2994 3865 3152 3919 modo
3183 3879 3341 3921 natus
3362 3881 3463 3931 est.
3479 3874 3727 3926 mediator

2164 3953 2279 4016 Dei,
2306 3962 2351 4005 et
2380 3942 2640 4007 hominum
2675 3953 2825 4007 homo
2864 3954 3093 4015 Christus
3130 3956 3280 4012 Jesus
3304 3959 3355 4021 (1
3395 3962 3531 4016 Tim.
3564 3979 3621 4027 tt,
3652 3964 3725 4029 5).

2161 4044 2296 4112 Quid
2317 4045 2458 4099 enim
2487 4045 2627 4099 aliud
2654 4046 2824 4113 potuit
2844 4060 2933 4099 aut
2952 4059 3121 4115 potest
3153 4054 3293 4103 nasci
3324 4066 3392 4105 ex
3422 4066 3603 4117 servo,
3628 4054 3723 4106 nisi

2160 4134 2380 4189 servus?
2418 4136 2599 4200 Neque
2647 4136 2789 4190 enim
2840 4153 2959 4190 cum
3006 4153 3144 4193 eSsei
3189 4141 3325 4194 liber
3355 4144 3551 4205 Adam,
3594 4143 3723 4197 ﬁlios

499 4220 672 4269 homo.
706 4220 803 4280 Qui
842 4222 983 4268 enim
1030 4219 1286 4268 natinalis
1329 4229 1409 4270 est
1454 4220 1590 4271 lilitts
1638 4222 1877 4287 virginis,
1908 4223 2055 4275 idem
2163 4226 2483 4293 procreavit,
2521 4227 2611 4279 sed
2646 4237 2922 4294 postquam
2955 4244 3142 4281 servus
3173 4232 3375 4297 peccati
3416 4234 3586 4288 factus
3624 4241 3720 4285 est.

499 4308 749 4359 naturalis
777 4306 1033 4359 eStFtlitts
1060 4307 1174 4359 Dei.
1206 4308 1486 4373 Propte'ea
1519 4317 1572 4361 et
1594 4300 1724 4361 duas
1754 4312 2057 4367 nativitates
2165 4316 2288 4369 ldco
2309 4299 2450 4369 sicut
2476 4316 2652 4370 omnis
2678 4318 2836 4369 homo
2857 4318 2923 4371 ab
2945 4316 3037 4370 illo
3064 4328 3166 4381 est,
3199 4320 3268 4371 ita
3295 4331 3347 4373 et
3371 4322 3549 4375 omnis
3572 4322 3720 4373 homo

500 4397 587 4449 Dei
623 4397 1070 4451 Verbictedimus
1111 4400 1536 4450 ειςοιοίίιυιηυτε
1571 4394 1620 4451 id
1652 4410 1733 4453 est
1759 4396 1913 4453 unam
1936 4414 2059 4457 ante
2086 4396 2136 4455 D
2162 4420 2349 4460 servus
2378 4406 2577 4473 peccati
2613 4420 2704 4472 per
2747 4396 2919 4472 ipsum
2966 4417 3069 4461 est.
3124 4408 3256 4461 llinc
3299 4420 3355 4462 et
3402 4410 3716 4476 Apostolus:

496 4487 688 4539 smcula
720 4485 747 4523 δ
779 4505 805 4537 a
835 4488 990 4541 Patre
1023 4488 1313 4540 secundum
1356 4487 1709 4550 divinitatem,
1754 4492 1972 4545 alteram
2003 4494 2054 4548 in
2167 4497 2249 4550 Ea:
2268 4513 2391 4561 uno,
2424 4496 2618 4563 inquit,
2639 4496 2693 4547 in
2720 4512 2888 4548 unum
2929 4496 3157 4549 homines
3186 4498 3236 4549 in
3258 4497 3714 4550 condemnationem

495 4578 795 4631 notissimis
815 4578 999 4632 diebus
1018 4594 1046 4631 a
1068 4580 1271 4645 virgine
1287 4588 1468 4631 sancta
1490 4581 1779 4633 secundum
1805 4596 2049 4637 carnem:
2161 4586 2332 4655 (liam.
2356 4603 2407 4649 v,
2430 4587 2540 4651 18).
2572 4587 2634 4639 Et
2656 4600 2836 4638 rursus
2861 4602 2874 4636 :
2905 4584 3003 4637 Per
3023 4602 3177 4638 unum
3195 4587 3445 4640 hominem
3467 4600 3714 4657 peccatum

491 4680 826 4721 exserrantcs
854 4685 945 4723 eos
983 4672 1071 4736 qui
1106 4680 1299 4737 negant
1326 4664 1619 4723 secundum
1650 4686 1864 4725 carnem
1895 4660 2069 4729 Verbi
2158 4678 2361 4731 intravit
2411 4679 2463 4729 in
2508 4677 2643 4729 hunc
2668 4680 2931 4737 mundum,
2958 4688 3003 4728 et
3034 4694 3129 4745 per
3177 4692 3437 4745 pectorum
3483 4696 3633 4743 mors,
3670 4686 3712 4729 et

494 4759 582 4810 Dei
614 4760 960 4814 nativitatem.
994 4759 1091 4825 Qui
1122 4761 1281 4814 etiam
1312 4759 1579 4828 refugiunt
1610 4763 1762 4813 unius
1790 4750 2051 4829 ejiusdem-
2156 4769 2228 4821 ita
2258 4768 2311 4819 in
2340 4781 2509 4817 omnes
2556 4764 2779 4818 homines
2807 4782 2938 4817 mors
2970 4764 3284 4833 pertransiit,
3318 4769 3371 4818 in
3409 4784 3511 4836 quo
3553 4782 3709 4821 omnes

486 4868 588 4919 quc
626 4850 739 4903 Filii
768 4851 857 4904 Dei
890 4851 1040 4905 fateri
1070 4851 1330 4903 mirabilia
1360 4863 1407 4904 et
1443 4851 1734 4918 passiones,
1766 4856 1904 4921 quod
1934 4872 2049 4909 om-
2155 4865 2487 4926 peccaverunt
2516 4854 2701 4942 (laid,
2750 4856 2861 4923 1‘3).
2916 4855 3193 4910 Falluntur
3240 4852 3366 4925 ergo
3414 4859 3707 4913 omniinodo

488 4942 569 4993 nis
606 4942 693 4992 Dei
726 4926 953 4992 Ecclesia
983 4940 1281 4992 confitetur.
1328 4942 1625 5001 Accipimus
1646 4952 1820 4998 autem
1841 4955 1892 4998 et
1920 4963 2049 5011 (μσς)-
2156 4948 2245 5012 qui
2278 4946 2460 4998 dicunt
2485 4934 2707 4999 mortem
2733 4947 3218 5011 solam,nouetiam
3252 4960 3527 5015 peccatum
3560 4962 3707 5003 trans-

486 5044 604 5083 tnor
655 5028 875 5082 corn-ilia
928 5033 1214 5081 secundum
1262 5034 1399 5084 hunc
1448 5034 1793 5093 expositionis
1846 5048 2047 5091 nasum
2160 5038 2286 5089 iissc
2319 5039 2369 5088 in
2411 5052 2575 5104 genus
2617 5038 2904 5089 humanum
2933 5055 2945 5087 :
2978 5052 3098 5089 cum
3118 5040 3427 5105 Apostolus,
3454 5049 3510 5120 et
3536 5051 3705 5106 pecca-

482 5139 695 5176 δειιδυιιι
722 5137 734 5171 :
768 5121 1055 5182 Nicmnum,
1091 5131 1442 5173 trecentorum
1480 5124 1664 5175 decem
1697 5125 1751 5176 et
1784 5136 1905 5177 octo
1927 5128 2043 5193 epi-
2155 5137 2286 5191 tum,
2311 5136 2365 5179 et
2396 5135 2618 5178 mortem
2648 5126 2843 5179 mundo
2877 5140 2968 5192 per
2989 5141 3110 5179 eum
3141 5136 3364 5180 tesletur
3393 5129 3612 5182 illatam.
3632 5123 3702 5180 Ab

484 5225 799 5277 scortorum;
832 5209 1497 5276 Constantinopolitantnn.
1545 5224 1757 5265 rentum
1797 5225 1849 5268 ct
1892 5219 2044 5283 quin-
2156 5218 2251 5267 huc
2290 5216 2446 5283 igitur
2470 5214 2813 5269 damnatione
2840 5226 2894 5269 et
2924 5225 3094 5269 morte
3126 5216 3302 5269 nullus
3341 5218 3563 5271 omnino
3589 5218 3701 5270 Iibe-

482 5304 729 5367 quaginla
759 5304 842 5368 qui
876 5299 1259 5353 dntuttarcrunt
1286 5301 1478 5369 impius
1509 5302 2038 5372 [tneutnatomachos,
2150 5319 2315 5371 ratur,
2350 5307 2449 5359 nisi
2474 5306 2639 5373 gratia
2666 5307 3069 5374 Redemptoris:
3101 5306 3331 5375 quicum
3363 5319 3509 5363 esset
3538 5307 3698 5394 Domi-

1122 3471 1348 3527 CAPUT
1382 3474 1442 3526 V.

579 3563 717 3615 υταδ
746 3563 909 3628 {actus
935 3574 1005 3616 est
1031 3566 1200 3625 Itonia,
1235 3581 1333 3617 non
1365 3566 1513 3618 homo
1542 3567 1705 3635 factus
1734 3580 1803 3622 est
1834 3566 1995 3623 Deus.

574 3677 871 3730 Secundum
916 3680 1048 3730 hanc
1078 3693 1207 3743 ergo
1235 3678 1506 3746 propheta:
1552 3684 1888 3747 sententiam,
1926 3683 2065 3738 Deus

506 3766 671 3817 facrus
703 3777 784 3819 est
826 3766 1087 3831 Christus,
1125 3784 1229 3820 non
1279 3778 1454 3819 autem
1486 3767 1728 3822 Christus
1779 3772 1945 3828 lactus
1984 3785 2079 3837 cst,

504 3856 667 3918 Deus,
697 3854 1038 3908 sicutdicnnt
1062 3858 1322 3919 haeretici,
1357 3858 1446 3925 qui
1481 3873 1573 3923 per
1602 3869 1928 3927 provectum;
1954 3878 2060 3917 nun
2108 3874 2111 3877 ‘

504 3962 597 4013 per
620 3955 861 3998 naturam
897 3947 1165 3999 Christum
1200 3947 1363 4000 Deum
1391 3948 1587 4001 audent
1617 3964 1858 4004 asserere
1874 3968 1895 4002 .:
1921 3952 2063 4007 Deus

498 4038 640 4089 enim
671 4046 859 4089 unctus
905 4047 1005 4098 est,
1046 4037 1167 4105 quia
1219 4038 1331 4104 ipse
1381 4037 1551 4090 factus
1596 4049 1677 4091 est
1729 4039 1905 4103 homo,
1955 4057 2058 4095 non

498 4126 637 4177 enim
659 4126 706 4177 al
735 4140 793 4177 er
818 4140 889 4176 ρει
922 4126 1081 4185 Deus,
1096 4127 1230 4177 alter
1256 4118 1431 4185 homo.
1457 4128 1551 4179 sed
1575 4128 1711 4181 idem
1739 4130 1895 4191 Deus,
1918 4130 2055 4184 idem

2150 5462 2236 5514 sed
2270 5464 2377 5529 ejus
2415 5463 2621 5514 omnino
2659 5462 2885 5516 thronus.
2910 5502 2921 5515 .
2943 5504 2957 5513 .
2979 5499 2991 5517 .
3027 5463 3093 5515 sit
3128 5464 3178 5515 in
3218 5466 3458 5517 secutum
3502 5460 3691 5515 sectili:

2150 5533 2289 5596 t‘irgu
2316 5533 2586 5599 tenuitatis,
2616 5541 2722 5585 etc.

2220 5600 2245 5637 δ
2276 5601 2382 5664 AL,
2407 5604 2453 5652 in
2482 5600 2650 5654 Patre.

556 5465 579 5491 α
620 5458 811 5509 Locum
871 5459 1008 5509 hunc
1059 5458 1108 5507 in
1150 5459 1359 5517 excusis
1414 5457 1654 5508 mutilum
1717 5460 2043 5515 re~titttitnus

484 5540 583 5589 ope
606 5543 702 5576 tus.
724 5529 995 5579 Pttl'l'tl'tltlt
1017 5528 1082 5579 ab
1106 5528 1185 5578 his
1219 5530 1390 5578 verbis
1413 5532 1462 5577 in
1490 5529 1731 5578 srecnlnm
1759 5531 1930 5579 seculi
1956 5547 2041 5581 tis-

488 5610 588 5664 que
615 5595 678 5647 ad
710 5598 819 5650 haec
851 5600 980 5648 Deus
1008 5600 1057 5649 in
1086 5596 1344 5657 sicanium.
1381 5600 1433 5649 ln
1478 5598 1634 5649 liasii.
1681 5613 1803 5649 vero
1851 5600 2042 5662 legitur
