3842 6226
62 319 116 372 so
897 312 1090 368 tinnit
1126 312 1215 367 nr.
1254 308 1752 366 INCARNATIONE
1790 308 1876 362 ET
1913 262 2210 374 etiam,
2251 280 2402 363 me".

3208 317 3276 374 90

64 450 164 495 nus,
191 442 367 499 utpote
398 432 574 495 Deus,
609 441 667 485 ut
707 446 802 485 nos
827 450 855 483 ει
881 431 1131 485 servitute
1163 442 1412 499 perpetua
1443 436 1499 482 et
1527 443 1618 495 po-
1645 434 1693 489 Α
1724 425 1840 489 Dei,
1868 441 1933 480 ex
1962 443 2065 480 una
2097 442 2273 480 massa
2304 410 2616 494 perditionis
2656 426 2793 479 alios
2834 424 3030 477 salvari
3059 424 3288 479 dicimus

65 535 231 580 testate
271 524 482 577 diaboli
535 523 794 577 liberaret
826 515 983 590 atque
1008 523 1071 575 ad
1104 537 1281 575 veram
1314 521 1616 575 libertatem

62 610 335 673 reduceret,
381 613 566 666 factus
586 623 669 667 est
703 626 906 674 servus,
936 613 1204 679 accipiens
1228 610 1453 665 formam
1477 610 1619 664 servi

63 708 254 777 (Philip.
291 721 350 769 ιι,
373 707 458 773 7).
490 689 631 760 Hinc
654 716 736 760 est
762 706 900 770 quod
929 706 1057 759 dicit
1085 705 1150 759 ad
1192 702 1446 759 iudieiis:
1477 702 1632 767 Tunc,

62 799 492 866 t-ereliberieritis,
510 800 555 853 si
576 815 661 853 vos
680 796 855 861 Filius
873 798 1149 851 liberaverit
1172 796 1350 866 (Joan.
1371 809 1481 855 vm,
1497 792 1617 861 56).
1652 842 1657 851 .

64 890 300 967 Putabant
326 890 485 943 enim
519 904 580 944 se
606 904 731 943 vere
757 888 979 951 liberos,
1002 890 1092 957 qui
1120 888 1368 951 humanis
1390 899 1619 953 occupa-

64 981 268 1032 tionibus
301 979 617 1033 intentione
667 981 955 1033 vanissima
1002 979 1330 1032 serviebant.
1381 976 1448 1030 Ut
1492 990 1619 1045 ergo

64 1070 170 1121 falsa
196 1071 423 1123 libertas
456 1064 611 1125 fieret
639 1079 667 1114 ι
686 1062 821 1124 vera
849 1069 1085 1133 libertas,
1110 1070 1161 1122 id
1194 1078 1277 1122 est
1298 1078 1356 1122 ut
1392 1068 1618 1120 humana

64 1160 257 1213 libertas
287 1160 455 1215 ﬁeret
484 1161 785 1215 Christiana
813 1161 1052 1224 libertas,
1079 1160 1264 1215 eadem
1296 1160 1517 1213 libertas
1548 1157 1618 1210 li-

60 1253 283 1307 beratore
312 1252 575 1323 indigttit,
628 1269 731 1323 qua
777 1264 956 1321 posset
1006 1268 1099 1321 per
1136 1252 1256 1320 ejus
1297 1250 1521 1319 gratiam
1552 1248 1629 1301 ab.

60 1342 489 1410 occupationibus
516 1343 761 1397 humanis
787 1357 996 1409 aversa,
1036 1358 1099 1397 ea
1134 1344 1369 1408 cogitare
1402 1349 1457 1393 et
1477 1338 1620 1393 desi-

60 1436 246 1501 derare,
278 1452 404 1503 quae
442 1437 713 1504 pertinent
741 1438 807 1489 ad
849 1437 1009 1489 vitam
1041 1445 1338 1488 aeternam:
1361 1432 1488 1487 Sine
1518 1431 1619 1485 hac

62 1527 200 1594 igitur
239 1526 422 1595 gratia
475 1534 651 1595 potest
690 1522 907 1596 quidem
944 1526 1182 1594 cogitare
1219 1535 1274 1578 et
1313 1510 1620 1578 desiderare

62 1616 290 1681 humana,
332 1632 450 1672 non
497 1630 676 1672 autem
708 1628 883 1685 pOIest
919 1618 1182 1686 cogitare,
1221 1629 1311 1670 aut
1337 1615 1494 1678 velte,
1523 1628 1619 1669 seu

62 1707 351 1782 desiderare
372 1709 583 1777 divina,
606 1698 839 1779 quorum,
850 1710 1076 1777 primum
1105 1717 1189 1765 est
1214 1716 1271 1762 et
1297 1702 1618 1774 pra‘cipuum

1723 514 1958 570 bonitate
1986 525 2041 571 et
2079 517 2248 584 gratia
2280 516 2397 581 Dei,
2429 516 2565 570 alios
2595 516 2739 585 justo
2766 524 2818 569 et
2848 511 3060 569 occulto
3086 515 3289 582 judit-io

1722 602 2040 673 derelinqui.
2084 606 2334 673 Alioquin
2382 606 2583 670 dicant,
2624 606 2666 658 si
2713 613 2953 680 possunt,
2983 603 3037 657 hi
3066 606 3153 673 qui
3190 605 3290 657 hoc

1721 694 1914 751 divina:
1934 699 2152 773 justitiie
2173 709 2228 752 et
2251 699 2473 751 bonitati
2496 700 2821 751 contrarium
2861 696 3162 757 aestimant;
3193 710 3291 748 cur

1722 786 1768 840 is
1790 789 1876 855 qui
1906 804 2093 843 omnes
2119 786 2365 842 homines
2387 788 2498 840 vult
2526 788 2704 849 salvos
2736 786 2849 857 fieri
2878 798 2930 841 et
2958 787 3024 839 ad
3058 785 3287 855 agnitio-

1722 889 1843 928 nem
1887 879 2126 931 veritatis
2167 882 2371 943 venire,
2419 887 2528 929 tam
2563 876 3029 951 multasvvirtutes
3071 877 3197 931 fecit
3232 876 3287 930 in

1660 987 1669 992 ·
1721 964 1997 1022 Corozaim
2024 981 2078 1024 et
2108 971 2411 1037 Bethsaida,
2443 970 2719 1040 etnullam
2760 969 2947 1055 harum
2981 970 3030 1023 iu
3054 971 3198 1040 Tyro
3233 979 3289 1025 et

1723 1057 1921 1114 Sidone
1947 1060 2122 1116 facere
2151 1064 2342 1128 voluit,
2372 1054 2459 1117 ubi
2488 1064 2530 1116 si
2562 1062 2715 1115 facta:
2738 1046 2982 1124 fuissent,
3005 1062 3139 1115 sicut
3171 1060 3289 1126 ipse

1722 1155 1967 1212 testatur,
1999 1150 2211 1219 forsitan
2237 1154 2288 1206 in
2315 1154 2481 1205 cinere
2509 1161 2555 1204 et
2586 1150 2754 1204 cilicio
2790 1150 3132 1219 pmnitentiam
3156 1138 3287 1218 egis-

1719 1246 1827 1290 sent
1852 1238 2065 1309 (Matth.
2096 1226 2189 1307 ἰιι
2212 1241 2341 1308 21)?
2390 1243 2496 1295 Aut
2538 1255 2634 1294 cur
2680 1239 2734 1293 in
2777 1239 2904 1293 Asia
2943 1246 2997 1292 et
3040 1236 3287 1307 Bithynia

1720 1332 2032 1398 Apostolnm
2078 1333 2243 1391 vetuit
2291 1330 2511 1386 v'erbum
2562 1331 2752 1386 salutis
2791 1330 3111 1384 annuntiare
3149 1328 3284 1399 (Ἀρι.

1718 1430 1828 1483 xu,
1858 1419 1913 1479 6.
1947 1418 2035 1488 7)?
2066 1424 2217 1485 Quod
2242 1423 2286 1474 si
2328 1421 2425 1475 ista
2460 1431 2733 1488 nequeunt
2760 1420 3166 1488 comprehendi,
3197 1433 3286 1472 re-

1720 1507 1881 1563 deant
1910 1512 1975 1562 ad
2008 1525 2088 1574 se,
2134 1523 2188 1566 et
2239 1512 2570 1565 invenientes
2618 1512 2991 1577 sevhomines,
3039 1511 3286 1565 desinant

1721 1612 1965 1665 quaerere
1985 1616 2081 1654 cur
2109 1601 2241 1655 alios
2271 1601 2440 1653 salvet
2469 1600 2699 1668 gratuito
2715 1594 2877 1659 dono,
2900 1599 3287 1652 alios'derelin-

1722 1698 1850 1752 quat
1874 1688 2019 1757 justo
2044 1700 2097 1743 et
2129 1680 2341 1745 occulto
2365 1688 2586 1757 judicio,
2628 1688 2718 1756 qui
2768 1696 3080 1753 potestatem
3129 1688 3287 1741 habet

62 1775 470 1866 ιαοδδιηεηίυω,
488 1812 543 1855 ει
565 1775 780 1869 έτὲρίάο
800 1775 1209 1870 qdodammodo’
1241 1798 1352 1852 sive
1377 1796 1613 1852 omnium
1646 1779 1693 1839 Β
1719 1790 1782 1827 ea:
1804 1779 1979 1829 cadent
2015 1791 2182 1832 massa
2215 1778 2362 1831 aliud
2390 1792 2477 1829 vas
2500 1780 2664 1845 facere
2692 1778 2747 1829 in
2776 1777 3037 1838 honorem,
3059 1776 3205 1828 aliud
3232 1775 3286 1827 in

64 1888 519 1969 bonorumkorigo,
550 1890 773 1946 credere
803 1890 861 1945 in
888 1888 1167 1944 Dominum
1203 1890 1380 1959 gloria:
1409 1886 1616 1954 cruciﬁ-

66 1993 167 2030 ῖκυι
192 1978 239 2047 (1
261 1978 394 2034 Cor.
429 1997 488 2047 tt,
522 1980 596 2050 8).
624 1980 773 2048 Quo'd
804 1981 985 2049 utique
1018 1994 1120 2034 non
1150 1989 1316 2035 estex
1360 1977 1616 2031 naturalis
1642 2026 1645 2027 ,

66 2071 249 2126 arbitrii
278 2073 560 2129 libertate.
603 2074 734 2139 Quia
776 2090 877 2127 non
926 2074 1022 2127 hoc
1046 2089 1167 2126 caro
1192 2083 1241 2126 et
1273 2070 1496 2140 sanguis,
1526 2071 1616 2122 sed

70 2171 192 2227 pater
217 2163 438 2217 scelestis
457 2165 648 2217 revelat
674 2163 887 2230 (Matth.
910 2179 1021 2230 xvr,
1049 2164 1161 2229 Π),
1182 2163 1269 2215 cui
1288 2161 1617 2225 vetuerit,ad

69 2265 225 2304 veram
246 2267 373 2307 eum
400 2256 680 2309 attrahens
701 2254 1024 2318 libertatem,
1043 2268 1146 2307 non
1177 2252 1409 2306 violenta
1433 2266 1620 2305 neces-

72 2344 229 2407 sitate.
259 2344 354 2399 sed
386 2333 720 2401 inlundéndo
743 2347 1056 2400 suavitatem
1090 2343 1461 2414 per-Spiritum
1489 2356 1617 2395 san-

72 2444 215 2499 ctum,
243 2447 299 2490 ut
329 2452 458 2492 mox
501 2437 784 2494 credentes
826 2438 1069 2492 dicamus
1103 2434 1225 2505 quia
1274 2434 1520 2501 Dominus
1545 2442 1622 2486 est

77 2520 207 2577 lesus
233 2524 283 2592 (l
308 2524 435 2580 Cor.
467 2543 565 2590 xu,
591 2526 669 2597 5),
694 2527 833 2595 quod
864 2541 1022 2582 nemo
1044 2541 1137 2593 per
1165 2525 1457 2579 naturalem
1478 2523 1623 2577 arbi-

77 2613 147 2665 trii
170 2614 469 2671 libertatem
501 2626 677 2684 potest
703 2618 902 2683 dicere,
950 2616 1051 2670 nisi
1078 2617 1141 2684 in
1178 2615 1381 2683 Spiritu
1411 2623 1619 2668 sancto.

80 2703 272 2759 Frustra
313 2723 445 2776 ergo
476 2710 731 2781 Irarriunt
765 2709 852 2776 qui
899 2709 1122 2762 dicunt:
1152 2690 1323 2761 Meum
1364 2715 1448 2760 est
1483 2706 1623 2760 velle

81 2797 295 2862 credere,
326 2798 426 2852 Dei
454 2784 633 2854 autem
662 2800 846 2867 gratiae
875 2807 959 2853 est
987 2798 1273 2865 adjuvare;
1304 2811 1423 2850 cum
1459 2796 1623 2849 etiam

83 2884 230 2948 ipsum
254 2890 480 2954 credere,
512 2888 655 2957 quod
684 2897 764 2943 est
785 2902 1103 2943 consensum
1134 2867 1622 2955 praebere’veritati,

88 2976 215 3030 nobis
242 2993 269 3030 a
301 2980 411 3035 Deo
448 2980 566 3034 dari
610 2990 835 3035 testetur
880 2979 1169 3049 Apostolus
1208 2979 1432 3032 dicens:
1471 2976 1625 3030 Vobis

92 3068 201 3120 enim
224 3074 397 3126 datum
418 3082 490 3126 est
519 3090 551 3124 α
578 3071 796 3138 Christo,
825 3089 927 3125 non
951 3071 1119 3127 solum
1148 3080 1202 3125 ut
1223 3072 1276 3124 in
1306 3087 1417 3123 eum
1446 3072 1620 3124 creda-

96 3155 165 3221 tis,
188 3173 348 3213 mum
382 3164 538 3217 etiam
564 3174 619 3215 ut
645 3178 738 3229 pro
761 3131 855 3215 illo
890 3161 1159 3231 patiamini
1192 3159 1413 3231 (Philip.
1442 3175 1481 3225 ι,
1503 3158 1620 3228 29).
1650 3131 1695 3192 C

654 3292 879 3347 CAPUT
909 3290 1018 3345 VII.

101 3375 210 3433 Deus
225 3382 345 3436 alios
368 3384 484 3452 facit
514 3384 715 3436 credere
740 3398 834 3435 sua
852 3383 1093 3443 bonitate,
1124 3380 1253 3433 alios
1280 3379 1465 3435 deserit
1478 3381 1625 3451 justo

548 3453 773 3523 judibio,
801 3452 890 3505 sed
919 3452 1137 3506 occulto.

155 3558 244 3614 Sed
263 3561 461 3639 dicunt,
475 3564 521 3619 si
539 3563 781 3618 nolentes
798 3562 941 3617 Deus
962 3562 1085 3616 facit
1110 3571 1166 3614 ut
1193 3557 1357 3615 velint
1377 3559 1625 3625 credere,

102 3650 245 3705 nullus
270 3666 440 3710 autem
472 3667 556 3710 est
589 3656 678 3721 qui
710 3655 1022 3709 naturaliter
1055 3654 1135 3722 (ut
1163 3652 1360 3718 dicitis)
1392 3651 1419 3687 δ
1456 3650 1628 3718 possit

106 3740 310 3807 credere,
342 3754 431 3799 aut
460 3744 660 3815 aliquid
689 3740 814 3798 beni
847 3743 989 3797 velle
1014 3741 1158 3812 quod
1195 3743 1423 3810 pertinet
1449 3740 1631 3794 ad'vi-

107 3838 191 3883 lim
215 3844 491 3903 :cternam;
523 3852 619 3892 cur
642 3851 768 3906 ergo
801 3852 903 3890 non
935 3836 1063 3890 facit
1082 3850 1269 3890 omnes
1304 3832 1480 3888 velle?
1506 3847 1626 3885 cum

107 3932 190 3973 non
210 3922 271 3975 sit
296 3939 641 3993 personarum
668 3928 909 3993 acceptio
936 3925 1076 3993 apud
1108 3923 1296 3988 Deum,
1329 3920 1626 3991 presertim

109 4026 204 4065 cum
229 4015 289 4070 de
316 4017 430 4086 ipso
456 4019 715 4084 scriptum
748 4019 857 4073 sit:
891 4018 991 4082 Qui
1043 4020 1147 4070 uult
1191 4030 1362 4068 omnes
1405 4004 1627 4066 homines

108 4102 240 4153 coleos
267 4106 390 4174 ﬁeri,
431 4118 477 4160 et
506 4108 574 4159 ad
603 4108 914 4176 agnitionem
945 4105 1165 4158 veritatis
1208 4103 1375 4155 venire
1407 4100 1459 4172 (Ι
1485 4100 1623 4167 Tim.

111 4191 245 4259 Ini).
275 4197 370 4251 Aut
412 4198 553 4251 enim
594 4199 726 4264 vult,
770 4207 825 4251 et
873 4211 976 4251 non
1009 4192 1205 4265 potest,
1238 4204 1330 4247 aut
1372 4194 1627 4248 mentitur

110 4275 340 4350 Scriptum
384 4289 584 4342 divina.
615 4288 765 4355 Quod
809 4289 853 4341 si
893 4287 1081 4341 horum
1122 4286 1402 4357 quodlibet
1425 4286 1627 4339 sentire

110 4379 174 4423 est
210 4375 429 4445 impium,
478 4389 644 4434 restat
694 4390 748 4433 ut
802 4396 904 4433 non
936 4380 1027 4433 ille
1066 4381 1260 4433 excitet
1292 4378 1623 4430 voluntatem

1721 1867 2077 1919 contumeliam
2119 1866 2293 1936 (Rom.
2326 1882 2402 1931 ix,
2436 1866 2567 1935 21):
2603 1874 2658 1920 et
2694 1866 2925 1920 clament
2960 1880 3068 1919 una
3107 1864 3286 1917 nobis-

1718 1966 1876 2018 cum,
1927 1957 2035 2011 imo
2071 1957 2221 2025 juxta
2260 1956 2610 2025 Apostolum:
2643 1955 2687 2007 0
2726 1954 2947 2008 altitudo
3001 1954 3289 2005 diuitiarum

1721 2042 1982 2109 sapientiae
1998 2055 2043 2097 et
2069 2044 2293 2098 scientia
2314 2042 2448 2097 Dei!
2479 2043 2645 2108 Quam
2694 2028 3043 2095 inseratabilia
3069 2050 3186 2093 sunt
3198 2043 3289 2109 ju-

1718 2129 1852 2183 dicia
1880 2135 2011 2201 ejus,
2029 2140 2074 2185 et
2096 2131 2461 2201 investigabiles
2492 2132 2584 2183 vite
2608 2130 2751 2199 ejus!
2782 2128 2907 2192 Quis
2931 2122 3065 2183 enim
3096 2143 3285 2198 cogno-

1719 2222 1788 2272 uit
1816 2239 2020 2275 sensum
2064 2221 2271 2275 Domini
2290 2224 2322 2275 ἰν
2341 2230 2427 2274 aut
2452 2220 2535 2288 qui
2556 2219 2880 2272 consiliarius
2909 2220 3018 2287 ejus
3042 2217 3175 2284 fuit?
3200 2224 3295 2268 aut

1720 2312 1832 2380 quis
1861 2314 2002 2381 prior
2030 2310 2167 2365 dedit
2190 2310 2288 2373 illi,
2314 2320 2360 2363 et
2382 2308 2682 2361 retribuatur
2698 2307 2782 2360 ei?
2801 2309 3041 2374 quoniam
3071 2320 3133 2358 ea:
3153 2306 3286 2373 ipso,

1729 2408 1777 2453 et
1804 2416 1894 2467 per
1918 2400 2103 2469 ipsum,
2133 2410 2181 2453 et
2208 2399 2260 2452 in
2290 2401 2401 2466 ipso
2431 2398 2557 2450 sunt'
2572 2397 2765 2450 omnia.
2796 2394 2908 2466 Ipsi
2928 2395 3095 2467 gloria
3122 2396 3175 2447 in
3195 2410 3289 2448 ste-

1722 2490 1840 2540 cula
1866 2488 2188 2541 saeculorum.
2255 2488 2413 2540 Amen
2442 2486 2618 2554 (Rom.
2661 2500 2717 2548 ι,
2758 2470 2969 2553 33-36).
3011 2483 3290 2537 Manifeste

1722 2593 1851 2647 ergo
1878 2596 1979 2632 non
1998 2578 2160 2645 nobis,
2193 2580 2281 2632 sed
2308 2578 2549 2648 Apostalo
2573 2576 2797 2631 omnino
2838 2575 3056 2641 resistit,
3089 2574 3178 2642 qui
3210 2573 3291 2626 di-

1722 2672 1797 2724 cit
1823 2687 1835 2720 :
1864 2668 1976 2723 Nisi
2004 2683 2109 2737 ego
2137 2669 2285 2738 prius
2311 2669 2552 2732 voluero,
2575 2667 2743 2735 gratia
2770 2665 2835 2718 ad
2872 2679 2957 2719 me
2987 2678 3091 2716 non
3124 2663 3286 2716 venit.

1724 2763 1879 2829 Quod
1908 2762 2127 2817 omnino
2156 2761 2288 2815 nihil
2316 2760 2457 2814 aliud
2491 2758 2797 2820 estdicere,
2829 2744 2946 2833 nisi
2989 2754 3135 2823 prius
3162 2753 3292 2807 dare

1726 2852 1859 2919 Deo,
1882 2864 1938 2907 ut
1960 2836 2279 2907 retribuatur
2308 2849 2404 2902 illi.

2318 2979 2540 3034 CAPUT
2569 2977 2701 3061 vui.

1970 3070 2146 3125 Omnis
2175 3081 2337 3124 motus
2367 3069 2508 3121 bona;
2530 3065 2799 3120 voluntatis
2830 3079 2891 3117 ex
2919 3062 3049 3116 Deo.

1801 3178 1909 3235 Sed
1939 3194 2040 3236 nos
2062 3190 2349 3249 sequentes
2374 3178 2621 3251 eumdem
2650 3176 2948 3245 apostolum
2973 3189 3186 3228 omnem
3208 3174 3293 3228 bo-

1728 3284 1915 3323 narum
1965 3271 2349 3338 cogitationum
2379 3269 2663 3343 originem.
2709 3277 2743 3329 οη
2770 3264 3295 3333 consensionemque

1728 3374 1935 3430 earum,
1966 3368 2022 3415 et
2045 3360 2369 3413 voluntatem
2388 3373 2455 3414 ex
2482 3359 2596 3411 Deo
2627 3364 2681 3411 et
2710 3370 2804 3425 per
2825 3356 2991 3408 Deum
3023 3364 3076 3408 et
3106 3355 3159 3408 in
3188 3354 3298 3407 Deo

1726 3448 1980 3516 dicimus,
2008 3449 2099 3519 qui
2125 3462 2312 3517 pravas
2345 3446 2617 3501 hominum
2644 3443 2950 3499 voluntates
2980 3452 3034 3497 et
3066 3443 3296 3497 terrenis

1729 3526 1945 3595 actibus
1966 3541 2286 3610 implicatas,
2320 3554 2414 3607 per
2458 3538 2780 3591 inlusionem
2823 3543 2877 3588 et
2902 3530 2929 3570 ά
2962 3531 3292 3600 inoperatio-

1732 3647 1854 3687 nem
1886 3631 2213 3684 intrinsecus
2242 3629 2409 3681 sancti
2441 3626 2672 3694 Spiritus
2710 3621 2943 3677 absolvit
2971 3632 3025 3676 et
3056 3620 3296 3689 corrigit,

1730 3724 1881 3778 sicut.
1919 3722 2175 3789 scriptum
2222 3730 2339 3773 est:
2376 3716 2708 3786 Prwparatur
2734 3714 2967 3767 voluntas
3008 3722 3039 3763 a
3079 3710 3298 3764 Domino

1733 3817 1915 3888 (Prov.
1941 3830 2059 3875 ιιιιι,
2090 3815 2178 3871 55.
2208 3829 2308 3865 sec.
2344 3809 2535 3878 LXX).
2568 3808 2702 3861 Hinc
2724 3807 2880 3861 etiam
2925 3805 3111 3857 beatus
3141 3804 3289 3857 Basi-

1732 3908 1833 3961 lius
1852 3906 2198 3960 Caisarieusis
2225 3904 2528 3970 episcopus,
2560 3900 2613 3952 in
2644 3899 2883 3952 oratione
2925 3896 3061 3949 sacri
3091 3894 3298 3960 altaris,

1735 4014 1893 4067 quam
1944 4013 2080 4068 pene
2122 3996 2402 4050 universus
2450 3992 2753 4059 frequentat
2781 3976 2992 4049 Oriens,
3024 3988 3163 4040 inter
3190 4000 3297 4045 ca:-

1733 4098 1879 4144 tera:
1919 4109 1937 4140 ί
1975 4089 2142 4150 Dona,
2173 4086 2359 4153 inquit.
2387 4082 2631 4144 Domine,
2656 4082 2907 4132 virtutem
2936 4091 2996 4130 ac
3028 4084 3298 4130 tutamen-

1730 4193 1838 4238 tum
1866 4196 1879 4231 :
1914 4180 2080 4233 malos
2107 4190 2413 4248 quaesumus
2443 4175 2613 4227 bonos
2650 4170 2834 4234 facito,
2867 4170 3035 4222 honos
3064 4168 3117 4220 iu
3146 4167 3299 4228 boni-

1731 4280 1840 4325 tate
1866 4278 2158 4324 conserva:
2190 4262 2370 4319 omnia
2399 4262 2543 4316 enim
2598 4271 2771 4327 potes,
2820 4267 2875 4310 et
2926 4272 3031 4309 non
3064 4267 3157 4339 [est
3211 4253 3299 4323 qui

1729 4360 2058 4416 contradicat
2089 4357 2181 4411 tibi
2200 4354 2226 4410 ’ς
2257 4368 2378 4408 cum
2409 4352 2549 4405 enim
2581 4349 2811 4403 volueris
2834 4345 3027 4413 salvas,
3052 4349 3107 4397 et
3126 4343 3300 4396 nullus

115 4438 375 4531 humanam,
404 4438 497 4523 sed
522 4484 641 4523 eam
670 4478 944 4538 exspectet
971 4470 1037 4521 ab
1066 4469 1303 4530 homine,
1332 4475 1389 4520 ut
1418 4481 1626 4534 :equum
1658 4476 1706 4533 ι)
1734 4451 1934 4507 resistit
1955 4448 2214 4503 voluntati
2246 4456 2370 4499 tuae.
2412 4463 2430 4495 ι
2469 4443 2606 4495 Ecce
2636 4454 2791 4509 quam
2832 4438 3084 4501 breviter,
3115 4450 3303 4537 quarm-

114 4546 167 4600 sit
192 4552 233 4605 in
260 4559 546 4613 volentibus
577 4562 872 4628 pra-mium,
891 4559 940 4611 in
959 4559 1262 4611 uolentibus
1288 4566 1464 4611 autem
1486 4557 1629 4624 justa

113 4640 353 4697 diiunctio.
406 4647 526 4701 lltec
583 4648 629 4699 si
682 4650 748 4701 ita
791 4657 934 4709 sunt,
971 4655 1029 4698 ut
1068 4644 1307 4699 hmretici
1357 4643 1624 4711 ja'ctitant,

116 4735 423 4795 ‘Ompt’ehensa
461 4746 580 4788 sunt
621 4738 689 4789 ab
732 4737 860 4802 ipsis
903 4736 1288 4798 inscrutabilia,
1341 4741 1397 4788 et
1424 4737 1626 4787 incom-

114 4817 441 4878 PTEhensibilia
474 4826 572 4878 Dei
596 4825 818 4893 judicia.
871 4827 925 4881 Si
974 4827 1136 4888 enim,
1165 4833 1244 4878 ,ιιι
1281 4824 1379 4891 ipsi
1421 4823 1625 4885 volunt,

117 4908 309 4966 nolentes
347 4915 601 4976 damnat,
631 4916 800 4968 salvat
844 4924 1020 4968 autem
1052 4914 1327 4975 volentes;
1379 4911 1505 4964 nihil
1547 4919 1630 4963 est

114 5002 286 5056 Omnino
322 5012 462 5074 quod
509 5006 781 5073 quaeratur
827 5007 1072 5059 ulterius.
1123 5005 1209 5067 Et,
1259 5012 1515 5071 quantum
1563 5002 1629 5054 ad

118 5082 239 5153 ipsos,
267 5092 391 5147 fallit
427 5096 699 5163 Scriptura
730 5095 933 5161 divina,
959 5110 1076 5162 qua:
1105 5090 1633 5162 incomprehensibilia

118 5169 412 5238 Dci‘testatur
429 5186 631 5254 judicia
654 5183 828 5251 (Rom.
857 5201 927 5246 xi,
948 5183 1063 5251 55).
1096 5183 1204 5235 Nos
1233 5191 1409 5256 autem
1435 5182 1632 5237 iucmuo

119 5264 443 5329 Pfehcnsibilia
496 5274 777 5330 credentes
833 5283 886 5327 et
937 5274 1375 5327 demonstrantes
1434 5272 1629 5330 iudicia

142 5430 188 5495 η·
215 5426 424 5483 Aberant
451 5431 517 5485 ab
536 5431 693 5485 editis
720 5447 836 5483 vera
863 5430 1095 5491 libertas;
1120 5428 1172 5478 id
1198 5436 1290 5487 est,
1320 5436 1377 5477 ut
1400 5426 1623 5480 humana

124 5487 273 5548 libertas
297 5499 465 5564 ﬁeret;
492 5511 545 5552 at
572 5502 851 5555 substituto
882 5508 1003 5551 sunt
1024 5487 1138 5551 haec
1162 5513 1224 5550 ex
1258 5512 1359 5552 ins.

173 5563 351 5636 “‘Editi,
378 5580 533 5636 potest
563 5570 762 5622 credere
789 5571 840 5622 in
870 5566 1009 5636 Filio
1039 5568 1152 5636 Dei.
1194 5570 1266 5621 Αι
1306 5582 1432 5630 ms.,
1465 5563 1623 5631 possit

127 5632 272 5687 credere
291 5632 385 5692 aut
402 5638 545 5706 velle,
572 5640 829 5705 abestque
852 5641 903 5693 in
933 5635 1072 5693 Filio
1102 5634 1221 5690 Dei.

1731 4558 1834 4612 que
1858 4540 2100 4594 districte
2127 4538 2315 4591 doctor
2343 4534 2591 4602 egregius
2615 4532 2741 4585 olim
2775 4530 2897 4583 huic
2918 4525 3301 4595 controversia:

1732 4634 1888 4687 finem
1922 4631 2335 4697 posuit,docens
2364 4640 2455 4695 per
2478 4625 2613 4676 hanc
2640 4636 2873 4688 precem,
2899 4636 3003 4672 nou
3022 4633 3051 4671 a
3068 4633 3127 4671 se
3151 4616 3298 4685 ipsis,

1737 4723 1832 4778 sed
1864 4738 1890 4774 a
1924 4721 2032 4773 Deo
2063 4719 2229 4772 malos
2255 4716 2498 4770 homines
2536 4714 2704 4766 bonos
2746 4710 2879 4771 lieri,
2928 4724 3027 4762 nec
3071 4721 3166 4787 sps
3198 4706 3300 4759 vir-

1737 4823 1871 4877 tute,
1901 4811 1994 4865 sed
2024 4810 2216 4865 divinae
2250 4807 2434 4877 gratia:
2466 4803 2754 4872 adjutorio,
2777 4801 2852 4867 (in
2904 4800 3015 4867 ipsa
3064 4799 3302 4853 bonitate

1740 4895 2099 4972 perseverare.
2129 4898 2385 4953 Similiter
2416 4895 2599 4948 beatus
2628 4890 2967 4955 Innocentius
2996 4887 3303 4949 apostolicae

1734 4995 1876 5049 sedis
1923 4991 2164 5055 antistes,
2208 4989 2260 5040 in
2313 4984 2535 5053 epistola
2585 4982 2650 5034 ad
2707 4980 2991 5034 concilium
3048 4978 3311 5051 Milevita-

1736 5100 1860 5137 uum
1892 5093 1915 5119 ο
1943 5100 1954 5133 :
1994 5100 2011 5131 ‹
2049 5079 2257 5138 Omnia,
2293 5076 2481 5143 inquit,
2528 5071 2702 5127 studia
2735 5078 2805 5148 (et
2841 5070 3019 5136 omnia
3050 5085 3210 5135 opera
3243 5083 3305 5123 ac

1739 5173 1924 5227 merita
1953 5178 2258 5239 sanctorum
2314 5165 2379 5216 ad
2413 5164 2504 5217 Dei
2544 5160 2768 5229 gloriam
2819 5160 3137 5226 laudemque
3166 5157 3303 5210 refe.
3352 5222 3358 5229 δ

1740 5263 1902 5317 renda
1927 5269 2051 5314 sunt
2082 5278 2092 5311 :
2126 5257 2250 5326 quia
2278 5270 2436 5310 nemo
2463 5255 2511 5307 ei
2540 5252 2757 5306 aliunde
2784 5252 2977 5321 placet,
3004 5250 3105 5303 nisi
3141 5266 3205 5304 ex
3238 5266 3307 5303 eo

1805 5428 1828 5455 α
1864 5416 2027 5479 Editi,
2060 5428 2330 5481 earumque
2367 5412 2765 5481 confessionem;
2807 5408 2907 5463 sed
2944 5404 3142 5461 rectius
3172 5420 3303 5472 ms.,

1732 5488 2203 5551 consensionemque
2232 5498 2431 5536 earum.

1804 5556 1830 5593 ά
1854 5556 1946 5627 Sic
1961 5570 2087 5617 ms.;
2119 5550 2253 5627 atin
2282 5551 2603 5627 excusis,-et_
2633 5550 2996 5619 operationem.
3022 5575 3041 5587 -

1804 5636 1826 5663 ε
1860 5625 1986 5682 Vide
2008 5626 2064 5679 in
2092 5622 2365 5680 Coelestini
2402 5636 2519 5686 cap.
2548 5622 2601 5675 δέ
