3842 6226
524 313 585 373 ω
1091 299 1290 355 PETRI
1323 298 1591 358 DIACONI
1629 299 1829 355 LIBER
1866 299 1955 356 DE
1990 298 2487 356 INCARNATIONE
2523 298 2610 354 ET
2647 270 2941 368 GRATIA,
2981 296 3133 354 ETC.
3672 299 3732 350 ιη

514 412 653 480 σμιοά
683 413 797 483 ipse
825 413 1121 470 donaverit.
1146 434 1166 466 ι
1188 415 1338 482 Quod
1367 413 1693 482 diligentius,
1715 411 2074 466 nianifestius-
2099 417 2148 473 Α
2177 413 2269 466 ﬁlii
2295 413 2534 468 caritatis
2560 427 2669 466 sua:
2718 410 2855 481 (Col.
2886 428 2924 467 ι.
2955 406 3083 480 13),
3114 418 3168 465 et
3210 425 3274 465 ex
3317 409 3456 462 vasis
3490 409 3584 462 ira
3616 410 3729 461 facit

515 521 617 574 que
662 508 714 559 in
760 507 981 575 epistola
1010 520 1103 559 sua
1136 514 1162 543 σι
1191 505 1255 559 ad
1293 521 1479 574 papam
1519 506 1787 560 Zozimum
1822 545 1838 569 ,
1905 503 2068 572 repli-

515 595 707 659 cando,
761 596 923 660 ipsius
980 610 1125 664 papze
1170 599 1488 649 sententiam
1519 595 1784 664 explicant
1827 594 2070 648 Africana

516 684 741 738 concilia
772 683 1033 738 dicendo:
1070 684 1202 739 Illud
1241 695 1419 740 autem
1465 687 1604 753 quod
1636 685 1688 738 in
1719 684 1910 737 litteris
1940 697 2071 752 quas

513 773 582 827 ad
604 773 878 828 universas
909 773 1214 842 provincias
1257 776 1455 830 curasti
1484 789 1604 828 esse
1631 772 1939 837 mittendas,
1973 786 2071 841 po-

513 863 687 928 suisti,
732 862 953 918 dicens:
991 882 1010 915 ι
1047 863 1150 918 Nos
1192 873 1367 918 tamen
1414 864 1667 918 instinctu
1718 862 1813 916 Dei
1865 863 2072 934 (omnia

511 955 654 1018 enim
679 955 812 1007 bona
835 955 897 1008 ad
931 965 1199 1010 auctorem
1245 973 1395 1010 suum
1427 957 1706 1011 referenda
1753 965 1900 1024 sunt,
1934 958 2074 1012 unde
2107 1023 2117 1032 '

513 1046 822 1114 nascuntur)
858 1046 921 1099 ad
963 1045 1182 1101 fratrum
1214 1055 1268 1101 et
1297 1047 1738 1114 coepiscoporum
1771 1056 2072 1103 nostrorum

516 1135 896 1190 conscientiam
929 1139 1178 1192 universa
1210 1140 1486 1193 retulimus
1513 1157 1525 1191 :
1557 1141 1634 1194 sie
1678 1140 1970 1209 accipimus
1994 1143 2077 1195 di-

516 1239 682 1295 ctum,
710 1241 768 1285 ut
797 1235 912 1285 illos
941 1233 1030 1301 qui
1059 1243 1241 1287 contra
1292 1233 1386 1287 Dei
1446 1233 1765 1300 adjutorium
1811 1235 2076 1288 extollunt

514 1319 716 1373 arbitrii
762 1321 1076 1385 libertatem,
1126 1322 1373 1376 districto
1419 1322 1596 1390 gladio
1641 1322 1880 1377 veritatis
1932 1324 2076 1378 velut

516 1411 711 1463 cursim
743 1410 1008 1464 transiens
1035 1423 1356 1480 amputares.
1397 1413 1531 1479 Quid
1563 1414 1706 1467 enim
1748 1423 1854 1467 tam
1906 1415 2077 1470 libero

516 1498 683 1555 fecisti
727 1500 969 1566 arbitrio,
999 1516 1157 1571 quam
1206 1504 1347 1573 quod
1394 1504 1646 1559 universa
1678 1505 1731 1559 in
1760 1504 2076 1563 humilitatis

515 1600 713 1643 nostra:
737 1591 1114 1646 conscientiam
1147 1593 1406 1648 retulisti?
1435 1604 1487 1648 et
1509 1605 1685 1650 tamen
1709 1598 1959 1653 instinctu
1978 1600 2074 1654 Dei

515 1679 704 1734 factum
740 1680 966 1758 fideliter
987 1683 1363 1754 sapienterque
1392 1686 1585 1752 vidisti,
1619 1689 1883 1744 veraciter
1909 1690 2074 1746 ﬁden-

2175 518 2302 558 vasa
2343 502 2724 558 misericordiae
2758 503 2934 572 (Itoni.
2959 518 3033 567 Ix,
3061 501 3152 566 ἓξ,
3178 501 3289 571 2'5).
3319 499 3472 568 Quod
3496 499 3634 553 adeo
3659 508 3728 550 to-

2173 602 2283 649 tum
2311 592 2476 648 divini
2503 591 2681 660 operis
2703 606 2825 646 esse
2854 592 3099 656 sentitur,
3131 600 3191 645 ut
3213 590 3325 645 haec
3349 587 3605 644 efficienti
3629 587 3730 641 Deo

2171 684 2462 752 gratiarum
2493 695 2709 749 semper
2733 683 2870 734 actio
2897 680 3171 749 laudisque
3200 677 3467 735 confessio
3495 693 3592 747 pro
3615 676 3728 729 illu-

2177 772 2470 826 minatione
2508 771 2713 836 talium,
2745 769 2829 824 vel
2861 771 3195 823 correctione
3216 768 3493 823 referatur.
3533 787 3552 817 ι
3593 765 3725 818 Rur-

2173 877 2265 916 sus
2294 872 2411 932 post
2446 876 2646 929 pauca:
2685 880 2702 911 ¢
2735 870 2767 922 λε
2799 861 2892 914 llis
2923 875 3070 929 ergo,
3121 859 3310 927 inquit,
3355 857 3728 934 ecclesiasticis

2173 953 2365 1022 regulis
2392 961 2444 1005 et
2469 966 2535 1005 ex
2558 951 2737 1004 divina
2770 951 2996 1018 sumptis
3026 951 3342 1004 auctoritate
3375 947 3723 1011 documentis,

2175 1046 2244 1099 ita
2277 1044 2559 1112 adjuvante
2582 1043 2806 1097 Domino
2835 1043 3132 1098 confirmati
3162 1055 3367 1106 sumus,
3400 1053 3455 1094 ut
3491 1040 3724 1094 omnium

2175 1136 2432 1189 bonorum
2459 1133 2740 1188 aﬂ‘ectuutn
2785 1144 2944 1204 atque
2981 1147 3224 1200 operum.
3257 1141 3307 1186 et
3338 1132 3573 1186 omnium
3617 1139 3725 1182 stu-

2175 1226 2379 1280 diorum
2423 1225 2765 1294 omniumque
2809 1224 3084 1285 virtutum,
3116 1223 3307 1291 quibus
3335 1223 3403 1276 ab
3431 1223 3579 1276 initio
3606 1220 3726 1273 ﬁdei

2176 1309 2241 1374 ad
2265 1319 2431 1373 Deum
2465 1317 2716 1381 tenditur,
2751 1317 2916 1370 Deum
2948 1313 3290 1382 proftteamur
3335 1322 3638 1374 auctorem;
3671 1319 3722 1364 et

2174 1426 2277 1464 non
2299 1409 2577 1462 dubitemus
2607 1409 2673 1462 ab
2702 1407 2867 1476 ipsius
2895 1406 3061 1475 gratia
3089 1403 3263 1458 omnis
3295 1403 3517 1457 hominis
3538 1409 3723 1455 merita

2175 1500 2476 1571 prmveniri,
2511 1515 2602 1567 per
2629 1515 2784 1567 quem
2820 1497 2876 1550 fit
2905 1497 3172 1565 utaliquid
3204 1495 3327 1549 boni
3364 1504 3417 1549 et
3439 1495 3566 1548 velle
3593 1494 3722 1546 inri-

2174 1593 2401 1660 piamus,
2429 1599 2483 1644 et
2509 1590 2703 1643 facere.
2730 1588 2845 1654 Quo
2871 1588 3053 1654 utique
3071 1586 3287 1648 auxilio,
3320 1593 3373 1637 et
3401 1599 3611 1637 munere
3632 1583 3720 1637 Dei

2176 1698 2278 1735 non
2305 1682 2537 1751 aufertur
2577 1680 2789 1734 liberum
2817 1678 3104 1742 arbitrium,
3133 1677 3220 1731 sed
3260 1677 3527 1740 liberatur;
3563 1681 3623 1728 ut
3657 1673 3721 1727 de

516 1780 702 1841 terque
725 1774 924 1838 dixisti,
953 1774 1073 1830 ideo
1103 1777 1282 1841 utique
1303 1779 1422 1854 quia
1454 1787 1771 1848 prwparatur
1793 1782 2023 1836 voluntas
2043 1799 2073 1836 a

2180 1771 2464 1826 tenebroso
2512 1768 2768 1834 lucidum,
2800 1767 2865 1821 de
2893 1781 3056 1834 pravo
3099 1777 3324 1830 rectum,
3371 1765 3438 1819 de
3483 1763 3721 1831 languido

518 1862 735 1915 Domino
758 1862 969 1934 (Ibid.),
1002 1874 1055 1919 et
1082 1875 1143 1919 ut
1175 1867 1298 1921 boni
1323 1867 1521 1936 aliquid
1549 1880 1702 1937 agant
1732 1873 1966 1939 paternis
1991 1873 2073 1926 in-

515 1951 893 2019 spirationibus
946 1970 1164 2009 suorum
1212 1956 1324 2023 ipse
1374 1958 1539 2024 tangit
1585 1960 1747 2013 corda
1795 1960 2071 2015 filiorum:

520 2042 772 2108 Quotquot
809 2043 937 2096 enim
979 2045 1160 2114 spiritu
1210 2045 1304 2098 Dei
1332 2053 1591 2115 ,ag‘untur,
1624 2048 1678 2100 hi
1707 2050 1802 2116 ﬁlii
1827 2057 1946 2103 sunt
1978 2051 2073 2104 Dei

513 2134 697 2201 (Rom.
741 2149 853 2198 vttt,
893 2133 1019 2202 54);
1053 2145 1110 2187 ut
1140 2150 1235 2188 nec
1266 2146 1506 2190 nostrum
1536 2136 1730 2192 deesse
1779 2139 2074 2195 sentiamus

515 2225 812 2292 arbitrium,
844 2235 898 2279 et
927 2226 976 2278 in
1003 2225 1152 2280 bonis
1190 2228 1490 2296 quibusque
1518 2230 1804 2284 voluntatis
1828 2231 2072 2287 humanae

516 2314 738 2382 singulis
783 2314 1038 2378 motibus,
1070 2315 1240 2384 magis
1285 2316 1426 2371 illius
1463 2321 1760 2385 praevenire
1790 2337 1893 2374 non
1920 2321 2076 2375 dubi-

517 2409 689 2457 temus
718 2406 938 2472 gratiam
956 2397 1138 2473 {quod
1164 2408 1232 2459 ita
1260 2407 1396 2461 Deus
1427 2409 1477 2462 in
1507 2410 1759 2465 cordibus
1777 2411 2068 2480 hominum,

515 2497 752 2565 atquein
785 2498 898 2564 ipso
927 2496 1096 2551 libero
1134 2507 1385 2565 operetur
1418 2500 1654 2562 arbitrio,
1689 2512 1744 2553 ut
1772 2514 1949 2555 sancta
1982 2517 2071 2558 co-

514 2587 719 2655 gitatio,
753 2588 892 2655 pium
928 2589 1223 2655 consilium,
1256 2590 1533 2656 omnisque
1577 2594 1751 2643 matus
1793 2592 1945 2644 bona:
1981 2607 2073 2646 vo-

516 2676 733 2729 luntatis
753 2691 817 2729 ex
855 2677 964 2730 Deo
991 2679 1080 2740 sit,
1110 2679 1230 2744 quia
1265 2693 1361 2745 per
1388 2680 1533 2732 illum
1564 2679 1762 2747 aliquid
1796 2681 1918 2733 boni
1952 2697 2074 2748 pos-

514 2778 734 2828 sumus;
788 2765 903 2817 sine
951 2780 1057 2834 quo
1104 2767 1233 2818 nihil
1285 2782 1586 2834 possumus.
1634 2788 1652 2819 ›
1695 2769 1787 2822 llis
1838 2785 2071 2840 congrue

515 2854 853 2907 beatissimus
876 2853 1193 2909 leestinus
1219 2858 1270 2910 in
1299 2858 1522 2924 epistola
1554 2859 1620 2914 ad
1649 2859 1829 2914 Gallos
1850 2861 1972 2914 data
1994 2861 2021 2899 δ
2053 2881 2067 2916 :

523 2961 541 2994 ι
578 2943 707 2996 Cum
743 2944 909 3008 enim,
938 2945 1143 3014 inquit,
1194 2956 1495 3002 sanctarum
1542 2951 1773 3017 plebium
1819 2956 2072 3018 prmsules

518 3035 764 3087 mandata
809 3036 911 3088 sibi
968 3037 1230 3104 legatione
1265 3049 1287 3076 ο
1321 3038 1610 3109 funguntur
1655 3044 1792 3109 apud
1840 3043 2070 3098 divinam

516 3124 878 3191 clementiam,
913 3125 1124 3180 humani
1162 3130 1371 3197 generis
1403 3143 1566 3199 agunt
1615 3147 1850 3199 causam,
1879 3145 1932 3188 et
1963 3145 2068 3189 tota
2101 3104 2146 3164 ϐ

518 3227 697 3266 secum
718 3212 949 3266 Ecclesia
971 3217 1392 3284 congemiscente
1419 3221 1684 3288 postulant
1700 3233 1753 3276 et
1771 3235 2072 3290 precantur,

521 3311 579 3355 ut
609 3303 907 3358 infidelibus
935 3305 1158 3360 donetur
1189 3309 1338 3378 fides,
1371 3319 1425 3363 nt
1451 3312 1743 3368 idololatra:
1762 3316 1828 3368 ab
1852 3317 2074 3389 inﬁdeli-

516 3389 640 3444 tatis
665 3405 774 3445 snae
800 3392 1089 3448 liberentur
1114 3399 1415 3465 erroribus;
1442 3411 1497 3453 ut
1523 3401 1739 3469 Judaiis,
1761 3405 1935 3458 ablato
1955 3420 2075 3460 cor-

518 3479 600 3532 dis
636 3481 916 3545 velamine,
963 3483 1050 3536 lux
1102 3486 1337 3539 veritatis
1380 3499 1665 3557 appareat;
1707 3501 1764 3545 ut
1807 3492 2068 3560 haeretici,

520 3573 794 3625 catholicae
827 3572 947 3626 fidei
977 3577 1313 3644 perceptione
1360 3582 1692 3648 resipiscam,
1733 3591 1792 3635 ut
1817 3582 2076 3636 schisma~

519 3659 613 3712 tiei
652 3661 894 3727 spiritum
937 3664 1182 3718 rediviva:
1226 3667 1461 3721 caritatis
1504 3670 1783 3738 accipiant,
1828 3682 1886 3726 ut
1916 3673 2078 3742 lapsis

523 3750 847 3819 paenitentia:
878 3753 1110 3807 remedia
1152 3756 1515 3822 conferantur,
1565 3769 1625 3813 ut
1666 3761 1894 3830 denique
1935 3777 2079 3818 eate-

520 3836 801 3891 chumeuis
845 3839 910 3893 ad
952 3844 1367 3910 regenerationis
1414 3860 1746 3902 sacramenta
1787 3850 2076 3919 perductis,

519 3928 750 3982 caelestis
779 3930 1155 3986 misericordia:
1181 3935 1297 3988 aula
1324 3947 1610 3990 reseretur.
1636 3937 1758 3992 Han
1773 3951 1947 3994 autem
1970 3959 2074 3996 non

520 4015 896 4083 perfunctorie.
932 4033 1102 4088 neque
1143 4020 1369 4076 inaniter
1391 4039 1418 4075 a
1452 4024 1680 4079 Domino
1709 4027 1811 4094 peti
1842 4029 1869 4064 ά
1900 4046 2075 4084 rerum

519 4105 749 4172 ipsarum
781 4119 1038 4162 monstrat
1069 4109 1316 4176 effectus;
1351 4116 1779 4185 quandoquidem
1809 4133 1875 4173 ex
1925 4125 2075 4174 omni“

519 4211 754 4249 errorum
797 4213 994 4266 genere
1028 4200 1289 4268 plurimos
1319 4204 1567 4272 dignatur
1607 4209 1896 4274 attrahere,
1944 4227 2080 4279 quos

520 4303 713 4342 erueus
743 4289 807 4342 de
827 4298 1089 4357 potestate
1110 4293 1466 4362 tenebrarum,
1493 4299 1745 4354 transfert
1771 4300 1822 4354 in
1855 4317 2077 4370 regnum

2174 1874 2381 1925 sanum,
2411 1861 2479 1914 de
2509 1858 2828 1927 imprudenti
2855 1858 2923 1910 sit
2950 1855 3248 1924 providum.
3290 1873 3310 1906 ι
3343 1854 3606 1908 Terminat
3629 1867 3720 1906 au—

2173 1961 2280 2004 tem
2309 1953 2447 2006 idem
2479 1950 2731 2019 magister
2759 1948 2897 2001 hanc
2922 1947 3090 2015 ipsam
3119 1944 3399 2014 epistolam
3421 1951 3568 2010 atque
3594 1957 3718 1997 con-

2173 2041 2338 2095 cludit
2363 2041 2457 2104 ita,
2485 2040 2700 2093 dicens:
2737 2036 2757 2075 ί
2795 2056 2815 2088 ‹
2852 2037 2985 2103 Quia
3015 2035 3080 2089 ad
3111 2035 3465 2089 confitendam
3502 2032 3714 2101 gratiam

2173 2130 2292 2196 Dei,
2316 2129 2469 2197 cujus
2508 2130 2656 2198 operi
2683 2143 2746 2184 ae
2772 2127 3062 2193 dignationi
3105 2125 3234 2181 nihil
3268 2125 3483 2193 penitus
3517 2123 3714 2176 subtra-

2173 2217 2406 2272 hendum
2441 2225 2543 2281 est,
2569 2217 2698 2270 satis
2723 2216 2974 2269 sufﬁcere
3013 2213 3306 2277 credimus,
3362 2211 3603 2281 quidquid
3636 2225 3712 2262 se-

2173 2308 2406 2362 cundum
2433 2307 2710 2376 praedictas
2739 2305 2948 2374 regulas
2974 2304 3281 2374 apostolicae
3308 2301 3451 2357 sedis
3483 2315 3570 2354 nos
3591 2300 3712 2354 seri-

2173 2408 2261 2466 pta
2285 2399 2600 2461 docuerunt,
2626 2407 2682 2452 ut
2709 2410 2924 2465 prorsus
2953 2410 3057 2449 non
3086 2395 3368 2462 opinemur
3391 2391 3711 2449 catholicum,

2171 2491 2310 2557 quod
2327 2489 2871 2559 apparueritpraafixis
2884 2490 3161 2543 sententiis
3187 2503 3309 2542 esse
3332 2487 3660 2540 contrarium.
3690 2499 3708 2531 ι

2153 2581 2316 2648 'Haac,
2345 2581 2688 2640 sanctissimi,
2720 2595 2824 2632 non
2864 2579 3014 2647 quasi
3058 2577 3424 2646 ignorantibus
3449 2585 3711 2642 suggerere

2170 2673 2526 2726 necessarium
2539 2670 2942 2734 testimavimus,
2959 2668 3048 2722 sed
3067 2667 3133 2720 ad
3147 2665 3523 2721 eonfutantlum
3545 2677 3710 2717 eorum

2171 2763 2480 2826 amentiam,
2507 2761 2594 2830 qui
2629 2775 2689 2815 ea
2719 2769 2776 2812 ut
2804 2774 2942 2812 nova
2972 2759 3235 2826 dogmata,
3270 2765 3326 2810 et
3355 2765 3379 2802 8
3406 2756 3606 2822 penitus
3623 2751 3711 2805 Ec-

2172 2838 2349 2910 clesiis
2397 2853 2629 2908 inaudita
2659 2851 2950 2919 refugiunt,
2994 2851 3116 2902 huic
3146 2848 3420 2917 parvitatis
3440 2855 3623 2900 nostra
3649 2842 3711 2894 li-

2173 2947 2315 3001 bello
2361 2933 2599 2999 inserere
2634 2943 2758 2996 utile
2795 2941 3167 3008 judicavimus.
3219 2939 3448 3004 Quarum
3494 2935 3711 2990 omnium

2175 3044 2477 3090 sanctorum
2506 3034 2723 3087 Patrum
2773 3032 2959 3085 imbuti
3006 3030 3282 3095 doctrinis,
3317 3025 3710 3081 anathematiza-

2179 3139 2296 3177 mus
2337 3123 2604 3192 Pelagium
2649 3129 2704 3176 et
2727 3119 3060 3180 Coalestium,
3086 3117 3247 3172 simul
3285 3115 3443 3169 etiam
3472 3115 3711 3168 lulianum
3807 3163 3811 3176 ,

2180 3215 2551 3275 Eclanensem,
2581 3223 2634 3265 et
2659 3212 2748 3278 qui
2800 3211 2903 3264 illis
2951 3209 3143 3262 similia
3187 3207 3426 3272 sapiunt;
3474 3203 3712 3272 pracipes

2143 3333 2149 3339 -
2181 3306 2347 3360 libros
2372 3303 2551 3358 Fausti
2578 3303 2872 3357 Galliarum
2909 3298 3168 3367 episcopi,
3198 3298 3287 3366 qui
3319 3297 3385 3350 de
3415 3294 3712 3347 monaStet-iu

2179 3397 2444 3452 Lirinensi
2486 3403 2765 3462 provectus
2796 3403 2898 3455 est,
2929 3405 3065 3459 quos
3092 3402 3276 3444 contra
3311 3384 3710 3456 prwdestitiatio-

2181 3489 2262 3542 nis
2290 3486 2608 3540 sententiam
2639 3483 2867 3550 scriptos
2897 3495 3014 3534 esse
3043 3494 3146 3532 non
3169 3478 3385 3531 dubium
3411 3486 3509 3531 est.
3541 3473 3593 3526 In
3614 3469 3712 3539 qni-

2180 3580 2280 3634 bus
2309 3590 2416 3632 non
2460 3577 2635 3629 solum
2679 3585 2865 3626 contra
2915 3571 3103 3623 horum
3149 3568 3386 3620 omnium
3436 3573 3712 3618 sanctorum

2181 3674 2418 3738 Patrum,
2450 3683 2629 3724 verum
2655 3666 2811 3720 etiam
2839 3673 3023 3718 contra
3054 3661 3221 3728 ipsius
3250 3657 3486 3726 Apostoli
3515 3653 3541 3691 δ
3571 3651 3711 3706 tradi-

2184 3765 2381 3818 tionem
2431 3760 2687 3822 veniens,
2742 3757 2975 3808 humano
3025 3750 3193 3804 labori
3243 3747 3508 3814 subiungit
3552 3741 3712 3811 gratis:

2182 3850 2526 3921 adiutorium,
2568 3856 2728 3914 atque
2776 3853 2937 3898 totam
2979 3841 3200 3895 omnino
3245 3837 3438 3892 Christi
3477 3843 3712 3889 evacuans

2183 3942 2427 4012 gratiam,
2449 3938 2697 4005 antiquos
2739 3929 2950 3987 sanctos
2977 3946 3082 3984 non
3111 3945 3174 3984 ea
3203 3929 3370 3996 gratia
3401 3940 3498 3993 qua
3528 3932 3580 3976 et
3606 3934 3709 4012 nos,

2184 4011 2470 4086 secundum
2513 4025 2653 4095 quod
2685 4025 2842 4077 docet
2868 4020 3208 4075 beatissimus
3237 4018 3427 4071 Petrus
3469 4011 3712 4079 apostolus

2190 4121 2322 4190 (Act.
2353 4133 2442 4182 xv,
2474 4115 2581 4186 ll),
2603 4114 2694 4168 sed
2727 4121 2928 4166 natura:
2957 4109 3308 4179 possibilitate
3329 4105 3555 4158 salvatos
3576 4097 3713 4166 impie

2186 4210 2485 4281 profitetur.

591 4491 616 4518 ⁸
648 4483 806 4559 Etliti,
837 4486 903 4537 ad
945 4504 1129 4557 papam
1159 4488 1471 4546 Romanum.
1508 4491 1629 4556 Ms.,
1660 4493 1730 4546 ad
1765 4510 1952 4564 papam
1981 4495 2083 4550 Zo-
2109 4497 2158 4556 D
2185 4511 2345 4565 neque
2367 4493 2587 4546 inaniter
2615 4510 2646 4545 a
2671 4491 2897 4568 Domino
2932 4488 3075 4568 peti,
3097 4486 3186 4562 sed
3207 4482 3488 4553 afﬁrm-iter,
3509 4477 3709 4543 ipsum“

520 4553 720 4606 simum.

590 4639 617 4678 δ
642 4640 859 4698 ϐωιεδῑ.
892 4660 1010 4714 cap.
1032 4649 1086 4700 2.

593 4742 616 4769 ε
649 4733 805 4799 Edtti,
828 4741 1120 4806 fungantur.

589 4818 617 4858 δ
645 4823 734 4880 Sic
776 4843 878 4883 ms.
922 4831 1145 4886 eLediti
1185 4841 1376 4902 praeter
1415 4835 1602 4904 BasiL,
1638 4835 1692 4892 in
1739 4855 1841 4909 quo
1870 4841 2070 4911 legitur

2187 4561 2392 4635 precum
2411 4571 2666 4635 monstrat
2693 4561 2923 4635 effectus.

2253 4633 2281 4672 λο
2309 4633 2526 4686 ϐωιθει.
2559 4645 2677 4696 cap.
2714 4631 2802 4682 ιε.

2260 4703 2277 4740 ί
2313 4702 2481 4764 Idem,
2505 4715 2629 4766 cap.
2662 4700 2749 4753 15.

2255 4782 2280 4820 8
2307 4773 2414 4834 AL,
2443 4785 2588 4836 pene.

2253 4838 2279 4878 λι
2308 4832 2544 4902 εἰδείης
2575 4836 2701 4891 editi
2732 4845 2929 4904 autem,
2954 4832 3420 4886 contradictionem.
