3842 6226
263 229 336 284 93

1226 230 1512 285 VlGlLlUS
1547 228 1930 284 nassum.
1977 229 2536 291 rnoceconeuos.
3385 247 3432 302 st

580 356 3423 393 Μ

287 356 564 397 ξιτ-,ἐ
580 356 1102 384 ———-—-——-__-_.
771 372 886 381 ...η
940 373 1102 381 -.,,.,

1474 443 1637 484 ANNO
1682 443 1905 484 DOMINI
1949 444 2174 484 DXVIII.

604 542 1654 703 VIGILIUS
1786 541 3100 748 TAPSENSIS.

1339 865 1810 974 NOTITIA
1876 867 2008 943 EX
2074 821 2362 948 CAVE.

326 1000 564 1072 Yigilius,
585 1013 737 1072 gente
765 1003 911 1066 Afer,
941 1004 1222 1072 Tapsensis
1255 1007 1364 1058 sive
1389 1004 1705 1078 Tapsitanus
1737 1003 1788 1056 in
1819 1006 1869 1063 A
1966 1005 2114 1061 Liber
2139 1011 2199 1061 ds
2230 1010 2432 1065 Unitate
2457 1012 2718 1067 Trinitatis
2762 1015 2829 1065 ad
2869 1013 3126 1079 Optatum,
3167 1015 3276 1069 sive
3325 1017 3443 1070 Dia-

257 1094 518 1158 provincia
548 1094 812 1163 Byzacena
843 1095 1141 1164 episcopus,
1162 1096 1352 1148 claruit
1377 1111 1514 1152 anno
1537 1096 1662 1161 48b,
1687 1110 1791 1162 quo

253 1183 532 1237 llunnerici
568 1185 702 1252 regis
734 1194 995 1255 lirmcepto
1023 1184 1386 1260 Carthaginem
1430 1195 1699 1249 evocatus,
1736 1193 1792 1236 ut

253 1274 506 1328 rationem
534 1274 654 1329 ﬁdei
680 1290 789 1330 sua
826 1273 1089 1341 redderet,
1122 1278 1335 1344 Eugenii
1368 1275 1791 1344 Carthaginensis

255 1365 554 1430 professioni
584 1366 703 1419 fidei
760 1367 1091 1434 subscripsit,
1122 1375 1173 1420 et
1211 1381 1328 1418 cum
1356 1381 1419 1420 eo
1452 1381 1546 1433 pro
1577 1365 1677 1418 ﬁde
1705 1379 1791 1418 ca-

253 1453 445 1508 tholica
465 1463 762 1508 constanter
785 1456 1045 1508 militavit.
1069 1455 1415 1510 Savientibus
1436 1457 1484 1508 in
1503 1454 1791 1509 catholicos

254 1545 497 1600 Vandalis
537 1547 744 1601 Arianis
783 1548 998 1615 patriam
1042 1561 1188 1600 suam
1231 1547 1525 1600 deseruisse
1561 1546 1784 1600 videtur.

247 1631 726 1705 Constantinopolin
771 1636 1062 1704 profectum
1109 1651 1226 1691 esse
1255 1677 1270 1701 ,
1311 1650 1466 1705 atque
1514 1636 1582 1690 ibi
1626 1635 1788 1692 libros

249 1735 430 1778 contra
479 1726 767 1796 Eutychem
811 1726 1144 1790 condidisse,
1198 1727 1370 1794 prodit
1411 1725 1788 1792 Theodulphus

250 1814 632 1890 Aurelianensis
656 1860 670 1880 ,
703 1825 757 1869 et
779 1813 976 1869 Encas
1006 1816 1336 1870 Parisiensis.
1388 1814 1630 1884 Vigilium
1662 1829 1788 1869 sane

250 1906 380 1959 inter
402 1905 610 1960 Graecos
637 1907 847 1960 demum
877 1913 1136 1959 versatum
1163 1919 1238 1959 ess
1258 1935 1270 1957 -.
1307 1920 1374 1959 ex
1415 1907 1584 1972 primo
1611 1907 1786 1973 operis

248 1993 394 2048 istius
425 1995 551 2049 libro
573 2011 676 2050 non
699 1998 922 2051 obscure
951 1997 1226 2066 colligitur.
1257 1997 1534 2065 iierperam
1557 2011 1674 2050 cum
1698 1996 1787 2049 Vi-

245 2083 366 2152 gilio
391 2085 695 2140 Tridentino
714 2088 993 2149 confusus;
1023 2087 1346 2152 Scriptorum
1375 2087 1525 2140 istius
1545 2100 1606 2139 ac
1631 2100 1786 2152 supe-

246 2172 398 2228 rioris
426 2176 520 2229 aevi
553 2177 792 2229 notitiam
823 2175 911 2230 diu
938 2176 1086 2245 fugit.
1114 2173 1263 2230 Cera:
1299 2176 1487 2240 scripta
1515 2175 1627 2242 ejus
1648 2175 1785 2229 inter

247 2259 457 2315 aliorum
483 2278 638 2330 opera
669 2265 1019 2327 delituerunt,
1059 2265 1155 2318 sub
1190 2265 1410 2318 ais-rum
1443 2262 1663 2317 fortasse
1690 2278 1784 2316 no-

1895 1093 2046 1163 logns
2077 1097 2214 1149 inter
2242 1099 2297 1150 S.
2343 1101 2688 1169 Augustinum
2727 1111 2780 1153 et
2831 1102 3147 1154 Felicianum
3191 1096 3442 1156 Arianutri

1891 1198 1918 1236 a
1964 1184 2153 1254 Vigilio
2191 1190 2476 1247 conﬁctos:
2524 1193 2663 1245 inter
2712 1192 2991 1260 Augustini
3049 1208 3210 1264 mera
3258 1195 3438 1249 haberi

1891 1273 2043 1326 solet.

1959 1362 2036 1416 Dc
2065 1364 2308 1420 Tn'nitate
2335 1367 2573 1421 adversus
2622 1369 2969 1435 Varimndum,
3007 1387 3097 1425 seu
3143 1373 3434 1426 litterarum

1890 1451 2163 1507 Metathesi
2210 1457 2550 1520 Marivadum,
2593 1469 2750 1511 sectm
2787 1461 2989 1513 Arianze
3037 1462 3337 1523 diaconum,
3384 1475 3439 1516 et

1887 1540 2188 1595 llunnerico
2228 1545 2336 1610 regi
2382 1545 2661 1598 admodum
2712 1548 3016 1614 gratiosum,
3051 1550 3166 1602 libri
3200 1559 3306 1602 tres
3339 1553 3438 1602 sub

1890 1629 2040 1684 ldacii
2065 1630 2203 1686 Clari
2227 1634 2437 1688 nomine
2457 1649 2484 1686 a
2516 1635 2700 1700 Vigilio
2721 1637 2842 1688 olim
2864 1639 3166 1705 evulgati,ct
3181 1640 3277 1693 sub
3298 1641 3438 1707 ejus-

1889 1720 2010 1774 dem
2038 1722 2246 1775 nomine
2269 1722 2406 1790 typis
2435 1724 2629 1788 szepius
2655 1723 2915 1790 impressi.

1955 1808 2103 1862 Liber
2123 1821 2296 1864 contra
2320 1811 2616 1864 Palladium
2643 1813 2886 1865 Arianum
2905 1814 3212 1882 episcopum,
3235 1815 3436 1870 duabus

1884 1912 2135 1955 constans
2181 1904 2437 1971 partibus,
2480 1919 2700 1971 quarum
2731 1906 2873 1972 prior
2917 1920 3011 1970 pro
3039 1906 3243 1959 concilii
3273 1907 3437 1973 Aqui-

1885 1993 2092 2047 leiensis
2121 2009 2245 2047 ann.
2269 1997 2365 2049 581
2397 1996 2556 2049 habiti
2577 1999 2707 2050 actis
2732 1996 2962 2051 exhibita
2985 2009 3064 2051 est
3091 1999 3142 2051 in
3171 2000 3435 2053 collectio-

1884 2085 2036 2138 nibus
2055 2086 2421 2149 conciliorum,
2445 2102 2562 2150 qua:
2585 2095 2911 2153 postanuum
2937 2088 3071 2142 1550
3093 2089 3392 2156 prodierunt
3415 2108 3429 2155 ;

1883 2174 2046 2226 altera
2088 2174 2237 2226 binas
2275 2176 2432 2226 habet
2458 2175 2738 2238 editiones,
2781 2184 3077 2243 utramque,
3111 2188 3166 2229 ut
3205 2178 3428 2239 videtur,

1888 2278 1912 2316 a
1930 2263 2113 2330 Vigilio
2133 2305 2147 2325 ,
2172 2264 2484 2331 cvnlgatam.
2517 2265 2690 2317 Prima
2717 2265 2897 2317 eadem
2926 2276 3008 2320 est
3036 2282 3152 2319 cum
3170 2269 3430 2322 Ambrosii

245 2352 380 2406 tuine
407 2353 470 2406 ab
491 2354 822 2430 ipso:Vigilio
855 2357 1074 2424 primum
1105 2356 1240 2410 edita
1275 2370 1334 2408 ac
1363 2354 1652 2424 supposita,
1678 2356 1775 2408 hac
1806 2339 1852 2398 Β
1879 2352 2016 2404 libro
2041 2352 2103 2405 de
2126 2350 2259 2428 Fide
2271 2369 2361 2406 seu
2399 2355 2459 2405 de
2497 2346 3015 2407 Consubstantialitatc
3049 2353 3170 2407 Filii
3191 2372 3300 2406 cum
3326 2354 3431 2406 Pa-

245 2444 421 2495 ssltem
458 2445 688 2506 ratione,
732 2445 804 2498 uti
844 2455 1085 2499 accurate
1119 2445 1328 2510 commit
1367 2444 1681 2508 Cliitlletius,
1725 2453 1810 2497 ut.

245 2532 550 2586 Arianorum
589 2535 766 2587 odium
796 2545 950 2602 atque
990 2535 1230 2600 invidianu
1262 2537 1480 2603 fugeret.
1518 2534 1778 2602 tantisque

243 2621 528 2675 utiminibns
560 2625 834 2689 pratensis
876 2624 974 2676 sibi
1005 2623 1278 2692 suffugium:
1310 2666 1324 2689 ,
1357 2623 1568 2690 scriptis
1596 2633 1776 2675 aucto-

249 2709 442 2763 ritatem
469 2721 693 2779 pareret.
722 2712 952 2766 Tandem
975 2728 1130 2779 opera
1148 2714 1227 2780 ejz:
1253 2733 1255 2736 ·
1289 2713 1512 2780 undique
1531 2715 1767 2780 quaesita,

241 2805 289 2852 et
304 2802 501 2853 auctori
530 2815 627 2854 suo
655 2802 935 2864 vindicata.
977 2803 1191 2870 collegit
1221 2806 1242 2854 ἑ·
1263 2803 1526 2855 .-.~nnciscns
1563 2801 1775 2854 Cbiil'le-

241 2888 336 2942 tius
363 2903 517 2958 supra
558 2891 797 2945 laudatus
823 2931 838 2956 ,
867 2901 919 2946 et
944 2894 1180 2958 sequenti
1211 2892 1392 2946 tr-dine
1419 2891 1697 2957 disposuit.

301 2985 548 3038 Adversus
579 2984 871 3038 Nestorium
897 2993 942 3037 el
972 2983 1236 3053 Eutychen.
1273 2985 1385 3036 libri
1418 2983 1457 3034 V
1484 3000 1574 3053 pro
1603 2984 1773 3052 defen-

238 3073 365 3126 sione
383 3075 563 3142 synodi
591 3073 1024 3139 Chalcedonensis,
1052 3057 1136 3140 qui
1159 3073 1450 3140 sus'Vigilii
1475 3072 1768 3126 'l‘ritlentini

239 3163 438 3218 nomine
459 3164 738 3229 aliquoties
765 3163 1085 3229 prodierunt,
1117 3162 1242 3228 Tign
1259 3162 1312 3221 ri,
1351 3161 1506 3225 15:9,
1530 3161 1719 3215 deinde
1739 3176 1767 3214 a

239 3249 523 3307 Cassandro
551 3254 676 3308 editi
714 3254 924 3314 Colon.,
966 3254 1128 3316 1575,
1171 3255 1219 3305 in
1263 3255 1333 3313 δέν,
1365 3259 1416 3305 et
1446 3255 1582 3305 inter
1608 3267 1765 3318 opera

159 3345 164 3349 '
237 3338 522 3406 Cassandri,
557 3356 607 3409 p.
640 3341 764 3404 5η,
803 3340 1185 3394 emendatiorcs
1210 3351 1257 3392 et.
1285 3341 1539 3394 auctiores
1568 3353 1598 3392 a
1625 3339 1765 3393 Josia

237 3429 451 3485 Simlero
476 3432 604 3486 editi
637 3432 874 3496 Basileae,
906 3431 1058 3494 1571,
1090 3439 1243 3497 θῐαυιῖ
1276 3431 1416 3483 alibi.

294 3522 564 3576 Altercatio
603 3523 693 3574 sub
737 3522 935 3574 nomine
972 3522 1232 3574 Athanas::
1277 3522 1509 3573 adversus
1547 3520 1722 3572 Arium
1745 3564 1760 3587 ,

235 3613 334 3667 sive
359 3613 559 3682 Dialogi
583 3613 686 3667 duo
714 3613 764 3666 in
788 3613 1008 3681 concilio
1025 3613 1234 3665 Nicznno
1260 3613 1395 3665 inter
1421 3611 1761 3664 Athanasium

235 3710 280 3756 et
297 3704 470 3758 Arium
505 3704 688 3768 habiti,
710 3703 878 3756 Probo
901 3702 1095 3772 judice.
1590 3698 1595 3702 “

294 3790 494 3861 Dialogi
517 3794 617 3846 sive
635 3793 993 3845 Altercationes
1023 3789 1141 3854 III,
1168 3789 1234 3843 ab
1270 3789 1550 3843 Athanasio
1580 3799 1760 3842 contra

234 3880 396 3935 Arium
417 3921 432 3943 ,
465 3883 752 3937 Stbellium
783 3892 833 3935 et
863 3880 1153 3934 Pbotinum-
1183 3895 1361 3936 ceram
1395 3879 1563 3932 Probo
1584 3879 1760 3946 judice

234 3970 432 4027 habitas.
479 3973 620 4026 Idem
645 3988 765 4025 cum
796 3972 966 4038 priore
993 3986 1123 4039 opus
1162 3971 1479 4024 censendum
1511 3978 1591 4023 est
1612 4008 1627 4029 .
1661 3969 1759 4022 hoc

234 4067 414 4114 tantum
448 4061 754 4115 discrimine
790 4061 1088 4114 distinctum
1121 4076 1136 4116 ;
1164 4060 1300 4127 quod
1333 4062 1475 4127 prius
1505 4061 1554 4112 in
1585 4059 1757 4112 Africa

233 4149 479 4219 aVi'gilio,
525 4151 649 4204 dum
692 4149 958 4204 Vandalos
994 4148 1162 4202 adhuc
1209 4149 1443 4212 timeret,
1482 4159 1536 4203 et
1579 4148 1646 4200 ab
1692 4149 1757 4202 iis

232 4243 426 4310 agnosci
456 4241 641 4305 nollet,
670 4239 918 4308 scriptum
944 4240 1126 4304 fuerit;
1158 4253 1218 4292 ac
1259 4239 1324 4292 ab
1347 4239 1519 4292 Alrica
1547 4251 1757 4304 egresso

230 4332 422 4387 demum
455 4332 783 4400 recognitum
806 4330 1111 4398 praefatione
1144 4329 1457 4391 mutilatum,
1490 4327 1619 4380 locis
1648 4326 1757 4394 ple-

232 4418 390 4488 risque
422 4420 721 4478 climatum,
741 4427 797 4472 et
825 4419 1024 4486 integro
1051 4417 1182 4469 libro
1214 4416 1367 4468 tertio
1398 4415 1756 4483 Probijudicis

228 4513 527 4564 sententiain
573 4509 853 4576 complexo
898 4516 1127 4560 auctum.
1171 4507 1457 4571 Utrumque
1497 4507 1548 4558 in
1595 4519 1754 4558 unum

230 4615 344 4666 opus
369 4602 794 4667 compaginatum
844 4599 941 4651 sub
989 4598 1155 4663 Vigilii
1199 4596 1493 4649 Tridentini
1545 4595 1757 4649 nomine

229 4691 374 4744 edidit
391 4693 592 4757 Georg.
619 4690 913 4743 Cassander
942 4705 1039 4742 una
1071 4703 1188 4740 cum
1217 4686 1358 4739 libris
1381 4687 1629 4739 adversus
1656 4687 1758 4738 Eu-

229 4780 484 4848 tycheten,
507 4779 717 4841 Colon.,
749 4777 906 4839 1575,
938 4786 993 4830 et
1021 4779 1154 4830 inter
1180 4789 1337 4842 opera
1368 4789 1460 4828 sua
1490 4789 1606 4842 pag.
1630 4773 1753 4828 460.

229 4870 405 4941 llialogi
439 4872 646 4938 priores
664 4870 768 4922 duo
797 4870 932 4921 inter
955 4867 1219 4921 Athanasii
1242 4881 1400 4935 opera
1424 4867 1593 4920 locum
1620 4865 1760 4919 male

227 4959 452 5013 obtinere
479 4959 669 5012 solent.

289 5047 352 5101 Dc
372 5050 640 5108 Trinitate,
671 5049 770 5100 sive
798 5047 860 5097 de
889 5047 1028 5098 unita
1057 5046 1300 5099 Trinitate
1341 5046 1553 5098 Deitatis
1579 5055 1754 5098 contra
1778 5087 1785 5094 .

229 5133 530 5190 llaricadum
562 5137 805 5188 Ariannm
832 5138 943 5188 libri
971 5135 1104 5187 XII.
1138 5137 1346 5200 Neapoli
1375 5138 1423 5186 in
1467 5136 1751 5199 Campania

227 5228 409 5292 scripti,
445 5237 499 5279 et
540 5227 823 5279 Athanasio
852 5226 1137 5291 suppositi;
1168 5227 1264 5277 sub
1293 5229 1441 5288 cnjus
1472 5227 1626 5277 etiam
1660 5240 1753 5276 no-

228 5316 347 5369 mine
364 5327 573 5383 septem
605 5318 808 5384 priores
839 5317 955 5368 libri
985 5317 1034 5368 in
1078 5317 1304 5368 edition»
1339 5317 1604 5368 Athanasii
1635 5316 1755 5369 llci-

227 5402 536 5476 delbergensi
591 5405 926 5472 prodierunt;
980 5405 1165 5472 integri
1217 5420 1338 5456 vero
1379 5403 1651 5456 duodecim
1702 5404 1751 5456 in

228 5494 439 5548 editione
473 5495 778 5555 Parisiensi,
825 5495 873 5544 in
918 5495 1155 5546 undecim
1190 5504 1359 5545 tamen
1404 5492 1746 5558 maledivisi,

229 5583 409 5640 duobus
433 5583 814 5654 posterioribus
841 5583 987 5636 libris
1013 5585 1063 5636 in
1088 5600 1242 5637 unum
1274 5581 1527 5637 conﬂatis.

1879 2450 1988 2500 tre:
2016 2442 2263 2504 secunda,
2287 2458 2404 2510 qum
2427 2445 2630 2497 auctior
2653 2455 2751 2508 est,
2779 2445 2961 2498 eadem
2985 2455 3062 2497 est
3085 2459 3201 2498 cum
3227 2445 3426 2513 Grego-

1876 2532 1940 2585 rii
1979 2532 2289 2586 Nazianzeni
2325 2533 2563 2586 Oratione
2600 2535 2687 2588 59.
2726 2534 2882 2602 Operi
2923 2534 3270 2601 subjiciuntur
3310 2534 3428 2588 dum

1874 2621 2082 2674 concilii
2133 2624 2484 2689 Aquileiensis
2535 2625 2801 2689 cpistnltc,
2855 2626 3015 2678 altera
3064 2627 3130 2677 ad
3173 2627 3427 2696 episcopos

1876 2708 2078 2773 Galliae,
2101 2711 2264 2764 altera
2292 2713 2359 2763 ad
2387 2711 2683 2764 Gratianum
2712 2724 2762 2765 et
2803 2713 3208 2765 Valentinianum
3239 2717 3420 2783 impp.,

1875 2815 1992 2868 quae
2021 2802 2228 2854 concilii
2250 2805 2382 2855 actis
2411 2803 2816 2857 annumerandre
2843 2814 2982 2856 sunt.
3017 2804 3162 2868 Quod
3181 2805 3244 2856 ad
3277 2807 3421 2872 prio-

1875 2905 1984 2943 rem
2015 2891 2222 2955 attinet,
2253 2894 2529 2946 confictam
2573 2910 2691 2949 csse
2729 2911 2755 2947 a
2801 2895 2985 2961 Vigilio
3026 2897 3159 2948 hanc
3187 2896 3420 2962 disputa-

1873 2979 2069 3034 tionem
2114 2982 2211 3035 sub
2251 2991 2486 3035 actorum
2536 2983 2720 3051 synodi
2765 2979 3114 3052 Aquileiensis
3171 2987 3414 3052 nomine,

1872 3069 2026 3137 longo
2064 3071 2510 3138 conjecturarum,
2569 3073 2739 3139 potius
2776 3089 2928 3140 quam
2970 3084 3416 3139 argumentorum,

1869 3160 2078 3225 agmine
2108 3162 2378 3214 contendit
2405 3160 2700 3215 Chil‘lletius
2734 3181 2746 3213 :
2780 3162 2917 3230 quod
2940 3163 3150 3230 quidem
3184 3162 3306 3215 mihi
3333 3178 3418 3216 ne-

1851 3263 2127 3316 quaquam
2151 3251 2437 3304 verisimile
2469 3252 2708 3304 videtur:
2746 3268 2912 3319 neque
2937 3262 3092 3305 tanta:
3119 3261 3260 3314 sunt,
3285 3268 3414 3319 quas

1867 3338 2040 3403 aﬂ'ert,
2069 3340 2403 3402 ratiunculae;
2448 3349 2505 3393 ut
2538 3343 2589 3393 in
2628 3342 2691 3394 iis
2719 3343 3020 3395 refellendis
3046 3343 3409 3397 immorentur.

1861 3413 2022 3480 Certe
2042 3429 2299 3494 genuinus
2323 3428 2465 3482 hisce
2486 3430 2692 3483 concilii
2716 3431 3064 3505 Aquileiensis
3088 3432 3230 3483 Acti~
3254 3447 3411 3485 nemo

1867 3517 2099 3576 movebit
2131 3518 2298 3581 litem,
2319 3521 2448 3582 quin
2486 3519 2669 3572 eadem
2707 3519 2940 3583 ratione,
2982 3528 3035 3571 ct
3077 3520 3259 3572 iisdem
3300 3520 3410 3573 fere

1865 3607 2186 3673 argumentis
2215 3606 2436 3659 aliarum
2476 3607 2794 3677 synodorum
2827 3612 2952 3660 Acta
2983 3608 3033 3660 in
3074 3608 3283 3660 dubium
3315 3623 3409 3660 vo-

1787 3678 1835 3739 c
1863 3709 1985 3747 care
2013 3695 2196 3762 possit.

1934 3783 2220 3837 Solutiones
2244 3783 2576 3852 objcctionum
2603 3785 2926 3843 Arianorum.
2949 3799 3078 3851 quas
3101 3784 3268 3852 primo
3291 3783 3407 3836 Dia-

1859 3873 1981 3939 logo
2009 3874 2106 3925 sub
2132 3872 2342 3925 nomine
2372 3873 2638 3925 Athanasii
2672 3882 2856 3926 contra
2887 3873 3114 3925 Arianos
3142 3889 3168 3922 a
3194 3871 3404 3941 Vigilio,

1858 3973 2138 4029 antequam
2181 3963 2463 4016 secundam
2509 3963 2834 4028 dialogorum
2869 3963 3084 4014 istorum
3117 3964 3405 4016 editionem

1860 4053 2149 4114 moliretur,
2178 4053 2410 4118 adjectas
2435 4066 2556 4107 esse
2580 4052 2793 4116 conjicit
2819 4049 3133 4104 Chililetius.

1925 4142 2100 4208 Opera.
2126 4141 2224 4194 ista
2253 4145 2408 4208 supra
2448 4151 2751 4194 enumerata
2791 4142 2841 4192 in
2883 4157 3040 4193 unum
3073 4142 3314 4210 collegit,
3343 4157 3409 4196 ac

1858 4231 1996 4284 notis
2022 4240 2071 4284 el
2096 4230 2554 4283 dissertationibus
2585 4229 2837 4283 illnstraté
2871 4230 3226 4286 edidit-Petrus
3243 4232 3407 4284 Fran-

1855 4320 2025 4372 ciscus
2048 4319 2362 4381 Chilﬂctins,
2397 4319 2634 4386 Divionc,
2679 4319 2834 4384 1664,
2879 4318 3039 4370 iii-4°.
3089 4319 3289 4373 Exinde
3310 4320 3407 4372 ba-

1855 4409 2045 4463 bentur
2074 4406 2410 4461 Biblimbecze
2432 4408 2574 4460 Patr.
2597 4416 2726 4460 tom.
2759 4405 2888 4467 Vlll,
2921 4422 2972 4473 p.
3002 4407 3122 4459 729..

1928 4497 2197 4549 Altercatio
2220 4497 2322 4548 sive
2345 4495 2589 4563 Dialogus
2611 4495 2667 4549 S.
2695 4496 2970 4562 Augustini
2997 4513 3106 4547 cum
3143 4495 3414 4548 Pasceutio

1856 4584 2044 4638 Ariano
2066 4601 2234 4636 coram
2258 4585 2427 4650 iudice
2452 4583 2784 4647 I.aurentio,a
2802 4584 2990 4650 Vigilio
3019 4583 3271 4646 conﬁcta,
3295 4595 3348 4637 et
3375 4600 3408 4637 τι

1856 4677 2101 4731 Patribus
2133 4677 2484 4731 Benedictinis
2501 4677 2796 4729 novissimae
2822 4689 3037 4741 operum
3059 4676 3114 4727 S.
3134 4677 3408 4743 Augustini

1856 4767 2105 4821 editionis
2135 4767 2469 4821 curatoribus
2499 4767 2720 4833 primum
2755 4767 2802 4817 in
2833 4765 3000 4818 lucent
3030 4774 3199 4827 eruta,
3224 4767 3406 4833 etepi-

1855 4859 2108 4912 stolarum
2135 4859 2249 4924 ejus
2270 4857 2544 4925 appendici
2575 4856 2830 4908 subnexa.
3315 4907 3321 4914 ,

1927 4946 2224 5012 Symbolum
2245 4947 2364 5013 ﬁdei
2386 4947 2478 4998 sub
2516 4943 2776 4997 Athanasii
2804 4944 3000 4995 nomine
3033 4945 3404 5008 circumlatum,

1856 5046 1910 5089 et
1951 5035 2085 5089 inter
2127 5035 2269 5086 illius
2306 5049 2462 5101 Opera
2497 5035 2783 5101 vulgatum.
2825 5033 2874 5083 ld
2923 5033 3132 5100 Vigilio,
3179 5050 3274 5086 nos
3302 5050 3408 5086 non

1858 5125 2040 5187 invita,
2060 5123 2132 5178 uti
2155 5124 2442 5186 credimus,
2461 5123 2705 5187 veritate,
2719 5123 3086 5176 ascribendnm
3109 5137 3406 5175 censemus.

1861 5215 1988 5268 Vide
2013 5215 2156 5282 plura
2180 5213 2237 5271 in
2263 5213 2567 5265 Athanasio.

1925 5309 2183 5362 Cancrum
2205 5321 2233 5358 a
2266 5306 2462 5373 Vigilio
2490 5305 2740 5372 quodam.
2769 5305 3016 5358 Africano
3035 5305 3297 5371 episcopo,
3324 5302 3405 5354 Iu-

1857 5402 2120 5454 cnlentum
2147 5396 2206 5447 de
2235 5395 2371 5447 mille
2391 5410 2662 5458 annorum,
2693 5396 2778 5463 qui
2811 5396 2862 5445 in
2902 5393 3198 5460 Apocalypsi
3226 5393 3405 5460 pra'di-

1858 5497 2058 5552 cuntur,
2099 5484 2432 5554 intelligentia
2469 5493 2735 5536 tractatum
2773 5483 3064 5536 confectum
3093 5494 3209 5532 esse
3241 5481 3412 5555 prodit

1857 5577 2204 5635 Cassiodorus
2236 5577 2256 5646 (
2283 5575 2457 5629 Divin.
2487 5575 2632 5630 Lccr.
2667 5575 2701 5628 1.
2748 5592 2783 5640 ι,
2811 5588 2856 5627 c.
2891 5573 2965 5641 9).
2997 5572 3178 5625 ιῖιιιιιιι
3207 5572 3247 5623 is
3280 5571 3419 5640 \Zigi-
