3842 6226
443 266 515 325 95
1040 270 1043 273 ‹
1136 298 1139 299 ,
1314 224 1317 229 ’
1753 248 1971 305 victLu
2011 209 2375 307 TAPSENSlS
3599 245 3666 299 96

443 380 545 434 lius
565 352 743 432 noster
764 374 922 429 fuerit
945 376 1101 442 plane
1127 372 1389 427 incertum
1406 379 1507 426 est.
1526 368 1581 422 Id
1600 375 1825 431 certum,
1851 378 2007 433 opus,
2036 368 2087 443 Α
2116 364 2302 426 sciam,
2330 364 2538 417 ratione
2568 364 2775 431 ductus,
2810 366 3005 419 nullius
3046 362 3363 420 auctoritate
3386 361 3559 415 fultus.
3588 361 3663 416 De

442 470 807 538 qua'ecuuque
830 464 1005 527 fuerit,
1038 462 1323 516 interiisse.

518 558 753 624 Denique
776 556 954 608 mimi
978 554 1123 619 licet,
1151 554 1276 622 quid
1302 552 1401 607 sibi
1432 550 1557 605 velit
1581 547 1875 603 Casimirus
1901 545 2009 600 Du.

443 650 556 712 diu,
583 648 673 716 qui
693 662 799 700 non
828 661 933 698 uno
968 662 1015 698 tn
1048 646 1165 698 loco
1189 643 1407 697 Arnobii
1437 641 1673 695 iunioris
1702 654 1823 691 cum
1848 637 2008 690 Sera-

370 776 373 777 ν
445 741 600 807 ijne
638 724 940 789 conflictum
974 736 1165 805 Vigilio
1203 745 1382 788 nostro
1413 734 1629 794 tribuat,
1674 728 1838 791 nulla,
1870 727 2015 795 quod

2116 455 2215 507 hac
2234 454 2375 508 enim
2403 468 2460 507 re
2492 469 2557 507 ne
2591 459 2685 528 οιρύ
2717 458 2926 524 quidem
2959 456 3139 523 habet,
3169 455 3259 522 qui
3291 452 3466 506 omnia
3495 449 3663 519 Vigilii

2114 560 2276 614 opera
2294 547 2543 610 corrasit,
2566 561 2706 613 Stepe
2728 548 2897 615 dictus
2916 546 3243 612 Cbifﬂetius;
3266 543 3502 615 quamvis
3520 543 3665 597 illum

2115 637 2167 689 in
2193 647 2367 704 partes
2394 650 2584 689 vocare
2606 636 2741 690 velle
2771 629 3032 692 videatur.

448 880 3660 916 __———_—__—_—___——_._—____—

1088 1010 1867 1124 VIGILII
1961 1011 2017 1116 'J

2122 1007 3058 1127 IPSENSIS

780 1216 783 1219 ’
902 1191 1767 1322 CONTRA
1900 1189 3248 1337 EUTYCHETEM

1660 1381 1927 1463 LIBRI
1985 1382 2479 1477 QUINQUE.

1890 1545 2217 1561 _

1460 1650 1939 1757 LIBER
2012 1650 2673 1758 PBLMUS.

514 1827 557 1893 ι
592 1823 631 1876 l.
671 1820 911 1889 Magnum
939 1825 992 1874 et
1033 1832 1211 1887 grave,
1240 1818 1359 1871 fidei
1401 1816 1713 1885 periculum,
1745 1815 1883 1883 quod
1913 1828 2012 1868 nec
2042 1816 2089 1874 Β
2117 1813 2370 1866 Silionum
2411 1814 2613 1881 laqueis
2644 1815 2847 1869 animas
2873 1816 3055 1871 venari
3090 1817 3440 1873 Christianas.
3467 1817 3569 1875 Sed
3590 1819 3673 1875 ni-

440 1917 589 1974 facile
637 1913 858 1974 sentiri,
920 1925 1019 1964 nec
1067 1909 1217 1962 facile
1275 1922 1304 1961 a
1356 1907 1621 1975 plerisque
1674 1907 1847 1960 valeat
1898 1906 2010 1960 evi-

426 2008 536 2061 tari
582 2003 872 2076 (quoniam
942 2008 1026 2055 est
1098 1998 1306 2066 pietatis
1351 1997 1529 2066 specie
1584 1996 2008 2064 obumbratum)

437 2114 532 2167 per
558 2096 748 2151 multas
777 2096 1008 2151 Orientis
1041 2096 1304 2150 Ecclesias
1340 2093 1631 2148 domestica
1669 2088 2011 2149 contentione

437 2188 669 2257 grassari
699 2188 1091 2254 comperimus;
1124 2197 1176 2240 et
1210 2203 1274 2241 eo
1314 2200 1482 2254 usque
1513 2185 1767 2254 pertinaci
1806 2185 2011 2239 animo-

436 2292 555 2331 rum
584 2277 938 2331 obstination»
960 2276 1194 2340 defendi,
1220 2285 1275 2328 ut
1305 2291 1401 2329 nec
1430 2276 1767 2344 antiquorum
1793 2272 2009 2327 Patrum

438 2368 808 2422 traditionibus
839 2410 852 2432 ,
900 2380 996 2422 nec
1046 2368 1410 2435 religiosorum
1464 2366 1759 2435 principum
1809 2366 2013 2420 severis

436 2457 800 2512 sanctionibus
838 2460 1005 2525 possit
1027 2458 1108 2513 vel
1138 2459 1365 2526 potuerit
1390 2458 1675 2523 amputari.
1705 2457 2013 2511 Praeventus

440 2549 581 2603 enim
626 2549 773 2602 falsae
810 2551 1073 2617 epiniunis
1109 2564 1294 2603 errore
1346 2550 1609 2603 humanus
1654 2549 1884 2614 auditus,
1942 2546 2010 2602 ad

440 2639 553 2692 veri
581 2631 840 2693 ra'tionem
872 2639 1265 2706 percipiendam
1296 2640 1458 2692 durus
1481 2646 1536 2692 et
1575 2638 1901 2704 perdifficilis
1930 2638 2010 2691 in-

440 2730 685 2791 venitur,
737 2732 1156 2799 quantiscunque
1213 2730 1433 2784 testibus
1480 2740 1749 2799 urgeatur.
1811 2730 2011 2783 Mavult

439 2820 584 2873 enim
616 2821 758 2895 pravi
786 2820 1050 2889 dogmatis
1074 2822 1411 2885 sententiam,
1454 2836 1556 2889 qua
1588 2810 1753 2875 semel
1783 2819 2011 2877 infectus

442 2921 543 2974 est,
576 2913 874 2976 perversius
895 2911 1184 2975 vindicare,
1220 2927 1374 2981 quam
1411 2913 1547 2968 hanc
1573 2913 1815 2966 eamdem
1850 2916 2028 2973 tantis.

441 2999 730 3053 divinarum
762 3001 1218 3070 humanarumque
1265 3003 1435 3072 legum
1483 3004 1886 3058 auctoritatibus
1928 3021 2009 3059 re-

442 3092 659 3147 futatam
702 3095 965 3149 salubrius
1012 3096 1311 3150 immutare.
1377 3097 1501 3150 llmc
1550 3112 1676 3164 ergo
1723 3097 2005 3166 perniciosi

2111 1903 2183 1955 hil
2212 1918 2428 1965 novum,
2455 1905 2585 1958 nihil
2608 1908 2944 1975 peregrinum
2970 1908 3223 1963 Ecclesia:
3245 1909 3497 1965 fortitudo
3519 1927 3673 1980 espe-

2109 1996 2263 2059 ritur,
2298 1996 2489 2050 talibus
2521 2012 2651 2064 pene
2680 1997 2748 2051 ab
2766 1999 3025 2054 universis
3050 2001 3314 2056 haereticis
3331 2004 3674 2072 quatiemus

2112 2087 2407 2161 turbinibus
2425 2089 2650 2159 agitata;
2674 2092 3000 2160 triumphum
3023 2094 3089 2147 de
3102 2096 3403 2160 contrariis,
3420 2104 3473 2150 et
3492 2096 3675 2149 immo-

2115 2180 2373 2235 bilitatem
2405 2182 2594 2237 sortita
2616 2183 2684 2238 de
2704 2185 2964 2240 adversis.
2993 2185 3123 2241 Nam
3151 2188 3278 2241 dum
3308 2202 3367 2242 se
3384 2196 3564 2242 contra
3593 2187 3679 2243 Sa.

2112 2258 2333 2324 bellium
2362 2272 2626 2341 armigero
2650 2276 2941 2330 certamine
2970 2283 3200 2342 aptaret,
3225 2276 3342 2331 Filii
3379 2290 3535 2339 atque
3560 2276 3675 2345 Spi-

2112 2359 2428 2413 ritussancti
2448 2376 2795 2427 personarum
2812 2366 3376 2430 exstantiasvindicat;
3394 2368 3531 2436 quod
3548 2368 3681 2422 alius

2111 2452 2180 2503 sit
2210 2452 2297 2517 qui
2324 2454 2511 2521 gignit,
2554 2464 2607 2507 et
2644 2455 2778 2508 alius
2813 2458 2901 2524 qui
2919 2457 3179 2527 gignitur;
3207 2467 3260 2512 et
3288 2459 3422 2512 alius
3465 2460 3529 2513 sit
3559 2475 3677 2529 prs-

2111 2543 2327 2607 cedens,
2379 2544 2513 2599 alius
2543 2545 2609 2601 de
2636 2560 2741 2612 quo
2785 2548 3051 2614 procedit;
3100 2551 3239 2603 alius
3268 2552 3503 2618 mittens,
3549 2550 3680 2606 alius

2112 2632 2334 2697 mit-sus;
2363 2633 2497 2687 alius
2534 2634 2669 2690 Deus
2702 2636 2930 2690 Verbum
2959 2641 3050 2707 qui
3084 2640 3152 2693 de
3179 2638 3395 2708 Virgine
3425 2643 3693 2707 nascitur,

2111 2723 2245 2776 alius
2270 2724 2425 2779 Pater
2451 2726 2537 2792 qui
2570 2738 2842 2794 permanet
2870 2743 3084 2799 semper
3136 2732 3390 2796 innatus;
3424 2734 3563 2787 alius
3594 2734 3677 2803 qui

2112 2828 2209 2880 per
2229 2814 2681 2883 dispensationem
2713 2818 2911 2883 carnis,
2944 2828 3131 2875 cuncta
3162 2831 3357 2875 nostra
3388 2822 3691 2891 fragilitatis

2112 2905 2285 2959 oflicia
2317 2910 2515 2973 exulet,
2567 2910 2704 2964 alius
2735 2912 2890 2965 Pater
2913 2912 3006 2981 qui
3049 2914 3166 2968 sine
3196 2914 3279 2967 his
3308 2916 3555 2971 omnibus
3578 2930 3679 2971 Ita—

2114 3008 2221 3051 net.
2252 2998 2443 3053 Videas
2472 3002 2611 3066 illico
2637 3003 2818 3057 Arium
2856 3015 3101 3073 tanquam
3146 3006 3478 3071 triumphalis
3519 3008 3677 3063 victo-

2112 3091 2203 3143 ria:
2225 3104 2468 3159 suscepta
2511 3096 2727 3149 materia
2751 3098 2947 3150 elatius
2966 3098 3240 3161 insultare,
3264 3109 3317 3152 et
3338 3099 3437 3151 sub
3452 3098 3677 3153 detesta-

443 3186 769 3238 discriminis
816 3188 1024 3240 letlialis
1070 3197 1122 3241 et
1166 3188 1432 3240 mortifera
1476 3188 1640 3256 petitis
1686 3188 1822 3241 intra
1855 3202 2015 3242 vene.
2042 3184 2086 3247 C
2124 3182 2213 3235 1ιὶΙὶ
2250 3183 2480 3250 perﬁdiae
2506 3200 2615 3239 suae
2662 3186 2809 3254 jugO,
2834 3186 3068 3241 ﬁdelium
3098 3189 3235 3242 velle
3251 3189 3387 3243 colla
3418 3190 3677 3258 Subigere.

446 3275 642 3329 randos
675 3276 926 3331 Ecclesia:
957 3278 1130 3330 aditus
1151 3280 1217 3329 ita
1243 3289 1431 3333 cuncta
1460 3278 1684 3333 ferocius
1712 3280 2010 3346 populatttr,

445 3374 503 3419 ut
542 3381 606 3421 eo
655 3356 1025 3435 plus'noceat,
1055 3384 1159 3435 quo
1204 3370 1378 3423 minus
1430 3385 1621 3424 nocere
1680 3370 2013 3437 intelligitur.

446 3458 534 3511 Sic
563 3461 702 3513 enim
735 3460 985 3513 teterrimi
1024 3460 1208 3527 anguis
1228 3462 1411 3534 educta
1444 3461 1767 3529 magisterio,
1802 3460 2016 3515 insidia-

448 3563 563 3601 rum
596 3564 806 3602 suarum
838 3550 1093 3614 ancipites
1121 3554 1333 3617 laqueos
1361 3550 1543 3605 dextra
1581 3552 1816 3618 Itemque
1846 3559 2019 3605 teten-

448 3640 547 3703 dit,
578 3650 633 3692 ut
665 3652 1045 3707 perangustum
1079 3652 1133 3695 ct
1164 3644 1319 3695 nimis
1347 3644 1568 3696 arduum
1599 3644 2019 3703 commeantibus

446 3729 652 3784 itineris
672 3731 859 3783 callem
887 3732 1180 3801 reliquerit.
1212 3734 1268 3787 Si
1295 3735 1444 3786 enim
1459 3734 1723 3801 paululum
1748 3736 1797 3787 in
1821 3744 2022 3787 utram-

447 3834 549 3887 que
571 3829 771 3886 partem
804 3823 1039 3876 nutantia
1069 3822 1303 3877 volueris
1346 3822 1544 3878 inferre
1583 3825 1818 3893 vestigia,
1878 3823 2022 3879 illico

446 3912 689 3978 capieris.

519 4002 582 4056 ll.
635 4002 776 4057 Inter
819 4002 1047 4058 Nestorii
1096 4018 1224 4071 ergo
1272 4003 1539 4072 quandam
1588 4003 1840 4057 Ecclesia:
1882 4006 2021 4058 Con-

448 4096 948 4164 stantinopolitanae,
995 4113 1099 4149 nou
1140 4093 1360 4151 rectoris
1402 4098 1495 4149 sed
1526 4096 1881 4164 dissipatoris,
1915 4111 2024 4150 non

454 4186 679 4253 pastoris
707 4185 799 4238 sed
828 4186 1138 4252 praedatoris
1166 4187 1478 4254 sacrilegum
1520 4186 1731 4255 dogma,
1764 4197 1817 4241 et
1860 4184 2025 4257 Euty-

452 4275 619 4326 cht'tis
660 4272 914 4327 nefariam
961 4281 1015 4325 et
1059 4273 1419 4326 detestabilem
1452 4278 1745 4343 gsectam,
1804 4276 1874 4329 ita
1907 4290 2025 4329 ser-

455 4367 687 4432 pentium
712 4362 1055 4431 grassationis
1101 4378 1219 4415 sese
1265 4363 1529 4416 calliditas
1574 4364 1912 4430 temperavit,
1969 4372 2027 4417 ut

460 4462 740 4519 utrumque
768 4454 885 4505 sine
910 4452 1182 4516 utriusque
1209 4453 1438 4518 periculo
1460 4452 1697 4520 plerique
1725 4454 1890 4506 vitare
1919 4469 2022 4508 non

2117 3273 2429 3344 Cognoscite
2462 3276 2721 3343 inquiens,
2755 3280 3013 3346 potiorem
3037 3294 3158 3334 esse
3182 3278 3273 3348 qui
3305 3280 3466 3333 mittit
3492 3296 3556 3333 eo
3580 3283 3668 3348 qui

2118 3365 2383 3419 mittitur:
2415 3352 2718 3418 inferiorem
2748 3381 2867 3420 esse
2898 3368 2989 3435 qui
3027 3368 3360 3437 obsequitur,
3391 3368 3681 3437 digniorem

2122 3455 2207 3523 cui
2238 3455 2596 3507 munificentia
2624 3456 2923 3509 exhibetur.
3134 3446 3139 3449 Α

2193 3547 2276 3600 lll.
2318 3546 2661 3600 Manicheum
2690 3547 2877 3601 itidem
2918 3562 3038 3601 cum
3078 3548 3146 3602 de
3172 3549 3399 3603 veritate
3439 3549 3680 3606 dominici

2121 3639 2360 3703 corporis
2398 3637 2653 3703 obtundo,
2696 3638 2835 3707 quod
2881 3654 2984 3692 non
3030 3637 3205 3693 fallaci
3248 3640 3579 3713 simulatione
3628 3649 3681 3694 et

2124 3727 2438 3793 quibusdam
2490 3728 2792 3780 illusionum
2840 3724 3124 3796 prtestigiis
3154 3728 3313 3782 fuerit
3358 3739 3683 3796 sumptum,

2125 3804 2414 3869 tumentem
2448 3815 2676 3885 Virginis
2705 3818 2878 3870 alvum
2919 3818 3125 3887 allego;
3158 3820 3443 3884 prastolati
3483 3828 3682 3886 tempt»

2126 3906 2199 3958 ris
2230 3920 2424 3969 moras,
2465 3921 2597 3974 quas
2640 3907 2835 3960 diutius
2868 3909 3007 3961 intra
3050 3908 3276 3961 materni
3328 3910 3465 3963 uteri
3514 3910 3683 3977 hospi-

2124 3996 2277 4060 tium,
2308 4010 2475 4062 usque
2502 3996 2565 4048 ad
2599 3985 2886 4064 legitimum
2933 4005 3113 4063 partus
3140 3997 3281 4051 diem
3308 4000 3507 4072 peregit
3533 4000 3581 4069 3
3604 3999 3683 4052 in-

2124 4085 2277 4137 sinuo
2311 4103 2324 4137 :
2358 4088 2621 4154 puerperii
2647 4101 2829 4150 cunas,
2856 4089 3087 4156 vagitum
3118 4088 3351 4151 infantis,
3374 4078 3545 4148 atatis
3567 4104 3682 4157 pro-

2127 4175 2343 4238 fectum,
2370 4176 2433 4229 ad
2459 4175 2696 4229 ultimum
2730 4178 2993 4245 passionis
3018 4178 3267 4242 ludibria,
3293 4182 3470 4233 cruc’s
3498 4178 3683 4246 patibu-

2128 4265 2260 4329 lum,
2300 4267 2630 4321 coniisioues
2673 4269 2965 4333 clavorum,
3009 4270 3178 4337 aperti
3225 4270 3405 4323 lateris
3448 4285 3680 4324 cruorem

2128 4358 2284 4409 simul
2313 4366 2365 4410 et
2403 4359 2638 4423 laticem,
2674 4358 3097 4421 descensionem,
3132 4361 3484 4428 sepulturam,
3512 4377 3681 4417 resur-

2130 4446 2438 4513 rectionem,
2471 4458 2523 4499 et
2555 4447 2695 4516 quod
2724 4449 2835 4516 ipse
2860 4465 3068 4518 quoque
3098 4450 3353 4505 Dominus
3380 4455 3487 4505 ait:
3526 4452 3682 4508 Vultis

456 4544 700 4614 possint;
744 4543 867 4595 dum
919 4543 963 4595 si
1012 4542 1129 4609 quis
1180 4542 1407 4595 Nestorii
1454 4543 1727 4607 perﬁdiam
1782 4543 2021 4609 damnat,
2048 4546 2099 4606 D
2125 4558 2199 4594 me
2223 4543 2474 4613 occidere,
2503 4544 2757 4597 hominem
2796 4550 2883 4611 qui
2906 4547 3163 4598 veritatem
3191 4544 3388 4600 locutus
3412 4563 3522 4599 sua
3558 4550 3681 4601 vobis

456 4634 764 4703 Eutychetis
794 4642 1003 4701 putatur
1033 4634 1200 4685 errori
1228 4633 1598 4687 succumbere.
1632 4632 1857 4686 Rursum
1895 4632 2019 4687 dum

455 4727 798 4793 Eutycltiante
850 4724 1069 4777 haeresis
1116 4724 1440 4789 impietatem
1489 4722 1737 4786 destruit,
1791 4724 2024 4778 Nestorii

454 4820 690 4886 arguitur
712 4817 901 4884 dogma
929 4817 1151 4884 erigere.
1182 4814 1285 4867 Sed
1309 4814 1404 4865 has
1447 4813 1679 4867 inanium
1725 4815 2024 4868 accusatio-

368 4942 377 4950 ~
455 4924 580 4961 num
611 4910 827 4961 nebulas
857 4907 930 4958 illi
962 4905 1239 4957 ommduut
1269 4905 1553 4972 praecipue,
1584 4905 1671 4971 qui
1694 4914 1785 4957 aut
1811 4906 2022 4972 imperi-

459 5000 544 5049 tite
576 4998 721 5056 vitio,
753 5008 841 5048 aut
867 4997 1221 5049 contentionis
1266 4995 1453 5048 morbo
1491 5002 1784 5063 aegrotant;
1817 5004 1871 5047 et
1896 4994 2022 5048 dum

458 5090 742 5157 petulantis
768 5088 925 5139 animi
960 5087 1245 5155 supercilio
1274 5087 1569 5155 eriguntur,
1597 5088 1887 5155 antiquitus
1919 5096 2023 5139 tra-

455 5178 594 5230 ditas
632 5194 663 5229 a
705 5176 943 5228 Patribus
971 5176 1089 5228 lidei
1133 5178 1341 5243 regulas
1383 5176 1454 5230 ob
1498 5177 1598 5230 hoc
1647 5179 1817 5229 solum
1842 5177 2021 5244 despi-

454 5274 624 5337 ciunt,
659 5278 715 5321 ut
752 5270 887 5322 male
929 5279 1212 5336 conceptas
1246 5268 1535 5324 uovitatum
1567 5282 1778 5321 suarum
1808 5278 2021 5322 senten-

456 5362 555 5413 tias
588 5358 834 5412 Ecclesia:
864 5338 1245 5411 .iutromittant.
1278 5358 1358 5412 Ob
1405 5360 1451 5411 id
1483 5362 1639 5413 etiam
1684 5361 1856 5430 nobis,
1904 5370 2021 5414 tau-

455 5462 609 5513 quam
648 5446 937 5500 dialecticaa
984 5448 1113 5499 artis
1166 5434 1423 5515 magistri,
1477 5465 1579 5501 non
1624 5462 1867 5518 tanquam
1900 5465 2024 5504 vere

458 5535 655 5589 Christi
702 5538 965 5605 discipuli,
996 5539 1241 5607 ancipitis
1271 5542 1631 5605 reSponsionis
1664 5540 2022 5593 inevitabilem

459 5626 817 5693 syllogismum
847 5630 1087 5695 tendunt,
1122 5631 1439 5684 arbitrantes
1468 5645 1624 5699 ροδδο
1647 5646 1703 5685 se
1732 5630 1812 5683 liis
1836 5645 2025 5699 propo-

2125 4632 2303 4703 (Joan.
2334 4648 2454 4697 vttt,
2482 4633 2593 4706 40).
2622 4635 2685 4689 Et
2709 4636 2992 4704 Apostolus
3015 4654 3029 4689 :
3057 4636 3204 4689 Sicut
3230 4652 3319 4705 per
3347 4653 3506 4689 suum
3532 4638 3680 4692 homi-

2128 4738 2238 4774 nem
2267 4739 2422 4785 mors,
2467 4724 2537 4776 ita
2564 4734 2608 4777 et
2648 4739 2737 4793 per
2770 4740 2927 4776 unum
2952 4724 3204 4795 hominm
3226 4728 3524 4779 resurrectio
3554 4744 3685 4781 nter-

2129 4811 2402 4880 tuorumU
2444 4813 2563 4867 Cor.
2595 4829 2681 4880 xv,
2730 4814 2845 4882 2|).
2901 4814 2969 4868 Et
2994 4833 3006 4867 :
3034 4814 3179 4869 L’nus
3220 4817 3468 4869 mediator
3514 4818 3605 4872 Dei
3641 4828 3680 4872 ct

2126 4904 2381 4955 hominum
2412 4904 2562 4956 homo
2607 4902 2834 4957 Christus
2876 4903 3026 4959 Iesus
3056 4904 3109 4976 (I
3161 4906 3294 4961 Tini.
3322 4922 3389 4968 ll,
3435 4908 3516 4977 5).
3572 4909 3679 4962 Hac

2128 5008 2212 5045 tne
2238 5002 2419 5047 contra
2448 4992 2793 5046 lilanichaeum
2831 5004 3190 5063 perorantem,
3242 4995 3499 5050 Photinus
3528 5006 3679 5051 tet-tn

2126 5085 2266 5137 velut
2297 5078 2643 5152 praeparatum
2672 5084 2868 5147 cibum.
2900 5086 3231 5141 avidioribus
3253 5088 3491 5154 perndie
3530 5088 3678 5143 fauci-

2128 5174 2224 5225 bus
2251 5175 2435 5227 nititur
2459 5184 2812 5229 trausvurare.
2844 5176 3052 5229 Rursus
3091 5190 3213 5229 cum
3255 5191 3341 5229 me
3364 5186 3546 5231 contra
3572 5193 3677 5233 esui

2128 5267 2289 5319 armis
2315 5266 2533 5321 vivilicae
2564 5267 2803 5339 lectionis
2827 5268 3148 5333 instruxere,
3180 5276 3236 5321 et
3262 5269 3424 5321 multa
3456 5273 3675 5326 testimo-

2129 5357 2331 5409 niorum
2360 5358 2531 5424 j-icula
2553 5398 2567 5420 ,
2606 5357 2794 5410 Filium
2841 5357 2935 5410 Dei
2970 5357 3130 5411 Deum
3158 5373 3346 5413 verum
3374 5374 3494 5414 esse
3519 5374 3677 5414 conte-

2129 5448 2320 5501 stantia
2351 5449 2649 5513 vibravero,
2684 5463 2900 5502 necesse
2938 5448 3104 5503 habeo
3150 5452 3286 5503 inter
3325 5464 3516 5505 caetera
3538 5454 3676 5505 etiam

2130 5539 2254 5592 illud
2286 5540 2576 5607 opponere,
2606 5539 2743 5608 quod
2770 5540 2821 5591 in
2842 5540 3224 5593 similitudinem
3246 5540 3511 5592 hominem
3534 5540 3675 5608 [sttui

2131 5630 2226 5695 sit,
2254 5638 2301 5683 et
2332 5627 2510 5682 habitu
2540 5632 2765 5683 iuventus
2797 5640 2851 5683 ut
2882 5636 3027 5685 homo
3048 5628 3272 5700 (Philip.
3306 5646 3375 5696 tt,
3408 5632 3485 5699 7).
3518 5632 3570 5685 In
3593 5642 3676 5701 quc
