3842 6226
189 314 273 370 97·

1253 311 1519 365 CONTRA
1557 313 2016 370 EUTYCHETEM
2059 317 2182 370 LIB.
2227 320 2264 371 l.
3286 330 3352 382 98

188 439 270 477 me
291 421 392 474 loco
435 418 752 472 lanichmus
798 419 1100 508 strangulat,
1133 429 1185 472 et
1234 422 1295 473 ad
1349 437 1405 475 se
1434 439 1702 478 recursum
1734 430 1783 488 Α
1813 442 1992 480 rursus
2017 430 2065 490 in
2088 432 2271 484 eadem
2293 434 2530 499 corporis
2560 434 2723 489 forma
2744 442 3209 508 compungentium
3234 458 3356 496 ocu-

185 510 357 566 I’ecisse
379 525 492 562 cum
521 516 627 561 tota
655 506 859 558 ovantis
878 506 1032 558 animi
1056 508 1412 565 exsultatione.
1430 513 1705 565 vociferat.

185 601 282 656 Sed
314 601 522 654 multum
543 607 645 658 est,
669 605 721 648 et
750 595 901 648 nimis
926 611 1224 663 operosum,
1259 601 1378 652 talia
1414 605 1708 654 sententia-

184 706 294 746 rum
321 686 567 743 teudicula
592 684 881 747 revolvere,
911 685 1096 752 quibus
1127 687 1385 741 lnereticre
1441 689 1710 742 machina-

189 781 334 835 tionis
373 776 699 832 fraudulenta
735 773 999 842 subreptio
1034 777 1325 832 libertatem
1353 779 1625 833 catholicae
1653 781 1712 832 li-

185 871 266 925 dei
295 871 460 923 nititur
489 865 778 933 eaptivare.

253 959 335 1015 IV.
375 948 440 1013 Et
463 957 711 1026 quoniam
755 960 935 1006 contra
981 953 1073 1005 has
1117 943 1301 1009 omnes
1342 955 1712 1009 hmreticorum

187 1061 349 1119 pestes
373 1045 673 1116 plenissime
697 1058 726 1096 a
759 1041 954 1096 nostris
978 1043 1260 1109 majoribus
1287 1048 1607 1112 disputatum
1636 1056 1717 1100 est

187 1139 335 1207 (quod
361 1140 512 1192 etiam
546 1137 593 1190 si
628 1135 681 1187 in
710 1133 908 1188 erroris
937 1146 1120 1185 eorum
1148 1131 1556 1188 destruetionem
1588 1134 1714 1187 nulli

187 1232 521 1285 conderentur
567 1227 711 1292 libri,
743 1226 843 1279 hoc
884 1225 1053 1294 ipsum
1086 1224 1254 1276 solum
1290 1225 1430 1291 quod
1472 1225 1716 1278 hmretici

185 1320 645 1383 sonturonantiati,
669 1317 1082 1372 orthodoxorum
1110 1314 1380 1368 securitati
1407 1315 1718 1378 sufﬁceret),

189 1426 316 1464 nunc
344 1411 465 1463 istos
494 1409 762 1462 videamus
785 1420 1009 1475 quorum
1054 1414 1282 1457 mentem
1312 1404 1497 1469 anguis
1537 1407 1623 1455 itte
1647 1415 1722 1456 te-

187 1491 419 1555 Icrrimus
455 1514 484 1552 a
523 1499 764 1552 castitate
795 1497 937 1558 ﬁdei,
974 1509 1089 1563 quas
1137 1503 1217 1547 est
1253 1493 1304 1544 in
1334 1492 1542 1544 Christo
1577 1492 1721 1556 Jesu,

189 1595 250 1643 ita
282 1589 526 1654 corrupit,
563 1596 621 1638 ut
669 1587 722 1637 in
763 1593 1002 1652 apertum
1042 1582 1284 1636 nefanda:
1335 1579 1726 1649 praedicationis

188 1681 484 1734 adulterium
523 1678 750 1729 frontem
789 1687 972 1728 eorum
1023 1671 1361 1739 impudentia:
1391 1671 1526 1723 callo
1555 1669 1724 1721 obdu-

1816 517 1879 569 lis
1918 520 1968 571 in
2007 523 2464 577 consummatione
2503 529 2754 594 temporis
2801 544 2920 584 sese
2957 531 3358 587 demonstrabit.

1810 606 1940 660 Nam
1969 609 2013 661 si
2043 610 2228 663 harum
2258 611 2478 665 duarum
2505 628 2606 666 una
2635 619 2886 670 exstincta
2921 619 3005 672 vel
3035 621 3207 686 potius
3235 635 3364 673 con-

1811 709 2040 765 sumpta,
2067 701 2246 754 relicta
2276 711 2361 756 est
2380 717 2511 769 una;
2542 705 2591 756 id
2615 719 2940 774 consequens
2971 710 3072 762 erit
3099 718 3156 762 ut
3186 711 3363 763 Domi-

1813 799 1912 839 nus
1950 786 2104 841 Jesus
2139 787 2405 854 Christus,
2439 799 2530 843 aut
2578 791 2716 844 Deus
2749 797 3128 862 tantummodo,
3173 812 3275 850 non
3313 805 3366 849 et

1815 870 1973 926 homo
2027 875 2185 941 idem,
2227 886 2316 929 aut
2360 876 2518 930 homo
2561 881 2944 945 tantummodo,
2990 899 3094 938 non
3138 895 3190 938 et
3227 885 3367 938 Deus

1816 959 1954 1014 idem
1985 963 2296 1029 impiissime
2325 969 2661 1035 prmdicetur.
2698 970 2810 1023 Non
2842 972 3013 1040 itaque
3035 975 3289 1030 debemus
3315 978 3365 1046 5

1819 1065 1911 1118 per
1939 1050 2074 1104 hanc
2102 1055 2272 1107 stulta:
2294 1056 2685 1123 praedicationis
2716 1059 2997 1122 insaniam,
3029 1049 3369 1131 dignationis,

1818 1141 2192 1211 dignitatisque
2213 1159 2423 1201 cassare
2445 1149 2775 1214 mysterium.
2796 1149 3122 1219 Dignationis
3147 1153 3368 1218 scilicet,

1820 1231 1940 1296 quia
1974 1230 2110 1283 Deus
2137 1232 2381 1298 dignatus
2408 1244 2488 1287 est
2511 1235 2623 1288 fieri
2656 1237 2832 1290 homo.
2868 1239 3144 1306 Dignitatis
3172 1250 3369 1304 autem,

1821 1321 1939 1387 quia
1970 1321 2336 1376 Verhi'natnra
2367 1325 2416 1377 in
2442 1328 3372 1386 carnisadunationeimmutabiliter

1826 1421 2186 1474 permanente,
2219 1427 2311 1477 per
2343 1414 2492 1464 unius
2515 1428 2753 1481 persona:
2784 1431 3029 1472 arcanum
3055 1421 3192 1474 idem
3219 1420 3376 1473 homo

1825 1508 1909 1550 est
1940 1500 2094 1552 Deus.
2122 1501 2185 1552 Et
2213 1501 2298 1554 hic
2325 1516 2514 1556 sensus
2537 1503 2826 1559 catholicus
2852 1518 3157 1563 naturarum
3184 1511 3236 1563 in
3259 1526 3378 1565 sese

1827 1592 2126 1641 coeuntium
2151 1592 2521 1644 adunationem
2553 1609 2653 1644 non
2684 1604 2886 1649 naturae
2917 1599 3160 1650 unionem
3192 1600 3380 1655 admit-

1833 1679 1923 1739 tit;
1957 1677 2078 1730 dnm
2108 1693 2175 1732 ex
2203 1680 2407 1732 duabus
2429 1682 2690 1744 adunatis,
2715 1683 3004 1752 iisdemque
3026 1691 3382 1752 manentibus.

190 1780 318 1824 Cum
347 1767 641 1828 πωπετίιν
673 1774 730 1817 ιη
753 1763 872 1831 iure
901 1763 951 1814 in
970 1760 1044 1813 eis
1070 1760 1433 1828 Propheiicum
1458 1757 1582 1810 illud
1612 1772 1730 1808 οη·
1762 1763 1806 1820 Β
1836 1783 1971 1819 unus
2011 1770 2146 1822 Deus
2187 1770 2428 1838 idemque
2473 1776 2629 1825 homo
2676 1773 2909 1826 creditur
2944 1775 3205 1831 Christus.
3251 1781 3383 1846 Quia

190 1861 352 1912 culnm
381 1858 543 1909 valeat
595 1850 892 1908 redundare
922 1863 935 1902 :
963 1847 1143 1901 Facies
1177 1848 1444 1899 meretricis
1486 1850 1619 1913 facta
1656 1855 1728 1895 est

193 1945 415 2016 ribi(.ler.
449 1961 524 2009 ιιι,
558 1944 636 2009 5).
673 1942 800 1995 Nam
829 1943 873 1994 si
921 1953 1026 1992 non
1065 1939 1136 1990 ita
1176 1947 1276 2002 est,
1319 1935 1441 2004 quid
1475 1936 1572 1988 sibi
1603 1948 1729 2002 ergo

193 2040 294 2089 vult
329 2037 460 2101 quod
508 2048 605 2086 nec
637 2020 798 2084 tantis.
830 2028 1175 2083 conciliorum
1207 2027 1453 2089 decretis,
1486 2040 1583 2078 nec
1623 2034 1726 2075 tam

195 2124 417 2190 plurimis
455 2123 790 2190 antiquorum
831 2118 1044 2170 Patrum
1076 2114 1353 2168 sententiis
1383 2112 1607 2167 cedunt?
1630 2113 1731 2164 Ac-

195 2221 370 2266 cusant
408 2211 564 2279 igitur
604 2223 701 2263 nos
737 2207 861 2260 dum
892 2206 1164 2272 utriusque
1213 2213 1408 2256 natura:
1460 2201 1728 2256 Christum

197 2305 426 2368 fatemur,
458 2314 706 2372 tanquam
729 2300 862 2355 duos
886 2300 1143 2362 Cltristcs,
1174 2312 1335 2351 unum
1378 2297 1563 2359 Deum,
1607 2297 1736 2348 alte-

204 2410 308 2448 ram
338 2393 619 2454 hominem,
645 2391 796 2459 juxta
823 2388 1094 2442 infandum
1125 2384 1353 2459 Nestorii
1379 2398 1614 2438 errorem
1644 2399 1737 2452 per

199 2486 485 2541 dualitatem
514 2495 718 2538 natura
741 2483 1016 2537 videamur
1040 2495 1298 2534 asserere.
1328 2479 1430 2533 Sed
1458 2493 1552 2531 nos
1577 2493 1739 2529 unum

205 2575 374 2640 Deum,
394 2575 742 2642 eamdemque
769 2572 958 2640 Filith
988 2571 1099 2635 Dei,
1124 2579 1179 2623 et
1204 2570 1432 2623 hominis
1453 2567 1506 2636 [ο
1528 2567 1736 2629 Filium,

204 2678 296 2716 ιιοιι
319 2665 446 2718 duos
471 2663 818 2732 proﬁtemur:
851 2671 904 2715 et
955 2660 1030 2713 ita
1068 2661 1296 2713 Verbum
1339 2659 1474 2711 intra
1521 2658 1738 2725 virginei

206 2753 323 2805 nteri
347 2763 562 2816 secreta,
597 2752 777 2805 carnis
808 2750 910 2804 sibi
938 2750 1084 2803 initia
1112 2749 1436 2813 consevisse,
1470 2747 1519 2800 id
1549 2755 1632 2800 est
1656 2748 1739 2799 in-

206 2851 458 2894 earnatum
487 2841 666 2904 fuisse,
697 2848 756 2893 ut
779 2836 957 2891 tamen
991 2837 1144 2891 Verbi
1193 2845 1377 2889 natura
1425 2849 1530 2887 non
1573 2843 1743 2886 muta-

210 2940 338 2981 retur
375 2933 424 2981 in
468 2943 702 2982 carnem.
755 2926 991 2993 Itemque
1033 2924 1204 2977 carnis
1247 2934 1484 2975 naturam
1533 2924 1601 2974 ita
1652 2936 1741 2988 per

210 3018 522 3086 suscipientis
545 3016 978 3072 commixtionem
1011 3013 1251 3083 in‘Verbi
1282 3014 1536 3066 transisse
1565 3024 1746 3077 perso-

1831 1858 2119 1912 secundum
2166 1859 2295 1912 istos
2329 1861 2414 1926 qui
2460 1877 2614 1913 unam
2657 1865 3018 1918 tantummodo
3063 1860 3386 1924 contendunt

1831 1967 1950 2005 esse
1993 1962 2382 2019 naturam,‘aut
2412 1953 2571 2007 Verbi
2624 1965 2818 2008 mutata
2863 1965 2944 2009 est
2984 1957 3035 2011 in
3065 1974 3299 2024 carnem,
3332 1973 3388 2015 ut

1832 2041 1990 2122 ﬁeret.
2009 2057 2145 2105 una;
2175 2051 2265 2094 aut
2286 2043 2460 2096 carnis
2492 2044 2540 2096 in
2566 2043 2741 2097 Verbo
2764 2058 3073 2114 consumpta
3094 2058 3192 2113 est,
3226 2060 3276 2103 ut
3303 2065 3388 2105 ex-

1831 2132 2077 2187 Stantiam
2121 2134 2202 2184 sui
2241 2147 2335 2198 per
2377 2131 2459 2185 sui
2504 2132 2844 2188 abolitionem
2892 2137 3139 2191 amittens
3173 2139 3389 2192 omnino

1832 2237 1949 2276 esse
1983 2237 2084 2274 non
2121 2223 2303 2289 possit.
2339 2231 2395 2276 ut
2431 2223 2544 2276 sola
2574 2224 2732 2278 Verbi
2774 2235 3044 2278 remaneat
3081 2241 3204 2278 una.
3237 2227 3410 2292 Quod,

1835 2325 1990 2378 quam
2021 2311 2091 2361 sit
2127 2310 2363 2375 impium,
2401 2325 2662 2378 quamque
2703 2314 3014 2381 sacrilegum
3059 2315 3394 2380 apertissime

1838 2398 1968 2453 mihi
2008 2413 2326 2466 cognoscere
2369 2399 2591 2464 videtur,
2648 2402 2888 2469 quisquis
2933 2403 3221 2471 apostolica
3252 2404 3395 2472 dog-

1839 2498 2000 2550 mata,
2045 2502 2149 2540 non
2183 2486 2410 2540 humana
2460 2499 2758 2541 commenta
2798 2498 3050 2543 sectatur.
3098 2491 3230 2556 Quia
3267 2507 3395 2546 vero

1840 2578 1979 2634 idem
2012 2577 2149 2630 Deus
2184 2577 2343 2630 homo
2391 2585 2491 2639 est,
2541 2583 2594 2629 et
2637 2576 2772 2630 idem
2804 2577 2978 2631 ‘homo
3018 2579 3156 2634 Deus
3200 2589 3304 2643 est,
3331 2595 3395 2635 ex

1841 2678 2064 2733 utroque
2090 2653 2403 2728 subsistens,
2439 2673 2658 2732 utroque
2683 2681 2786 2717 non
2808 2680 3014 2731 carens,
3043 2676 3259 2736 apparet
3278 2684 3399 2724 eum

1841 2756 2114 2824 utriusque
2136 2769 2255 2808 esse
2279 2762 2502 2818 naturae,
2526 2755 2643 2822 quia
2669 2765 2910 2809 neutrum
2936 2766 3108 2823 potest
3135 2762 3398 2828 amittere.

1913 2847 1999 2899 Vl.
2031 2847 2136 2898 Cur
2165 2853 2338 2898 autem
2362 2843 2470 2908 isti,
2494 2845 2573 2897 vel
2606 2847 2869 2910 quomodo
2900 2846 2950 2898 in
2973 2848 3228 2901 ambabus
3249 2859 3399 2902 natu-

1842 2935 1917 2989 ris
1935 2935 2272 3003 proprietatis
2291 2949 2482 2986 nomen
2503 2933 2782 3002 refu‘giunt,
2809 2936 2986 2989 nescio
3009 2952 3131 3000 num
3153 2951 3216 2990 eo
3239 2950 3400 3006 usque

1845 3026 2080 3096 perﬁdiae
2108 3025 2367 3079 velamine
2401 3024 2753 3090 abducuntur,
2789 3033 2849 3078 ut
2889 3041 2992 3080 non
3031 3026 3262 3093 videant,
3297 3024 3401 3082 non

213 3121 338 3188 "3'
359 3117 415 3161 ¹¹¹
440 3124 539 3161 ¹¹⁰¹¹
560 3117 738 3161 “me”
769 3105 924 3159 meri"
949 3106 1000 3158 i“
1023 3105 1194 3158 verbo
1219 3113 1546 3172 consumpta-
1573 3104 1746 3156 Manet
1771 3106 1818 3170 Ε
1852 3123 2169 3191 intelligant,
2201 3121 2252 3173 in
2281 3120 2489 3173 Christo
2511 3113 2651 3172 aliud
2680 3118 2959 3183 divinitati,
2989 3121 3132 3174 aliud
3161 3123 3400 3174 humani-

211 3200 333 3251 eaim
361 3210 598 3268 utraque,
630 3200 680 3252 id
709 3208 792 3252 est
832 3197 988 3250 Verbi
1022 3197 1300 3264 carnisque
1348 3206 1554 3256 natura,
1584 3202 1638 3247 et
1679 3207 1745 3247 ex

213 3287 281 3341 bis
305 3288 500 3362 duabus
525 3289 788 3355 hodieque
838 3285 1172 3338 manentibus
1209 3298 1340 3337 unus
1371 3293 1452 3338 est
1481 3283 1744 3346 Christus,

213 3393 398 3447 unaque
432 3394 668 3445 persona.
704 3378 831 3444 Quis
859 3378 998 3431 enim
1029 3378 1278 3445 sacrilega
1313 3377 1563 3443 opinione
1590 3374 1745 3426 indu-

213 3478 284 3520 tas
307 3485 532 3537 eousque
556 3469 819 3536 desipiat?
841 3469 969 3533 Quis
1002 3467 1053 3518 in
1091 3475 1196 3519 tam
1242 3467 1517 3530 abruptutn
1550 3464 1747 3516 erroris

216 3557 460 3610 baratrum
487 3560 832 3624 semetipsum
883 3555 1105 3621 injiciat,
1141 3564 1192 3604 ut
1237 3553 1424 3605 Filium
1471 3552 1585 3616 Dei,
1633 3551 1749 3604 sine

218 3657 296 3698 sua
327 3663 400 3715 pri
424 3647 530 3714 pria
553 3661 736 3706 carne,
760 3660 914 3712 quam
935 3646 984 3696 in
1015 3641 1178 3696 Sacrae
1198 3642 1420 3710 Virginis
1443 3654 1594 3694 utero
1617 3639 1745 3692 iuet‘.

219 3732 338 3786 [abili
380 3736 645 3787 societatis
692 3732 1046 3802 permixtione
1101 3733 1167 3782 ita
1219 3731 1427 3782 sibimet
1478 3729 1746 3791 aduuavit,

221 3835 268 3874 ut
293 3811 510 3877 Verbum
530 3824 715 3885 homo,
740 3831 794 3874 et
824 3823 981 3873 homo
1007 3820 1163 3882 Deus,
1196 3822 1435 3884 idemque
1460 3832 1621 3879 unus,
1647 3832 1748 3869 non

220 3914 411 3965 mutatis
440 3923 744 3965 naturarum
787 3911 1070 3978 generibus
1097 3910 1263 3970 fieret,
1298 3917 1451 3976 neget
1492 3908 1648 3962 hodie
1669 3922 1754 3960 se—

218 3999 327 4054 dere
345 4003 405 4055 ad
431 4003 696 4055 dexteram
721 4001 913 4064 Patris,
932 4010 1315 4066 venturumque
1339 3997 1579 4065 judicare
1606 3999 1753 4048 vivos

219 4098 264 4141 et
281 4101 500 4145 mortuos
517 4109 530 4155 ;
547 4109 668 4145 cum
692 4094 862 4159 ipsum
879 4091 1158 4145 Dominum
1178 4092 1377 4143 dixisse
1400 4103 1502 4142 non
1530 4088 1752 4152 nesciat,

220 4176 328 4230 Cant
353 4186 533 4234 venerit
557 4181 726 4236 Filius
751 4183 963 4234 hominis
987 4184 1038 4234 in
1058 4183 1218 4251 gloria
1246 4180 1412 4231 Patris
1437 4180 1514 4230 sui
1538 4159 1750 4245 (Matth.

222 4280 312 4330 xrt,
335 4270 455 4339 27)?
475 4271 587 4324 Non
618 4272 784 4340 quod,
806 4279 865 4324 ut
892 4284 1033 4339 smpe
1062 4269 1310 4330 diximus,
1341 4268 1473 4321 alius
1500 4265 1757 4321 sitFiiius

223 4354 444 4424 hominis,
469 4363 604 4415 alius
629 4361 798 4415 Filius
824 4360 916 4414 Dei
943 4377 957 4413 :
994 4360 1084 4413 sed
1112 4373 1276 4428 usque
1303 4357 1449 4411 adeo
1475 4355 1757 4410 ostendere

223 4446 365 4502 Voluit
391 4451 554 4504 nostri
593 4451 806 4521 generis
835 4459 1076 4503 naturam
1118 4463 1210 4515 per
1247 4443 1637 4499 commixtionis
1681 4444 1756 4494 in-
1783 4452 1835 4511 Ι)

227 4536 465 4593 dividuam
497 4543 755 4606 unitatem
796 4552 900 4592 non
950 4537 1115 4591 fuisse
1152 4544 1542 4602 consumptam,
1591 4544 1647 4585 ut
1697 4546 1754 4585 se

224 4624 439 4683 etiamin
459 4630 596 4683 caelo
627 4630 854 4698 positum
897 4627 1086 4681 Filium
1118 4625 1347 4679 hominis
1374 4623 1535 4688 dicat,
1578 4632 1634 4676 ut
1664 4634 1755 4690 per

225 4717 320 4768 veri
343 4720 739 4786 appellationem
767 4718 1015 4781 nominis,
1041 4716 1312 4769 veritatem
1361 4726 1615 4780 agnoscas
1659 4725 1751 4762 na-

225 4810 640 4879 llrtesmanentis.
667 4811 724 4862 Si
748 4823 873 4876 ergo
904 4823 1044 4860 nunc
1067 4819 1233 4873 usque
1266 4809 1440 4855 manet
1468 4799 1630 4853 Verbi
1670 4799 1752 4850 in-

227 4902 451 4951 teerata
494 4910 704 4964 natura,
737 4905 917 4950 manet
943 4897 1127 4957 etiam,
1158 4907 1312 4962 quam
1351 4892 1487 4943 idem
1533 4889 1649 4942 sine
1674 4888 1751 4939 Sui

228 4989 486 5042 mutatione
513 4992 768 5056 suscepit,
801 4985 1142 5040 humanitatis
1172 4983 1372 5035 illibata
1400 4988 1609 5033 natura.

286 5074 343 5128 V.
369 5077 634 5145 Quomodo
680 5075 978 5131 defenditur
1023 5075 1178 5141 hodie
1229 5087 1328 5126 una
1373 5083 1491 5124 esse
1525 5078 1754 5121 tantum-

229 5167 364 5220 modo
387 5170 573 5224 Christi
607 5168 828 5222 natura?
856 5167 911 5220 Si
935 5167 1012 5219 sic
1038 5175 1118 5218 est
1145 5179 1161 5217 :
1207 5160 1443 5231 profecto
1485 5159 1642 5226 igitur
1689 5173 1754 5210 ex

231 5259 406 5314 duabus
434 5265 617 5318 abolita
649 5275 731 5318 est
760 5277 881 5314 una.
909 5260 1161 5326 Quaenam
1194 5255 1385 5324 igitur?
1417 5253 1470 5306 Si
1500 5253 1750 5311 humana,

231 5348 322 5401 50h
341 5364 416 5404 est
438 5370 560 5424 ergo
590 5354 752 5409 Verbi
782 5361 990 5412 natura,
1017 5355 1070 5401 et
1098 5346 1288 5398 falsum
1327 5341 1428 5396 erit
1457 5339 1578 5407 quia
1604 5336 1754 5389 Chri-

235 5450 328 5494 Sllls
351 5444 492 5500 Jesus
510 5449 586 5502 sic
614 5447 795 5501 veniet
822 5438 1267 5510 quemadmodum
1313 5435 1458 5486 visus
1487 5437 1569 5482 est
1599 5428 1674 5479 ire
1704 5426 1755 5477 in

235 5520 730 5608 uelumICorporeus
753 5549 976 5602 namque
997 5547 1087 5602 per
1111 5528 1275 5584 nostri
1295 5523 1503 5595 generis
1524 5520 1753 5588 speciem

238 5626 513 5686 intuentium
557 5633 725 5687 oculis
770 5629 910 5683 idem
963 5621 1218 5680 Dominus
1258 5613 1572 5688 apparebat;
1620 5609 1757 5664 sicut

1849 3216 1938 3268 tati
1964 3215 2079 3283 ejus
2099 3225 2410 3280 congruere,
2444 3214 2566 3267 licet
2584 3213 2651 3266 sit
2686 3219 2960 3280 utrumque
2985 3228 3284 3269 commune.
3314 3216 3403 3269 Ait

1846 3319 2075 3372 namque
2116 3303 2389 3367 discipulis
2416 3303 2558 3354 suis:
2588 3302 2647 3355 Si
2679 3301 2954 3369 diligeretis
2993 3302 3405 3371 megauderetis,

1845 3397 1965 3464 quia
1985 3395 2114 3446 vado
2139 3395 2207 3446 ad
2238 3391 2462 3456 Patrem,
2495 3394 2611 3464 quia
2642 3390 2799 3444 Pater
2825 3393 2989 3459 major
3018 3407 3095 3444 me
3133 3402 3205 3444 est
3224 3390 3404 3460 (Joan.

1849 3503 1955 3551 xiv,
1972 3487 2082 3555 28).
2111 3486 2173 3539 Ει
2195 3486 2380 3539 iterum
2409 3502 2419 3537 :
2454 3483 2671 3548 Expedit
2698 3483 2833 3535 vobis
2855 3494 2906 3537 ut
2927 3501 3017 3554 ego
3035 3501 3143 3537 eam
3165 3501 3182 3548 ;
3208 3486 3250 3536 si
3274 3485 3407 3535 enim

1851 3556 1950 3629 nim
1966 3578 2153 3640 abiero,
2174 3573 2468 3627 Paracletus
2491 3575 2558 3625 ad
2585 3590 2665 3625 vos
2688 3589 2786 3625 non
2810 3575 2967 3626 veniet
2991 3572 3168 3643 (Joan.
3195 3587 3304 3636 xvr,
3330 3572 3405 3640 7).

1852 3669 1918 3724 Et
1943 3677 2086 3722 certe
2116 3667 2344 3719 Verbum
2375 3665 2485 3728 Dei,
2514 3665 2683 3717 virtus
2706 3664 2820 3727 Dei,
2848 3663 3100 3731 sapientia
3132 3663 3244 3729 Dei,
3269 3676 3406 3715 sem—

1853 3774 1948 3826 per
1975 3754 2114 3824 apud
2154 3756 2364 3825 Patrem
2403 3765 2455 3808 et
2494 3755 2544 3806 in
2588 3752 2740 3806 Patre
2776 3751 2890 3816 fuit,
2922 3754 3076 3806 etiam
3117 3751 3327 3822 quando
3357 3752 3408 3825 in

1855 3848 2006 3903 nobis
2028 3848 2302 3901 nobiscum
2337 3846 2452 3899 fuit.
2485 3845 2664 3912 Neque
2701 3847 2842 3897 enim
2873 3858 2989 3896 cum
3022 3853 3225 3895 terrena
3256 3845 3410 3894 misc-

1856 3942 2135 3995 ricorditcr
2175 3939 2417 4003 incoluit,
2457 3939 2524 3990 de
2558 3937 2759 3990 cmlesti
2803 3934 3124 3986 habitatione
3174 3931 3410 3985 recessit.

1855 4032 1984 4085 Cum
2029 4031 2184 4084 Patre
2235 4028 2376 4080 enim
2424 4027 2615 4094 ubique
2669 4033 2748 4077 est
2794 4034 2932 4076 totus
2967 4022 3075 4088 pari
3115 4019 3408 4080 divinitate,

1857 4140 2013 4194 quam
2055 4123 2228 4176 nullus
2254 4113 2487 4174 continet
2526 4119 2688 4178 locus.
2728 4114 2891 4167 Plena
2926 4119 3048 4164 sunt
3075 4111 3269 4177 quippe
3298 4124 3411 4162 om-

1859 4218 1943 4269 nia
1993 4215 2142 4274 Filio,
2173 4226 2269 4264 nec
2296 4219 2378 4263 est
2415 4207 2602 4276 aliquis
2640 4205 2786 4257 locus
2814 4199 3106 4254 divinitatis
3134 4199 3248 4264 ejus
3277 4210 3410 4263 pra:-

1859 4305 2025 4358 sentia
2056 4316 2272 4356 vacuus.
2297 4299 2445 4355 Unde
2466 4310 2611 4364 ergo,
2641 4304 2691 4347 et
2717 4305 2820 4359 quo
2845 4305 2902 4342 se
2927 4289 3117 4341 iturum
3143 4285 3302 4339 dicit?
3323 4295 3412 4338 aut

1861 4398 2126 4467 quomodo
2170 4411 2227 4450 se
2261 4395 2326 4447 ad
2362 4395 2566 4446 Patrem
2597 4396 2955 4454 perrecturum
2992 4373 3199 4443 asserit,
3244 4393 3271 4432 a
3311 4369 3434 4446 qua

1861 4495 1975 4547 sine
2019 4491 2178 4544 dubio
2207 4501 2472 4555 nunquam
2516 4479 2767 4536 receSsit?
2812 4476 2913 4530 Sed
2964 4473 3062 4527 hoc
3103 4483 3211 4526 erat
3244 4473 3320 4525 ire
3348 4472 3411 4522 ad

1859 4583 2068 4636 Patrem
2102 4591 2152 4633 et
2182 4581 2432 4632 recedere
2463 4590 2489 4625 a
2531 4570 2698 4626 nobis.
2731 4565 2940 4619 auferre
2970 4563 3036 4617 de
3072 4561 3171 4614 hoc
3215 4560 3415 4613 mundo

1861 4671 2177 4737 naturam6
2213 4683 2366 4738 quam
2413 4670 2717 4730 susceperat
2759 4672 2824 4712 ex
2877 4653 3043 4738 nobis.
3090 4650 3245 4702 Vides
3289 4663 3414 4716 ergo
3460 4711 3464 4715 ~

1861 4767 2032 4820 eidem
2062 4735 2261 4816 natura:
2284 4757 2563 4830 proprium
2583 4752 2743 4806 fuisse
2773 4757 2826 4801 ut
2854 4735 3150 4798 auferretur
3173 4749 3227 4793 et
3247 4739 3415 4792 abiret

1862 4875 1888 4912 a
1921 4856 2091 4914 nobis,
2127 4867 2244 4921 qum
2287 4828 2339 4903 in
2374 4850 2474 4902 line
2511 4854 2803 4910 temporum
2835 4834 3098 4890 reddenda
3137 4839 3217 4884 est
3240 4828 3411 4888 nobis,

1861 4949 2151 5007 secundum
2186 4932 2541 4998 atlestant'ium
2579 4945 2759 4988 vocem
2806 4928 3147 4997 angelorum:
3186 4920 3280 4972 Hic
3318 4917 3412 4970 Je-

1862 5318 2020 5372 rium.
2058 5306 2149 5364 Dei
2194 5306 2356 5361 Filius
2403 5296 2689 5354 secundum
2721 5292 3097 5344 humanitatem
3144 5295 3289 5336 suam
3329 5291 3416 5330 re-

1863 5408 2022 5463 cessit
2043 5422 2070 5459 a
2099 5402 2272 5463 nobis,
2301 5389 2589 5449 secundum
2624 5382 2948 5437 divinitatem
2968 5389 3111 5430 suam
3135 5372 3203 5423 ait
3223 5367 3376 5421 nobis
3400 5383 3414 5418 :

1870 5503 1996 5556 Ecce
2022 5515 2109 5569 ego
2135 5495 2385 5548 uobiscum
2421 5500 2532 5538 sum
2566 5477 2797 5533 omnibus
2828 5472 2998 5526 diebus
3025 5476 3176 5533 usque
3207 5461 3272 5559 ad
3298 5473 3418 5509 cor;-

1864 5553 2243 5651 summavtionem
2272 5577 2442 5635 swculi
2465 5571 2675 5647 (Matth.
2716 5580 2905 5626 xxvut,
2925 5561 3035 5628 (ΞΟ).
3066 5556 3120 5610 Si
3147 5553 3420 5606 nobiscum
