3842 6226
453 255 522 312 99
1745 252 1962 309 νιαιιιι

2161 253 2362 312 iENSlS
3554 263 3582 315 1
3601 261 3678 318 00

458 376 563 432 est,
599 364 864 432 quomodo
903 365 1152 418 recessit?
1179 363 1234 418 Si
1283 364 1553 418 nobiscum
1601 374 1700 428 est,
1734 365 1998 432 quomodo
2028 363 2242 430 Aquod
2286 367 2472 435 crevit,
2522 383 2625 422 non
2683 369 2799 435 Dei,
2847 373 2937 439 qui
2984 360 3150 425 nostri
3203 375 3414 441 genera
3441 386 3677 426 carnem

458 456 562 506 ait:
595 451 804 506 Venient
838 453 944 506 dies
968 453 1170 521 quando
1212 454 1502 505 desideratis
1540 453 1670 504 diem
1696 468 1852 504 unum
1883 449 2010 510 Filii
2108 456 2428 519 assumpsit?
2451 456 2504 512 Si
2534 459 2585 510 in
2616 458 2699 510 illa
2725 459 3102 528 gloriosissima
3134 462 3378 529 passione
3407 458 3683 516 Dominus

459 543 697 607 hominis,
727 554 893 595 etnon
917 542 1140 595 videbitis
1180 540 1330 609 (Luc.
1376 548 1505 602 x’vu,
1535 541 1660 608 ην
1702 541 1805 596 Sed
1835 550 1888 595 et
1917 557 2014 593 no-
2108 538 2261 594 Jesus
2283 542 2522 597 Christus
2559 557 2646 596 aut
2673 547 2843 612 capite
2873 549 3214 615 plecteretur,
3240 559 3331 601 aut
3367 545 3683 616 quibusque

460 633 659 686 hiscum
689 639 790 697 est,
821 642 873 685 et
903 646 1003 683 non
1033 641 1116 684 est
1147 631 1442 685 nobiscum.
1473 630 1606 695 Quia
1639 645 1771 698 quos
1804 630 2013 698 reliquit
2110 632 2224 684 aliis
2261 629 2618 688 membrorum
2652 635 3063 691 abscissionibus
3095 640 3463 700 mulctaretur;
3509 642 3684 703 pota-

460 731 511 776 et
538 737 567 775 a
598 722 788 789 quibus
830 723 1070 774 discessit
1111 721 1434 774 humanitate
1474 734 1586 781 sua,
1625 734 1747 771 non.
1779 718 2011 786 reliquit,
2112 736 2298 776 musue
2329 724 2410 776 isti
2436 725 2692 787 dicerent,
2723 737 2922 792 partem
2951 727 3102 779 Verbi
3127 741 3248 780 cum
3277 725 3454 794 capite
3479 737 3684 790 ampu-

460 829 560 868 uec
577 812 807 866 deseruit
829 812 1112 865 divinitate
1139 825 1250 863 sua.
1286 811 1388 863 Per
1419 809 1639 862 formam
1681 810 1820 860 enim
1853 807 2010 869 servi,
2114 819 2295 871 tatam,
2320 822 2373 874 et
2401 814 2554 864 aliam
2599 826 2796 879 partem
2826 829 2945 867 cum
2986 816 3227 868 manibus
3252 816 3630 868 detruncata":
3654 808 3681 861 2

456 917 614 969 quam
644 902 858 953 abstulit
884 915 912 952 a
947 901 1100 953 nobis
1141 900 1192 952 in
1224 901 1442 960 caelum,
1475 899 1669 950 absens
1707 907 1784 949 est
1822 896 2010 949 nobis:
2116 897 2178 948 Et
2221 899 2339 965 quia
2371 889 2714 953 eir’cumcisus
2751 911 2854 967 est,
2892 904 3184 957 cavendum
3221 911 3304 964 est
3351 915 3420 954 ne
3460 908 3684 967 partem

461 1005 556 1058 per
594 992 815 1043 formam
851 989 964 1054 Dei,
995 1004 1095 1057 qua
1135 1004 1242 1041 non
1264 986 1462 1041 recedit
1490 999 1520 1038 a
1572 986 1747 1053 nobis,
1781 987 1833 1037 in
1861 985 2017 1039 terris
2116 984 2272 1039 Verbi
2303 999 2420 1040 cum
2447 989 2536 1042 illa
2560 992 2780 1044 membri
2810 993 3193 1060 exspoliatione
3218 994 3504 1060 opinentur
3527 989 3687 1058 pari-

463 1094 692 1144 przcsens
722 1090 802 1133 est
823 1081 974 1133 nobis
1004 1095 1016 1130 :
1049 1090 1226 1130 tamen
1258 1087 1310 1130 et
1335 1090 1569 1145 prmens
1598 1083 1649 1128 et
1687 1074 1879 1128 absens
1905 1075 2017 1142 ipse
2116 1081 2195 1126 ter
2226 1088 2577 1143 amputatam;
2601 1080 2740 1147 quod
2774 1095 2870 1134 uec
2895 1081 3052 1137 hodie
3080 1083 3146 1136 de
3169 1084 3423 1136 truncatis
3447 1079 3686 1133 homini-

461 1183 596 1220 unus
625 1170 869 1237 idemque
895 1178 975 1222 est
1002 1168 1177 1219 nobis.
2116 1163 2214 1232 bus
2235 1180 2416 1218 verum
2439 1167 2579 1220 dicat
2616 1170 2848 1236 quisquis
2882 1173 3145 1226 salubrius
3183 1182 3237 1226 ct
3270 1173 3472 1226 rectius
3507 1172 3684 1240 sapit.

533 1258 641 1312 Vll.
671 1258 805 1311 Audi
830 1266 884 1311 et
913 1257 1067 1308 aliam
1089 1257 1359 1322 utriusque
1381 1263 1589 1308 natura:
1619 1254 2015 1325 proprietatem.
2117 1250 2299 1319 Neque
2331 1259 2470 1306 enim
2503 1255 2580 1310 fas
2613 1267 2695 1311 est
2720 1259 2950 1324 opinari,
2982 1262 3120 1327 quod
3153 1275 3269 1314 cum
3299 1262 3529 1314 hominis
3557 1275 3685 1314 m-

431 1349 736 1417 lSepultum
769 1349 857 1401 Dei
896 1348 1086 1402 Filiqu
1119 1362 1307 1402 omnes
1349 1349 1594 1416 legimus,
1624 1361 1810 1400 omnes
1849 1345 2022 1399 crvdi-
2121 1354 2219 1392 nus
2250 1341 2618 1407 absciduntur,
2665 1347 2864 1412 pariter
2906 1349 3097 1418 anima:
3150 1350 3319 1415 portio
3365 1349 3684 1403 desecetur.

463 1454 598 1502 Inus,
649 1453 832 1491 omnes
866 1438 1060 1505 pariter
1112 1441 1479 1506 praedicamus,
1526 1452 1624 1491 nec
1668 1436 1806 1490 ullus
1860 1437 2022 1488 audet
2122 1431 2322 1487 Lumen
2352 1451 2560 1504 quoque
2590 1436 2726 1490 istud
2751 1437 2954 1492 visibiie
2985 1454 3078 1506 per
3106 1440 3366 1506 quaslibet
3391 1442 3684 1491 oculorum

461 1529 726 1594 ambigere
746 1528 1096 1580 Christianus.
1122 1527 1233 1580 .lam
1262 1528 1367 1591 hic,
1394 1529 1434 1578 si
1458 1529 1646 1594 placet,
1673 1524 1884 1592 pacifica
1909 1538 2023 1577 mo-
2122 1524 2396 1588 passiones
2421 1525 2654 1579 aufertur
2674 1526 2740 1578 ab
2766 1527 3005 1588 homine;
3028 1529 3084 1596 8
3112 1541 3206 1579 nec
3236 1535 3409 1580 latitet!
3437 1527 3565 1579 illud
3598 1526 3682 1580 Ιυ·

460 1619 730 1671 deratione
784 1628 1096 1683 tractemus,
1146 1618 1269 1683 quid
1326 1618 1442 1685 ejus
1497 1626 1729 1684 potuent
1779 1616 2015 1683 sepeliri,
2124 1627 2243 1664 men
2291 1613 2525 1668 aufertur
2570 1616 2635 1669 ab
2671 1617 2866 1681 anima,
2912 1631 3014 1683 quo
3050 1616 3186 1669 valet
3233 1615 3372 1668 inter
3411 1615 3683 1682 justiti:

463 1718 634 1760 utrum
666 1709 912 1770 Verbum,
945 1723 1012 1760 an
1039 1690 1233 1773 anima,
1263 1724 1329 1759 an
1356 1722 1574 1775 corpus,
1605 1722 1674 1759 an
1705 1707 1861 1759 simul
1890 1721 2006 1759 om-
2038 1699 2085 1758 Β
2112 1699 2545 1772 iniquitatemque
2581 1705 2903 1761 discernere.
2956 1705 3124 1760 Unum
3185 1706 3328 1760 enim
3381 1706 3641 1773 corporis
3664 1743 3684 1771 ,

464 1798 583 1849 nia?
612 1798 717 1851 Sed
746 1797 1124 1866 perabsurdum
1147 1806 1249 1860 est,
1273 1804 1364 1848 aut
1384 1795 1629 1860 Verbum,
1664 1804 1756 1848 aut
1783 1797 2012 1848 animam
2115 1790 2254 1844 aliud
2285 1793 2475 1845 animae
2505 1803 2586 1847 est
2607 1794 2899 1862 proprium.
3111 1848 3116 1852 _

463 1884 641 1938 dicere
671 1886 847 1938 linteis
877 1885 1145 1938 obvoluta.
1176 1885 1357 1938 Restat
1385 1898 1513 1952 ergo
1536 1872 1595 1937 ut
1618 1883 1790 1937 solum
1821 1898 2015 1950 corpus
2183 1886 2270 1940 IX.
2307 1886 2432 1939 lliud
2464 1887 2663 1941 interea
2689 1897 2770 1941 est
2820 1902 2924 1953 pra:
2948 1885 3154 1940 caeteris
3202 1886 3380 1936 animo
3407 1893 3683 1938 eontuen-

465 1978 600 2044 quod
623 1977 864 2030 exanime
885 1987 1016 2040 erat,
1040 1976 1178 2042 quod
1201 1977 1357 2046 etiam
1380 1974 1744 2040 sepeliendum
1772 1973 2015 2036 manibus
2115 1975 2257 2041 dum,
2291 1977 2427 2042 quod
2474 1977 2517 2028 si
2566 1988 2748 2029 natura
2772 1976 2864 2030 Dei
2891 1976 3125 2042 ejusdem
3155 1974 3474 2027 conditionis
3501 1983 3684 2037 esset,

462 2065 746 2128 ferebatur,
779 2064 935 2118 fuerit
961 2065 1013 2117 in
1050 2063 1274 2117 sindone
1311 2062 1692 2116 circumdatum
1739 2072 1795 2114 et
1836 2063 1888 2115 in
1930 2077 2014 2114 se-
2114 2073 2170 2116 ut
2199 2079 2291 2130 per
2311 2077 2369 2117 se
2412 2074 2571 2132 atque
2600 2064 2651 2115 iu
2679 2077 2736 2116 se
2764 2063 3026 2131 aliquibus
3055 2064 3356 2130 passionum
3388 2060 3685 2128 generibus

463 2152 628 2218 pulcri
654 2154 854 2219 gremio
883 2153 1216 2206 collocatum.
1249 2151 1377 2205 Nam
1420 2152 1504 2204 hic
1524 2151 1880 2220 argumentari
1907 2165 2014 2204 non
2112 2153 2426 2207 subderetur
2451 2195 2465 2217 ,
2516 2153 2660 2206 nulla
2689 2151 3107 2220 esset‘profeeto
3149 2152 3434 2206 humanum
3476 2165 3684 2218 corpus

460 2256 593 2308 opus
616 2253 721 2305 est,
750 2243 834 2295 ubi
859 2257 918 2296 se
938 2243 1048 2308 ipsa
1068 2243 1261 2296 veritas
1290 2241 1620 2296 manifestius
1653 2241 1847 2310 prodit.
1891 2242 2015 2296 Ver-
2112 2241 2425 2308 suscipiendi
2447 2246 2751 2296 necessitas.
2781 2241 2913 2307 Quid
2935 2243 3074 2296 enim
3098 2255 3229 2310 Opus
3251 2251 3364 2294 erat
3388 2240 3500 2294 Deo
3523 2254 3684 2293 mor-

460 2334 585 2386 bum
611 2334 697 2387 Dei
729 2335 1095 2400 exsequiarum
1117 2333 1292 2387 officio
1324 2349 1433 2386 non
1456 2333 1628 2401 eguit:
1661 2333 1836 2385 anima
1862 2347 2014 2401 sepe-
2113 2332 2293 2386 talium
2316 2332 2417 2386 sibi
2448 2341 2688 2388 naturam
2708 2315 3035 2403 adsciscere,
3065 2334 3108 2386 si
3140 2333 3306 2401 potuit
3332 2335 3516 2385 natura
3556 2333 3683 2400 ejus

460 2423 540 2474 liri
568 2438 673 2476 non
709 2427 874 2490 potuit
908 2441 919 2476 :
967 2424 1081 2476 sola
1128 2423 1286 2490 igitur
1310 2437 1434 2476 caro
1469 2424 1754 2490 sepultura
1780 2421 2012 2476 officium
2113 2422 2298 2476 mortis
2328 2422 2531 2491 legibus
2575 2424 2846 2491 suhjacere
2869 2425 2890 2476 2
2916 2423 3050 2490 Quia
3080 2436 3207 2477 vero
3247 2435 3392 2476 mors
3416 2435 3536 2490 quae
3581 2434 3682 2486 per

461 2513 657 2565 imbuit.
703 2513 768 2565 Et
797 2525 971 2567 tamen
1017 2513 1291 2566 Dominum
1322 2512 1501 2566 Jesum
1535 2513 1798 2567 Christum
1837 2514 2009 2580 sepul-
2113 2513 2546 2579 transgressionis
2593 2513 3079 2582 praevaricationem
3126 2513 3464 2578 ohrepserat,
3497 2518 3680 2563 morte

461 2612 570 2654 tum
595 2603 880 2669 apostolica
901 2602 1185 2654 auctoritas
1207 2601 1404 2653 docuit.
1422 2601 1605 2654 Cernis
1628 2615 1752 2669 ergo
1771 2615 1888 2654 esse
1911 2601 2012 2652 ali-
2110 2603 2414 2670 perimenda
2453 2613 2600 2666 erat,
2624 2604 2759 2655 sicut
2798 2603 2911 2670 ipse
2936 2602 3206 2663 Dominus,
3219 2601 3562 2668 praedixerat,
3595 2601 3679 2651 di-

461 2691 584 2757 quid
619 2691 884 2757 proprium
929 2691 1102 2744 carnis
1133 2691 1271 2757 quod
1317 2689 1471 2742 Verbi
1514 2703 1632 2742 esse
1663 2704 1767 2742 non
1803 2689 2005 2756 possit;
2108 2707 2234 2745 mus
2260 2709 2272 2742 :
2301 2691 2402 2744 Ero
2429 2707 2561 2744 mors
2589 2701 2694 2755 tua,
2717 2707 2909 2770 o‘marr
2937 2692 3109 2762 (Osee,
3135 2707 3250 2754 xm,
3280 2691 3371 2758 Η)
3396 2733 3412 2754 ,
3443 2703 3680 2745 necesse

461 2782 555 2832 scd
600 2781 720 2834 ideo
745 2780 901 2833 etiam
934 2778 1089 2832 Verbi
1126 2793 1264 2842 esse,
1298 2779 1418 2846 quia
1452 2779 1606 2833 Verbi
1647 2791 1726 2832 est
1769 2780 1858 2833 illa
1885 2795 2008 2834 caro
2109 2781 2291 2835 habuit
2315 2783 2403 2835 Dei
2429 2782 2589 2836 Filius
2619 2782 2804 2835 altiore
2831 2791 2991 2848 atque
3017 2781 3278 2848 profundo
3306 2781 3676 2849 dispensatio-

458 2873 541 2923 cui
573 2880 789 2937 possunt
813 2869 924 2923 haec
951 2869 1123 2923 omnia
1152 2871 1324 2936 aptius
1349 2851 1656 2922 convenire.
2109 2872 2194 2923 nis
2218 2886 2326 2923 suae
2342 2872 2586 2938 consilio,
2609 2881 2667 2924 ut
2691 2873 2810 2939 quia
2831 2871 2946 2938 ipse
2975 2880 3177 2924 natura:
3201 2878 3282 2922 est
3305 2869 3678 2937 impassibilis,

530 2959 660 3013 Vill.
690 2957 934 3013 Crevisse
962 2968 1105 3012 certe
1135 2972 1229 3026 per
1255 2959 1428 3027 aetatis
1454 2959 1738 3023 curricula,
1763 2968 1816 3012 et
1842 2974 2008 3027 usque
2110 2962 2374 3028 passibilis
2397 2972 2600 3016 naturae
2621 2972 2811 3029 corpus
2836 2961 3149 3029 susciperet,
3175 2962 3226 3014 in
3255 2975 3359 3027 quo
3383 2960 3598 3028 injuriis
3618 2970 3676 3016 et

459 3049 525 3100 ad
548 3050 761 3101 robusta
787 3046 1034 3115 juvenilis
1059 3047 1300 3114 corporis
1325 3047 1558 3100 membra
1587 3049 1888 3115 pervenisse
1914 3048 2009 3101 Do-
2031 3031 2078 3092 ο
2109 3055 2440 3122 passionibus
2473 3066 2703 3123 eousque
2731 3052 3050 3117 afficeretur,
3080 3062 3136 3106 ut
3163 3066 3329 3118 usque
3373 3051 3439 3105 ad
3481 3053 3678 3106 mortis

462 3138 660 3190 minum
691 3135 871 3190 Jesum
911 3137 959 3204 7
987 3135 1251 3190 Christum
1285 3137 1560 3205 Evangelia
1595 3138 1902 3208 traduntao
1929 3149 2004 3204 tu,
2105 3145 2436 3214 dispendium
2493 3162 2588 3214 per
2618 3147 2800 3199 mortis
2849 3144 3134 3198 obnoxiam
3166 3155 3422 3215 naturam
3471 3157 3670 3211 perve-

461 3231 547 3295 qui
565 3229 693 3282 nihil
724 3228 939 3281 visesse
963 3231 1230 3296 proprium
1252 3229 1447 3293 carnis,
1473 3237 1692 3296 putasne
1717 3231 1856 3299 quod
1875 3229 2004 3284 Ver-
2044 3228 2050 3234 ’
2105 3236 2279 3302 niens,
2312 3246 2534 3291 mortem
2588 3238 2638 3289 in
2670 3237 2779 3290 suis
2820 3236 3034 3289 sedibus
3063 3220 3368 3304 per-necet,
3395 3243 3448 3289 et
3475 3242 3672 3289 cuncta

461 3321 582 3372 bum
613 3334 732 3373 cum
765 3333 829 3372 ea
868 3333 1046 3384 carne,
1091 3333 1193 3386 qua
1231 3333 1295 3373 ex
1327 3319 1540 3388 Virgine
1593 3329 1747 3373 natus
1777 3329 1879 3384 est,
1911 3336 1973 3388 pe

2152 3327 2293 3382 nferni
2334 3328 2452 3396 jura
2501 3328 2702 3382 victrici
2731 3329 3119 3396 congressionis
3160 3328 3425 3395 triumpho
3451 3328 3669 3395 compi-

454 3418 667 3462 aitatum
697 3411 1078 3474 successiones,
1107 3421 1159 3463 et
1185 3424 1280 3477 per
1301 3409 1622 3464 incrementa
1649 3411 2003 3465 membrorum
2103 3415 2239 3480 laus,
2267 3419 2330 3471 ad
2375 3433 2596 3484 superos
2627 3419 2922 3486 repedaret.
2954 3419 3112 3472 Vides
3139 3433 3264 3486 ergo
3292 3434 3397 3471 non
3425 3419 3496 3473 ob
3523 3416 3672 3472 aliud

456 3502 651 3566 pariter
677 3500 861 3563 crevit,
887 3508 940 3550 et
971 3498 1026 3550 in
1053 3499 1307 3566 majorem
1337 3502 1416 3552 sui
1445 3501 1681 3567 corporis
1706 3501 1898 3553 molem
1921 3515 2019 3554 so--
2106 3507 2269 3560 Deum
2316 3517 2515 3560 natura:
2545 3518 2738 3562 nostra:
2787 3523 2846 3561 se
2892 3509 3193 3576 permisisse
3242 3517 3299 3562 ut
3344 3519 3669 3572 moreretur.

455 3587 670 3638 lidatum
710 3587 832 3639 est?
873 3585 1010 3649 Noli,
1053 3601 1183 3654 rogo
1231 3597 1302 3648 te.
1352 3587 1611 3644 cavillari.
1665 3590 1801 3656 elige
1846 3595 2004 3642 unum
2104 3598 2202 3652 nisi
2224 3598 2342 3663 quia
2373 3598 2488 3664 ejus
2531 3606 2712 3650 natura
2753 3598 3088 3652 mortalitatis
3121 3598 3424 3658 conditione
3452 3600 3668 3667 penitus

389 3751 392 3753 g
450 3678 593 3742 quod
632 3677 782 3729 velis.
812 3675 1064 3729 Crescere
1109 3677 1272 3738 istud,
1312 3689 1364 3732 et
1401 3677 1749 3744 grandescere
1799 3679 2002 3733 Domini
2103 3702 2209 3740 non
2238 3697 2473 3752 tenetur;
2501 3701 2564 3741 ac
2610 3689 2688 3742 sic
2740 3702 2856 3741 esse
2894 3687 3086 3756 aliquid
3137 3689 3406 3756 proprium
3449 3689 3666 3743 ειπίειο

455 3765 578 3817 .lesu
606 3765 826 3828 Christi,
857 3774 912 3818 et
943 3779 1104 3832 usque
1139 3767 1202 3829 ad
1243 3767 1522 3832 perlectam
1548 3767 1832 3835 juveuilem
1878 3782 2004 3832 ata-
2101 3776 2240 3843 quod
2269 3775 2552 3843 divinitati,
2595 3776 2735 3829 aliud
2774 3777 2915 3844 quod
2964 3776 3274 3829 humanitati
3323 3778 3664 3833 conveniat:

457 3865 561 3905 tem
595 3855 889 3919 pervenire,
917 3853 1065 3919 cujus
1083 3853 1195 3906 est?
1218 3854 1399 3935 Verbi,
1425 3870 1491 3907 an
1517 3857 1714 3909 carnis.
1734 3857 1855 3911 Scio
1873 3873 2003 3926 quas
2109 3865 2236 3919 licet
2277 3875 2493 3934 propter
2524 3867 2772 3919 unitatem
2805 3880 3069 3932 personze,
3102 3875 3156 3920 et
3202 3881 3344 3919 mors
3371 3867 3436 3920 ad
3467 3867 3664 3922 divini.

455 3944 721 4008 angustias
751 3943 983 4006 patiaris,
1013 3943 1200 4010 quibus
1243 3944 1461 3996 anheles
1489 3946 1727 3998 aestibus.
1765 3946 1818 4000 Si
1857 3947 2002 4000 dicas
2103 3964 2282 4022 tarem,
2311 3965 2366 4010 ει
2393 3957 2756 4025 immortalitas
2777 3958 2844 4010 ad
2868 3956 3103 4024 ejusdem
3141 3957 3233 4011 Dei
3262 3957 3524 4011 τεῐεηιυιι
3568 3958 3664 4012 ιω.

453 4032 720 4097 proprium
758 4043 876 4083 esse
905 4032 1076 4083 carnis
1102 4033 1472 4098 pmprietatem
1497 4045 1697 4088 natura:
1722 4034 1922 4089 fateris.
1946 4039 2000 4092 Si
2103 4045 2429 4099 nianitalem.
2850 4040 2852 4043 ’

451 4120 596 4170 dicas
635 4127 686 4171 et
720 4120 893 4169 carnis
931 4133 1049 4170 esse
1097 4130 1152 4172 et
1181 4119 1334 4196 Verbi
1381 4122 1543 4188 (quod
1573 4123 1786 4190 quidem
1819 4139 1968 4178 verut

2171 4136 2240 4190 Χ.
2299 4137 2634 4192 Metueudum
2684 4151 2812 4192 sane
2837 4147 2918 4192 est
2970 4150 3036 4191 ne
3085 4136 3167 4190 isti
3220 4135 3306 4203 qui
3348 4137 3662 4192 inanissima

451 4216 531 4258 est
560 4219 653 4273 per
679 4206 932 4258 unitatem
958 4221 1218 4272 personae,
1250 4225 1355 4264 non
1386 4217 1478 4278 per
1508 4213 1887 4280 proprietatem
1910 4231 1968 4269 ua

2142 4237 2243 4282 tetu
2292 4231 2562 4297 utriusque
2604 4239 2805 4283 natura:
2845 4231 3219 4299 proprietatem
3252 4231 3450 4284 idcirco
3476 4233 3659 4286 nolunt

455 4297 634 4384 ωαξης
666 4294 730 4354 εί»
770 4295 1002 4386 ίηίιυεξιιι,
1026 4295 1169 4386 ilic-18
1207 4296 1368 4351 Verbi
1405 4313 1521 4354 esse
1573 4300 1672 4363 hoc
1701 4305 1870 4356 ωιεὶιίε
1908 4320 1994 4358 ευ·
2028 4363 2080 4386 “
2103 4319 2359 4385 accipere,
2393 4294 2613 4382 neiiuos
2651 4294 2922 4372 videantur
2945 4294 3185 4374 Christus
3211 4322 3490 4386 inducere,
3512 4324 3660 4377 simi-

450 4381 740 4448 gmeutum,
767 4384 1013 4437 mutabile
1043 4385 1333 4439 introducis
1358 4400 1514 4455 atque
1533 4389 1879 4452 convertibile
1909 4393 1967 4447 De

2138 4363 2359 4385 --.,-.-,
2393 4363 2613 4382 ..-ν-ν-
2659 4363 2911 4372 -.-υ-η--.
2952 4363 3185 4374 ......-.....
3212 4363 3490 4386 ωηεν.-.
3513 4363 3634 4377 ω-..

2143 4422 2220 4477 te_r
2250 4411 2400 4464 nobis
2422 4422 2475 4464 et
2517 4411 2582 4464 de
2625 4411 2880 4465 Trinitate
2908 4413 3250 4478 «ιιιξίιειῖοιιθω
3280 4413 3510 4479 aliquam
3543 4428 3655 4466 mo-

457 4471 885 4577 Verbnm..Fo‘rfe
913 4473 1315 4577 euimqutedam
1356 4476 1530 4577 partio.
1550 4479 1662 4543 ejus
1693 4479 1998 4547 virginalem
2102 4471 2285 4564 veg-nl;
2320 4514 2372 4555 ,η
2400 4505 2520 4571 quia
2569 4514 2691 4557 sum
2742 4471 2978 4570 qmeda'm
3022 4507 3231 4574 propria
3285 4471 3496 4569 [sm-ris.
3541 4522 3657 4577 qua

453 4577 653 4614 ⁸·ιυτυιυ
695 4563 1029 4663 διηρίονετλξιὶ
1058 4578 1110 4618 ει
1149 4566 1267 4620 ideo
1305 4568 1415 4621 "19¢
1452 4569 1638 4637 θλίϐυδ
1679 4574 1850 4637 Domo
1877 4589 1998 4629 Cum
2103 4609 2198 4647 nec
2228 4594 2290 4645 ad
2324 4563 2532 4652 Filium,
2565 4609 2659 4647 uec
2687 4563 2771 4655 ad.
2799 4563 3052 4661 Spiritum
3092 4563 3333 4650 sanctum
3356 4563 3654 4663 pertinent;

449 4667 673 4750 corpore
700 4667 794 4706 suo
828 4657 990 4709 sensit
1016 4668 1377 4750 augmentum;
1404 4661 1526 4750 dum
1567 4661 1652 4714 illa
1696 4664 1863 4730 major
1883 4681 1999 4734 qua:
2101 4693 2153 4735 θι
2193 4692 2316 4734 sum
2361 4683 2598 4750 quadam
2657 4657 2861 4750 propri;I
2922 4685 3036 4736 [vim
3063 4725 3078 4748 ’
3121 4701 3238 4750 mm
3285 4657 3382 4739 ηεξ
3441 4687 3508 4739 ,α
3563 4657 3654 4739 pa;

450 4742 700 4806 restabat,
737 4752 791 4796 et
826 4761 941 4812 qua:
981 4756 1190 4800 uterum
1235 4746 1466 4814 Virginis
1511 4765 1617 4802 non
1663 4752 1967 4819 impleverat

2136 4787 2258 4833 rem,
2291 4787 2386 4825 nec
2415 4772 2477 4824 ad
2531 4772 2780 4840 Spiritum
2824 4781 3062 4826 sanctum
3118 4766 3416 4840 pertinent;
3450 4784 3506 4827 et
3534 4783 3653 4828 sunt

451 4830 698 4927 Paulfum
723 4847 839 4885 535°
865 4836 1088 4929 portioni
1108 4851 1240 4903 ειη»
1265 4852 1420 4929 ρυξιιιι
1439 4839 1486 4929 ill
1509 4840 1720 4929 ίιρωίηθ
1742 4841 1991 4908 habet)“.
2100 4830 2258 4912 etiam
2319 4858 2545 4927 Spiritus
2575 4830 2765 4912 ‘sancli
2822 4862 3068 4914 nutmulla
3119 4830 3325 4928 proiiria
3345 4902 3360 4925 ,
3381 4830 3505 4929 qua:
3559 4877 3654 4916 nec

448 4931 545 4983 per
580 4922 903 4972 incrementa
947 4922 1108 4990 ipsius
1145 4926 1383 4992 corporis
1411 4928 1763 4994 admiscebat;
1797 4941 1850 4984 et
1894 4931 1965 4985 isti

2156 4946 2429 5012 lPatrem,
2462 4962 2558 5000 nec
2606 4948 2671 5000 ad
2714 4946 2902 5002 Filium
2957 4950 3218 5016 pertinere
3265 4960 3673 5013 monstrautur,‘

449 5003 606 5056 modo
630 5009 917 5062 secundum
943 5025 1055 5074 vos,
1081 5026 1183 5064 non
1204 5020 1363 5074 totus,
1389 5029 1559 5081 neque
1595 5018 1875 5084 perfectus,
1900 5036 1966 5072 sei

2133 5051 2205 5089 "es
2252 5053 2279 5088 a
2325 5052 2382 5089 se
2429 5037 2647 5089 invicem
2697 5049 2968 5105 separatos
2994 5039 3336 5093 criminentur
3362 5040 3650 5094 catholicos

446 5096 683 5149 modicus
714 5109 864 5152 natus
893 5096 975 5153 est
996 5103 1150 5165 Deus,
1178 5115 1231 5156 et
1261 5120 1351 5172 per
1376 5116 1587 5163 aetatum
1618 5117 1992 5182 congruentias
2097 5126 2272 5177 colere
2312 5126 2457 5178 deos,
2508 5126 2609 5180 Sed
2662 5142 2728 5180 ne
2762 5096 2990 5181 lor-sitan
3040 5129 3306 5196 inopinata
3356 5130 3651 5196 quaestione

444 5191 611 5245 factus
637 5204 718 5284 est
745 5207 986 5284 magnus.
1019 5196 1086 5248 At
1113 5197 1154 5249 si
1190 5197 1290 5251 hoc
1330 5201 1548 5266 impium
1577 5217 1637 5255 ac
1682 5207 1991 5261 detestabile
2099 5215 2344 5277 turheris,
2374 5215 2590 5269 adverte
2618 5230 2709 5282 per
2752 5217 2976 5284 singula.
3031 5191 3298 5284 Suscepta
3339 5191 3518 5270 carnis
3546 5219 3650 5272 dis-

442 5287 525 5331 est
547 5291 637 5332 aut
669 5280 823 5334 Verbi
857 5281 1144 5348 portionem
1172 5285 1370 5350 dicere,
1394 5298 1484 5340 aut
1511 5289 1741 5344 Verbum
1772 5295 1990 5350 credere
2097 5303 2333 5370 pensatio
2374 5318 2469 5357 nec
2512 5304 2575 5358 ad
2620 5280 2967 5369 Γειιιεηιξηεο
2993 5286 3060 5357 ad
3101 5280 3350 5372 Spiritum
3378 5309 3669 5371 sanctum,

441 5373 704 5437 augmenti
743 5374 940 5443 aliquid
983 5377 1038 5428 in
1069 5390 1160 5430 sua
1207 5392 1391 5432 natura
1429 5383 1677 5445 sensisse,
1711 5383 1986 5438 Dominum
2096 5391 2185 5443 sed
2208 5391 2273 5444 ad
2291 5396 2457 5445 solum
2484 5394 2705 5461 pertinet
2731 5395 2785 5462 9
2805 5393 2990 5446 Filium
3019 5411 3031 5444 :
3055 5392 3264 5459 proprie
3287 5395 3428 5447 enim
3452 5395 3644 5452 Filius.

445 5470 614 5553 tamen
640 5462 817 5516 Jesum
848 5463 1114 5519 Christum
1143 5467 1339 5529 clarum
1372 5472 1450 5522 est
1493 5473 1658 5525 anatis
1696 5475 1984 5541 profectum
2097 5497 2197 5533 non
2249 5483 2400 5537 Pater
2445 5485 2509 5536 de
2560 5485 2766 5553 Virgine
2815 5493 2966 5536 natus
3013 5494 3112 5537 est.
3164 5483 3367 5538 Rursus
3411 5486 3498 5537 illa
3532 5501 3646 5552 qua

444 5547 595 5604 habui
629 5568 715 5605 sc:
750 5557 864 5624 quis
907 5574 1006 5610 non
1051 5559 1221 5612 videat
1251 5561 1349 5616 hoc
1377 5565 1640 5632 proprium
1669 5569 1844 5619 carnis
1870 5583 1987 5622 esse
2094 5585 2250 5638 super
2277 5589 2395 5626 cum
2440 5573 2611 5626 audita
2660 5581 2739 5626 est
2763 5587 2857 5626 vox
2894 5591 2904 5624 :
2941 5572 3038 5624 Hic
3078 5584 3147 5626 est
3175 5572 3341 5626 Filius
3389 5589 3534 5626 mea:
3566 5576 3642 5627 di-
