3842 6226
127 311 208 364 ιοι

1225 300 1498 357 CONTRA
1536 299 1997 357 EUTYCHETEM
2037 297 2163 356 LIB.
2202 300 2244 355 I.

3219 315 3320 370 f0!

127 429 261 480 tectus
294 423 459 492 (Matt.
492 439 571 487 III,
606 422 693 488 t7,
725 429 769 475 et
813 435 939 485 xvn,
969 419 1049 488 5),
1078 433 1176 474 nec
1197 419 1261 473 ad
1296 419 1509 484 Filium,
1553 432 1651 472 nec
1680 421 1733 479 Α
1827 416 1937 471 XII.
1967 416 2073 472 Sed
2106 417 2323 470 istorum
2351 415 2624 471 temeritas
2675 431 2808 486 quae,
2840 433 2936 487 pro
2966 437 3187 479 numero
3225 444 3318 480 na-

127 520 180 568 ad
204 516 435 583 Spiritum
463 523 729 576 sanctum,
757 512 850 565 sed
879 510 944 564 ad
973 511 1184 564 Patrem
1211 511 1436 579 pertinet
1456 508 1652 583 solum.

129 609 235 660 Item
261 606 505 660 columbae
539 602 745 670 species
772 614 887 670 qua
936 601 986 653 in
1034 599 1267 655 Jordane
1307 603 1571 669 apparuit,
1604 609 1658 654 et
1691 591 1693 594 ⁴

127 698 363 764 iguearum
395 694 687 758 tinguarmn
717 688 1058 756 multipartita
1087 688 1411 755 distributio,
1443 689 1658 758 proprie

127 788 177 838 ad
205 785 356 839 sancti
401 781 626 849 Spiritus
663 793 941 845 personam
984 779 1256 847 pertinere
1307 787 1653 832 monstratur.

127 877 214 931 Sed
234 890 292 928 ne
309 873 473 924 adhuc
498 872 568 925 de
594 872 674 923 his
697 869 1107 938 proprietatibus
1127 869 1360 934 dubites,
1389 869 1511 923 audi
1543 884 1654 922 ma-

127 962 354 1022 nifestius.
385 964 656 1030 Proprium
686 961 856 1015 Patris
873 971 958 1016 est
986 962 1253 1031 genuisse,
1286 970 1339 1016 et
1378 963 1650 1032 proprium

127 1058 222 1110 Filii
250 1069 412 1108 natum
450 1052 642 1113 fuisse.
671 1053 940 1121 proprium
977 1067 1104 1105 vero
1127 1060 1209 1106 est
1237 1052 1462 1120 Spiritus
1484 1053 1652 1106 sancti

127 1147 396 1215 procedere.
431 1146 544 1199 Nec
576 1143 794 1198 omnino
831 1145 1129 1212 reciprocat
1170 1143 1222 1197 in
1261 1143 1416 1198 aliam
1470 1159 1654 1213 perso-

125 1254 242 1302 nam,
286 1236 417 1305 quod
461 1247 542 1290 est
573 1235 854 1302 unicuique
897 1249 1136 1303 persona:
1183 1231 1481 1303 specialiter
1530 1249 1651 1302 pro-

124 1334 285 1398 prium.
316 1328 365 1382 Si
409 1343 532 1397 ergo
565 1327 646 1381 Im
703 1336 808 1381 tres
838 1341 1077 1396 persona:
1131 1326 1389 1379 habentes
1432 1325 1652 1394 singulae

126 1420 434 1485 proprietates
455 1433 600 1482 suas,
626 1404 816 1485 quibus
832 1417 1212 1484 signiﬁcantius
1237 1417 1649 1484 distinguantur.

127 1526 208 1562 non
255 1511 433 1578 quibus
474 1519 805 1571 separentur,
854 1523 991 1560 unus
1043 1515 1126 1560 est
1181 1507 1350 1570 Deus;
1383 1510 1651 1575 quomodo

127 1601 278 1660 Filius.
307 1602 444 1652 salva
478 1599 750 1666 utriusque
780 1606 979 1650 natura:
1006 1596 1355 1664 proprietate,
1382 1610 1485 1648 non
1513 1609 1651 1650 unus

124 1701 186 1741 ist
204 1689 430 1741 Christus
454 1687 476 1739 Ἰ

1761 512 2016 570 terarum,
2045 505 2406 561 diversitatem
2427 504 2618 574 ingerit
2647 521 3007 577 personarum,
3021 515 3320 581 apostolitu

1757 601 1840 648 est
1886 594 2198 656 auctoritate
2248 595 2564 663 frangenda,
2613 604 2667 648 et
2716 597 2924 664 penitus
2971 606 3314 658 conterenda.

1756 676 2043 754 Apostolus
2064 695 2209 740 certe
2238 696 2462 739 noverat
2484 683 2747 740 Christum
2776 689 3053 760 utriusque
3081 699 3318 749 essen...-

1756 783 1911 839 tum,
1940 773 2066 828 dum
2112 789 2231 829 eum
2261 782 2317 828 et
2344 774 2610 830 hominem
2662 787 2716 831 et
2763 779 2943 850 Deum,
2968 786 3320 857 eamdemque

1755 865 2208 934 pradicatnnum.
2242 864 2522 919 Hominem
2553 866 2770 935 quidem
2795 870 2916 923 dum
2966 873 3135 930 dicit:
3170 877 3318 934 Unus

1753 956 1999 1009 mediator
2017 953 2110 1007 Dei
2132 964 2178 1007 et
2199 953 2480 1018 hominum,
2511 955 2659 1037 homo
2671 954 2900 1024 Christus
2923 960 3073 1016 Jestts
3099 965 3152 1033 (1
3177 967 3312 1022 Tim.

1754 1060 1814 1109 Il,
1842 1043 1918 1113 5).
1955 1045 2020 1096 Et
2049 1043 2238 1097 iterum
2278 1059 2291 1094 :
2326 1041 2470 1096 Sicut
2497 1059 2584 1110 per
2603 1060 2760 1098 unum
2789 1046 3041 1102 hominem
3061 1069 3216 1122 mors,
3243 1059 3318 1110 ita

1754 1149 1844 1202 per
1871 1148 2030 1184 unum
2058 1131 2310 1184 hominem
2331 1134 2631 1186 resurrectio
2655 1145 2968 1193 mortuorum
2998 1139 3046 1209 (Ι
3075 1141 3191 1197 Cor.
3226 1162 3312 1212 xv,

1752 1223 1864 1293 21).
1902 1224 1964 1277 Et
1992 1223 2059 1277 de
2102 1223 2237 1277 Filio
2267 1223 2435 1292 inquit
2456 1239 2552 1278 suo
2579 1243 2593 1279 :
2643 1227 2740 1290 Qui
2775 1229 2938 1296 {artus
2964 1243 3038 1284 est
3073 1235 3117 1286 ei
3150 1252 3213 1289 es;
3239 1255 3320 1291 se-

1753 1316 1882 1366 mine
1913 1313 2074 1365 David
2094 1316 2367 1368 secundum
2407 1329 2608 1366 carnem
2639 1316 2813 1382 (Rom.
2869 1334 2903 1383 ι,
2935 1321 3015 1391 5).
3069 1324 3128 1377 Et
3159 1341 3173 1377 :
3207 1326 3320 1381 He-

1752 1420 1862 1456 mor
1883 1411 1986 1455 esto
2012 1401 2188 1455 Jesum
2215 1400 2472 1455 Christum
2502 1406 2832 1473 resurrexisse
2868 1425 2899 1461 a
2933 1415 3140 1466 mortuis
3163 1431 3227 1468 ea:
3242 1433 3320 1472 se-

1751 1493 1884 1544 mine
1928 1491 2090 1543 David
2133 1491 2407 1543 secundum
2429 1507 2630 1546 carnem
2673 1494 2756 1563 (11
2791 1494 2919 1551 Tim.
2954 1516 3008 1566 ll,
3039 1501 3116 1566 8).
3152 1505 3318 1561 Deum

1752 1595 1879 1633 vero
1927 1595 2046 1635 cum
2102 1582 2273 1635 dicit:
2311 1581 2392 1635 Ea:
2435 1585 2614 1652 quibus
2660 1584 2910 1654 Christus,
2942 1594 3026 1659 qui
3069 1603 3141 1646 est
3167 1610 3342 1665 super.

1753 1670 1918 1721 omnii
1945 1669 2075 1723 Deus
2095 1672 2381 1725 benedictus
2399 1674 2451 1726 in
2475 1675 2663 1728 swcula
2684 1677 2862 1744 (llam.
2878 1694 2952 1746 Ix,
2969 1682 3044 1750 5).
3066 1685 3127 1737 Et
3143 1685 3320 1754 quam.

181 1780 253 1832 ΧΙ.
283 1780 403 1832 Nam
442 1787 495 1832 et
538 1779 590 1830 in
619 1778 851 1838 homine,
882 1775 933 1832 si.
957 1775 1202 1829 subtilius
1227 1775 1493 1844 disputare
1519 1776 1650 1845 veli-

1761 1758 1907 1826 plura
1954 1759 2036 1811 bis
2083 1760 2294 1824 similia,
2339 1776 2458 1829 qua:
2504 1776 2924 1823 commemorare
2966 1771 3179 1840 langum
3211 1785 3313 1830 est.

126 1887 235 1931 mus,
264 1873 504 1937 pleraque
535 1869 772 1933 invenies
815 1866 883 1920 ita
935 1865 1257 1933 proprietate
1297 1866 1520 1932 quadam
1568 1880 1650 1920 se-

125 1962 406 2029 questratius
437 1958 707 2020 distincta,
731 1966 787 2010 ut
813 1959 854 2008 si
883 1964 936 2009 et
966 1955 1035 2010 ibi
1063 1954 1374 2008 calumniari
1401 1955 1651 2020 volueris,

123 2053 174 2105 de
211 2059 306 2104 uno
357 2050 570 2103 homine
612 2048 809 2100 multos
853 2045 1093 2099 homines
1145 2043 1326 2098 facias.
1374 2044 1650 2098 Ilominem

123 2155 228 2209 ergo
274 2155 362 2208 per
382 2137 658 2191 ordinatas
697 2133 1048 2202 corporalium
1080 2133 1438 2186 membrorum
1468 2132 1656 2186 distin-

122 2229 294 2281 stiones
344 2229 574 2294 quinque
625 2235 871 2277 constare
916 2221 1162 2275 sensibus
1188 2261 1203 2287 ,
1237 2230 1525 2274 nemo‘est
1563 2220 1652 2287 qui

123 2319 293 2370 nesciat
328 2334 339 2370 :
369 2318 453 2385 qui
481 2330 672 2370 sensus
703 2315 770 2368 ita
798 2312 956 2367 ofﬁcii
985 2314 1065 2367 sui
1097 2312 1472 2380 proprietatem
1501 2323 1653 2367 natu-

125 2408 275 2460 raliter
319 2407 575 2469 olitineot,
621 2412 680 2457 ut
716 2404 846 2457 nihil
884 2417 1063 2456 secum
1114 2402 1308 2455 habere
1351 2415 1653 2465 commune,

126 2494 231 2546 nihil
272 2495 363 2548 sibi
393 2496 457 2547 de
486 2495 709 2548 alterius
756 2491 1082 2561 proprietate
1123 2491 1336 2544 valeant
1366 2490 1650 2546 vindicare.

126 2582 178 2634 Et
219 2594 268 2635 ut
312 2586 480 2636 omnia
511 2583 831 2652 ‘specialiter
881 2579 1294 2634 commemorem
1322 2621 1337 2644 ,
1387 2581 1530 2632 visus
1584 2580 1654 2632 ita

128 2673 364 2725 ministerii
384 2673 462 2724 sui
495 2673 765 2739 proprium
794 2669 1024 2722 ofﬁcium
1057 2669 1210 2735 gerit,
1243 2676 1300 2720 ut
1329 2683 1427 2722 nec
1448 2668 1652 2731 audire,

129 2779 207 2817 nec
249 2766 466 2825 odorari,
491 2779 585 2816 nec
635 2772 885 2831 gustare,
940 2776 1036 2814 nec
1085 2769 1422 2813 contrectare
1459 2760 1653 2829 aliquid

131 2853 285 2916 possit.
325 2851 542 2905 Auditus
568 2853 639 2905 ita
673 2861 874 2904 naturae
898 2864 1008 2903 sum
1035 2849 1369 2902 administrat
1397 2849 1653 2914 ofﬁcium,

134 2950 276 2993 utnec
302 2940 529 3004 videndi,
558 2954 655 2993 nec
678 2939 954 3001 odorandi,
985 2953 1082 2992 nec
1107 2938 1375 3005 gustandi,
1403 2953 1500 2992 nec
1528 2953 1658 2993 con-

135 3027 605 3082 trectandiofﬁcium
653 3028 857 3081 subeat.
889 3025 1151 3080 Odoratus
1196 3041 1408 3094 quoque
1455 3028 1534 3081 sic
1582 3029 1656 3080 fa-

1755 1845 1854 1912 Qui
1884 1861 2010 1915 ergo
2041 1849 2182 1902 hunc
2218 1852 2463 1903 eumdem
2511 1863 2564 1905 et
2595 1853 2757 1907 Deum
2788 1858 3106 1922 praedicabat
3134 1871 3188 1917 et
3211 1863 3312 1919 bo-

1757 1936 1975 2002 minem,
2036 1949 2092 1991 ut
2138 1955 2201 1994 ex
2256 1943 2494 2010 utrisque
2548 1947 2749 2000 naturis
2798 1963 2955 2004 unum
3014 1954 3323 2012 ostenderet

1754 2025 2049 2092 Christum,
2075 2030 2239 2083 miror
2262 2032 2530 2099 quomodo
2558 2047 2660 2087 non
2705 2038 2893 2091 metuit
2923 2041 3052 2095 istos
3078 2047 3319 2114 egregios

1754 2122 1921 2174 nostri
1952 2124 2206 2191 temporis
2231 2127 2642 2181 calumniatores
2673 2139 2728 2183 ut
2757 2146 2913 2185 unam
2945 2134 3151 2190 Christo
3196 2154 3319 2207 per-

1753 2221 1941 2263 sonam
1974 2214 2267 2266 ascriberet
2298 2214 2519 2269 dicens:
2549 2215 2615 2268 Et
2664 2233 2757 2287 ego
2799 2222 2844 2273 si
2869 2224 2991 2290 quid
3014 2225 3215 2294 donavi,
3267 2231 3320 2284 in

1754 2313 1970 2366 persona
1995 2298 2183 2352 Christi
2211 2300 2300 2369 (II
2331 2302 2447 2356 Cor.
2477 2318 2535 2369 tt,
2566 2305 2633 2358 10
2658 2305 2698 2374 ).

1825 2389 1957 2443 XIII.
1974 2391 2105 2446 Illud
2120 2393 2280 2447 etiam
2301 2396 2454 2449 solita
2471 2399 2780 2480 temeritatis
2804 2401 3018 2458 audacia
3042 2411 3320 2476 reprehen-

1753 2480 1885 2535 dere
1915 2482 2125 2549 solent,
2150 2498 2269 2538 cum
2306 2486 2520 2540 audiunt
2550 2489 2834 2545 catholicos
2860 2494 3071 2551 dicere:
3107 2498 3243 2555 Deus
3272 2513 3321 2558 et

1754 2572 1934 2624 homo:
1977 2573 2296 2629 arbitrantes
2339 2580 2434 2648 ιι
2473 2577 2629 2646 hujus
2658 2581 2874 2650 syllabae
2915 2584 3316 2654 interpositione

1753 2663 1885 2716 duas
1900 2677 2054 2731 posse
2080 2666 2360 2734 signiﬁcari
2394 2683 2676 2736 personas:
2708 2677 2800 2728 sed
2824 2690 2978 2742 quam
3010 2679 3240 2748 inept-us
3262 2686 3312 2738 id

1753 2757 2034 2823 opinentur
2060 2758 2316 2811 ausculta.
2338 2759 2473 2824 Quid
2501 2760 2640 2814 enim
2663 2764 2891 2818 estDeus
2917 2779 2967 2820 et
2996 2767 3174 2834 homo,
3210 2775 3312 2827 nisi

1752 2845 1797 2898 is
1815 2847 1900 2912 qui
1921 2845 2058 2898 Deus
2073 2855 2171 2910 est,
2190 2855 2243 2900 et
2260 2848 2416 2900 homo
2433 2859 2640 2918 quoque
2659 2850 2824 2904 factus
2839 2865 2918 2907 est
2941 2869 2956 2918 ;
2975 2871 3076 2910 non
3096 2861 3343 2916 amitten-

1754 2932 1822 2987 do
1840 2933 1976 3000 quod
1993 2944 2126 2999 erat,
2146 2935 2237 2986 sed
2256 2936 2596 3003 suscipiendo
2616 2941 2751 3007 quod
2771 2953 3008 2998 nostrum
3027 2956 3160 3001 erat.
3183 2948 3316 3004 Cum

1756 3022 1896 3076 enim
1927 3023 2300 3091 praemittimus
2322 3026 2374 3077 in
2410 3026 2744 3081 confessione
2773 3027 2929 3097 Deus,
2959 3041 3014 3086 et
3042 3036 3321 3106 subsequi-

137 3119 325 3171 tuulatus
373 3118 452 3172 sui
500 3109 759 3185 obsequio
791 3116 1039 3184 fungitur,
1063 3127 1128 3176 ,ιιι
1179 3130 1278 3169 nec
1324 3115 1525 3180 audiat,
1559 3130 1654 3170 nec
1682 3123 1729 3184 (ι
1761 3126 1876 3163 mur
1900 3109 2133 3165 dicentes
2165 3123 2212 3165 ει
2250 3112 2419 3176 homo,
2448 3128 2552 3166 non
2581 3116 2751 3169 solum
2794 3119 2966 3176 [reum~
2993 3137 3316 3193 manentem,

138 3208 296 3275 videat,
344 3222 435 3262 nec
485 3216 661 3276 gustet
685 3206 911 3274 aliquid,
941 3219 1038 3259 nec
1093 3212 1403 3258 contrectet.
1459 3203 1658 3258 Gustus

138 3295 265 3350 etiam
291 3310 378 3350 nec
419 3296 580 3359 videt,
613 3309 712 3349 nec
756 3295 1028 3358 odoratur,
1059 3307 1156 3347 nec
1196 3291 1363 3357 audit,
1394 3306 1491 3346 nec
1536 3307 1659 3347 con-

141 3393 312 3437 trectat.
340 3385 530 3440 Tactus
569 3384 817 3452 denique,
845 3384 931 3450 qui
960 3392 1043 3435 est
1071 3381 1289 3435 ultimus
1317 3396 1527 3445 sensus,
1559 3396 1657 3436 nec

143 3476 306 3529 visione
347 3475 550 3538 fruitur,
583 3489 681 3528 nec
727 3473 962 3526 auditum
1015 3472 1258 3541 percipit,
1293 3486 1390 3526 nec
1436 3471 1654 3526 odorem

143 3566 272 3632 capit,
294 3581 384 3619 nec
411 3574 618 3634 gustum
649 3563 920 3617 discernit.
970 3562 1033 3614 Et
1056 3577 1175 3615 cum
1200 3561 1306 3616 sint
1359 3561 1440 3615 hac
1468 3576 1655 3616 omnes

145 3654 452 3707 utetubrorum
494 3652 698 3720 species
726 3661 829 3704 tam
858 3650 1100 3712 diversae,
1134 3660 1240 3703 tam
1282 3649 1544 3714 discretae,
1584 3650 1655 3703 ita

146 3743 424 3796 naturalibus
453 3741 863 3806 proprietatibus
912 3740 1230 3802 substitutus,
1257 3747 1315 3790 ut
1345 3739 1471 3792 nihil
1505 3753 1652 3792 com-

146 3835 384 3899 munionis,
408 3832 536 3886 nihil
562 3833 830 3887 societatis
854 3831 918 3883 ad
944 3846 1002 3884 se
1025 3831 1246 3884 invicem
1285 3817 1543 3894 habeant:
1562 3829 1656 3883 sed

146 3921 537 3991 priratoquodam
560 3931 608 3974 et
626 3919 860 3976 solitario
874 3920 994 3987 jure
1011 3918 1238 3989 propriae
1258 3921 1358 3989 ιο
1370 3919 1656 3973 functionis

146 4010 449 4065 ministerium
498 4011 795 4079 impleant;
851 4023 987 4062 unus
1045 4019 1217 4061 tamen
1279 4007 1526 4075 idemque
1573 4017 1656 4060 est

147 4093 288 4162 homo,
313 4101 412 4167 qui,
438 4099 686 4170 quoniam
730 4098 962 4165 quinque
999 4095 1360 4165 corporalibus
1390 4095 1666 4160 sensibus,

144 4186 343 4252 quinaria
387 4187 708 4253 proprietate
736 4201 763 4237 a
789 4199 846 4238 se
877 4185 1100 4238 invicem
1139 4183 1501 4237 differentibus
1525 4197 1656 4237 con-

144 4283 242 4336 stat,
268 4276 480 4344 quinque
508 4274 800 4328 secundum
844 4275 1067 4326 istorum
1096 4273 1442 4326 deliramenta
1477 4287 1660 4341 perso-

145 4378 219 4417 nas
261 4367 439 4422 habere
484 4367 770 4430 debuerat,
803 4379 856 4418 ut
884 4373 1093 4432 quanta:
1145 4374 1268 4418 sunt
1302 4366 1658 4436 ,prOprietates

144 4467 350 4508 sensuum
407 4464 544 4508 tanta
598 4463 741 4509 esset
795 4461 844 4507 et
895 4453 1247 4507 numerositas
1291 4469 1652 4522 personarum.
1687 4482 1736 4542 Β

148 4540 311 4596 Dehinc
355 4543 522 4597 inedia
571 4544 710 4595 afﬁci
749 4550 802 4595 et
843 4543 1144 4603 comedere,
1177 4541 1328 4595 sitire
1372 4551 1425 4594 et
1455 4542 1656 4607 bibere,

146 4634 296 4689 sedere
317 4648 366 4692 et
393 4637 656 4700 incedere,
679 4636 912 4689 cubitum
935 4639 1012 4689 ire
1037 4644 1090 4688 et
1119 4635 1183 4688 de
1212 4651 1398 4690 somno
1418 4648 1657 4703 surgere,

148 4723 337 4783 alacrem
371 4728 564 4795 perpeti
595 4737 648 4779 et
675 4726 888 4779 testibus
917 4726 1020 4791 uri,
1052 4725 1174 4780 licet
1205 4741 1305 4778 non
1330 4730 1444 4778 sine
1469 4728 1658 4780 animae

151 4817 468 4879 compassione
487 4829 680 4882 corpus
708 4829 768 4868 ea
799 4824 889 4868 ant
934 4816 1159 4881 patiatur
1185 4822 1277 4868 aut
1322 4825 1458 4883 agat,
1486 4826 1679 4868 tamen-

153 4903 236 4957 iiIPC
279 4908 440 4960 carnis
487 4917 614 4960 sunt
660 4910 890 4975 propria.
940 4909 1064 4961 Item
1113 4923 1318 4977 sapere,
1344 4909 1658 4975 intelligere,

151 4992 380 5060 oblivi-ci,
433 4995 481 5048 in
535 4996 844 5048 memoriam
893 4996 1187 5059 reducere,
1231 5000 1410 5051 Imtitia
1461 4997 1659 5062 eﬁ‘erri,

153 5084 320 5137 tristitia
362 5086 549 5149 dejici,
583 5099 952 5138 mansuescere
996 5087 1231 5150 lenitate,
1281 5087 1455 5140 furore
1507 5097 1663 5154 atque

154 5185 206 5225 tra
231 5178 608 5236 immanescere.
635 5186 686 5228 et
717 5177 1020 5243 quamplura
1055 5177 1133 5229 his
1161 5178 1373 5241 similia,
1402 5192 1517 5244 qua:
1545 5192 1664 5245 pcr-

155 5267 269 5327 seqni
313 5266 512 5333 longum
540 5274 640 5328 est,
669 5265 789 5317 licet
823 5281 923 5316 non
962 5265 1076 5317 sine
1103 5280 1322 5332 corpore
1361 5276 1581 5332 agantur
1612 5266 1661 5317 in

161 5354 308 5410 anima.
342 5364 505 5406 tamen
542 5355 734 5405 anima”:
763 5368 882 5405 sunt
911 5353 1138 5420 propria.
1178 5353 1284 5406 Nec
1309 5363 1482 5407 tamen
1522 5355 1664 5420 quis-

168 5436 268 5499 piam
294 5456 437 5496 ausus
461 5453 538 5496 est
564 5444 643 5497 vel
689 5443 846 5495 audet
874 5443 1050 5496 dicere
1081 5443 1347 5495 hominem
1373 5443 1502 5496 duas
1548 5458 1666 5510 per-

173 5530 505 5594 sonashabere,
537 5534 587 5585 in
618 5549 722 5601 quo
776 5541 944 5606 tantas
992 5533 1369 5601 proprietatum
1418 5533 1666 5587 differen-

180 5623 250 5668 tias
271 5620 413 5672 cernit
442 5623 625 5676 inesse.

1760 3199 1852 3253 sed
1875 3209 1928 3252 ct
1949 3200 2212 3254 hominem
2241 3203 2486 3256 eumdem
2516 3206 2804 3259 asserimus
2832 3207 3228 3281 subsistentem,
3261 3224 3320 3269 nt

1758 3303 1858 3343 nec
1882 3289 2051 3343 deitas
2085 3305 2114 3342 a
2143 3304 2262 3344 sese
2289 3286 2547 3358 discedat,
2584 3308 2682 3347 nec
2709 3295 3007 3352 humanitas
3037 3299 3087 3353 in
3117 3300 3319 3358 deitate

1757 3379 2043 3448 dispereat.
2073 3379 2354 3457 Videamus
2403 3390 2577 3435 tamen
2620 3397 2688 3438 ne
2739 3384 2959 3439 forsitan
3004 3392 3320 3448 auctoritate

1755 3467 1931 3544 divina
1955 3469 2066 3521 haec
2083 3467 2283 3538 syllaba
2306 3468 2466 3522 fuerit
2482 3469 2809 3539 interposita.
2829 3471 2955 3526 Nam
2977 3477 3312 3545 italegimus:

1760 3555 1826 3609 Et
1853 3555 2001 3610 homo
2031 3568 2122 3622 est,
2163 3565 2210 3610 et
2237 3558 2345 3626 quis
2384 3569 2646 3627 (agnoscet
2676 3560 2823 3613 illum
2854 3562 3067 3632 (Jerem.
3099 3581 3226 3634 xvtt,
3260 3569 3313 3634 9,

1756 3663 1855 3701 sec.
1881 3646 2088 3717 LXX)?
2111 3657 2163 3702 et
2188 3649 2373 3702 iterum
2394 3647 2589 3703 David:
2619 3650 2784 3704 Mater
2805 3652 2932 3708 Sion
2959 3656 3111 3722 dicet,
3142 3660 3315 3724 homo,

1757 3747 1803 3789 et
1832 3736 1980 3789 homo
2009 3737 2175 3805 factus
2201 3746 2272 3790 est
2309 3739 2362 3789 in
2389 3753 2477 3803 ea,
2505 3748 2552 3791 et
2581 3739 2687 3808 ipse
2721 3742 2946 3806 {undavit
2973 3759 3083 3796 eam
3111 3745 3319 3800 Altissi-

1758 3845 1868 3880 mus
1895 3828 2064 3897 (Psaf.
2088 3845 2303 3896 Lxxxw,
2323 3828 2399 3899 5).
2428 3829 2536 3884 Cur
2558 3833 2712 3900 igitur
2733 3848 2836 3886 non
2863 3835 3171 3903 simpliciter
3198 3842 3317 3896 sine

1760 3917 2070 3984 praelatione
2115 3916 2268 3984 hujus
2299 3913 2514 3986 syllabae
2549 3918 2719 3972 dixit:
2769 3919 2939 3974 Homo
2974 3928 3136 3992 [actus
3163 3930 3317 3981 estin

1758 4021 1838 4070 ea,
1865 4006 1957 4060 sed
1995 4009 2278 4075 praeposuit
2315 4006 2528 4060 dicens:
2562 4006 2631 4060 Et
2658 4009 2805 4062 homo
2847 4013 3009 4076 factus
3039 4023 3108 4067 est
3134 4016 3188 4068 in
3218 4011 3276 4068 eo
3296 4019 3324 4070 ἲ

1762 4095 1856 4149 Vel
1887 4095 1940 4148 in
1963 4095 2061 4148 alia
2092 4096 2369 4163 prophetia
2397 4110 2492 4149 cur
2523 4098 2809 4164 praeposuit
2836 4101 2928 4151 et?
2964 4101 3144 4155 debuit
3174 4106 3322 4158 enim

1761 4183 2048 4241 Secundum
2090 4184 2220 4236 istos
2261 4182 2472 4236 dicere:
2507 4182 2673 4236 Homo
2710 4196 2811 4250 est,
2842 4195 2891 4238 et
2915 4193 3028 4256 quis
3057 4204 3323 4258 cognoscet

1760 4273 1914 4324 eum?
1940 4271 2040 4324 nisi
2062 4271 2190 4339 quia
2217 4284 2404 4325 sensus
2432 4273 2551 4324 talis
2577 4281 2681 4338 est,
2711 4283 2769 4326 ut
2793 4288 2949 4342 quem
2979 4275 3143 4332 Deum
3177 4296 3319 4334 eon-

1761 4366 1946 4429 fiteris,
1968 4373 2023 4417 et
2047 4363 2312 4417 hominem
2342 4379 2554 4433 quoque
2580 4366 2773 4420 factum
2799 4367 2960 4422 simili
2983 4369 3318 4429 confessione

1762 4467 1866 4505 non
1898 4452 2150 4519 deneges.

1835 4544 1970 4598 XIV.
2001 4544 2256 4598 Dicuntur
2276 4561 2402 4600 sane
2427 4548 2532 4612 isti,
2558 4548 2602 4600 si
2633 4556 2806 4602 tamen
2828 4564 3009 4604 verum
3033 4561 3134 4617 est,
3158 4554 3316 4608 Chri-

1764 4647 1898 4690 stum
1932 4651 2097 4704 usqne
2120 4637 2184 4689 ad
2214 4638 2655 4692 resurrectionem
2683 4640 2796 4708 ejus
2816 4655 2876 4693 ex
2914 4641 3117 4696 duabus
3145 4647 3318 4697 confl-

1766 4728 1862 4780 teri
1902 4727 2101 4779 naturis
2136 4743 2146 4778 :
2182 4737 2298 4794 post
2344 4729 2780 4781 resurrectionem
2817 4745 2975 4794 vrro,
3016 4730 3168 4784 unius
3195 4747 3320 4786 eum

1764 4827 1882 4868 esse
1934 4813 2182 4867 fatentur.
2220 4815 2368 4880 Quod
2412 4832 2566 4884 quam
2613 4817 2681 4870 sit
2708 4818 3015 4885 absurdum,
3059 4837 3323 4891 quamque

1767 4907 2023 4973 ineptum,
2076 4906 2184 4973 ipsa
2217 4921 2391 4958 rerum
2425 4907 2646 4959 veritate
2688 4918 3030 4962 monstratur.
3068 4911 3189 4963 P03t
3238 4927 3323 4965 re-

1766 4998 2149 5046 surrectionem
2195 4994 2356 5055 enim,
2385 4991 2448 5045 ad
2480 4993 2944 5048 demonstrandam
2974 5001 3050 5050 sui
3081 5000 3321 5066 corporis

1768 5082 2039 5133 veritatem
2063 5123 2077 5147 ,
2110 5090 2163 5135 et
2186 5081 2416 5134 comedit
2456 5094 2506 5134 et
2535 5081 2684 5146 bibit,
2716 5091 2770 5136 et
2797 5097 2854 5137 se
2883 5088 3321 5140 contrectandum

1767 5169 2037 5235 discipulis
2067 5172 2276 5237 obtulit,
2307 5174 2519 5227 dicens:
2560 5174 2774 5244 Palpate
2805 5184 2852 5228 et
2879 5178 3040 5230 videte
3072 5182 3192 5246 quia
3220 5181 3320 5245 spis

1768 5262 1890 5312 titus
1914 5276 2112 5313 carnem
2141 5275 2184 5313 et
2217 5279 2330 5316 ossa
2358 5280 2455 5315 non
2484 5264 2649 5331 habet,
2677 5266 2806 5317 sicut
2835 5264 2911 5317 nie
2939 5268 3115 5320 videtis
3141 5270 3321 5321 habere

1772 5351 1918 5418 (Luc.
1952 5368 2101 5417 xxiv,
2135 5354 2242 5422 59).
2285 5356 2386 5408 Sed
2425 5356 2643 5409 forsitan
2671 5356 2842 5410 adhuc
2875 5361 2922 5410 in
2958 5369 3094 5412 terra
3124 5362 3324 5428 positus

1770 5441 2042 5507 utriusque
2065 5453 2176 5494 erat
2192 5454 2421 5502 naturai;
2444 5453 2619 5506 postea
2641 5459 2763 5498 tero
2785 5462 2936 5514 quam
2956 5448 3115 5500 caelos
3138 5464 3322 5502 ascen~

1770 5531 1864 5594 dit,
1899 5543 2052 5582 uinus
2089 5532 2246 5598 coepit
2283 5546 2400 5584 esse
2447 5532 2658 5586 divinm.
2697 5535 2757 5586 Et
2800 5535 2922 5602 quid
2950 5551 3074 5601 ergo
3105 5535 3170 5587 ibi
3204 5535 3321 5592 facit

1773 5633 1962 5672 nomen
1997 5619 2085 5671 ﬁlii
2118 5618 2364 5682 hominis,
2400 5620 2441 5670 si
2473 5630 2658 5688 natura
2694 5622 2761 5676 ibi
2787 5636 2886 5674 non
2919 5631 3000 5676 est
3026 5622 3322 5680 humanita—
