3842 6226
508 326 602 380 I05

1776 317 1995 371 VlGlLll
2035 315 2396 373 TAPSENSIS

3602 316 3707 370 104

502 438 603 489 tis?
640 433 900 502 quomodo
943 432 1016 486 rei
1054 446 1155 484 non
1199 429 1426 483 exstanti
1473 430 1625 482 inane
1664 443 1851 480 nomen
1887 430 2053 480 ascri-
2082 441 2127 491 Α
2230 428 2341 479 XV.
2369 428 2502 480 Olim
2536 426 2962 494 oppetichamur,
2988 425 3183 477 diutius
3211 414 3494 493 praestolatt
3524 442 3711 482 sumus

502 524 683 577 bitur?
722 525 981 591 quomodo
1016 521 1245 575 nominis
1294 520 1489 572 veritas
1529 529 1734 578 manet,
1763 520 1804 567 si
1852 527 2053 568 natura:

501 614 789 681 proprietas
814 612 964 665 abest
990 612 1011 664 i
1047 612 1279 679 Denique
1318 610 1445 663 dicit
1470 626 1483 661 :
1520 608 1648 662 Cum
1676 613 1859 661 venerit
1886 605 2056 659 Filius

501 701 715 755 hominis
743 703 795 753 in
823 703 986 770 gloria
1016 700 1187 754 Patris
1214 702 1308 752 sui.
1344 700 1411 753 Et
1438 700 1626 752 iterum
1658 714 1671 750 :
1712 697 1851 751 Sicut
1884 699 2058 766 fulgur

503 791 599 843 exit
623 791 684 842 ab
705 791 905 843 Oriente
928 800 975 843 et
995 800 1203 859 apparet
1227 806 1382 857 usque
1405 789 1471 840 ad
1498 788 1843 851 Occidentem,
1874 787 1949 837 ita
1968 787 2059 838 erit

499 888 546 929 et
570 879 810 931 adventus
833 877 957 931 Filii
985 880 1199 932 hominis
1224 878 1414 949 (Marc.
1450 893 1558 942 vnt,
1585 876 1698 944 58).
1730 876 1795 928 Et
1824 874 2015 928 iterum
2040 891 2055 927 :

505 967 723 1023 Veniens
752 966 917 1020 Filius
946 969 1188 1029 hominis,
1227 976 1373 1031 putas
1421 966 1634 1017 inveniet
1666 964 1818 1030 ﬁdem
1846 965 1898 1015 in
1926 972 2060 1015 terra

501 1053 711 1124 (Matth.
748 1072 858 1120 ιιν,
888 1055 1025 1123 27)?
1062 1053 1245 1107 Daniel
1277 1067 1483 1119 quoque
1510 1070 1522 1103 :
1569 1050 1718 1116 Ecce,
1748 1051 1840 1112 ait,
1869 1052 1922 1103 in
1956 1053 2056 1120 12

502 1144 711 1198 nubibus
750 1145 860 1196 ειειὶ
894 1139 1061 1194 Filius
1095 1141 1317 1192 hominis
1357 1139 1579 1192 veniebat
1629 1137 1778 1205 (Luc.
1808 1152 1955 1199 xvnt,
1984 1140 2055 1201 8;

502 1237 637 1290 Dan.
662 1250 752 1296 vn,
783 1232 888 1302 15).
922 1232 976 1285 Si
1003 1232 1194 1283 amissa
1225 1238 1306 1282 est
1329 1243 1455 1294 ergo
1486 1228 1829 1291 huumnitatis
1851 1237 2055 1292 natura,

502 1338 596 1377 cur
622 1322 738 1390 ejus
776 1331 855 1373 est
887 1327 1148 1373 retentum
1186 1316 1545 1370 vocabulum?
1578 1319 1658 1368 Au
1704 1318 1824 1383 quia
1867 1329 2059 1367 nomen

502 1430 634 1482 Opus
648 1424 779 1477 erat,
800 1423 853 1465 et
873 1425 956 1464 res
984 1407 1213 1461 nominis
1245 1415 1490 1473 tanquam
1520 1419 1625 1456 non
1650 1402 1950 1457 necessaria
1976 1419 2061 1455 re-

503 1501 759 1570 pudianda
787 1498 997 1551 fuerat?
1027 1495 1114 1549 Sic
1136 1494 1398 1560 desipiant
1418 1506 1555 1561 quos
1587 1491 1719 1544 nihil
1749 1490 1947 1544 erroris
1974 1492 2057 1543 sui

501 1601 656 1656 atque
682 1588 889 1654 ineptia:
930 1584 1109 1653 pudet.
1142 1583 1403 1637 Caeterum
1443 1583 1695 1635 Dominus
1721 1580 1877 1635 Jesus
1906 1580 2061 1632 Chri-

502 1689 634 1741 stus,
670 1690 724 1731 ut
761 1676 1004 1731 ostendat
1042 1674 1209 1729 nostri
1240 1675 1447 1744 generis
1476 1682 1716 1727 naturam
1749 1677 1854 1725 non
1896 1672 2058 1727 fui-se

500 1776 883 1835 consumptam,
910 1765 1167 1818 veraciter
1196 1778 1253 1815 se
1288 1763 1480 1815 Filium
1514 1761 1743 1814 hominis
1772 1761 1919 1814 dicit.
1957 1760 2058 1813 Se-

501 1858 727 1908 cundum
767 1868 923 1922 quam
953 1854 1108 1906 etiam
1162 1850 1369 1903 Patrem
1418 1851 1719 1917 interpellat
1758 1864 1855 1918 pro
1881 1850 2056 1914 nobis,

501 1944 649 2011 juxta
678 1943 895 1995 Joannis
921 1940 1143 2009 apostoli
1174 1940 1355 2002 verba,
1387 1939 1610 1993 dicentis
1640 1956 1653 1990 :
1694 1938 1755 1993 Si
1783 1942 2063 2009 peccaveri—

501 2046 629 2093 mus,
677 2031 974 2083 advocatum
1016 2028 1253 2081 habemus
1297 2030 1434 2099 apud
1484 2028 1685 2082 Patrem
1712 2028 1908 2083 Jcsnm.
1943 2029 2066 2096 Ipse

502 2115 781 2184 interpellat
796 2132 904 2181 «pro
937 2118 1150 2183 peccatis
1179 2119 1360 2168 nostris
1393 2115 1458 2185 (Ι
1482 2116 1638 2170 Joan.
1672 2132 1737 2180 tt,
1774 2118 1848 2185 1).
1898 2119 2064 2171 Dicite

507 2208 664 2273 igitur
695 2206 868 2271 nobis,
910 2219 943 2258 o
981 2206 1226 2259 doctores
1256 2204 1486 2273 egregii,
1519 2220 1640 2259 cum
1670 2207 1877 2260 Patrem
1907 2208 2065 2262 hodie

506 2296 672 2350 Filius
703 2296 1033 2364 interpellat,
1066 2297 1355 2350 secundum
1390 2296 1643 2352 deitatem
1675 2312 1849 2361 suam,
1878 2313 1948 2351 an
1974 2312 2062 2352 se—

504 2386 735 2439 cundum
783 2385 1228 2452 dispensationem
1276 2386 1615 2440 humanitatis
1652 2388 1927 2452 postulat?
1958 2388 2061 2442 Sed

503 2481 755 2542 quantum
788 2473 1024 2541 perfidiae
1053 2480 1243 2527 vestrm
1284 2475 1509 2527 intentio
1534 2483 1795 2530 monstrat
1819 2475 1931 2545 (qui
1966 2490 2061 2545 pe-

423 2635 434 2641 .
504 2566 756 2618 rimentes
777 2564 1062 2616 humanam
1088 2572 1349 2627 naturam,
1383 2564 1550 2617 solam
1580 2565 1819 2619 asseritis
1838 2557 2062 2620 essedi-

505 2653 727 2722 vinam)
771 2653 1057 2707 secundum
1098 2652 1347 2717 deitatem
1388 2654 1720 2723 interpellat,
1765 2657 2058 2711 secundum

506 2743 759 2811 deitatem
788 2742 1029 2819 advocati
1062 2742 1237 2797 officio
1278 2743 1530 2811 fungitur,
1569 2744 1861 2800 secundum
1888 2748 2061 2801 deitao

508 2845 615 2889 tem
665 2834 955 2890 sacerdotis
983 2835 1334 2889 ministerium
1371 2837 1594 2904 implet;
1624 2838 1914 2893 secundum
1955 2840 2067 2895 dei-

507 2934 667 2980 tatem
689 2926 849 2982 etiam
878 2927 931 2980 in
953 2926 1242 2980 novissimo
1263 2927 1403 2981 Patri
1425 2928 1694 2997 subjectus
1719 2931 2068 2999 erit,quando

500 3018 680 3073 eidem
714 3018 849 3073 Filio
879 3020 1053 3074 omnia
1083 3020 1316 3087 subjecta
1342 3020 1556 3073 fuerint.

2158 518 2299 571 unde
2331 520 2526 571 erroris
2575 520 2731 569 vestri
2774 518 2971 570 rivulus
2999 518 3257 586 originem
3297 519 3495 580 trahat,
3525 530 3575 570 et
3602 537 3715 586 quo

2158 608 2455 661 discursum
2491 606 2666 659 faciat.
2697 607 2929 660 Tandem
2976 608 3289 674 reperimus,
3331 594 3709 676 Eutychianam

2161 697 2402 748 haeresim
2433 710 2496 749 ex
2521 696 2837 763 Apollinaris
2863 697 3196 749 amarissimo
3224 695 3365 749 fonte
3392 698 3711 760 derivatain,

2161 799 2325 851 usque
2355 785 2417 837 ad
2456 787 2810 838 ctenulentam
2843 787 2953 838 Arii
2990 788 3288 853 voraginem
3329 788 3548 841 turbidis
3581 788 3709 841 ferri

2161 876 2454 939 meatibus;
2480 877 2670 942 quibus
2698 876 2747 928 in
2773 885 2972 928 tantum
3003 878 3231 942 perﬁdia:
3247 880 3431 945 copula
3453 881 3710 947 jungitur,

2162 974 2218 1018 ut
2246 968 2420 1017 omnia
2456 966 2519 1017 ad
2561 964 2850 1018 divinitatis
2897 969 3270 1019 contumeliam
3321 968 3541 1030 referat.
3571 971 3713 1037 'qua:

2160 1053 2402 1105 Christus
2433 1054 2718 1105 secundum
2760 1053 3203 1120 dispensationem
3230 1056 3407 1110 carnis
3441 1067 3526 1109 aut
3561 1058 3711 1111 locu-

2162 1149 2246 1194 tus
2276 1152 2357 1194 est
2377 1182 2390 1203 ,
2413 1153 2501 1193 aut
2539 1143 2737 1209 peregit
2763 1158 2774 1203 ;
2806 1144 2929 1195 dum
2958 1158 3111 1195 unam
3141 1146 3499 1199 tantummodo
3517 1146 3712 1198 divini-

2166 1230 2288 1282 tatis
2318 1230 2590 1282 contendit
2617 1246 2735 1284 esse
2764 1244 3022 1283 naturam.
3058 1232 3204 1286 Unde
3232 1233 3498 1286 hortamur
3523 1250 3714 1287 omnes

2163 1317 2403 1369 homines
2458 1320 2695 1372 nefanda
2751 1319 2906 1387 hujus
2963 1322 3193 1389 perﬁdia:
3231 1325 3714 1388 sectatores,dum

2162 1410 2266 1458 vita
2298 1415 2505 1471 manet,
2539 1408 2660 1461 dum
2694 1410 2951 1476 pcnnitcre
2990 1411 3129 1474 licet,
3160 1414 3357 1465 erroris
3387 1417 3464 1467 sui
3506 1422 3714 1468 mutare

2162 1500 2499 1553 sententiam.
2545 1500 2609 1551 Et
2645 1499 2881 1569 Gregorii
2915 1502 3085 1568 potius
3113 1513 3270 1571 atque
3313 1505 3505 1565 Basilii,
3535 1505 3717 1557 Theo-

2162 1588 2293 1655 phili
2320 1604 2525 1655 quoque
2548 1597 2601 1643 et
2620 1589 2837 1642 Joannis
2870 1591 3095 1644 civitatis
3122 1593 3717 1663 Constantinopolitanae

2163 1678 2511 1745 opinatissimi
2538 1681 2807 1742 antistitis,
2836 1697 2931 1734 uce
2961 1697 3059 1734 non
3090 1692 3143 1736 et
3173 1684 3351 1753 Cyrilli
3377 1684 3715 1737 Alexandrini

2165 1769 2423 1835 episcopi,
2447 1778 2497 1822 et
2523 1770 2743 1823 aliormn
2774 1772 3279 1839 quamplurimorum
3309 1774 3395 1841 qui
3426 1775 3716 1839 antiqiiitus

2165 1858 2216 1910 in
2249 1858 2483 1913 Ecclesia
2519 1860 2841 1923 floruerunt,
2875 1877 3029 1927 super
3066 1864 3340 1933 utriusque
3372 1874 3561 1917 natura
3587 1879 3720 1932 pro-

2166 1949 2391 2017 prietate
2434 1951 2623 2003 sectari
2668 1950 2994 2015 doctrinam,
3035 1968 3255 2019 quorum
3309 1955 3388 2007 eis
3423 1955 3486 2007 de
3521 1952 3620 2007 hac
3656 1967 3716 2007 re

2167 2041 2455 2093 sententias
2486 2042 2816 2094 extrinsecus
2845 2041 3111 2096 offerimus
3146 2038 3502 2111 perlegendas.
3523 2042 3717 2108 Quzso

2167 2128 2365 2182 interea
2398 2130 2669 2194 lectorem,
2702 2132 2954 2185 vilitatem
2991 2132 3086 2202 13
3125 2134 3290 2186 nostri
3322 2134 3578 2186 sermonis
3605 2146 3713 2185 non

2168 2231 2541 2286 usquequaque
2570 2217 2862 2284 deSpiciat:
2899 2219 3017 2287 quia
3054 2227 3109 2276 et
3130 2220 3369 2275 fortassis
3409 2220 3568 2288 patuit
3604 2221 3717 2274 elo-

2166 2307 2415 2374 quentius
2443 2309 2614 2360 oratio
2637 2308 2793 2361 comi.
2820 2308 2923 2363 Sed
2954 2324 3051 2363 nos
3083 2311 3151 2362 ita
3177 2312 3370 2379 stylum
3396 2312 3717 2379 temperavi-

2169 2410 2307 2459 mus,
2340 2404 2395 2449 ut
2422 2412 2531 2448 rem
2564 2399 2735 2463 potius
2762 2414 2919 2465 quam
2952 2400 3108 2453 verba
3130 2402 3426 2469 legentibus
3453 2414 3716 2453 commen-

2170 2486 2435 2540 daremus.
2454 2487 2517 2539 Et
2538 2488 2764 2541 maxime
2785 2488 2884 2541 hoc
2907 2503 3040 2557 Opus
3061 2494 3321 2543 cothurno
3342 2490 3584 2542 tumentis
3606 2489 3717 2541 elo-

2170 2575 2278 2643 quii
2320 2576 2490 2628 inflari
2522 2592 2626 2629 non
2672 2576 2881 2644 debuit,
2914 2594 2980 2633 ne
3014 2578 3364 2634 transferendi
3397 2579 3447 2632 iu
3479 2580 3714 2634 Cra-cum

2170 2660 2460 2719 necessitas
2482 2666 2657 2735 aliqua
2681 2667 2840 2721 adsit.
2860 2668 2988 2734 Quia
3018 2668 3281 2723 difficilius
3306 2671 3573 2738 integritas
3596 2683 3716 2722 sen-

2166 2768 2318 2807 suum
2351 2757 2403 2808 in
2444 2758 2600 2809 aliam
2640 2757 2871 2828 linguam
2903 2760 3013 2828 pari
3051 2768 3227 2829 potest
3264 2763 3525 2816 sermonis
3559 2774 3716 2813 venu-

2168 2855 2304 2899 state
2329 2848 2553 2901 servari.

1409 3266 1876 3387 LIBER
1964 3269 2812 3381 SECUNDUS.

578 3456 617 3509 l.
647 3454 837 3508 Varius
865 3451 1082 3521 quidem,
1108 3460 1162 3505 et
1192 3450 1459 3516 diversus,
1492 3467 1557 3506 ex
1587 3465 1693 3505 uno
1714 3459 1889 3522 tamen
1920 3450 2067 3507 fonte
2095 3457 2140 3519 ο
2172 3462 2328 3516 nant.
2388 3464 2751 3524 tropmumque
2798 3463 2995 3510 nostra:
3037 3458 3299 3521 victoriae,
3352 3472 3534 3514 eorum
3573 3471 3714 3513 cassa

511 3546 775 3600 haeretica:
814 3545 1085 3612 pravitatis
1116 3557 1265 3601 error
1290 3543 1530 3596 emersit.
1559 3542 1734 3595 Cardo
1759 3543 1899 3596 enim
1942 3557 2066 3610 pes-

505 3639 669 3693 simus
712 3645 765 3690 et
805 3637 954 3705 origo
997 3636 1294 3699 malorum,
1325 3648 1442 3702 quae
1480 3649 1546 3686 ex
1591 3648 1711 3689 sese
1752 3636 2067 3688 'cunctarum

505 3729 834 3798 impietalum
858 3716 1165 3782 occasiones
1192 3728 1418 3794 peperit,
1454 3726 1566 3779 haec
1593 3733 1676 3778 est
1705 3768 1721 3792 ,
1751 3728 1875 3779 dum
1903 3726 2068 3780 cccle-

506 3818 665 3873 stium
687 3818 944 3871 dictorum
960 3818 1126 3870 virtus
1148 3800 1445 3870 vitio'male
1475 3815 1875 3883 intclligentium
1902 3807 2071 3869 teme-

506 3917 644 3971 rata,
669 3922 773 3962 non
804 3908 1091 3961 secundum
1119 3908 1199 3960 sui
1232 3907 1536 3975 qualitatem
1561 3920 1753 3960 sensus
1786 3906 2070 3974 perpendi-

508 4008 611 4060 tur,
630 3996 720 4051 sed
747 4000 797 4051 in
815 3998 944 4051 alias
970 4012 1057 4051 res
1086 4012 1181 4064 pro
1201 3997 1419 4051 arbitrio
1439 4006 1494 4051 et
1521 3998 1792 4050 voluntate
1820 3997 2066 4065 legentis,

505 4103 660 4141 secus
696 4096 852 4156 quam
893 4089 1003 4141 veri
1048 4088 1185 4143 ratio
1226 4089 1479 4157 postulat,
1512 4088 1803 4142 derivatur.
1835 4088 1937 4143 Sed
1971 4090 2071 4142 hoc

507 4193 570 4232 ex
611 4180 842 4231 omnium
880 4178 1249 4232 haereticorum
1291 4180 1608 4231 commentis
1650 4180 1841 4246 cuique
1879 4178 2067 4244 depre-

509 4267 744 4323 hendere
766 4269 1013 4335 perfacile
1050 4280 1150 4324 est.
1183 4271 1278 4325 Est
1301 4280 1354 4323 et
1381 4270 1483 4322 alia
1522 4270 1808 4338 impietatis
1832 4269 2068 4333 occasio,

509 4372 662 4427 quam
697 4359 887 4411 mirum
913 4360 978 4413 ‘in
1027 4359 1239 4413 modum
1278 4361 1451 4413 minus
1486 4362 1657 4413 cautis
1701 4360 1859 4413 nimia
1900 4362 2069 4424 pictas

512 4448 775 4515 praestitit.
805 4449 869 4501 Et
894 4464 957 4503 co
984 4450 1203 4503 multum
1240 4451 1475 4517 satisque
1510 4450 1793 4503 dolendum
1838 4449 2069 4502 exitialis

512 4535 745 4603 perfidiae
786 4536 1022 4601 malum,
1074 4538 1195 4591 inde
1264 4539 1479 4602 impium
1538 4538 1683 4597 ﬁeri.
1740 4539 1881 4592 unde
1931 4538 2066 4591 alius

512 4627 627 4694 pius
672 4626 893 4691 existit;
952 4628 1073 4680 inde
1130 4629 1459 4682 miserabiles
1513 4630 1836 4698 captivitatis
1885 4628 2065 4682 sortiri

512 4731 794 4778 aerumnas,
821 4717 956 4770 unde
984 4717 1244 4771 libertatis
1274 4727 1509 4785 potestas
1535 4719 1855 4786 acquiritur;
1884 4718 1956 4772 ibi
1982 4734 2068 4772 er-

2171 3546 2460 3603 certamina
2489 3551 2729 3619 gignant.

2241 3643 2306 3697 ll.
2351 3642 2566 3699 Sabellii
2615 3644 2757 3697 enim
2790 3643 3008 3711 perfidia
3056 3643 3165 3697 Arii
3211 3645 3429 3697 damnat
3470 3659 3712 3699 errorem.

2171 3732 2375 3785 Rursus
2415 3731 2595 3785 Ariani
2637 3733 2897 3801 dogmatis
2923 3748 3075 3787 error
3125 3734 3340 3787 Sabellii
3400 3740 3712 3798 impietatem

2171 3820 2424 3874 excludit.
2450 3821 2719 3888 Siquidem
2750 3820 3011 3876 Sabellins
3038 3824 3193 3876 unius
3234 3833 3439 3876 natura:
3470 3824 3713 3890 probabili

2171 3911 2383 3979 quidem
2413 3909 2751 3965 confessione
2778 3910 3056 3977 deceptus,
3087 3913 3359 3966 Trinitatis
3387 3930 3544 3966 unam
3576 3925 3711 3981 puta-

2118 4072 2121 4073 ,
2169 4000 2248 4053 vit
2271 4014 2392 4054 esse
2426 4014 2706 4067 personam
2725 4040 2741 4066 ,
2766 4013 2820 4054 ut
2848 4018 2912 4056 ex
2940 4001 3041 4055 hoc
3066 4004 3202 4070 quod
3233 4004 3387 4056 trium
3415 4020 3512 4055 una
3541 4014 3711 4055 natura

2171 4098 2272 4153 est,
2300 4105 2399 4143 una
2418 4091 2803 4160 intelligeretur
2822 4106 2941 4145 esse
2966 4106 3210 4159 persona.
3232 4092 3425 4145 Contra
3447 4093 3598 4146 Arius
3612 4100 3709 4147 tres

2169 4179 2520 4234 subsistentes
2568 4190 2727 4250 atque
2774 4180 3085 4246 distinctas,
3128 4182 3281 4235 sicuti
3315 4193 3377 4236 et
3420 4197 3543 4237 vere
3577 4192 3708 4248 sunt,

2171 4284 2429 4338 personas
2468 4272 2764 4339 accipiens,
2812 4281 2922 4325 tres
2948 4286 3131 4325 eorum
3180 4272 3478 4349 dissimiles.
3500 4272 3709 4327 credidit

2168 4371 2288 4411 esse
2317 4368 2561 4423 naturas;
2593 4369 2647 4413 et
2672 4360 2812 4428 quod
2841 4360 2907 4414 ad
2936 4360 3324 4416 distinctionem
3358 4365 3596 4431 pertinet,
3620 4363 3708 4417 hoc

2168 4448 2269 4513 iste
2295 4447 2361 4501 ad
2384 4449 2781 4517 disparilitatem
2808 4452 3112 4506 earumdem
3142 4453 3316 4505 retulit
3347 4466 3705 4519 personarum;

2167 4539 2509 4607 quamobrem
2546 4547 2604 4593 et
2642 4541 2847 4595 meritis
2887 4550 2938 4595 et
2980 4542 3233 4610 gradibus
3286 4544 3443 4610 longe
3483 4542 3705 4613 dispares

2168 4645 2330 4685 ausus
2360 4641 2441 4685 est
2465 4632 2711 4685 definire.
2737 4633 2903 4701 Hujus
2928 4634 3087 4703 igitur
3111 4650 3262 4687 error
3309 4635 3373 4687 ad
3408 4634 3703 4689 confutatio-

2169 4738 2289 4775 nem
2336 4722 2653 4787 Sabclliana!
2687 4725 2972 4790 impietatis
3010 4726 3279 4794 proficiat,
3316 4726 3594 4796 audiatque
3622 4728 3701 4779 Sa-

512 4808 718 4862 roribus
761 4808 1050 4876 implicari,
1091 4810 1175 4863 ubi
1218 4812 1390 4861 omnis
1420 4810 1727 4877 ignorantiae
1770 4810 2066 4864 absolvitur
2091 4798 2142 4859 ι)
2169 4814 2359 4868 bellios
2396 4815 2446 4865 in
2493 4823 2695 4867 tantum
2733 4813 2909 4867 Patris
2949 4826 3003 4870 et
3045 4815 3158 4868 Filii
3203 4827 3253 4869 et
3282 4816 3511 4883 Spiritus
3552 4816 3703 4870 sancti

511 4912 703 4960 error;
753 4897 874 4950 inde
903 4899 1156 4965 perfidum
1198 4898 1340 4962 fieri,
1391 4900 1529 4952 umle
1565 4900 1701 4952 alius
1746 4900 1917 4954 fidelis
1944 4906 2062 4962 est;

510 4988 694 5042 eodem
738 4989 934 5043 lumine
981 4992 1237 5043 obcmcari
1260 5031 1273 5053 ,
1312 5004 1416 5058 quo
1446 4991 1581 5044 alius
1613 4990 1908 5046 clarissime
1945 4991 2066 5047 illu-

511 5090 725 5136 strator.
754 5084 813 5135 Et
831 5093 884 5135 ut
911 5083 1009 5136 hoc
1030 5083 1101 5135 ita
1118 5097 1234 5137 esse
1257 5084 1585 5136 documentis
1607 5084 2063 5138 manifestioribus

512 5182 707 5239 pateat,
736 5174 944 5229 Sabellii
962 5183 1019 5229 et
1049 5176 1180 5238 Arii,
1206 5176 1477 5235 Maniehzei
1508 5188 1559 5230 et
1582 5177 1811 5237 Photini,
1837 5178 2059 5231 Nestorii

509 5274 561 5315 et
612 5263 915 5332 Eutychetis
964 5269 1340 5321 sententiarum
1394 5269 1637 5335 dogmata
1688 5270 2055 5334 conferamus,

507 5355 698 5420 quibus
737 5357 805 5408 ita
837 5370 930 5409 eos
960 5357 1059 5411 sibi
1093 5360 1321 5413 invicem
1358 5361 1629 5413 exstitisse
1652 5362 1948 5415 contrarios
1983 5364 2058 5414 in-

506 5458 552 5493 νη
574 5443 775 5507 nimus,
830 5456 887 5497 ut
926 5446 1083 5513 (quod
1134 5449 1295 5517 magis
1326 5449 1514 5503 mirum
1556 5450 1645 5518 sit)
1682 5466 1863 5503 eorum
1907 5467 2058 5506 error

508 5534 713 5587 veritati
743 5537 1094 5591 testimonium
1118 5540 1277 5603 dicat,
1306 5551 1359 5593 et
1390 5543 1692 5597 inconsonac
1733 5544 2053 5609 perfidorum

506 5622 787 5675 sententize
822 5626 875 5678 in
902 5641 1059 5680 unum
1097 5628 1196 5697 14
1232 5640 1386 5683 rectae
1419 5631 1539 5685 fidei
1571 5632 1835 5685 modulum
1869 5633 2054 5686 conci-

2169 4916 2276 4961 tres
2303 4921 2424 4959 esse
2450 4920 2728 4974 personas,
2768 4916 2823 4958 ut
2851 4921 2944 4960 eos
2972 4908 3129 4961 Arius
3173 4916 3225 4961 et
3263 4917 3521 4974 potestate
3565 4908 3696 4961 dissi-

2168 4998 2318 5051 miles
2342 5006 2394 5049 et
2422 5006 2605 5049 natura
2634 4996 2874 5050 diversos
2899 4996 3091 5051 audeat
3119 4997 3369 5062 profiteri.
3395 4998 3583 5051 Audiat
3606 5015 3700 5051 rur-

2166 5101 2258 5140 sus
2290 5087 2372 5140 hic
2404 5087 2540 5140 idem
2568 5087 2749 5150 Arius,
2780 5088 2831 5139 in
2865 5095 3067 5141 tantum
3119 5088 3323 5141 Patrem
3354 5096 3407 5141 et
3436 5088 3623 5141 Filium
3655 5095 3695 5139 et

2167 5175 2416 5243 Spiritum
2460 5184 2700 5229 sanctum
2756 5177 2911 5229 unius
2964 5179 3271 5245 potestatis,
3311 5178 3567 5246 uniusque
3601 5191 3695 5231 esse

2165 5275 2387 5329 natura),
2416 5276 2472 5319 ut
2506 5267 2769 5321 Sabellius
2799 5282 2956 5321 unam
2992 5284 3172 5322 eorum
3218 5270 3357 5321 dicat
3385 5283 3503 5321 esse
3535 5283 3691 5335 persn-

2164 5373 2307 5411 nam.
2337 5359 2524 5411 Malum
2549 5374 2675 5427 ergo
2700 5368 2863 5423 tuum,
2893 5376 2928 5413 o
2951 5363 3063 5423 Ari,
3097 5362 3235 5415 illius
3255 5364 3458 5426 corrige
3485 5362 3693 5423 m.tlo,t-t

2164 5450 2357 5501 malum
2383 5465 2533 5502 suum
2563 5451 2628 5501 de
2670 5461 2757 5501 tuo
2790 5452 3021 5520 corrigat
3065 5453 3200 5504 malo
3226 5467 3239 5509 ;
3270 5460 3325 5503 ut
3348 5452 3544 5504 bonum
3574 5450 3691 5521 quod

2164 5548 2385 5608 uterque
2417 5542 2689 5596 nobiscum
2721 5544 2939 5606 tenetis,
2983 5557 3260 5597 commune
3288 5542 3355 5595 sit
3384 5543 3551 5595 vobis.
3585 5544 3689 5597 Nam

2164 5616 2359 5687 bonum
2402 5640 2483 5687 est
2516 5633 2651 5699 quod
2686 5642 2768 5696 tu,
2803 5634 2925 5697 Ari,
2960 5641 3069 5686 tres
3112 5632 3241 5687 dicis
3280 5648 3397 5688 esse
3435 5645 3687 5700 perstans.
