3842 6226
99 227 183 277 I5

1168 229 1438 285 CONTRA
1475 230 1931 285 EUTYCIIETISM
1978 232 2097 283 Mli.
2141 231 2197 285 ll.

3206 230 3297 281 ltiti

98 337 175 389 ml
212 335 401 389 malum
429 346 512 391 est
541 340 684 408 quod
720 354 808 392 eas
850 350 902 394 et
928 342 1177 409 gradibus
1204 350 1254 397 et
1286 343 1487 395 naturis
1518 343 1631 396 lon-
1659 348 1708 404 Α
1734 343 2037 408 Christum,
2084 344 2375 398 secundum
2405 342 2718 397 catholicam
2753 345 2907 397 fidem
2936 352 2989 397 et
3039 358 3299 411 praeconia

97 430 195 495 gius
221 443 455 496 separas.
488 429 620 483 Item
651 430 964 495 tu,SabeIli,
991 431 1185 485 bonum
1208 442 1288 485 est
1317 432 1454 501 quod
1483 449 1638 486 unam

98 518 213 571 dicis
236 533 355 572 esse
380 531 653 586 naturam,
682 521 773 575 sed
803 523 996 574 malum
1027 531 1109 575 est
1137 523 1275 590 quod
1301 535 1349 577 te
1373 524 1524 578 unius
1549 540 1640 576 na-

98 618 213 661 tura:
238 609 437 663 veritas
465 625 622 664 unam
653 612 792 680 cogit
839 611 988 665 fateri
1024 628 1329 681 personam.
1365 615 1539 668 Λίτετο
1564 617 1640 669 di-

97 701 391 769 sceptat'oni
436 713 635 757 vestras
671 704 1039 773 compendium
1067 723 1080 759 :
1124 706 1228 760 imo
1261 722 1364 761 non
1396 723 1515 777 ego,
1549 708 1641 762 sed

98 791 320 844 Christus
346 793 440 861 qui
480 793 649 846 litium
686 804 981 848 vestrarum
1013 798 1419 861 controversias,
1463 808 1643 865 utpote

101 880 422 955 aquissiinus
449 883 711 951 cognitor,
736 898 835 937 una
859 884 1020 939 Verbi
1052 886 1307 939 sententia
1336 890 1537 939 censuit
1566 887 1641 940 di-

99 972 369 1038 rimendas,
400 972 621 1026 dicens:
652 972 761 1042 Ego
783 985 828 1026 et
856 972 1002 1026 Pater
1021 992 1172 1027 unum
1200 980 1371 1028 sumus
1388 974 1561 1045 (Joan.
1589 994 1640 1040 κ,

99 1064 194 1127 30').
223 1062 462 1116 Dicenda
488 1062 665 1132 igitur,
685 1078 776 1132 ego
792 1073 838 1116 et
867 1060 1039 1129 Pater,
1088 1064 1340 1118 discrevit
1370 1067 1506 1133 quod
1549 1065 1646 1120 Sa-

98 1152 264 1206 beliius
299 1152 442 1204 male
463 1150 770 1205 confundit:
802 1151 1041 1205 addendo
1063 1160 1236 1205 autem
1270 1169 1419 1205 unum
1447 1171 1640 1220 smnus,

100 1240 248 1293 univit
276 1241 422 1308 quod
456 1244 612 1298 Arius
642 1245 779 1299 male
804 1245 1081 1309 discernit,
1114 1254 1172 1298 ut
1204 1263 1357 1299 unum
1381 1247 1444 1299 ad
1469 1249 1642 1301 unita-

100 1342 189 1387 tem
214 1343 446 1401 naturae,
477 1353 653 1390 sumus
680 1338 745 1390 ad
773 1338 1163 1392 distinctionem
1194 1340 1432 1407 proﬁciat
1464 1356 1645 1409 perso-

99 1438 289 1477 narum.
335 1424 470 1479 Tale
494 1435 576 1479 est
625 1426 792 1479 illud:
841 1426 1101 1496 Baptizate
1139 1438 1304 1496 gentes
1351 1430 1401 1482 in
1450 1432 1646 1484 nomine

102 1510 275 1579 Patris,
305 1524 353 1566 et
382 1512 531 1581 Filii,
564 1525 610 1570 et
639 1516 865 1584 Spiritus
894 1519 1051 1569 sancti
1075 1518 1284 1585 (Matth.
1320 1536 1503 1584 xxviii,
1535 1520 1642 1589 I9);

100 1600 143 1653 iu
192 1617 295 1655 uno
329 1603 489 1659 trium
524 1606 768 1669 nomine,
802 1622 958 1659 unam
987 1608 1195 1664 deitatis
1231 1611 1499 1663 insinuans
1529 1627 1647 1667 esse

1696 484 1697 487 η
1743 437 2132 505 Scripturarutn
2152 437 2283 491 duas
2310 435 2505 490 habere
2533 435 2852 501 nativitates,
2875 451 3030 487 unam
3054 436 3118 487 de
3150 433 3301 488 Patre

1741 529 1855 581 sine
1905 540 2176 595 tempore,
2228 526 2449 581 alteram
2495 527 2559 579 de
2606 535 2773 579 matre
2811 528 2925 578 sine
2966 524 3171 579 semine
3205 541 3217 575 :
3247 532 3303 577 et

1741 619 1926 672 harum
1972 618 2193 671 duarum
2226 617 2559 671 nativitatem
2602 625 2878 683 utramque
2903 628 3094 682 gerens
3144 622 3297 665 natu-

1743 726 1875 774 ram,
1901 710 1991 763 Dei
2024 712 2229 764 scilicet
2253 725 2353 779 qua
2394 710 2460 763 de
2491 708 2644 762 Patre
2674 718 2827 761 natus
2849 716 2960 769 est,
2991 716 3043 762 et
3074 704 3302 759 hominis

1743 815 1842 870 qua
1873 808 1956 855 est
1984 798 2049 852 de
2076 809 2243 853 matre
2274 798 2603 868 progenitus,
2628 812 2763 852 unus
2796 796 3035 865 idemque
3080 795 3218 850 Deus
3248 804 3303 849 et

1746 892 2004 945 homo-est
2033 890 2292 943 Christus.
2322 888 2544 945 Gemina
2571 890 2709 942 enim
2744 889 3010 949 uativitas,
3037 887 3297 955 geminam

1745 983 1833 1035 uni
1855 981 2066 1035 Christo
2084 981 2225 1035 dedit
2249 978 2511 1043 naturam,
2534 980 2656 1033 dum
2677 980 2764 1048 qui
2791 978 2927 1033 Deus
2944 978 3104 1031 estde
3126 977 3299 1039 Patre,

1746 1076 1883 1129 idem
1908 1085 1961 1127 et
1987 1077 2143 1127 homo
2170 1085 2247 1126 est
2274 1073 2340 1127 de
2369 1086 2558 1126 matre.
2588 1073 2689 1125 llas
2712 1071 2887 1139 itaque
2910 1084 3141 1135 naturas,
3170 1082 3300 1137 quas

1745 1183 1808 1223 ex
1844 1179 2069 1236 utroque
2107 1168 2265 1221 habet
2311 1177 2553 1237 parente,
2583 1166 2864 1235 Apostolus
2892 1163 3021 1218 duas
3065 1163 3301 1217 nominat

1747 1260 1962 1322 formas,
1996 1259 2175 1313 dit-eus
2198 1260 2265 1312 de
2289 1260 2401 1325 ipso
2436 1276 2448 1311 :
2482 1259 2580 1324 Qui
2610 1274 2722 1310 cum
2750 1258 2804 1309 in
2829 1260 2997 1326 {arma
3026 1252 3119 1307 Dei
3148 1263 3299 1319 esset,

1747 1366 1845 1403 non
1874 1350 2108 1417 rapinam
2138 1351 2409 1402 arbitratus
2434 1358 2505 1401 est
2532 1364 2638 1401 esse
2666 1363 2717 1400 se
2759 1348 3004 1416 wquolem
3045 1344 3185 1409 Deo;
3213 1345 3301 1398 sed
3328 1362 3335 1378 ·

1746 1444 2061 1511 semetipsum
2092 1441 2387 1503 exinanitn't,
2420 1444 2636 1509 formam
2662 1441 2788 1493 servi
2809 1439 3059 1506 accipiens
3082 1435 3299 1507 (Philip.

1748 1549 1805 1597 Il,
1830 1534 1905 1601 6).
1941 1534 2014 1586 De
2034 1533 2223 1602 quibus
2248 1532 2450 1597 formis,
2476 1532 2588 1585 sive
2611 1545 2767 1599 quam
2795 1545 2858 1584 ex
2888 1529 2997 1583 Deo
3029 1528 3185 1581 Patre
3213 1526 3302 1578 ha-

1751 1625 1854 1688 bet,
1886 1624 1995 1677 sive
2024 1639 2181 1691 quam
2212 1638 2274 1676 ex
2307 1622 2520 1675 homine
2546 1631 2714 1674 matre
2741 1620 2977 1688 accepit,
3011 1616 3302 1687 prophetali

100 1698 346 1743 naturam.
382 1692 458 1745 Ita
485 1692 657 1764 iudex
692 1695 921 1761 optimus
953 1696 1089 1749 inter
1121 1700 1302 1750 noxias
1341 1709 1393 1754 et
1423 1700 1644 1754 lethaies

1752 1714 1996 1767 vaticinia
2026 1714 2225 1769 clarius
2251 1720 2459 1766 conSIat
2485 1725 2830 1778 expressum;
2864 1708 2995 1762 Isaia
3029 1706 3097 1761 de
3125 1705 3302 1760 servili

102 1778 506 1832 Christianorum
532 1788 904 1836 contentiones
934 1783 1257 1839 salutiferam
1294 1788 1478 1855 jndieii
1522 1804 1642 1843 scn-

104 1867 301 1919 tentiam
334 1869 476 1931 tulit,
510 1869 607 1939 15
641 1878 694 1922 ut
722 1872 933 1939 proprio
963 1884 1137 1940 pereat
1168 1877 1311 1938 vitio,
1337 1877 1420 1944 qui
1450 1878 1643 1945 judicis

104 1966 283 2009 scnteu'
298 1958 402 2010 iam
437 1962 821 2015 retractaverit.
1162 1976 1165 1977 '

154 2042 237 2096 Ill.
263 2045 389 2099 Item
423 2048 739 2103 lliauichaaus
770 2052 889 2105 dum
922 2063 1180 2108 tantarum
1208 2058 1453 2110 virtutotn
1484 2058 1641 2110 mira-

108 2133 205 2185 cnla
233 2137 473 2203 respicit.
525 2154 641 2206 quae
674 2140 762 2193 Dei
793 2141 954 2196 Filius
982 2155 1224 2213 operatus
1257 2157 1365 2211 est,
1402 2162 1504 2201 non
1535 2150 1644 2201 vult

108 2237 211 2274 cum
235 2226 501 2279 hominem
525 2229 786 2285 conﬁteri.
812 2232 1067 2288 Photinus
1094 2236 1216 2289 dum
1242 2228 1291 2290 in
1315 2254 1379 2291 eo
1405 2247 1641 2293 n.=turam

112 2311 257 2365 nostri
286 2316 527 2381 corporis
556 2319 797 2386 attendit,
824 2321 989 2376 Deum
1018 2338 1135 2378 esse
1166 2342 1269 2379 non
1298 2328 1517 2393 judicat.
1552 2330 1644 2383 Ille

112 2409 159 2450 ut
181 2413 234 2454 se
262 2405 479 2471 muniat,
506 2408 753 2476 virtutes,
787 2411 883 2465 iste
913 2413 1243 2470 inﬁrmitates
1275 2418 1515 2485 replicat.
1552 2419 1645 2473 Ille

113 2490 304 2546 deitatis
345 2499 606 2563 prrcconia
636 2537 651 2563 ,
702 2500 801 2554 iste
850 2502 1189 2559 humanitatis
1236 2507 1443 2577 allegat.
1494 2509 1642 2563 Illum

116 2579 342 2643 majestas
384 2584 513 2637 tanti
562 2587 791 2641 nominis
832 2590 899 2644 ab
940 2593 1275 2649 humanitatis
1322 2599 1646 2667 professione

118 2680 339 2734 revocat;
370 2672 525 2727 istum
558 2674 825 2733 humilitas
849 2680 1159 2748 injuriarum
1189 2702 1317 2755 quas
1348 2690 1453 2745 Deo
1478 2694 1648 2747 cernit

122 2760 377 2828 indignas,
422 2764 472 2818 in
517 2765 744 2823 hominis
784 2780 984 2827 tantum
1024 2776 1355 2834 eonfessiooe
1400 2793 1644 2837 retentat.

127 2850 256 2906 Illum
295 2857 543 2912 miracula
567 2872 818 2928 avocant,
868 2864 1023 2920 istum
1056 2871 1327 2935 passiones
1360 2877 1642 2929 retardant.

131 2938 413 3000 Illedeitate
444 2947 667 3016 fallitur,
700 2952 801 3008 iste
843 2954 1166 3013 humanitate
1209 2962 1511 3018 offenditur.
1558 2965 1649 3019 Ille

1747 1806 1913 1857 forma
1945 1804 2091 1872 ejus,
2138 1820 2256 1873 qua:
2302 1804 2560 1872 passionis
2592 1801 2791 1857 vilitate
2811 1799 3201 1870 quodammodo
3228 1798 3304 1852 in-

1745 1893 1937 1946 decora
1963 1897 2234 1961 apparuit,
2262 1894 2331 1945 ita
2370 1894 2648 1961 loquente:
2681 1890 2966 1961 Inglorius,
2998 1891 3186 1960 inquit,
3211 1892 3305 1944 erit

1742 1984 1872 2035 inter
1898 1983 2027 2035 viros
2056 1995 2285 2049 aspectus
2308 1986 2447 2052 ejus,
2498 1993 2544 2034 et
2574 1983 2739 2050 forma
2760 1985 2872 2053 ejus
2896 1982 3025 2034 inter
3052 1982 3184 2048 ﬁlios
3218 1982 3306 2034 Ito-

1744 2072 1930 2123 minum
1955 2069 2106 2140 (Isai.
2136 2086 2224 2136 LII,
2265 2070 2374 2135 14).
2408 2072 2472 2124 Et
2499 2072 2688 2124 iterum
2727 2088 2739 2124 :
2782 2070 3046 2138 Vidimus,
3103 2071 3304 2140 inquit,

1744 2178 1877 2223 eum,
1910 2170 1955 2213 et
1986 2178 2085 2213 non
2116 2170 2217 2213 erat
2252 2162 2304 2213 in
2330 2177 2387 2214 eo
2408 2164 2617 2230 species,
2642 2178 2801 2231 neque
2827 2162 2999 2228 decor;
3025 2166 3109 2215 sed
3142 2166 3305 2222 forma

1745 2256 1853 2323 ejus
1883 2254 2115 2321 despecta
2144 2264 2188 2305 et
2221 2254 2461 2321 deﬁciens
2497 2270 2647 2322 super
2689 2255 2819 2321 ﬁlios
2851 2253 3109 2308 hominum
3154 2252 3302 2323 (Isai.

1745 2359 1864 2409 Lttl,
1891 2343 1967 2411 εὶ).
2003 2344 2068 2396 Et
2096 2344 2205 2397 haec
2237 2344 2447 2409 quidem
2472 2345 2537 2396 de
2558 2344 2741 2397 servili
2774 2343 2942 2397 forma
2972 2346 3023 2398 in
3058 2359 3157 2413 qua
3192 2347 3305 2398 uni.

1744 2450 1926 2491 versas
1958 2438 2213 2504 passionis
2256 2437 2471 2505 injurias
2504 2439 2748 2504 pertulit,
2781 2437 2940 2491 lsa'as
2969 2438 3173 2493 locutus
3203 2449 3301 2493 est.

1747 2526 1822 2579 De
1856 2526 2141 2579 divinitatis
2169 2536 2341 2579 autem
2374 2529 2538 2579 forma
2561 2567 2574 2591 ,
2607 2543 2725 2596 qua!
2759 2526 3003 2582 discorem
3035 2543 3187 2582 suum
3214 2543 3306 2595 per

1746 2619 1824 2671 sui
1857 2618 2331 2685 impassihilitatein
2365 2619 2629 2680 retinens,
2665 2617 2786 2671 licet
2814 2621 3074 2688 passionis
3104 2620 3303 2687 pulsata

1749 2707 1972 2774 injuriis,
1999 2707 2182 2760 t'mdari
2215 2723 2316 2759 non
2352 2708 2547 2774 potuit,
2583 2708 2742 2763 David
2772 2710 3068 2764 evidentius
3095 2712 3303 2775 cecinit,

1749 2799 1931 2853 dicens
1970 2818 1981 2851 :
2013 2800 2283 2866 Speciosus
2328 2803 2491 2867 forma
2532 2815 2634 2865 pra:
2665 2801 2785 2867 ﬁliis
2832 2803 3089 2855 hominum
3132 2803 3303 2874 (Paul.
3339 2869 3350 2880 θ

1750 2903 1905 2956 xuv,
1940 2888 2015 2957 '5).
2066 2888 2251 2943 Cernis
2290 2891 2339 2942 iu
2372 2904 2471 2943 una
2524 2889 2714 2944 Christi
2765 2906 2989 2960 persona
3036 2895 3306 2961 utriusque

1751 2975 1959 3041 formzc,
1983 2977 2031 3030 id
2056 2988 2134 3032 est
2157 2980 2428 3048 utriusque
2454 2988 2652 3033 naturae
2678 2984 2985 3050 mysterium
3006 2984 3306 3039 contineri?

125 3029 231 3145 dicit
260 3033 391 3088 Deus
418 3045 528 3104 est,
574 3041 673 3094 iste
703 3042 828 3096 dicit
856 3044 1013 3099 homo
1045 3059 1145 3100 est.
1174 3049 1383 3105 Grande
1422 3038 1649 3108 miracu-
1677 3047 1720 3107 C
1756 3029 1959 3120 Forma,
1984 3070 2121 3121 servi
2152 3029 2399 3122 indecojra
2427 3080 2481 3124 et
2520 3029 2764 3137 despecta
2800 3089 2813 3124 :
2847 3072 3011 3126 forma
3061 3075 3099 3128 D
3138 3076 3150 3129 i
3188 3091 3306 3145 spe-

129 3118 246 3181 lum,
282 3133 336 3175 ut
383 3126 777 3195 impugnatione
822 3134 900 3185 sui
948 3136 1141 3189 veritas
1181 3139 1545 3200 conﬁrmetur;
1597 3152 1651 3195 et

128 3222 281 3264 verum
319 3223 539 3285 uterque
576 3219 745 3284 dicat,
776 3220 898 3275 dum
930 3232 1147 3292 uterque
1188 3228 1487 3283 mentiatur.
1516 3232 1648 3285 Audi

132 3314 251 3376 ergo,
280 3302 568 3363 Manichaee
592 3324 605 3361 :
647 3308 799 3374 Quod
840 3311 975 3366 Deus
1002 3313 1091 3378 sit,
1117 3329 1296 3369 verum
1323 3318 1484 3383 dicis;
1511 3320 1649 3387 quod

129 3398 170 3439 et
194 3389 339 3448 homo
367 3410 471 3451 non
493 3398 585 3467 sit,
612 3399 831 3458 falleris.
854 3403 1012 3468 Audi,
1039 3404 1259 3461 Photine
1292 3425 1303 3459 :
1330 3407 1466 3464 Vere
1495 3410 1651 3465 homo

131 3486 216 3543 est,
244 3491 297 3534 ut
322 3486 544 3549 asseris,
575 3486 697 3542 licet
735 3504 841 3544 non
869 3489 1006 3546 sicut
1045 3496 1266 3559 asseris;
1302 3496 1393 3551 sed
1430 3498 1571 3553 idem
1600 3510 1654 3554 et

133 3564 246 3622 Deus
261 3581 359 3639 est,
381 3575 524 3643 quod
548 3577 708 3646 impie
736 3579 950 3649 refugis.
976 3581 1029 3635 In
1055 3591 1257 3639 tantum
1280 3586 1435 3652 Deus,
1474 3599 1527 3642 ut
1548 3590 1654 3643 Ma-

130 3657 331 3717 nichacus
346 3664 614 3721 hominem
632 3680 821 3740 neget;
849 3671 901 3726 in
926 3682 1125 3728 tantum
1145 3676 1320 3741 homo,
1342 3690 1395 3731 ut
1419 3688 1470 3732 tu
1488 3681 1651 3735 Deum

132 3761 228 3805 esse
249 3767 343 3807 non
370 3756 574 3811 credas.
601 3757 731 3812 Cum
760 3761 916 3830 igitur
939 3764 1092 3818 ambo
1122 3766 1271 3819 vobis
1309 3771 1556 3823 contrarii
1588 3772 1657 3824 si-

134 3837 210 3901 tis,
237 3844 383 3898 ambo
411 3846 689 3901 nobiscum
726 3849 899 3906 facitis
929 3869 943 3904 :
976 3853 1130 3923 longe
1159 3859 1383 3925 separati
1415 3863 1569 3923 estis,
1603 3864 1652 3915 in

136 3929 279 4018 stadio
304 3943 380 3987 est
398 3934 476 3989 via
502 3952 661 4005 quam
680 3940 968 4009 reliquistis
997 3962 1007 3995 :
1032 3960 1166 3999 unus
1191 3946 1331 4012 hinc,
1354 3950 1486 4003 alius
1508 3952 1651 4018 inde,

134 4010 217 4069 huc
242 4020 299 4073 ad
320 4037 412 4075 nos
434 4025 630 4093 venito,
663 4036 715 4090 et
743 4042 838 4082 vos
860 4028 1081 4085 invicem
1112 4033 1359 4091 invenitis
1384 4054 1395 4089 :
1424 4040 1655 4095 transeat
1683 4075 1691 4080 ι

137 4116 246 4161 unus
288 4108 335 4163 in
378 4114 591 4169 alterius
639 4120 994 4184 sententiam,
1047 4122 1116 4176 ita
1157 4133 1212 4178 ut
1256 4142 1357 4199 non
1395 4130 1654 4201 relinquat

136 4205 258 4248 suam
287 4215 298 4250 :
326 4200 390 4253 sit
418 4202 568 4256 vobis
599 4219 880 4262 commune
908 4211 1045 4277 quod
1078 4215 1340 4279 privatum
1389 4200 1593 4275 habetis
1637 4239 1651 4276 ε

139 4280 325 4340 lateatur
350 4289 435 4344 ille
459 4291 752 4359 hominem,
777 4296 1031 4354 conﬁtere
1063 4309 1115 4354 tu
1149 4303 1332 4371 Deum,
1366 4318 1418 4361 et
1444 4312 1653 4379 propria

137 4375 326 4432 veritate
352 4394 380 4433 a
420 4384 631 4452 proprio
664 4385 873 4455 tandem
903 4402 1083 4445 errore
1111 4392 1387 4453 discedite.
1447 4375 1458 4455 ξ

195 4464 271 4522 Ν.
301 4467 576 4526 Veniamus
607 4488 748 4528 nunc
778 4484 830 4528 et
857 4476 923 4531 ad
946 4478 1241 4538 Nestorium
1283 4494 1440 4557 atque
1487 4490 1652 4563 Euty-

140 4550 281 4619 chen,
318 4559 405 4627 qui
450 4562 552 4617 nisi
578 4572 702 4617 sunt
738 4578 832 4631 per
872 4569 1172 4624 universum
1200 4550 1468 4632 Orico-tem
1509 4550 1654 4636 sere-

141 4642 323 4699 nitatein
347 4648 623 4704 catholicae
650 4652 770 4707 ﬁdei
814 4657 944 4709 atris
978 4658 1207 4722 perﬁdiae
1237 4666 1440 4720 nebulis
1469 4669 1654 4724 obum-

142 4726 283 4786 brare.
325 4736 384 4790 Et
413 4739 537 4793 licet
577 4742 832 4795 scelerata
888 4746 1128 4801 doctrina
1175 4766 1291 4806 eum
1341 4756 1452 4812 suis
1496 4759 1656 4815 fuerit

140 4825 403 4879 auctoribus
426 4828 670 4891 refutata,
705 4845 885 4885 eorum
911 4844 1081 4891 tamen
1107 4849 1395 4897 sectatores
1421 4849 1654 4915 ne‘andi,

142 4911 332 5006 autplain
364 4916 614 4983 temporis
637 4922 967 4976 occasionem
996 4928 1155 5006 nacti,
1187 4943 1252 4983 eo
1279 4946 1445 5003 usque
1474 4911 1652 5006 perui;

141 4998 254 5054 ciosa
281 5015 330 5058 et
375 5008 582 5062 lethalia
616 5013 743 5065 saevi
780 5002 1283 5083 dogmatis‘venena
1326 4998 1653 5094 diﬁ‘undunt.

144 5096 184 5186 ut
208 5095 327 5157 quod
376 5108 649 5153 auctorum
689 5107 944 5170 grassatio
974 5120 1279 5178 perpetrare
1322 5130 1425 5170 non
1459 5120 1653 5186 valuit,

146 5175 294 5237 horum
342 5191 599 5255 pestiferae
651 5197 956 5253 assertionis
1003 5200 1105 5256 late
1162 5207 1385 5263 SIBVIBDS
1437 5213 1654 5267 morbus

148 5273 273 5326 totam
324 5292 455 5344 pene
495 5280 786 5339 Ecclesium
837 5290 1103 5346 sauciarit.
1155 5294 1353 5361 Quibus
1401 5303 1648 5369 quoniam

149 5369 464 5457 “impotenter
504 5387 608 5425 uno
641 5373 751 5440 jam
799 5382 1045 5449 respondi
1092 5384 1304 5453 libello,
1350 5405 1487 5446 nunc
1530 5394 1654 5447 stri-

145 5456 259 5547 ctim,
288 5456 615 5529 breviterque
643 5478 819 5519 cassas
845 5484 1024 5527 eorum
1062 5476 1443 5534 sollicitudines
1476 5484 1574 5553 ιθ
1598 5496 1653 5539 et

148 5555 292 5602 manes
310 5550 522 5624 timores
542 5559 836 5615 ostendam.
855 5561 1066 5623 Certum
1085 5578 1163 5626 est
1178 5570 1453 5629 Dominum
1473 5550 1650 5634 lesum

345 5645 608 5708 ΡΑτιιοι.
656 5649 848 5716 an.
1490 5648 1495 5649 ί

1751 3158 1889 3211 ciosa
1922 3160 1971 3211 iu
2002 3175 2066 3212 eo
2107 3171 2159 3213 et
2202 3160 2557 3227 pulcherrima
2606 3164 2940 3229 praedicatur.
3002 3168 3129 3221 llaec
3175 3172 3307 3223 alius

1750 3248 2146 3314 quomodolibet
2201 3250 2463 3317 accipiat;
2523 3252 2732 3306 interim
2792 3256 3099 3323 prophet-co
3150 3269 3307 3327 atque

1750 3336 2039 3404 apostolico
2083 3338 2351 3407 prteconio
2393 3340 2669 3395 docuimus
2710 3341 2976 3398 Christum
3025 3346 3155 3400 duas
3198 3349 3306 3402 fur-

1752 3440 1864 3481 mas
1919 3426 2134 3482 habere.
2184 3428 2332 3483 Nunc
2387 3430 2673 3486 doceamus
2733 3435 2784 3488 in
2834 3437 3087 3491 ambabus
3145 3456 3306 3494 "Imm

1753 3518 2100 3587 eumdemqne
2127 3534 2277 3583 esse.
2323 3530 2588 3591 unan‘rquc
2618 3539 2898 3592 personam
2931 3530 3144 3585 habere.
3176 3533 3308 3588 Dicit

1755 3607 2040 3673 Apostolus
2074 3625 2085 3658 :
2122 3607 2187 3660 Et
2234 3625 2323 3677 ego
2354 3612 2489 3677 quod
2517 3614 2732 3679 donavi,
2780 3617 2830 3667 in
2872 3633 3085 3683 persona
3125 3620 3309 3674 Christi

1752 3696 1842 3763 (Il
1871 3698 1985 3751 Cor.
2016 3714 2070 3763 ll,
2130 3700 2231 3767 l0).
2276 3701 2476 3756 Claruit
2504 3705 2661 3777 igitur
2696 3706 2963 3762 Christum
3002 3727 3063 3765 ex
3107 3713 3310 3769 duabus

1755 3789 2089 3843 manentibus
2123 3791 2323 3845 naturis
2353 3794 2403 3845 in
2431 3795 2621 3848 unione
2654 3810 2894 3862 persona:
2930 3802 3236 3859 sul-sistere.

1828 3880 1888 3933 ν.
1918 3881 2062 3934 Nunc
2087 3882 2357 3936 videamus
2388 3900 2491 3951 quo
2530 3886 2724 3940 fuerint
2750 3889 3020 3944 Nestorius
3062 3902 3112 3946 ει
3143 3894 3307 3965 Euty-

1756 3969 1881 4024 ches
1904 3986 2089 4025 errore
2116 3972 2342 4040 decepti.
2374 3972 2645 4027 Nestorius
2674 3976 2803 4030 duas
2835 3978 3129 4035 inducenda
3161 3995 3310 4037 natu-

1757 4074 1865 4122 ras,
1894 4061 2023 4112 duas
2052 4063 2251 4128 putavit
2286 4065 2381 4132 17
2413 4078 2531 4117 esse
2560 4082 2841 4132 personas;
2876 4079 2928 4122 et
2958 4071 3023 4123 ob
3055 4077 3152 4127 hoc
3173 4077 3311 4128 arbi-

1759 4156 1925 4200 tratus
1948 4156 2029 4199 est
2057 4150 2313 4218 sacrilego
2334 4144 2577 4218 dogmate
2605 4154 2737 4207 duos
2760 4155 2999 4211 Clu-istos
3027 4161 3307 4219 inducere:

1760 4237 2026 4306 Eutychus
2069 4241 2352 4307 respiciens
2384 4258 2540 4295 unam
2575 4260 2874 4312 personam,
2921 4266 3075 4305 unam
3105 4258 3311 4310 censuit

1758 4340 1876 4381 esse
1907 4342 2167 4397 naturam,
2220 4340 2274 4385 et
2301 4333 2367 4385 ob
2392 4338 2488 4387 hoc
2518 4336 2798 4390 humanam
2830 4348 2998 4395 aristis
3032 4356 3111 4397 est
3142 4348 3309 4402 deae:

1680 4393 1735 4454 Ῑ)
1759 4432 1897 4485 gare.
1933 4420 1995 4472 Et
2032 4421 2149 4486 quia
2175 4432 2256 4474 est
2294 4424 2344 4474 in
2367 4422 2579 4477 Christo
2608 4437 2661 4479 et
2688 4438 2990 4483 naturarum
3019 4435 3312 4500 preprietas

1757 4514 1808 4558 et
1840 4521 2077 4572 persona:
2115 4512 2267 4574 unio,
2295 4511 2563 4567 Nestorius
2594 4518 2856 4583 proprieta
2886 4533 2966 4571 em
2991 4526 3311 4577 attendendo

1759 4606 2085 4660 naturarum,
2116 4614 2143 4651 a
2170 4615 2406 4667 persona:
2436 4604 2635 4657 excidit
2661 4608 2883 4673 unione;
2915 4622 2963 4664 et
2993 4613 3122 4665 duos
3158 4626 3308 4681 puta-

1758 4683 1831 4737 vit
1851 4684 2110 4750 Christos,
2137 4705 2295 4743 unum
2325 4693 2647 4759 passibilem,
2676 4697 2899 4754 alterum
2929 4702 3307 4771 impassibilem

1758 4788 1898 4830 esse.
1930 4776 2192 4847 Eutyches
2220 4796 2377 4834 unam
2406 4784 2727 4840 intendendo
2759 4804 3068 4857 personam,
3100 4811 3128 4849 a
3160 4812 3311 4853 uatu-

1756 4876 1935 4920 rarum
1968 4868 2288 4935 proprietate
2313 4871 2553 4939 descivit,
2588 4886 2641 4928 et
2670 4878 2834 4943 ipsam
2867 4880 3193 4938 divinitatem
3226 4905 3311 4942 as-

1755 4955 1921 5006 seruit
1948 4968 2172 5019 passam.
2206 4957 2258 5011 In
2288 4968 2490 5016 tantum
2523 4979 2649 5031 ergo
2679 4982 2780 5020 non
2810 4980 2931 5023 sunt
2954 4972 3057 5025 duo
3086 4974 3302 5044 Christi,

1758 5054 1854 5094 nec
1895 5041 2015 5097 dum
2063 5058 2331 5113 personis,
2380 5060 2433 5102 ut
2480 5052 2740 5122 Eutychos
2782 5071 2935 5109 unam
2969 5061 3149 5116 credat
3189 5041 3307 5121 esse

1756 5139 2016 5185 naturam.
2046 5132 2251 5187 Rursus
2275 5135 2327 5190 Iu
2358 5147 2556 5193 tantum
2582 5158 2684 5195 non
2709 5154 2785 5197 cst
2825 5162 2923 5200 una
2959 5159 3141 5204 natura
3164 5196 3177 5218 ,
3211 5160 3306 5211 st'd

1756 5220 1891 5285 duae,
1916 5234 1972 5275 ut
1992 5222 2263 5279 Nestorius
2292 5226 2422 5281 duos
2451 5230 2687 5285 Christus
2718 5232 2953 5304 duasque
3007 5251 3149 5305 putet
3188 5261 3307 5300 esse

1760 5330 2027 5383 personas.
2044 5317 2220 5385 Itaque
2242 5318 2511 5376 Nestorius
2526 5332 2581 5377 ut
2601 5322 2918 5394 impietatem
2944 5331 3024 5383 sui
3048 5333 3307 5402 dogmatis

1758 5407 1983 5471 muniat,
2018 5422 2121 5474 quo
2152 5410 2373 5463 alterum
2400 5411 2451 5465 in
2492 5413 2733 5479 passione
2763 5417 2870 5471 vult
2904 5419 3121 5491 intelligi
3154 5426 3305 5482 Chri.

1755 5505 1913 5563 stum,
1941 5498 2027 5550 illo
2056 5500 2217 5552 utitur
2248 5500 2483 5569 Apostoli
2524 5508 2843 5573 testimonio,
2871 5513 2934 5563 ad
2963 5511 3207 5577 Hebraeos
3238 5521 3305 5574 ita

1757 5588 2031 5643 scribentis
2065 5604 2077 5641 :
2112 5588 2249 5642 Nam
2280 5593 2431 5660 paulo
2463 5598 2623 5649 minus
2652 5613 2803 5665 quam
2835 5600 3042 5670 angelos
3082 5608 3302 5664 minora.

2994 5694 3027 5753 4
