3802 6242
473 253 565 304 lii-7

1779 239 1999 296 VIGILH
2040 238 2401 293 TAPSENSIS
3613 242 3689 294 10%

371 388 380 397 ~
468 370 571 414 tum
593 359 810 414 vidimus
828 359 1027 424 Iesum,
1051 355 1212 426 gloria
1236 363 1279 406 et
1300 367 1491 406 nouere
1513 361 1830 421 coronatum,
1853 361 1905 404 att
1931 352 2040 403 siue
2072 353 2120 412 Α
2149 339 2524 418 proprietatem
2557 367 2571 402 :
2602 348 2688 416 qui
2715 363 2903 402 sensus
2932 358 2987 402 ut
3015 348 3368 418 apertioribus
3395 346 3594 404 t-iarcat
3617 352 3689 406 tio-

470 451 575 504 ι)εο
604 467 692 517 pro
722 448 954 502 omnibus
984 453 1206 518 gustaret
1233 452 1446 497 mortem
1474 440 1663 510 (Hebr.
1704 455 1762 502 tt,
1791 439 1870 508 9).
1903 438 2040 492 Rur-

469 555 557 594 sus
592 539 880 608 Eutyches,
913 545 969 590 ut
995 537 1246 592 deitatem
1274 526 1529 604 subjiciat
1545 531 1820 601 passioni,
1848 538 2041 586 testem

471 631 818 686 nihilmninus
866 628 1111 696 producit
1143 626 1460 696 Apestolum
1486 625 1752 678 dicentem
1796 622 1863 676 de
1892 621 2041 691 prin~

472 723 678 791 cipihus
702 721 904 784 saeculi,
935 720 1022 788 qui
1051 718 1368 788 sapientiam
1392 717 1486 771 Dei
1511 728 1615 769 non
1639 719 2002 782 cognoverunt
2027 730 2040 764 :

472 814 531 867 Si
553 812 680 864 enim
698 810 1073 878 cognovissent,
1099 822 1358 876 nunquam
1383 805 1658 859 Dominum
1674 803 1856 872 gloria:
1876 801 2044 854 cruci-

472 904 698 970 ﬁxiasent
729 899 784 969 (Ι
815 901 939 954 Cor.
971 914 1033 964 rt,
1057 899 1133 968 9).
1168 899 1325 952 Vides
1355 897 1535 965 quanti
1557 894 1899 963 periculires
1937 895 2040 956 sit,

471 1003 559 1046 aut
591 1007 749 1045 unam
775 992 832 1044 in
862 991 1075 1045 Christo
1099 1004 1203 1044 non
1228 988 1449 1043 credere
1472 999 1781 1056 personam,
1806 992 1896 1038 aut
1915 983 2046 1036 duas

471 1088 612 1142 nolle
640 1086 879 1155 proﬁteri
921 1095 1162 1138 naturas.
1195 1081 1370 1151 Magni
1397 1095 1463 1134 ex
1491 1089 1721 1146 utroque
1755 1078 1922 1130 latere
1968 1075 2047 1128 ie-

471 1178 726 1229 sidiarum
760 1175 935 1244 laquei
962 1172 1389 1242 praetenduntur,
1433 1185 1568 1239 quos
1601 1168 1913 1238 prophetico
1941 1166 2050 1235 spi-

472 1270 576 1323 ritu
603 1269 858 1323 Saiunton
905 1267 1109 1319 cautius
1140 1262 1398 1331 :prazcepit
1424 1260 1734 1316 evitandas:
1766 1258 2045 1323 Memento,

472 1362 676 1425 dicens,
707 1361 834 1428 quia
864 1359 917 1411 in
959 1358 1124 1409 medio
1155 1340 1451 1424 taqueorun
1497 1355 1726 1408 ambulas
1749 1352 1938 1423 (Eodi.
1971 1369 2046 1421 ιχ,

471 1450 584 1518 20).
641 1451 775 1504 lliuc
819 1451 960 1504 enim
1005 1448 1314 1519 Eutychus,
1356 1448 1483 1502 inde
1531 1447 1809 1501 Nestorius
1860 1445 2048 1498 armati

479 1541 718 1608 perﬁdia:
760 1539 1105 1593 mucronibus
1145 1547 1341 1593 astant.
1371 1538 1505 1592 Dum
1533 1549 1694 1591 unam
1725 1546 1908 1592 contra
1950 1535 2051 1590 Ne-

474 1633 696 1684 storium
727 1631 926 1684 Christi
955 1629 1183 1683 defendo
1216 1642 1518 1697 personam,
1551 1626 1830 1689 existimor
1861 1639 2051 1679 secun-

2143 439 2428 506 cumeutis,
2458 439 2633 494 adhuc
2657 439 3020 492 manitcstiora
3059 453 3334 509 ponamus.

2219 532 2321 586 VH.
2352 531 2579 588 Verbum
2630 533 2724 588 Dei
2751 532 3020 588 credimus
3064 534 3406 591 descendisse
3432 535 3499 589 de
3540 536 3688 602 maio,

2142 625 2260 680 sine
2281 639 2460 689 carne,
2492 626 2607 679 sine
2655 624 2885 680 hominis
2914 626 3292 698 appellatione;
3318 626 3606 682 sic-tamen
3643 641 3687 682 tu

2144 729 2250 768 non
2272 715 2541 770 desereret
2568 716 2768 779 ccelos;
2798 717 2899 770 hoe
2926 716 3424 787 Verbum'virginali
3449 726 3603 772 utere
3628 713 3713 772 in-'

2143 815 2418 860 curuatum
2444 845 2461 872 ,
2508 821 2612 860 non
2653 807 2705 860 in
2734 821 2896 860 came
2922 815 3211 872 mutatum,
3262 808 3493 862 heminis
3524 809 3689 864 Filium

2151 897 2350 952 factum
2371 906 2430 951 et
2447 896 2790 966 appellatum.
2813 894 2870 950 Si
2888 898 3008 965 quis
3023 898 3182 951 aliter
3199 898 3390 963 credit,
3413 898 3532 952 sine
3552 899 3690 954 dabin

2147 988 2425 1043 anathema
2454 998 2554 1043 est.
2584 988 2638 1042 Si
2663 989 2785 1058 quis
2805 988 2936 1044 dicit
2956 987 3258 1052 hominem,
3284 987 3336 1042 id
3352 995 3445 1042 est
3471 1001 3690 1049 carnem,

2147 1080 2213 1135 de
2241 1083 2380 1137 cado
2427 1081 2776 1136 descendisse
2802 1121 2815 1146 ,
2864 1082 3106 1149 proiecto
3143 1081 3250 1151 ιθ
3275 1081 3564 1134 anathema
3603 1090 3686 1134 est.

2148 1169 2283 1237 Quid
2315 1169 2422 1224 sibi
2465 1183 2594 1238 ergo
2619 1168 2728 1222 vult
2762 1168 2905 1238 quod
2939 1167 3078 1222 idem
3107 1168 3361 1222 Dominus
3396 1161 3510 1223 ait:
3549 1167 3691 1220 Natta

2150 1261 2376 1314 ascendit
2398 1262 2453 1314 in
2475 1260 2672 1324 celant,
2690 1261 2787 1314 nisi
2805 1260 2977 1330 qui-de
2990 1261 3122 1314 Iccio
3133 1260 3408 1324 (accedit,
3432 1259 3601 1314 Filius
3617 1260 3691 1313 lte-

2149 1354 2298 1407 minis
2323 1354 2417 1425 qui
2455 1366 2528 1408 at
2570 1356 2623 1406 in
2652 1353 2776 1408 certe
2801 1352 2988 1423 (lout.
3017 1356 3097 1416 ιιι,
3131 1351 3252 1424 ιον
3281 1353 3567 1408 Bt-itenttn
3600 1372 3615 1407 :
3640 1356 3693 1410 Si

2150 1443 2375 1496 vider-itis
2404 1441 2598 1496 Filiam
2644 1441 2862 1496 hominis
2890 1441 3263 1496 pecuarium
3289 1443 3416 1495 illis
3438 1444 3533 1495 ubi
3567 1446 3692 1513 prius

2153 1533 2314 1601 fuerat
2345 1533 2524 1603 (Joan.
2580 1549 2662 1598 VI,
2705 1531 2987 1600 (SMr-Ecce
3024 1530 3200 1586 Filius
3231 1532 3476 1587 hominis
3515 1534 3692 1603 legitur

2151 1624 2491 1679 descendisse
2518 1624 2584 1677 dc
2603 1623 2762 1689 ciete,
2785 1636 2905 1676 cum
2933 1629 3140 1680 constet
3167 1624 3340 1678 sctum
3371 1621 3621 1688 Verbum,
3651 1627 3690 1678 id

472 1720 597 1773 dum
646 1721 924 1787 Eutychen
991 1722 1273 1771 humanam
1329 1731 1526 1786 nega-re
1585 1727 1850 1770 naturam.
1913 1715 2042 1767 Dum
2075 1708 2118 1768 Β
2149 1725 2229 1769 est
2268 1716 2464 1770 nudum
2514 1716 2629 1769 sine
2675 1729 2876 1780 carne,
2924 1715 3040 1770 sine
3080 1714 3314 1771 hominis
3349 1717 3694 1784 uppeilationc

475 1820 656 1863 contra
690 1809 959 1878 Eutychen
997 1808 1132 1862 duas
1177 1822 1359 1861 assero
1391 1816 1628 1873 naturas,
1648 1806 1928 1859 existimor
1953 1820 2040 1859 se-

474 1902 706 1953 cundum
738 1900 1037 1952 Nestorium
1061 1897 1472 1967 duasvprotitcri
1498 1912 1774 1966 personas,
1805 1896 1923 1965 quia
1955 1897 2048 1949 ille

473 1990 677 2043 duabus
708 1992 915 2041 naturis
941 1989 1074 2042 duos
1095 1989 1339 2042 Christos
1365 1987 1605 2056 duasque
1635 2000 1890 2054 personas
1921 2000 2044 2039 cre-

472 2081 601 2134 didit
630 2079 992 2132 ascribi-udas.

549 2169 627 2222 Vl.
652 2168 755 2222 Sed
784 2178 840 2222 ut
870 2168 1059 2222 horum
1091 2150 1284 2235 impios
1311 2173 1370 2220 et
1398 2165 1744 2222 detestabiles
1785 2163 2046 2221 catholitu

473 2273 630 2312 sensu
665 2261 956 2314 retutemus
984 2271 1219 2322 errores,
1253 2257 1533 2326 utriusque
1559 2264 1766 2310 uatum
1806 2251 2044 2325 proprieé

411 2415 424 2421 _
474 2354 595 2408 tatis
625 2353 940 2422 mysterium
985 2360 1041 2405 ct
1080 2351 1236 2405 unius
1273 2363 1517 2418 persona:
1555 2355 1845 2403 tractemus
1891 2360 2040 2401 arca-

474 2458 618 2496 num.
657 2441 803 2497 Unus
832 2453 910 2496 eat
940 2440 1204 2503 Christus,
1227 2439 1364 2492 idem
1399 2428 1558 2501 Deus,
1591 2435 1837 2505 idemque
1863 2436 2040 2501 homo,

475 2535 675 2588 habens
706 2536 756 2588 in
787 2533 966 2588 verbis
994 2543 1048 2586 et
1079 2532 1262 2602 gestis,
1297 2547 1457 2585 unum
1495 2532 1604 2600 ιε
1627 2530 1768 2599 quod
1801 2528 2042 2583 Immani-

475 2626 619 2692 tatis,
654 2624 797 2678 aliud
825 2624 963 2691 quod
985 2608 1211 2692 propria
1233 2621 1524 2676 divinitatis
1548 2621 1664 2689 ejus
1691 2628 1891 2674 natura
1914 2633 2044 2674 eon-

475 2721 684 2775 veniat;
713 2721 833 2774 licet
855 2729 1137 2787 utrumque
1164 2717 1318 2771 simul
1341 2717 1406 2770 ad
1425 2730 1585 2770 unam
1610 2714 1731 2784 ejus
1757 2726 2040 2783 personam

476 2813 552 2866 vel
581 2813 932 2866 substantiam
962 2811 1228 2882 pertineat
1253 2807 1396 2878 quod
1418 2808 1618 2863 dictum
1643 2817 1722 2862 est
1759 2822 1772 2858 :
1803 2804 1869 2858 In
1902 2807 2042 2874 prin-

476 2906 604 2972 cipio
629 2913 736 2956 erat
771 2903 1008 2970 Verbum,
1032 2913 1076 2956 et
1109 2900 1325 2954 Verbum
1345 2908 1453 2953 erat
1471 2899 1614 2969 apud
1639 2898 1883 2962 Deum,et
1910 2897 2042 2951 Deus

475 3005 579 3047 erat
619 2994 858 3048 Verbum.
891 2993 1006 3047 Hoc
1027 3002 1138 3046 erat
1165 2993 1218 3045 in
1244 2991 1492 3061 principio
1508 2989 1644 3058 apud
1668 2987 1832 3041 Deum
1857 2988 2038 3058 (Jouu.

2146 1808 2486 1861 descendisse
2515 1808 2582 1861 de
2609 1809 2767 1862 οοοῖο.
2792 1808 2935 1862 Ecce
2962 1821 3120 1873 caro,
3151 1808 3204 1861 id
3229 1819 3310 1862 est
3340 1808 3502 1862 lia-ius
3534 1809 3692 1862 Immi-

2125 1902 2229 1952 ‘n's
2277 1899 2468 1968 legitur
2522 1907 2643 1951 tunc
2666 1900 2832 1952 tuisse
2860 1898 2909 1951 in
2933 1898 3098 1962 calo,
3129 1912 3248 1968 qute
3291 1912 3554 1968 nunquam
3588 1900 3694 1951 inde

2128 1990 2449 2056 descendit,
2474 2000 2524 2045 et
2552 2007 2670 2060 quze
2688 1984 2823 2044 "illuc
2852 1990 3075 2044 necdum
3105 1991 3447 2047 ascenderat.
3474 1990 3582 2046 Sed
3608 1993 3692 2044 hoc

2144 2091 2228 2138 est
2257 2083 2413 2136 unius
2452 2097 2690 2151 personae
2719 2083 3051 2153 mysterium,
3088 2084 3200 2138 hoc
3225 2085 3382 2138 unius
3406 2084 3601 2138 Christi
3636 2084 3691 2138 δι

2147 2186 2370 2243 utroque
2398 2175 2736 2231 subsi-tentis
2779 2186 3199 2241 sacramentum,
3231 2176 3335 2230 hoc
3368 2184 3691 2244 utrarumque

2146 2277 2453 2321 naturarum
2486 2267 2824 2335 proprietatis
2847 2281 3120 2321 arcanum.
3140 2269 3275 2332 Quia
3303 2267 3446 2322 enim
3480 2265 3690 2318 Verbum

2144 2369 2262 2414 eum
2287 2373 2447 2413 carne
2466 2359 2535 2412 ita
2559 2369 2640 2413 est
2657 2359 3008 2428 inexplicabili
3033 2359 3190 2413 modo
3219 2362 3442 2422 unitum,
3461 2369 3511 2412 ut
3535 2358 3689 2426 ipsum

2148 2446 2374 2503 Verbum
2403 2462 2528 2503 caro
2553 2449 2781 2517 dicatur,
2812 2448 2936 2502 licet
2952 2463 3060 2502 non
3087 2450 3156 2503 sit
3184 2463 3329 2517 caro,
3357 2451 3474 2516 quia
3498 2465 3601 2502 non
3622 2457 3693 2501 est

2145 2543 2199 2596 in
2225 2554 2386 2595 carne
2413 2548 2704 2606 mutatum;
2756 2549 2810 2595 et
2838 2554 2962 2594 caro
2987 2541 3190 2595 dicatur
3217 2541 3355 2596 Deus
3381 2582 3396 2605 ,
3440 2542 3558 2595 licet
3600 2555 3690 2592 non

2143 2633 2213 2687 sit
2239 2633 2290 2685 in
2319 2628 2532 2686 deitatis
2571 2641 2762 2686 natura
2819 2643 3047 2694 mutata;
3091 2629 3182 2685 sed
3216 2632 3447 2686 Verbum
3493 2639 3694 2699 propter

2143 2737 2358 2777 carnem
2379 2735 2532 2777 suum
2556 2724 2714 2778 homo
2740 2722 2830 2787 sit,
2856 2731 2910 2776 et
2933 2735 3059 2776 caro
3085 2729 3297 2791 propter
3314 2723 3540 2776 Verbum
3568 2721 3694 2774 Deus

2142 2813 2244 2873 sit;
2284 2823 2336 2867 et
2375 2811 2625 2881 quidquid
2673 2820 2755 2866 est
2794 2813 3066 2880 proprium
3097 2812 3287 2876 Verbi,
3325 2812 3393 2866 sit
3421 2823 3694 2866 commune

2143 2920 2262 2959 cum
2292 2919 2453 2958 carne
2484 2919 2498 2958 :
2550 2914 2605 2959 et
2633 2903 2884 2974 quidquid
2915 2912 3006 2958 est
3037 2905 3306 2972 proprium
3353 2903 3524 2958 carnis
3560 2916 3695 2956 com-

2143 3012 2305 3050 mune
2332 3011 2450 3050 cum
2475 2995 2649 3052 Verbo
2679 2996 2777 3062 sit;
2802 2999 3050 3065 quoniam
3085 2995 3314 3050 Verbum
3346 3007 3400 3049 et
3421 3009 3546 3048 caro
3572 3007 3696 3047 unus

476 3104 514 3149 ι,
541 3085 614 3154 1).
651 3085 715 3139 Ει
736 3086 878 3154 quod
904 3087 1016 3154 ipse
1043 3085 1116 3137 ait
1142 3099 1156 3138 :
1182 3060 1311 3135 Ante
1332 3080 1588 3137 Abraham
1607 3095 1700 3150 ego
1725 3095 1838 3132 “tm
1863 3075 2039 3149 (Ῑοαηο
2069 3060 2115 3122 c
2149 3097 2231 3142 est
2258 3086 2500 3141 Christus
2539 3096 2592 3141 et
2635 3102 2736 3140 una
2765 3060 3035 3155 persona.
3079 3085 3279 3140 Idcirco
3328 3095 3540 3155 propter
3571 3085 3698 3138 hanc

477 3191 589 3242 vut,
622 3177 734 3244 58),
765 3192 867 3230 non
908 3185 1084 3245 potest
1111 3174 1176 3227 ad
1209 3172 1552 3227 humanitatis
1575 3171 1692 3240 ejus
1726 3169 1911 3224 referri
1954 3183 2042 3222 na-

477 3282 687 3332 turam,
737 3283 856 3338 qum
906 3269 1114 3322 initium
1156 3265 1385 3334 sumpsit
1437 3279 1503 3320 ex
1546 3262 1783 3332 Virgine.
1843 3262 2045 3318 Rursus

477 3361 614 3429 quod
638 3362 705 3415 de
731 3376 795 3414 eo
825 3360 1021 3414 dicitur
1046 3377 1057 3409 τ
1083 3357 1220 3410 Puer
1249 3366 1415 3410 autem
1440 3355 1693 3409 crescebat
1713 3363 1759 3407 et
1784 3353 2045 3422 conforta-

476 3454 640 3516 batur,
693 3449 911 3519 repletus
954 3449 1200 3519 sapientia
1241 3455 1335 3500 εει
1378 3445 1542 3517 gratia
1594 3443 1690 3498 Dei
1732 3455 1882 3513 super
1928 3458 2045 3496 eum

479 3546 627 3614 (Luc.
652 3561 710 3608 tt,
739 3543 849 3612 40);
874 3551 956 3596 et:
989 3540 1116 3594 Cum
1145 3550 1266 3593 esset
1287 3554 1538 3612 annorum
1563 3536 1849 3598 duodecim,
1868 3550 2048 3587 ascen-

478 3638 558 3690 dit
582 3652 696 3691 cum
736 3634 1030 3704 parentibus
1063 3630 1467 3699 Hierosolymis;
1499 3639 1557 3683 et
1599 3628 1736 3698 quod
1776 3626 2001 3681 infertur
2031 3644 2044 3678 :

480 3729 627 3778 Iesus
664 3737 831 3778 autem
867 3723 1156 3794 proﬁciebat
1197 3732 1369 3788 wtate,
1399 3731 1449 3774 et
1499 3721 1771 3788 sapientia,
1799 3728 1844 3772 et
1882 3717 2048 3789 gratia

481 3816 619 3882 apud
654 3814 816 3866 Deum
842 3823 888 3867 et
927 3813 1180 3876 homines;
1215 3826 1317 3865 non
1345 3819 1528 3880 potest
1555 3810 1766 3864 deitatis
1792 3810 1908 3877 ejus
1954 3823 2049 3862 na»

483 3918 612 3960 tura:
668 3919 988 3974 congruere;
1040 3905 1162 3972 quia
1203 3903 1373 3956 deitas
1403 3917 1500 3957 nec
1542 3901 1714 3956 atatis
1757 3900 2047 3969 profectum

381 4028 384 4031 -
482 3997 703 4065 accipit.
751 4009 849 4050 nec
878 3994 1092 4063 aliquod
1134 3994 1297 4048 sentit
1329 4003 1702 4062 augmentum,
1736 4005 1835 4046 nec
1878 3991 2051 4046 curri-

486 4088 601 4140 :uto
628 4087 908 4154 subjicitur
930 4095 1250 4153 temporum,
1279 4098 1378 4137 nec
1404 4097 1624 4148 numero
1644 4082 1934 4136 calculator
1951 4096 2050 4135 au-

487 4193 696 4232 norum.
731 4178 793 4237 Bt
823 4186 880 4230 ut
913 4175 1090 4229 omnia
1131 4175 1364 4229 breviter
1391 4174 1596 4240 dicam,
1628 4189 1733 4228 non
1773 4182 1855 4228 est
1893 4173 2050 4227 unius

485 4278 719 4334 natum,
753 4268 878 4322 licet
903 4267 972 4319 sit
999 4267 1154 4319 unius
1186 4281 1460 4334 personte,
1491 4266 1700 4319 Patrem
1733 4266 1834 4320 sibi
1868 4280 2048 4335 aqua-

484 4365 587 4415 lem
619 4363 819 4422 dicere,
851 4368 903 4411 et
933 4358 1088 4411 Patre
1115 4372 1176 4411 se
1226 4357 1484 4410 minorem
1514 4369 1755 4410 asserere
1783 4371 1799 4410 :
1843 4356 2047 4409 ittitium

487 4471 591 4508 non
626 4455 855 4513 habere,
903 4462 957 4504 et
997 4467 1063 4505 ex
1095 4451 1244 4503 initio
1273 4449 1588 4504 subsistere.
1625 4449 1748 4503 Haec
1777 4458 1857 4504 est
1898 4459 2050 4504 natu-

486 4561 663 4598 rarum
699 4545 1016 4612 proprietas,
1062 4557 1126 4596 ει
1153 4541 1344 4608 quibus
1372 4554 1508 4595 unus
1540 4541 1628 4594 Dei
1660 4540 1854 4604 Filius,
1884 4541 2050 4594 idem-

486 4653 590 4705 que
615 4636 845 4689 hominis
870 4633 1034 4688 Filius
1065 4633 1304 4686 Christus
1323 4633 1640 4697 subsistens,
1660 4646 1819 4684 uuam
1846 4642 2046 4687 tantum

490 4730 648 4784 habet
673 4729 918 4795 geritque
939 4739 1246 4791 personam.
1268 4723 1404 4792 Ergo
1432 4723 1517 4776 hic
1542 4738 1676 4777 unus
1701 4732 1861 4792 atque
1883 4726 2042 4790 idem,

487 4830 538 4871 ct
562 4819 781 4885 sitqualis
806 4827 887 4871 est
926 4815 1065 4871 Patri
1097 4814 1389 4869 secundum
1428 4814 1708 4881 deitatem,
1733 4827 1786 4870 et
1831 4817 2047 4872 inferior

486 4919 568 4962 est
609 4908 760 4961 Patre
784 4906 1073 4960 secundum
1103 4904 1447 4958 humanitatis
1477 4915 1714 4958 naturam
1744 4922 1758 4958 :
1791 4918 1948 4976 atque
1976 4909 2044 4962 ita

488 5013 584 5052 uec
618 4998 822 5050 initium
866 4996 1042 5059 habet,
1071 4996 1193 5063 quia
1221 4994 1360 5049 Deus
1388 5002 1470 5048 est
1490 5035 1503 5057 ,
1534 5002 1588 5046 et
1617 4996 1775 5049 habet
1806 4998 2008 5050 initium
2028 5042 2041 5065 ,

481 5090 603 5157 quia
649 5088 789 5142 idem
838 5087 973 5140 Deus
1019 5086 1176 5139 homo
1211 5094 1311 5138 est.
1369 5083 1422 5138 Si
1463 5099 1591 5153 ergo
1630 5100 1713 5138 me
1754 5085 2045 5154 interroges

488 5194 664 5234 utrum
709 5178 954 5233 Christus
987 5176 1177 5230 habeat
1223 5176 1427 5228 initium
1462 5189 1530 5227 an
1573 5191 1676 5226 non
1712 5177 1928 5241 habeat,
1964 5193 2046 5231 re-

481 5272 755 5339 spondebo
781 5271 964 5335 tibi,et
983 5268 1139 5324 habet
1155 5278 1206 5323 et
1229 5284 1332 5323 non
1363 5268 1548 5323 habet:
1577 5269 1733 5323 habet
1756 5271 2045 5326 secundum

482 5364 864 5417 humanitatem
889 5376 1062 5424 suam,
1091 5377 1193 5415 nou
1211 5362 1371 5416 habet
1399 5363 1688 5416 secundum
1710 5363 2042 5418 divinitatem

482 5472 654 5508 suum.
702 5455 832 5507 Cum
863 5455 1012 5517 dico,
1046 5453 1204 5506 habet
1235 5455 1317 5508 vel
1347 5468 1451 5507 non
1479 5456 1664 5517 habet,
1713 5454 1776 5508 ad
1806 5457 2046 5521 persona:

484 5548 710 5612 pertinet
740 5545 1008 5598 unionem.
1042 5544 1174 5598 Cum
1198 5544 1317 5597 dico
1337 5585 1353 5611 ,
1380 5548 1673 5599 secundum
1711 5546 2040 5601 divinitatem

485 5646 534 5689 t-t
577 5634 868 5690 secundum
902 5634 1317 5702 humanitatem,
1365 5636 1430 5689 ad
1464 5645 1770 5690 naturarum
1810 5638 2038 5705 pertinet

2147 3177 2601 3241 communionem,
2634 3190 2791 3245 quam
2839 3177 2983 3230 salva
3017 3184 3322 3230 naturarum
3357 3175 3698 3244 proprietate,

2145 3281 2389 3334 persona:
2417 3267 2542 3320 trnio
2574 3276 2811 3334 prtestat,
2835 3275 2887 3322 et
2920 3265 3152 3321 Verbum
3185 3280 3303 3320 cum
3325 3280 3515 3331 carne,
3548 3264 3598 3319 id
3627 3274 3702 3318 est

2144 3355 2316 3412 Filius
2344 3357 2572 3412 hominis
2602 3357 2795 3428 legitur
2824 3357 3163 3413 descendisse
3190 3357 3257 3412 de
3285 3358 3452 3423 creto,
3481 3370 3599 3411 cum
3618 3369 3703 3408 so-

2147 3453 2256 3502 lun
2284 3448 2512 3502 Verbum
2537 3449 2650 3502 sine
2681 3464 2841 3502 carne
2872 3448 3211 3503 descenderit
3240 3464 3254 3501 :
3285 3456 3337 3502 et
3361 3446 3498 3500 Deus
3518 3445 3707 3513 legitur

2143 3539 2390 3607 sepultus
2439 3547 2493 3591 et
2545 3538 2596 3592 in
2640 3549 2987 3593 monumento
3030 3538 3201 3593 tribus
3225 3537 3455 3607 iacuisse
3491 3539 3702 3597 diebus.

2147 3644 2267 3684 eum
2295 3630 2406 3683 soia
2448 3643 2572 3683 caro
2596 3630 2800 3699 sepulta
2834 3639 2937 3686 est.
2967 3629 3107 3699 Ergo
3151 3631 3440 3685 secundum
3474 3629 3708 3698 preprie-

2145 3727 2311 3777 tatem
2339 3732 2542 3775 natura:
2566 3722 2736 3776 solum
2766 3722 2997 3776 Verbum
3028 3722 3304 3776 descendit
3324 3722 3389 3776 de
3418 3719 3590 3782 caelo;
3630 3734 3707 3772 se-

2148 3811 2380 3866 cundum
2422 3813 2669 3865 unionem
2695 3824 2954 3881 persontc,
2988 3811 3144 3865 simul
3167 3820 3220 3866 et
3244 3826 3368 3867 caro
3406 3808 3708 3866 descendit.

2151 3905 2400 3972 quoniam
2431 3917 2656 3972 persona
2688 3905 2864 3959 carnis
2898 3905 2948 3958 in
2983 3903 3158 3959 Verbo
3186 3915 3287 3967 est,
3327 3905 3464 3974 quod
3488 3902 3708 3957 descen-

2144 3994 2247 4048 dit.
2281 3993 2405 4048 ltcm
2438 3993 2727 4048 secundum
2760 3995 3135 4063 prnprietutem
3170 4003 3398 4060 naturae,
3437 3992 3555 4046 sola
3592 4003 3712 4044 cam

2142 4094 2380 4138 mortem
2409 4086 2596 4150 sensit,
2622 4087 2732 4139 sola
2764 4099 2889 4140 caro
2918 4085 3205 4153 sepulturae
3235 4084 3464 4138 ofﬁcium
3490 4081 3708 4134 habuit:

2143 4177 2440 4230 secundum
2491 4178 2741 4230 unicuem
2795 4190 2972 4232 autem
3026 4192 3264 4246 persona:
3301 4177 3442 4230 Deus
3469 4182 3712 4229 mortuus

2150 4278 2233 4322 est
2269 4278 2322 4322 ct
2350 4270 2631 4337 sepultus;
2671 4270 2790 4338 quia
2829 4283 3053 4338 persona
3086 4269 3243 4324 Verbi
3285 4269 3333 4322 iu
3386 4283 3553 4322 carne
3604 4276 3710 4324 est.

2153 4376 2270 4430 quas
2297 4362 2482 4415 mortis
2513 4359 2846 4430 dispendium
2876 4361 3063 4416 sensit.
3105 4362 3242 4432 Ergo
3272 4361 3567 4415 secundum
3601 4371 3712 4426 pro-

2157 4451 2435 4519 prietatem
2487 4461 2690 4504 natura:
2719 4450 2948 4503 Verbum
2995 4450 3269 4504 descendit
3303 4449 3568 4512 decreto,
3613 4461 3712 4497 non

2152 4556 2308 4608 caro;
2341 4542 2629 4598 secundum
2677 4543 3057 4610 proprietatem
3083 4550 3284 4596 naturte
3331 4555 3454 4594 caro
3508 4548 3712 4593 mortua

2152 4644 2252 4699 est,
2287 4650 2389 4688 non
2422 4634 2671 4687 Verbum.
2705 4633 2834 4687 Item
2864 4633 3153 4686 secundum
3186 4623 3431 4685 unionem
3473 4641 3714 4700 person:

2152 4734 2205 4778 et
2228 4738 2354 4779 caro
2378 4724 2651 4777 descendit
2681 4724 2747 4778 de
2780 4723 2949 4787 cmlu,
2986 4735 3037 4776 et
3068 4722 3300 4776 Verbum
3331 4732 3413 4776 est
3445 4731 3714 4774 mortuum

2154 4825 2311 4882 atque
2343 4817 2622 4882 sepultum.

2229 4906 2356 4958 VIII.
2388 4905 2515 4958 Cum
2539 4921 2665 4975 ergo
2687 4904 2910 4961 dicimus
2935 4905 3097 4959 Deum
3121 4920 3328 4973 passum
3348 4916 3404 4958 et
3425 4915 3716 4963 mortuum,
3800 4934 3802 4940 -

2158 4999 2260 5066 2ο
2279 5013 2393 5050 .non
2421 5009 2741 5064 expavescat
2769 4999 3064 5063 Nesmrius,
3098 5001 3217 5066 quia
3249 4999 3547 5052 Secundam
3575 5000 3711 5048 unio-
3800 4975 3802 4986 ’

2156 5106 2275 5143 nem
2315 5104 2550 5158 persmtm
2589 5090 2833 5150 dicimus.
2886 5090 3089 5143 Rursus
3132 5105 3250 5145 cum
3290 5089 3526 5142 dicimus
3560 5086 3617 5140 0..
3637 5099 3707 5138 tm

2155 5196 2252 5233 nec
2280 5195 2488 5249 possunt
2521 5195 2619 5233 nec
2649 5190 2933 5243 mortuum,
2961 5181 3080 5250 quia
3114 5190 3192 5233 est
3221 5179 3439 5232 omnino
3473 5177 3708 5244 impassi-
3799 5219 3802 5237 ,

2156 5271 2296 5333 bilis.
2327 5286 2428 5324 non
2458 5270 2704 5325 formidet
2738 5271 3022 5340 Eutychos,
3054 5270 3174 5338 quia
3201 5269 3497 5323 secundum
3525 5276 3719 5320 natura

2158 5362 2530 5430 proprietatem
2577 5361 2821 5425 dicimus,
2875 5363 3144 5430 magisque
3191 5375 3288 5414 nec
3330 5373 3428 5412 nos
3474 5359 3718 5414 dicimus.

2159 5453 2248 5506 sed
2296 5453 2580 5520 Scriptura:
2627 5453 2931 5519 IOljUUlllUl'.
2985 5451 3113 5505 Nam
3166 5437 3450 5502 Dominum
3515 5459 3718 5516 passum

2156 5549 2379 5617 symbuli
2400 5557 2542 5602 tenet
2558 5550 2863 5609 auctoritas,
2880 5557 2934 5601 et
2958 5545 3237 5615 Apostolus
3261 5543 3481 5597 tradidit
3511 5543 3716 5594 dicens:

2157 5641 2213 5694 Si
2246 5641 2377 5700 enim
2420 5643 2785 5711 cognovissent,
2816 5656 3069 5710 nunquam
3101 5635 3370 5690 Dominum
3400 5634 3591 5704 gloria:
3615 5648 3724 5683 cru-
