  <div class='ocr_page' id='page_1' title='image "/cluster/home/n/w/nwhite01/storage/ocr_20150623/61-62/uva.x000827102/643.png"; bbox 0 0 3842 6226; ppageno 0'>
   <div class='ocr_carea' id='block_1_1' title="bbox 468 233 558 284">
    <p class='ocr_par' dir='ltr' id='par_1_1' title="bbox 468 233 558 284">
     <span class='ocr_line' id='line_1_1' title="bbox 468 233 558 284; baseline -0.033 0"><span class='ocrx_word' id='word_1_1' title='bbox 468 233 558 284; x_wconf 78' lang='lat' dir='ltr'><strong>Hi</strong></span> 
     </span>
    </p>
   </div>
   <div class='ocr_carea' id='block_1_2' title="bbox 1780 219 2399 278">
    <p class='ocr_par' dir='ltr' id='par_1_2' title="bbox 1780 219 2399 278">
     <span class='ocr_line' id='line_1_2' title="bbox 1780 219 2399 278; baseline -0.002 0"><span class='ocrx_word' id='word_1_2' title='bbox 1780 219 1993 278; x_wconf 64' lang='grc' dir='ltr'>νῐιῖιιλι</span> <span class='ocrx_word' id='word_1_3' title='bbox 2033 222 2399 277; x_wconf 67' lang='lat' dir='ltr'><strong>TAPSENSLS</strong></span> 
     </span>
    </p>
   </div>
   <div class='ocr_carea' id='block_1_3' title="bbox 3602 225 3707 277">
    <p class='ocr_par' dir='ltr' id='par_1_3' title="bbox 3602 225 3707 277">
     <span class='ocr_line' id='line_1_3' title="bbox 3602 225 3707 277; baseline 0.01 -1"><span class='ocrx_word' id='word_1_4' title='bbox 3602 225 3707 277; x_wconf 74' lang='lat'><strong>&quot;‘2</strong></span> 
     </span>
    </p>
   </div>
   <div class='ocr_carea' id='block_1_4' title="bbox 462 330 3703 410">
    <p class='ocr_par' dir='ltr' id='par_1_4' title="bbox 462 330 3703 410">
     <span class='ocr_line' id='line_1_4' title="bbox 462 330 3703 410; baseline -0.002 -19"><span class='ocrx_word' id='word_1_5' title='bbox 462 340 565 410; x_wconf 75' lang='lat'><strong>23</strong></span> <span class='ocrx_word' id='word_1_6' title='bbox 588 348 639 391; x_wconf 87' lang='lat' dir='ltr'><strong>et</strong></span> <span class='ocrx_word' id='word_1_7' title='bbox 663 353 845 390; x_wconf 76' lang='lat' dir='ltr'><strong>omnes</strong></span> <span class='ocrx_word' id='word_1_8' title='bbox 877 337 1045 390; x_wconf 79' lang='lat' dir='ltr'><strong>Latini</strong></span> <span class='ocrx_word' id='word_1_9' title='bbox 1083 334 1345 389; x_wconf 75' lang='lat' dir='ltr'><strong>sermonis</strong></span> <span class='ocrx_word' id='word_1_10' title='bbox 1387 336 1668 404; x_wconf 75' lang='lat' dir='ltr'><strong>apostolici</strong></span> <span class='ocrx_word' id='word_1_11' title='bbox 1701 337 1816 401; x_wconf 81' lang='lat' dir='ltr'><strong>viri,</strong></span> <span class='ocrx_word' id='word_1_12' title='bbox 1851 337 1899 390; x_wconf 91' lang='lat' dir='ltr'><strong>id</strong></span> <span class='ocrx_word' id='word_1_13' title='bbox 1931 345 2028 401; x_wconf 82' lang='lat' dir='ltr'><strong>est,</strong></span> <span class='ocrx_word' id='word_1_14' title='bbox 2064 342 2107 397; x_wconf 75' lang='grc' dir='ltr'>Α</span> <span class='ocrx_word' id='word_1_15' title='bbox 2140 333 2361 389; x_wconf 88' lang='lat' dir='ltr'><strong>sentire.</strong></span> <span class='ocrx_word' id='word_1_16' title='bbox 2388 332 2517 397; x_wconf 81' lang='lat' dir='ltr'><strong>Quia</strong></span> <span class='ocrx_word' id='word_1_17' title='bbox 2542 330 2665 385; x_wconf 86' lang='lat' dir='ltr'><strong>nihil</strong></span> <span class='ocrx_word' id='word_1_18' title='bbox 2687 331 2899 400; x_wconf 89' lang='lat' dir='ltr'><strong>prodest</strong></span> <span class='ocrx_word' id='word_1_19' title='bbox 2921 331 3081 388; x_wconf 89' lang='lat' dir='ltr'><strong>corde</strong></span> <span class='ocrx_word' id='word_1_20' title='bbox 3102 332 3322 388; x_wconf 81' lang='lat' dir='ltr'><strong>credere</strong></span> <span class='ocrx_word' id='word_1_21' title='bbox 3340 331 3404 387; x_wconf 89' lang='lat' dir='ltr'><strong>ad</strong></span> <span class='ocrx_word' id='word_1_22' title='bbox 3426 332 3703 402; x_wconf 73' lang='lat' dir='ltr'><strong>just&#39;tiam,</strong></span> 
     </span>
    </p>
   </div>
   <div class='ocr_carea' id='block_1_5' title="bbox 463 425 2033 495">
    <p class='ocr_par' dir='ltr' id='par_1_5' title="bbox 463 425 2033 495">
     <span class='ocr_line' id='line_1_5' title="bbox 463 425 2033 495; baseline -0.003 -12"><span class='ocrx_word' id='word_1_23' title='bbox 463 430 713 491; x_wconf 79' lang='lat' dir='ltr'><strong>llrlar-irrs,</strong></span> <span class='ocrx_word' id='word_1_24' title='bbox 744 427 1018 489; x_wconf 80' lang='lat' dir='ltr'><strong>Eusebius,</strong></span> <span class='ocrx_word' id='word_1_25' title='bbox 1051 425 1388 490; x_wconf 80' lang='lat' dir='ltr'><strong>Ambrosius,</strong></span> <span class='ocrx_word' id='word_1_26' title='bbox 1418 426 1744 495; x_wconf 76' lang='lat' dir='ltr'><strong>Augustinus</strong></span> <span class='ocrx_word' id='word_1_27' title='bbox 1771 435 1819 480; x_wconf 91' lang='lat' dir='ltr'><strong>et</strong></span> <span class='ocrx_word' id='word_1_28' title='bbox 1848 426 2033 480; x_wconf 82' lang='lat' dir='ltr'><strong>Hiero-</strong></span> 
     </span>
    </p>
   </div>
   <div class='ocr_carea' id='block_1_6' title="bbox 462 515 2035 590">
    <p class='ocr_par' dir='ltr' id='par_1_6' title="bbox 462 515 2035 590">
     <span class='ocr_line' id='line_1_6' title="bbox 462 515 2035 590; baseline -0.002 -17"><span class='ocrx_word' id='word_1_29' title='bbox 462 537 650 590; x_wconf 80' lang='lat' dir='ltr'><strong>nymus</strong></span> <span class='ocrx_word' id='word_1_30' title='bbox 677 519 980 573; x_wconf 63' lang='lat' dir='ltr'><strong>caelestibus</strong></span> <span class='ocrx_word' id='word_1_31' title='bbox 1011 516 1195 570; x_wconf 91' lang='lat' dir='ltr'><strong>imbuti</strong></span> <span class='ocrx_word' id='word_1_32' title='bbox 1224 515 1504 578; x_wconf 77' lang='lat' dir='ltr'><strong>doctrinis,</strong></span> <span class='ocrx_word' id='word_1_33' title='bbox 1536 516 1694 569; x_wconf 89' lang='lat' dir='ltr'><strong>simul</strong></span> <span class='ocrx_word' id='word_1_34' title='bbox 1732 516 2035 584; x_wconf 79' lang='lat' dir='ltr'><strong>pariterque</strong></span> 
     </span>
    </p>
   </div>
   <div class='ocr_carea' id='block_1_7' title="bbox 462 606 2032 675">
    <p class='ocr_par' dir='ltr' id='par_1_7' title="bbox 462 606 2032 675">
     <span class='ocr_line' id='line_1_7' title="bbox 462 606 2032 675; baseline -0.006 -9"><span class='ocrx_word' id='word_1_35' title='bbox 462 614 816 668; x_wconf 82' lang='lat' dir='ltr'><strong>consentiunt.</strong></span> <span class='ocrx_word' id='word_1_36' title='bbox 848 610 908 662; x_wconf 78' lang='lat' dir='ltr'><strong>Et</strong></span> <span class='ocrx_word' id='word_1_37' title='bbox 930 616 1005 673; x_wconf 88' lang='lat' dir='ltr'><strong>tu,</strong></span> <span class='ocrx_word' id='word_1_38' title='bbox 1033 622 1196 675; x_wconf 84' lang='lat' dir='ltr'><strong>quare</strong></span> <span class='ocrx_word' id='word_1_39' title='bbox 1223 608 1379 661; x_wconf 81' lang='lat' dir='ltr'><strong>times</strong></span> <span class='ocrx_word' id='word_1_40' title='bbox 1396 606 1563 661; x_wconf 90' lang='lat' dir='ltr'><strong>Deum</strong></span> <span class='ocrx_word' id='word_1_41' title='bbox 1590 606 1771 661; x_wconf 89' lang='lat' dir='ltr'><strong>dicere</strong></span> <span class='ocrx_word' id='word_1_42' title='bbox 1803 619 2032 673; x_wconf 87' lang='lat' dir='ltr'><strong>passum,</strong></span> 
     </span>
    </p>
   </div>
   <div class='ocr_carea' id='block_1_8' title="bbox 462 696 2035 767">
    <p class='ocr_par' dir='ltr' id='par_1_8' title="bbox 462 696 2035 767">
     <span class='ocr_line' id='line_1_8' title="bbox 462 696 2035 767; baseline -0.001 -16"><span class='ocrx_word' id='word_1_43' title='bbox 462 718 579 754; x_wconf 83' lang='lat' dir='ltr'><strong>rtttn</strong></span> <span class='ocrx_word' id='word_1_44' title='bbox 615 702 712 753; x_wconf 74' lang='lat' dir='ltr'><strong>huc</strong></span> <span class='ocrx_word' id='word_1_45' title='bbox 752 701 945 766; x_wconf 83' lang='lat' dir='ltr'><strong>nhique</strong></span> <span class='ocrx_word' id='word_1_46' title='bbox 990 698 1281 767; x_wconf 88' lang='lat' dir='ltr'><strong>apostolica</strong></span> <span class='ocrx_word' id='word_1_47' title='bbox 1330 700 1589 767; x_wconf 71' lang='lat' dir='ltr'><strong>praeconia</strong></span> <span class='ocrx_word' id='word_1_48' title='bbox 1630 696 2035 753; x_wconf 76' lang='lat' dir='ltr'><strong>contestenturi</strong></span> 
     </span>
    </p>
   </div>
   <div class='ocr_carea' id='block_1_9' title="bbox 464 787 2034 859">
    <p class='ocr_par' dir='ltr' id='par_1_9' title="bbox 464 787 2034 859">
     <span class='ocr_line' id='line_1_9' title="bbox 464 787 2034 859; baseline -0.003 -15"><span class='ocrx_word' id='word_1_49' title='bbox 464 792 777 859; x_wconf 83' lang='lat' dir='ltr'><strong>Perpendite</strong></span> <span class='ocrx_word' id='word_1_50' title='bbox 816 800 867 843; x_wconf 90' lang='lat' dir='ltr'><strong>et</strong></span> <span class='ocrx_word' id='word_1_51' title='bbox 909 789 1071 841; x_wconf 86' lang='lat' dir='ltr'><strong>libelli</strong></span> <span class='ocrx_word' id='word_1_52' title='bbox 1119 790 1274 856; x_wconf 80' lang='lat' dir='ltr'><strong>hujus</strong></span> <span class='ocrx_word' id='word_1_53' title='bbox 1318 790 1725 857; x_wconf 64' lang='lat' dir='ltr'><strong>expositionem,</strong></span> <span class='ocrx_word' id='word_1_54' title='bbox 1773 798 1826 844; x_wconf 89' lang='lat' dir='ltr'><strong>et</strong></span> <span class='ocrx_word' id='word_1_55' title='bbox 1869 787 2034 841; x_wconf 90' lang='lat' dir='ltr'><strong>nolite</strong></span> 
     </span>
    </p>
   </div>
   <div class='ocr_carea' id='block_1_10' title="bbox 464 877 2045 947">
    <p class='ocr_par' dir='ltr' id='par_1_10' title="bbox 464 877 2045 947">
     <span class='ocr_line' id='line_1_10' title="bbox 464 877 2045 947; baseline -0.003 -12"><span class='ocrx_word' id='word_1_56' title='bbox 464 895 696 937; x_wconf 71' lang='lat' dir='ltr'><strong>inetur-re</strong></span> <span class='ocrx_word' id='word_1_57' title='bbox 743 898 835 933; x_wconf 86' lang='lat' dir='ltr'><strong>ore</strong></span> <span class='ocrx_word' id='word_1_58' title='bbox 880 884 1120 934; x_wconf 87' lang='lat' dir='ltr'><strong>corrliteri</strong></span> <span class='ocrx_word' id='word_1_59' title='bbox 1167 880 1307 947; x_wconf 90' lang='lat' dir='ltr'><strong>quod</strong></span> <span class='ocrx_word' id='word_1_60' title='bbox 1366 895 1458 933; x_wconf 80' lang='lat' dir='ltr'><strong>vos</strong></span> <span class='ocrx_word' id='word_1_61' title='bbox 1500 881 1705 932; x_wconf 90' lang='lat' dir='ltr'><strong>clarrrrn</strong></span> <span class='ocrx_word' id='word_1_62' title='bbox 1762 889 1843 932; x_wconf 87' lang='lat' dir='ltr'><strong>est</strong></span> <span class='ocrx_word' id='word_1_63' title='bbox 1884 877 2045 932; x_wconf 61' lang='lat' dir='ltr'><strong>corde</strong></span> 
     </span>
    </p>
   </div>
   <div class='ocr_carea' id='block_1_11' title="bbox 2141 416 3708 491">
    <p class='ocr_par' dir='ltr' id='par_1_11' title="bbox 2141 416 3708 491">
     <span class='ocr_line' id='line_1_11' title="bbox 2141 416 3708 491; baseline 0 -13"><span class='ocrx_word' id='word_1_64' title='bbox 2141 425 2244 479; x_wconf 74' lang='lat' dir='ltr'><strong>nisi</strong></span> <span class='ocrx_word' id='word_1_65' title='bbox 2275 435 2324 480; x_wconf 86' lang='lat' dir='ltr'><strong>et</strong></span> <span class='ocrx_word' id='word_1_66' title='bbox 2354 439 2449 478; x_wconf 86' lang='lat' dir='ltr'><strong>ore</strong></span> <span class='ocrx_word' id='word_1_67' title='bbox 2474 423 2742 478; x_wconf 82' lang='lat' dir='ltr'><strong>confessio</strong></span> <span class='ocrx_word' id='word_1_68' title='bbox 2772 423 2863 477; x_wconf 79' lang='lat' dir='ltr'><strong>ﬁat</strong></span> <span class='ocrx_word' id='word_1_69' title='bbox 2886 424 2952 477; x_wconf 93' lang='lat' dir='ltr'><strong>ad</strong></span> <span class='ocrx_word' id='word_1_70' title='bbox 2978 424 3225 479; x_wconf 89' lang='lat' dir='ltr'><strong>salutem.</strong></span> <span class='ocrx_word' id='word_1_71' title='bbox 3262 416 3412 480; x_wconf 83' lang='lat' dir='ltr'><strong>Unde</strong></span> <span class='ocrx_word' id='word_1_72' title='bbox 3445 425 3708 491; x_wconf 73' lang='lat' dir='ltr'><strong>Propheta</strong></span> 
     </span>
    </p>
   </div>
   <div class='ocr_carea' id='block_1_12' title="bbox 2141 514 3707 571">
    <p class='ocr_par' dir='ltr' id='par_1_12' title="bbox 2141 514 3707 571">
     <span class='ocr_line' id='line_1_12' title="bbox 2141 514 3707 571; baseline 0 -2"><span class='ocrx_word' id='word_1_73' title='bbox 2141 515 2215 570; x_wconf 90' lang='lat' dir='ltr'><strong>ait</strong></span> <span class='ocrx_word' id='word_1_74' title='bbox 2238 532 2250 567; x_wconf 90' lang='lat'><strong>:</strong></span> <span class='ocrx_word' id='word_1_75' title='bbox 2281 514 2540 569; x_wconf 82' lang='lat' dir='ltr'><strong>Justitiam</strong></span> <span class='ocrx_word' id='word_1_76' title='bbox 2565 524 2701 568; x_wconf 84' lang='lat' dir='ltr'><strong>tuam</strong></span> <span class='ocrx_word' id='word_1_77' title='bbox 2733 531 2833 567; x_wconf 90' lang='lat' dir='ltr'><strong>non</strong></span> <span class='ocrx_word' id='word_1_78' title='bbox 2855 516 3094 569; x_wconf 79' lang='lat' dir='ltr'><strong>abscondi</strong></span> <span class='ocrx_word' id='word_1_79' title='bbox 3121 518 3171 569; x_wconf 88' lang='lat' dir='ltr'><strong>in</strong></span> <span class='ocrx_word' id='word_1_80' title='bbox 3197 518 3349 571; x_wconf 83' lang='lat' dir='ltr'><strong>corde</strong></span> <span class='ocrx_word' id='word_1_81' title='bbox 3373 533 3484 571; x_wconf 88' lang='lat' dir='ltr'><strong>meo</strong></span> <span class='ocrx_word' id='word_1_82' title='bbox 3512 533 3529 570; x_wconf 91' lang='lat'><strong><em>:</em></strong></span> <span class='ocrx_word' id='word_1_83' title='bbox 3559 517 3707 571; x_wconf 77' lang='lat' dir='ltr'><strong>Veri-</strong></span> 
     </span>
    </p>
   </div>
   <div class='ocr_carea' id='block_1_13' title="bbox 2144 606 3709 674">
    <p class='ocr_par' dir='ltr' id='par_1_13' title="bbox 2144 606 3709 674">
     <span class='ocr_line' id='line_1_13' title="bbox 2144 606 3709 674; baseline 0.001 -15"><span class='ocrx_word' id='word_1_84' title='bbox 2144 616 2294 661; x_wconf 87' lang='lat' dir='ltr'><strong>tatem</strong></span> <span class='ocrx_word' id='word_1_85' title='bbox 2328 616 2465 659; x_wconf 86' lang='lat' dir='ltr'><strong>tuam</strong></span> <span class='ocrx_word' id='word_1_86' title='bbox 2496 616 2541 659; x_wconf 90' lang='lat' dir='ltr'><strong>et</strong></span> <span class='ocrx_word' id='word_1_87' title='bbox 2570 606 2797 659; x_wconf 83' lang='lat' dir='ltr'><strong>salutare</strong></span> <span class='ocrx_word' id='word_1_88' title='bbox 2832 615 2976 660; x_wconf 82' lang='lat' dir='ltr'><strong>tuum</strong></span> <span class='ocrx_word' id='word_1_89' title='bbox 3004 606 3112 659; x_wconf 73' lang='lat' dir='ltr'><strong>dixi</strong></span> <span class='ocrx_word' id='word_1_90' title='bbox 3141 606 3317 674; x_wconf 85' lang='lat' dir='ltr'><strong>(Rom.</strong></span> <span class='ocrx_word' id='word_1_91' title='bbox 3347 624 3401 674; x_wconf 76' lang='grc' dir='ltr'>ι,</span> <span class='ocrx_word' id='word_1_92' title='bbox 3437 608 3527 671; x_wconf 76' lang='grc' dir='ltr'><strong>1ος</strong></span> <span class='ocrx_word' id='word_1_93' title='bbox 3557 606 3709 661; x_wconf 72' lang='lat' dir='ltr'><strong>Ptol.</strong></span> 
     </span>
    </p>
   </div>
   <div class='ocr_carea' id='block_1_14' title="bbox 2139 694 3709 765">
    <p class='ocr_par' dir='ltr' id='par_1_14' title="bbox 2139 694 3709 765">
     <span class='ocr_line' id='line_1_14' title="bbox 2139 694 3709 765; baseline 0 -16"><span class='ocrx_word' id='word_1_94' title='bbox 2139 711 2321 760; x_wconf 73' lang='lat' dir='ltr'><strong>xxxix,</strong></span> <span class='ocrx_word' id='word_1_95' title='bbox 2348 695 2456 762; x_wconf 78' lang='lat' dir='ltr'><strong>li).</strong></span> <span class='ocrx_word' id='word_1_96' title='bbox 2484 694 2739 749; x_wconf 88' lang='lat' dir='ltr'><strong>Fatemini</strong></span> <span class='ocrx_word' id='word_1_97' title='bbox 2765 696 2926 765; x_wconf 89' lang='lat' dir='ltr'><strong>igitur</strong></span> <span class='ocrx_word' id='word_1_98' title='bbox 2950 704 3003 751; x_wconf 90' lang='lat' dir='ltr'><strong>et</strong></span> <span class='ocrx_word' id='word_1_99' title='bbox 3027 710 3122 750; x_wconf 90' lang='lat' dir='ltr'><strong>ore</strong></span> <span class='ocrx_word' id='word_1_100' title='bbox 3147 698 3286 765; x_wconf 91' lang='lat' dir='ltr'><strong>quod</strong></span> <span class='ocrx_word' id='word_1_101' title='bbox 3314 698 3474 753; x_wconf 86' lang='lat' dir='ltr'><strong>corde</strong></span> <span class='ocrx_word' id='word_1_102' title='bbox 3492 700 3709 759; x_wconf 80' lang='lat' dir='ltr'><strong>tenetis,</strong></span> 
     </span>
    </p>
   </div>
   <div class='ocr_carea' id='block_1_15' title="bbox 2148 785 3710 858">
    <p class='ocr_par' dir='ltr' id='par_1_15' title="bbox 2148 785 3710 858">
     <span class='ocr_line' id='line_1_15' title="bbox 2148 785 3710 858; baseline 0.002 -18"><span class='ocrx_word' id='word_1_103' title='bbox 2148 795 2207 840; x_wconf 91' lang='lat' dir='ltr'><strong>ut</strong></span> <span class='ocrx_word' id='word_1_104' title='bbox 2234 786 2413 840; x_wconf 88' lang='lat' dir='ltr'><strong>divina</strong></span> <span class='ocrx_word' id='word_1_105' title='bbox 2448 785 2746 839; x_wconf 79' lang='lat' dir='ltr'><strong>humanitas</strong></span> <span class='ocrx_word' id='word_1_106' title='bbox 2773 795 2826 840; x_wconf 91' lang='lat' dir='ltr'><strong>et</strong></span> <span class='ocrx_word' id='word_1_107' title='bbox 2862 786 3088 840; x_wconf 83' lang='lat' dir='ltr'><strong>humana</strong></span> <span class='ocrx_word' id='word_1_108' title='bbox 3118 787 3367 842; x_wconf 86' lang='lat' dir='ltr'><strong>divinitas</strong></span> <span class='ocrx_word' id='word_1_109' title='bbox 3396 788 3710 858; x_wconf 82' lang='lat' dir='ltr'><strong>prepitietur</strong></span> 
     </span>
    </p>
   </div>
   <div class='ocr_carea' id='block_1_16' title="bbox 2149 878 2319 932">
    <p class='ocr_par' dir='ltr' id='par_1_16' title="bbox 2149 878 2319 932">
     <span class='ocr_line' id='line_1_16' title="bbox 2149 878 2319 932; baseline 0.012 -3"><span class='ocrx_word' id='word_1_110' title='bbox 2149 878 2297 932; x_wconf 77' lang='lat' dir='ltr'><strong>vobis</strong></span> <span class='ocrx_word' id='word_1_111' title='bbox 2308 920 2319 931; x_wconf 91' lang='lat'><strong>.</strong></span> 
     </span>
    </p>
   </div>
   <div class='ocr_carea' id='block_1_17' title="bbox 475 1012 3687 1039">
    <p class='ocr_par' dir='ltr' id='par_1_17' title="bbox 475 1012 3687 1039">
     <span class='ocr_line' id='line_1_17' title="bbox 475 1012 3687 1039; baseline 0.002 -19"><span class='ocrx_word' id='word_1_112' title='bbox 475 1012 3687 1039; x_wconf 84' lang='lat'><strong>__________________________________________________</strong></span> 
     </span>
    </p>
   </div>
   <div class='ocr_carea' id='block_1_18' title="bbox 1433 1095 2719 1206">
    <p class='ocr_par' dir='ltr' id='par_1_18' title="bbox 1433 1095 2719 1206">
     <span class='ocr_line' id='line_1_18' title="bbox 1433 1095 2719 1206; baseline -0.001 0"><span class='ocrx_word' id='word_1_113' title='bbox 1433 1099 1908 1206; x_wconf 86' lang='lat' dir='ltr'><strong>LIBER</strong></span> <span class='ocrx_word' id='word_1_114' title='bbox 1994 1095 2719 1206; x_wconf 85' lang='lat' dir='ltr'><strong>TERTIUS.</strong></span> 
     </span>
    </p>
   </div>
   <div class='ocr_carea' id='block_1_19' title="bbox 534 1257 2037 1331">
    <p class='ocr_par' dir='ltr' id='par_1_19' title="bbox 534 1257 2037 1331">
     <span class='ocr_line' id='line_1_19' title="bbox 534 1257 2037 1331; baseline -0.005 -14"><span class='ocrx_word' id='word_1_115' title='bbox 534 1263 573 1317; x_wconf 91' lang='grc'><strong>1.</strong></span> <span class='ocrx_word' id='word_1_116' title='bbox 616 1263 873 1331; x_wconf 85' lang='lat' dir='ltr'><strong>Quoniam</strong></span> <span class='ocrx_word' id='word_1_117' title='bbox 918 1260 1240 1331; x_wconf 83' lang='lat' dir='ltr'><strong>Eutyehiana</strong></span> <span class='ocrx_word' id='word_1_118' title='bbox 1286 1258 1503 1313; x_wconf 70' lang='lat' dir='ltr'><strong>hmresis</strong></span> <span class='ocrx_word' id='word_1_119' title='bbox 1553 1259 1605 1312; x_wconf 93' lang='lat' dir='ltr'><strong>in</strong></span> <span class='ocrx_word' id='word_1_120' title='bbox 1660 1258 1710 1312; x_wconf 88' lang='lat' dir='ltr'><strong>id</strong></span> <span class='ocrx_word' id='word_1_121' title='bbox 1754 1257 2037 1327; x_wconf 87' lang='lat' dir='ltr'><strong>impietatis</strong></span> 
     </span>
    </p>
   </div>
   <div class='ocr_carea' id='block_1_20' title="bbox 463 1348 2037 1424">
    <p class='ocr_par' dir='ltr' id='par_1_20' title="bbox 463 1348 2037 1424">
     <span class='ocr_line' id='line_1_20' title="bbox 463 1348 2037 1424; baseline -0.004 -17"><span class='ocrx_word' id='word_1_122' title='bbox 463 1356 706 1424; x_wconf 85' lang='lat' dir='ltr'><strong>prolapsa</strong></span> <span class='ocrx_word' id='word_1_123' title='bbox 734 1361 813 1407; x_wconf 92' lang='lat' dir='ltr'><strong>est</strong></span> <span class='ocrx_word' id='word_1_124' title='bbox 837 1364 889 1406; x_wconf 91' lang='lat' dir='ltr'><strong>ut</strong></span> <span class='ocrx_word' id='word_1_125' title='bbox 914 1367 1017 1405; x_wconf 91' lang='lat' dir='ltr'><strong>non</strong></span> <span class='ocrx_word' id='word_1_126' title='bbox 1051 1350 1220 1404; x_wconf 89' lang='lat' dir='ltr'><strong>solum</strong></span> <span class='ocrx_word' id='word_1_127' title='bbox 1247 1348 1408 1403; x_wconf 89' lang='lat' dir='ltr'><strong>Verbi</strong></span> <span class='ocrx_word' id='word_1_128' title='bbox 1447 1357 1503 1403; x_wconf 89' lang='lat' dir='ltr'><strong>et</strong></span> <span class='ocrx_word' id='word_1_129' title='bbox 1529 1348 1705 1401; x_wconf 87' lang='lat' dir='ltr'><strong>carnis</strong></span> <span class='ocrx_word' id='word_1_130' title='bbox 1736 1361 1890 1401; x_wconf 87' lang='lat' dir='ltr'><strong>utram</strong></span> <span class='ocrx_word' id='word_1_131' title='bbox 1920 1362 2037 1402; x_wconf 84' lang='lat' dir='ltr'><strong>cre-</strong></span> 
     </span>
    </p>
   </div>
   <div class='ocr_carea' id='block_1_21' title="bbox 463 1440 2032 1506">
    <p class='ocr_par' dir='ltr' id='par_1_21' title="bbox 463 1440 2032 1506">
     <span class='ocr_line' id='line_1_21' title="bbox 463 1440 2032 1506; baseline -0.003 -10"><span class='ocrx_word' id='word_1_132' title='bbox 463 1444 551 1497; x_wconf 82' lang='lat' dir='ltr'><strong>dat</strong></span> <span class='ocrx_word' id='word_1_133' title='bbox 578 1457 694 1497; x_wconf 91' lang='lat' dir='ltr'><strong>esse</strong></span> <span class='ocrx_word' id='word_1_134' title='bbox 724 1453 986 1506; x_wconf 88' lang='lat' dir='ltr'><strong>naturam,</strong></span> <span class='ocrx_word' id='word_1_135' title='bbox 1008 1456 1189 1495; x_wconf 81' lang='lat' dir='ltr'><strong>verum</strong></span> <span class='ocrx_word' id='word_1_136' title='bbox 1217 1441 1374 1495; x_wconf 88' lang='lat' dir='ltr'><strong>etiam</strong></span> <span class='ocrx_word' id='word_1_137' title='bbox 1395 1441 1529 1495; x_wconf 87' lang='lat' dir='ltr'><strong>hanc</strong></span> <span class='ocrx_word' id='word_1_138' title='bbox 1552 1440 1793 1496; x_wconf 89' lang='lat' dir='ltr'><strong>eamdem</strong></span> <span class='ocrx_word' id='word_1_139' title='bbox 1817 1456 2032 1495; x_wconf 85' lang='lat' dir='ltr'><strong>carnem</strong></span> 
     </span>
    </p>
   </div>
   <div class='ocr_carea' id='block_1_22' title="bbox 466 1530 2033 1601">
    <p class='ocr_par' dir='ltr' id='par_1_22' title="bbox 466 1530 2033 1601">
     <span class='ocr_line' id='line_1_22' title="bbox 466 1530 2033 1601; baseline 0 -16"><span class='ocrx_word' id='word_1_140' title='bbox 466 1548 569 1585; x_wconf 90' lang='lat' dir='ltr'><strong>non</strong></span> <span class='ocrx_word' id='word_1_141' title='bbox 612 1532 678 1585; x_wconf 91' lang='lat' dir='ltr'><strong>de</strong></span> <span class='ocrx_word' id='word_1_142' title='bbox 720 1545 873 1584; x_wconf 82' lang='lat' dir='ltr'><strong>sacro</strong></span> <span class='ocrx_word' id='word_1_143' title='bbox 918 1531 1093 1585; x_wconf 76' lang='lat' dir='ltr'><strong>Maria:</strong></span> <span class='ocrx_word' id='word_1_144' title='bbox 1146 1530 1375 1599; x_wconf 74' lang='lat' dir='ltr'><strong>Virginis</strong></span> <span class='ocrx_word' id='word_1_145' title='bbox 1418 1547 1641 1600; x_wconf 84' lang='lat' dir='ltr'><strong>corpore</strong></span> <span class='ocrx_word' id='word_1_146' title='bbox 1684 1540 2033 1601; x_wconf 67' lang='lat' dir='ltr'><strong>assumptum,</strong></span> 
     </span>
    </p>
   </div>
   <div class='ocr_carea' id='block_1_23' title="bbox 464 1620 2034 1689">
    <p class='ocr_par' dir='ltr' id='par_1_23' title="bbox 464 1620 2034 1689">
     <span class='ocr_line' id='line_1_23' title="bbox 464 1620 2034 1689; baseline -0.003 -12"><span class='ocrx_word' id='word_1_147' title='bbox 464 1624 555 1677; x_wconf 87' lang='lat' dir='ltr'><strong>sed</strong></span> <span class='ocrx_word' id='word_1_148' title='bbox 581 1623 647 1676; x_wconf 84' lang='lat' dir='ltr'><strong>de</strong></span> <span class='ocrx_word' id='word_1_149' title='bbox 674 1623 812 1676; x_wconf 63' lang='lat' dir='ltr'><strong>coelo</strong></span> <span class='ocrx_word' id='word_1_150' title='bbox 837 1622 995 1684; x_wconf 75' lang='lat' dir='ltr'><strong>dicat,</strong></span> <span class='ocrx_word' id='word_1_151' title='bbox 1025 1622 1173 1689; x_wconf 79' lang='lat' dir='ltr'><strong>juxta</strong></span> <span class='ocrx_word' id='word_1_152' title='bbox 1204 1620 1472 1675; x_wconf 84' lang='lat' dir='ltr'><strong>infandum</strong></span> <span class='ocrx_word' id='word_1_153' title='bbox 1513 1620 1770 1674; x_wconf 87' lang='lat' dir='ltr'><strong>Valentini</strong></span> <span class='ocrx_word' id='word_1_154' title='bbox 1799 1631 1853 1675; x_wconf 91' lang='lat' dir='ltr'><strong>et</strong></span> <span class='ocrx_word' id='word_1_155' title='bbox 1893 1621 2034 1674; x_wconf 80' lang='lat' dir='ltr'><strong>Mar-</strong></span> 
     </span>
    </p>
   </div>
   <div class='ocr_carea' id='block_1_24' title="bbox 466 1708 2037 1778">
    <p class='ocr_par' dir='ltr' id='par_1_24' title="bbox 466 1708 2037 1778">
     <span class='ocr_line' id='line_1_24' title="bbox 466 1708 2037 1778; baseline -0.003 -11"><span class='ocrx_word' id='word_1_156' title='bbox 466 1714 635 1767; x_wconf 91' lang='lat' dir='ltr'><strong>cionis</strong></span> <span class='ocrx_word' id='word_1_157' title='bbox 680 1727 913 1767; x_wconf 89' lang='lat' dir='ltr'><strong>errorem</strong></span> <span class='ocrx_word' id='word_1_158' title='bbox 940 1753 955 1778; x_wconf 94' lang='lat'><strong>,</strong></span> <span class='ocrx_word' id='word_1_159' title='bbox 1001 1713 1161 1765; x_wconf 86' lang='lat' dir='ltr'><strong>tuisse</strong></span> <span class='ocrx_word' id='word_1_160' title='bbox 1206 1710 1487 1763; x_wconf 87' lang='lat' dir='ltr'><strong>deductam</strong></span> <span class='ocrx_word' id='word_1_161' title='bbox 1525 1726 1538 1761; x_wconf 92' lang='lat'><strong>:</strong></span> <span class='ocrx_word' id='word_1_162' title='bbox 1582 1710 1650 1762; x_wconf 90' lang='lat' dir='ltr'><strong>ita</strong></span> <span class='ocrx_word' id='word_1_163' title='bbox 1698 1708 2037 1777; x_wconf 80' lang='lat' dir='ltr'><strong>pertinaciter</strong></span> 
     </span>
    </p>
   </div>
   <div class='ocr_carea' id='block_1_25' title="bbox 465 1803 2033 1872">
    <p class='ocr_par' dir='ltr' id='par_1_25' title="bbox 465 1803 2033 1872">
     <span class='ocr_line' id='line_1_25' title="bbox 465 1803 2033 1872; baseline -0.001 -16"><span class='ocrx_word' id='word_1_164' title='bbox 465 1805 695 1859; x_wconf 86' lang='lat' dir='ltr'><strong>Verbum</strong></span> <span class='ocrx_word' id='word_1_165' title='bbox 728 1820 936 1858; x_wconf 85' lang='lat' dir='ltr'><strong>carnem</strong></span> <span class='ocrx_word' id='word_1_166' title='bbox 961 1817 1212 1857; x_wconf 83' lang='lat' dir='ltr'><strong>asserens</strong></span> <span class='ocrx_word' id='word_1_167' title='bbox 1263 1805 1481 1869; x_wconf 85' lang='lat' dir='ltr'><strong>factum,</strong></span> <span class='ocrx_word' id='word_1_168' title='bbox 1527 1812 1585 1856; x_wconf 90' lang='lat' dir='ltr'><strong>trt</strong></span> <span class='ocrx_word' id='word_1_169' title='bbox 1616 1818 1710 1871; x_wconf 91' lang='lat' dir='ltr'><strong>per</strong></span> <span class='ocrx_word' id='word_1_170' title='bbox 1739 1803 2033 1872; x_wconf 83' lang='lat' dir='ltr'><strong>Virginem,</strong></span> 
     </span>
    </p>
   </div>
   <div class='ocr_carea' id='block_1_26' title="bbox 466 1890 2036 1963">
    <p class='ocr_par' dir='ltr' id='par_1_26' title="bbox 466 1890 2036 1963">
     <span class='ocr_line' id='line_1_26' title="bbox 466 1890 2036 1963; baseline -0.001 -17"><span class='ocrx_word' id='word_1_171' title='bbox 466 1909 527 1948; x_wconf 86' lang='lat' dir='ltr'><strong>ac</strong></span> <span class='ocrx_word' id='word_1_172' title='bbox 558 1896 599 1947; x_wconf 88' lang='lat' dir='ltr'><strong>si</strong></span> <span class='ocrx_word' id='word_1_173' title='bbox 628 1908 760 1962; x_wconf 86' lang='lat' dir='ltr'><strong>aqua</strong></span> <span class='ocrx_word' id='word_1_174' title='bbox 795 1909 887 1963; x_wconf 80' lang='lat' dir='ltr'><strong>per</strong></span> <span class='ocrx_word' id='word_1_175' title='bbox 933 1893 1160 1945; x_wconf 86' lang='lat' dir='ltr'><strong>tistniam</strong></span> <span class='ocrx_word' id='word_1_176' title='bbox 1208 1895 1460 1947; x_wconf 85' lang='lat' dir='ltr'><strong>transisse</strong></span> <span class='ocrx_word' id='word_1_177' title='bbox 1497 1890 1779 1956; x_wconf 87' lang='lat' dir='ltr'><strong>videatur;</strong></span> <span class='ocrx_word' id='word_1_178' title='bbox 1824 1907 1927 1945; x_wconf 91' lang='lat' dir='ltr'><strong>non</strong></span> <span class='ocrx_word' id='word_1_179' title='bbox 1962 1903 2036 1945; x_wconf 87' lang='lat' dir='ltr'><strong>ta-</strong></span> 
     </span>
    </p>
   </div>
   <div class='ocr_carea' id='block_1_27' title="bbox 466 1979 2033 2051">
    <p class='ocr_par' dir='ltr' id='par_1_27' title="bbox 466 1979 2033 2051">
     <span class='ocr_line' id='line_1_27' title="bbox 466 1979 2033 2051; baseline -0.002 -15"><span class='ocrx_word' id='word_1_180' title='bbox 466 1999 585 2036; x_wconf 89' lang='lat' dir='ltr'><strong>men</strong></span> <span class='ocrx_word' id='word_1_181' title='bbox 617 1993 669 2035; x_wconf 92' lang='lat' dir='ltr'><strong>ut</strong></span> <span class='ocrx_word' id='word_1_182' title='bbox 705 1985 768 2035; x_wconf 90' lang='lat' dir='ltr'><strong>de</strong></span> <span class='ocrx_word' id='word_1_183' title='bbox 803 1982 1014 2051; x_wconf 79' lang='lat' dir='ltr'><strong>Virgine</strong></span> <span class='ocrx_word' id='word_1_184' title='bbox 1044 1981 1262 2048; x_wconf 89' lang='lat' dir='ltr'><strong>aliquid,</strong></span> <span class='ocrx_word' id='word_1_185' title='bbox 1304 1979 1444 2049; x_wconf 87' lang='lat' dir='ltr'><strong>qrrod</strong></span> <span class='ocrx_word' id='word_1_186' title='bbox 1491 1980 1657 2033; x_wconf 86' lang='lat' dir='ltr'><strong>nostri</strong></span> <span class='ocrx_word' id='word_1_187' title='bbox 1698 1980 1765 2032; x_wconf 89' lang='lat' dir='ltr'><strong>sit</strong></span> <span class='ocrx_word' id='word_1_188' title='bbox 1807 1980 2033 2048; x_wconf 79' lang='lat' dir='ltr'><strong>generis,</strong></span> 
     </span>
    </p>
   </div>
   <div class='ocr_carea' id='block_1_28' title="bbox 471 2068 2037 2141">
    <p class='ocr_par' dir='ltr' id='par_1_28' title="bbox 471 2068 2037 2141">
     <span class='ocr_line' id='line_1_28' title="bbox 471 2068 2037 2141; baseline -0.001 -18"><span class='ocrx_word' id='word_1_189' title='bbox 471 2074 824 2141; x_wconf 81' lang='lat' dir='ltr'><strong>assumpsisse</strong></span> <span class='ocrx_word' id='word_1_190' title='bbox 874 2068 1165 2133; x_wconf 88' lang='lat' dir='ltr'><strong>credatur;</strong></span> <span class='ocrx_word' id='word_1_191' title='bbox 1217 2070 1471 2138; x_wconf 90' lang='lat' dir='ltr'><strong>optimum</strong></span> <span class='ocrx_word' id='word_1_192' title='bbox 1524 2070 1648 2122; x_wconf 77' lang='lat' dir='ltr'><strong>duxi</strong></span> <span class='ocrx_word' id='word_1_193' title='bbox 1700 2070 1857 2121; x_wconf 77' lang='lat' dir='ltr'><strong>etiam</strong></span> <span class='ocrx_word' id='word_1_194' title='bbox 1902 2068 2037 2123; x_wconf 90' lang='lat' dir='ltr'><strong>hanc</strong></span> 
     </span>
    </p>
   </div>
   <div class='ocr_carea' id='block_1_29' title="bbox 471 2158 2037 2229">
    <p class='ocr_par' dir='ltr' id='par_1_29' title="bbox 471 2158 2037 2229">
     <span class='ocr_line' id='line_1_29' title="bbox 471 2158 2037 2229; baseline 0.001 -17"><span class='ocrx_word' id='word_1_195' title='bbox 471 2163 757 2229; x_wconf 78' lang='lat' dir='ltr'><strong>impietatis</strong></span> <span class='ocrx_word' id='word_1_196' title='bbox 789 2170 990 2228; x_wconf 88' lang='lat' dir='ltr'><strong>parteur</strong></span> <span class='ocrx_word' id='word_1_197' title='bbox 1032 2159 1270 2213; x_wconf 73' lang='lat' dir='ltr'><strong>veritatis</strong></span> <span class='ocrx_word' id='word_1_198' title='bbox 1309 2160 1605 2213; x_wconf 74' lang='lat' dir='ltr'><strong>assertione</strong></span> <span class='ocrx_word' id='word_1_199' title='bbox 1644 2158 1948 2221; x_wconf 87' lang='lat' dir='ltr'><strong>destruere,</strong></span> <span class='ocrx_word' id='word_1_200' title='bbox 1984 2170 2037 2213; x_wconf 89' lang='lat' dir='ltr'><strong>et</strong></span> 
     </span>
    </p>
   </div>
   <div class='ocr_carea' id='block_1_30' title="bbox 469 2253 2089 2323">
    <p class='ocr_par' dir='ltr' id='par_1_30' title="bbox 469 2253 2089 2323">
     <span class='ocr_line' id='line_1_30' title="bbox 469 2253 2089 2323; baseline 0.004 -21"><span class='ocrx_word' id='word_1_201' title='bbox 469 2268 681 2306; x_wconf 75' lang='lat' dir='ltr'><strong>omnem</strong></span> <span class='ocrx_word' id='word_1_202' title='bbox 712 2254 833 2307; x_wconf 88' lang='lat' dir='ltr'><strong>tetri</strong></span> <span class='ocrx_word' id='word_1_203' title='bbox 862 2254 1123 2322; x_wconf 78' lang='lat' dir='ltr'><strong>dogmatis</strong></span> <span class='ocrx_word' id='word_1_204' title='bbox 1162 2254 1469 2308; x_wconf 85' lang='lat' dir='ltr'><strong>nebulosam</strong></span> <span class='ocrx_word' id='word_1_205' title='bbox 1512 2253 1790 2321; x_wconf 66' lang='lat' dir='ltr'><strong>caliginem</strong></span> <span class='ocrx_word' id='word_1_206' title='bbox 1831 2254 2037 2323; x_wconf 78' lang='lat' dir='ltr'><strong>penitus</strong></span> <span class='ocrx_word' id='word_1_207' title='bbox 2082 2272 2089 2279; x_wconf 63' lang='grc' dir='ltr'><strong><em>ο</em></strong></span> 
     </span>
    </p>
   </div>
   <div class='ocr_carea' id='block_1_31' title="bbox 468 2328 2037 2412">
    <p class='ocr_par' dir='ltr' id='par_1_31' title="bbox 468 2328 2037 2412">
     <span class='ocr_line' id='line_1_31' title="bbox 468 2328 2037 2412; baseline 0.004 -21"><span class='ocrx_word' id='word_1_208' title='bbox 468 2341 744 2410; x_wconf 74' lang='lat' dir='ltr'><strong>dissipare.</strong></span> <span class='ocrx_word' id='word_1_209' title='bbox 780 2342 1004 2397; x_wconf 77' lang='lat' dir='ltr'><strong>Maxime</strong></span> <span class='ocrx_word' id='word_1_210' title='bbox 1030 2343 1168 2412; x_wconf 77' lang='lat' dir='ltr'><strong>quod</strong></span> <span class='ocrx_word' id='word_1_211' title='bbox 1199 2328 1419 2397; x_wconf 67' lang='lat' dir='ltr'><strong>multum</strong></span> <span class='ocrx_word' id='word_1_212' title='bbox 1443 2343 1507 2396; x_wconf 91' lang='lat' dir='ltr'><strong>ad</strong></span> <span class='ocrx_word' id='word_1_213' title='bbox 1536 2345 1808 2412; x_wconf 86' lang='lat' dir='ltr'><strong>utriusque</strong></span> <span class='ocrx_word' id='word_1_214' title='bbox 1835 2355 2037 2398; x_wconf 80' lang='lat' dir='ltr'><strong>naturae.</strong></span> 
     </span>
    </p>
   </div>
   <div class='ocr_carea' id='block_1_32' title="bbox 466 2418 2037 2505">
    <p class='ocr_par' dir='ltr' id='par_1_32' title="bbox 466 2418 2037 2505">
     <span class='ocr_line' id='line_1_32' title="bbox 466 2418 2037 2505; baseline 0.006 -23"><span class='ocrx_word' id='word_1_215' title='bbox 466 2432 817 2485; x_wconf 76' lang='lat' dir='ltr'><strong>cirnl&#39;essionis</strong></span> <span class='ocrx_word' id='word_1_216' title='bbox 866 2435 1145 2487; x_wconf 80' lang='lat' dir='ltr'><strong>veritatem</strong></span> <span class='ocrx_word' id='word_1_217' title='bbox 1198 2434 1455 2501; x_wconf 68' lang='lat' dir='ltr'><strong>proficiat,</strong></span> <span class='ocrx_word' id='word_1_218' title='bbox 1502 2418 2037 2505; x_wconf 28' lang='lat' dir='ltr'><strong>divinis&#39;approbare</strong></span> 
     </span>
    </p>
   </div>
   <div class='ocr_carea' id='block_1_33' title="bbox 467 2522 2037 2598">
    <p class='ocr_par' dir='ltr' id='par_1_33' title="bbox 467 2522 2037 2598">
     <span class='ocr_line' id='line_1_33' title="bbox 467 2522 2037 2598; baseline 0.008 -28"><span class='ocrx_word' id='word_1_219' title='bbox 467 2522 805 2580; x_wconf 82' lang='lat' dir='ltr'><strong>testirrruniis.</strong></span> <span class='ocrx_word' id='word_1_220' title='bbox 839 2522 1028 2575; x_wconf 84' lang='lat' dir='ltr'><strong>Filium</strong></span> <span class='ocrx_word' id='word_1_221' title='bbox 1067 2523 1154 2577; x_wconf 89' lang='lat' dir='ltr'><strong>Dei</strong></span> <span class='ocrx_word' id='word_1_222' title='bbox 1186 2523 1473 2578; x_wconf 87' lang='lat' dir='ltr'><strong>lrurnanutn</strong></span> <span class='ocrx_word' id='word_1_223' title='bbox 1503 2539 1696 2594; x_wconf 89' lang='lat' dir='ltr'><strong>corpus</strong></span> <span class='ocrx_word' id='word_1_224' title='bbox 1718 2525 1783 2581; x_wconf 88' lang='lat' dir='ltr'><strong>de</strong></span> <span class='ocrx_word' id='word_1_225' title='bbox 1815 2528 2037 2598; x_wconf 73' lang='lat' dir='ltr'><strong>Virginis</strong></span> 
     </span>
    </p>
   </div>
   <div class='ocr_carea' id='block_1_34' title="bbox 466 2624 965 2678">
    <p class='ocr_par' dir='ltr' id='par_1_34' title="bbox 466 2624 965 2678">
     <span class='ocr_line' id='line_1_34' title="bbox 466 2624 965 2678; baseline 0 -17"><span class='ocrx_word' id='word_1_226' title='bbox 466 2624 626 2662; x_wconf 79' lang='lat' dir='ltr'><strong>rarne</strong></span> <span class='ocrx_word' id='word_1_227' title='bbox 655 2626 965 2678; x_wconf 73' lang='lat' dir='ltr'><strong>sttttrpSIssc.</strong></span> 
     </span>
    </p>
   </div>
   <div class='ocr_carea' id='block_1_35' title="bbox 538 2699 2037 2767">
    <p class='ocr_par' dir='ltr' id='par_1_35' title="bbox 538 2699 2037 2767">
     <span class='ocr_line' id='line_1_35' title="bbox 538 2699 2037 2767; baseline 0.005 -17"><span class='ocrx_word' id='word_1_228' title='bbox 538 2700 597 2751; x_wconf 90' lang='lat' dir='ltr'><strong>ll.</strong></span> <span class='ocrx_word' id='word_1_229' title='bbox 636 2699 775 2767; x_wconf 78' lang='lat' dir='ltr'><strong>Ergo</strong></span> <span class='ocrx_word' id='word_1_230' title='bbox 815 2701 935 2767; x_wconf 84' lang='lat' dir='ltr'><strong>quia</strong></span> <span class='ocrx_word' id='word_1_231' title='bbox 968 2700 1052 2752; x_wconf 75' lang='lat' dir='ltr'><strong>isri</strong></span> <span class='ocrx_word' id='word_1_232' title='bbox 1086 2701 1375 2755; x_wconf 84' lang='lat' dir='ltr'><strong>secundum</strong></span> <span class='ocrx_word' id='word_1_233' title='bbox 1430 2702 1713 2757; x_wconf 76' lang='lat' dir='ltr'><strong>rectiorem</strong></span> <span class='ocrx_word' id='word_1_234' title='bbox 1763 2704 2037 2758; x_wconf 72' lang='lat' dir='ltr'><strong>catholica:</strong></span> 
     </span>
    </p>
   </div>
   <div class='ocr_carea' id='block_1_36' title="bbox 468 2788 2036 2861">
    <p class='ocr_par' dir='ltr' id='par_1_36' title="bbox 468 2788 2036 2861">
     <span class='ocr_line' id='line_1_36' title="bbox 468 2788 2036 2861; baseline 0.006 -22"><span class='ocrx_word' id='word_1_235' title='bbox 468 2788 588 2841; x_wconf 76' lang='lat' dir='ltr'><strong>iidei</strong></span> <span class='ocrx_word' id='word_1_236' title='bbox 624 2788 909 2852; x_wconf 80' lang='lat' dir='ltr'><strong>tramitem,</strong></span> <span class='ocrx_word' id='word_1_237' title='bbox 934 2798 989 2841; x_wconf 87' lang='lat' dir='ltr'><strong>et</strong></span> <span class='ocrx_word' id='word_1_238' title='bbox 1021 2788 1219 2841; x_wconf 59' lang='lat' dir='ltr'><strong>hit-teni</strong></span> <span class='ocrx_word' id='word_1_239' title='bbox 1264 2793 1630 2847; x_wconf 84' lang='lat' dir='ltr'><strong>auctoritatem</strong></span> <span class='ocrx_word' id='word_1_240' title='bbox 1679 2795 1915 2861; x_wconf 83' lang='lat' dir='ltr'><strong>concilii,</strong></span> <span class='ocrx_word' id='word_1_241' title='bbox 1958 2796 2036 2849; x_wconf 81' lang='lat' dir='ltr'><strong>fa-</strong></span> 
     </span>
    </p>
   </div>
   <div class='ocr_carea' id='block_1_37' title="bbox 467 2876 2035 2949">
    <p class='ocr_par' dir='ltr' id='par_1_37' title="bbox 467 2876 2035 2949">
     <span class='ocr_line' id='line_1_37' title="bbox 467 2876 2035 2949; baseline 0.006 -21"><span class='ocrx_word' id='word_1_242' title='bbox 467 2886 642 2930; x_wconf 82' lang='lat' dir='ltr'><strong>teatur</strong></span> <span class='ocrx_word' id='word_1_243' title='bbox 671 2877 863 2930; x_wconf 77' lang='lat' dir='ltr'><strong>Fdiurn</strong></span> <span class='ocrx_word' id='word_1_244' title='bbox 894 2877 1006 2941; x_wconf 87' lang='lat' dir='ltr'><strong>Dei,</strong></span> <span class='ocrx_word' id='word_1_245' title='bbox 1039 2893 1141 2930; x_wconf 81' lang='lat' dir='ltr'><strong>non</strong></span> <span class='ocrx_word' id='word_1_246' title='bbox 1188 2876 1557 2946; x_wconf 72' lang='lat' dir='ltr'><strong>extrinsecus,</strong></span> <span class='ocrx_word' id='word_1_247' title='bbox 1596 2898 1697 2936; x_wconf 69' lang='lat' dir='ltr'><strong>non</strong></span> <span class='ocrx_word' id='word_1_248' title='bbox 1749 2899 1811 2936; x_wconf 80' lang='lat' dir='ltr'><strong>ex</strong></span> <span class='ocrx_word' id='word_1_249' title='bbox 1843 2884 2035 2949; x_wconf 80' lang='lat' dir='ltr'><strong>nihilo,</strong></span> 
     </span>
    </p>
   </div>
   <div class='ocr_carea' id='block_1_38' title="bbox 2146 1254 3707 1327">
    <p class='ocr_par' dir='ltr' id='par_1_38' title="bbox 2146 1254 3707 1327">
     <span class='ocr_line' id='line_1_38' title="bbox 2146 1254 3707 1327; baseline 0.003 -19"><span class='ocrx_word' id='word_1_250' title='bbox 2146 1255 2262 1308; x_wconf 88' lang='lat' dir='ltr'><strong>simi</strong></span> <span class='ocrx_word' id='word_1_251' title='bbox 2285 1254 2597 1309; x_wconf 82' lang='lat' dir='ltr'><strong>obumbrabit</strong></span> <span class='ocrx_word' id='word_1_252' title='bbox 2622 1257 2710 1309; x_wconf 83' lang='lat' dir='ltr'><strong>tibi</strong></span> <span class='ocrx_word' id='word_1_253' title='bbox 2734 1272 2752 1309; x_wconf 87' lang='lat'><strong><em>:</em></strong></span> <span class='ocrx_word' id='word_1_254' title='bbox 2773 1257 2981 1323; x_wconf 70' lang='lat' dir='ltr'><strong>ideoque</strong></span> <span class='ocrx_word' id='word_1_255' title='bbox 3005 1260 3138 1327; x_wconf 83' lang='lat' dir='ltr'><strong>quod</strong></span> <span class='ocrx_word' id='word_1_256' title='bbox 3167 1269 3399 1312; x_wconf 86' lang='lat' dir='ltr'><strong>nascetur</strong></span> <span class='ocrx_word' id='word_1_257' title='bbox 3428 1277 3486 1313; x_wconf 75' lang='lat' dir='ltr'><strong>es</strong></span> <span class='ocrx_word' id='word_1_258' title='bbox 3511 1271 3555 1314; x_wconf 90' lang='lat' dir='ltr'><strong>te</strong></span> <span class='ocrx_word' id='word_1_259' title='bbox 3575 1276 3707 1315; x_wconf 80' lang='lat' dir='ltr'><strong>san-</strong></span> 
     </span>
    </p>
   </div>
   <div class='ocr_carea' id='block_1_39' title="bbox 2138 1345 3705 1422">
    <p class='ocr_par' dir='ltr' id='par_1_39' title="bbox 2138 1345 3705 1422">
     <span class='ocr_line' id='line_1_39' title="bbox 2138 1345 3705 1422; baseline 0.003 -25"><span class='ocrx_word' id='word_1_260' title='bbox 2138 1354 2273 1397; x_wconf 83' lang='lat' dir='ltr'><strong>ctum</strong></span> <span class='ocrx_word' id='word_1_261' title='bbox 2304 1346 2561 1399; x_wconf 81' lang='lat' dir='ltr'><strong>vocabitur</strong></span> <span class='ocrx_word' id='word_1_262' title='bbox 2595 1345 2759 1401; x_wconf 82' lang='lat' dir='ltr'><strong>Filius</strong></span> <span class='ocrx_word' id='word_1_263' title='bbox 2787 1348 2877 1400; x_wconf 88' lang='lat' dir='ltr'><strong>Dei</strong></span> <span class='ocrx_word' id='word_1_264' title='bbox 2906 1348 3056 1418; x_wconf 84' lang='lat' dir='ltr'><strong>(Luc.</strong></span> <span class='ocrx_word' id='word_1_265' title='bbox 3086 1364 3123 1417; x_wconf 86' lang='grc' dir='ltr'><strong>Ι,</strong></span> <span class='ocrx_word' id='word_1_266' title='bbox 3295 1350 3408 1404; x_wconf 78' lang='lat' dir='ltr'><strong>Non</strong></span> <span class='ocrx_word' id='word_1_267' title='bbox 3433 1352 3524 1415; x_wconf 90' lang='lat' dir='ltr'><strong>ait,</strong></span> <span class='ocrx_word' id='word_1_268' title='bbox 3563 1353 3705 1419; x_wconf 76' lang='lat' dir='ltr'><strong>quod</strong></span> 
     </span>
    </p>
   </div>
   <div class='ocr_carea' id='block_1_40' title="bbox 2137 1439 3707 1509">
    <p class='ocr_par' dir='ltr' id='par_1_40' title="bbox 2137 1439 3707 1509">
     <span class='ocr_line' id='line_1_40' title="bbox 2137 1439 3707 1509; baseline 0.003 -21"><span class='ocrx_word' id='word_1_269' title='bbox 2137 1447 2371 1490; x_wconf 86' lang='lat' dir='ltr'><strong>nascetur</strong></span> <span class='ocrx_word' id='word_1_270' title='bbox 2397 1454 2483 1505; x_wconf 78' lang='lat' dir='ltr'><strong>per</strong></span> <span class='ocrx_word' id='word_1_271' title='bbox 2508 1448 2576 1503; x_wconf 79' lang='lat' dir='ltr'><strong>te,</strong></span> <span class='ocrx_word' id='word_1_272' title='bbox 2609 1449 2661 1490; x_wconf 93' lang='lat' dir='ltr'><strong>ut</strong></span> <span class='ocrx_word' id='word_1_273' title='bbox 2687 1439 2833 1507; x_wconf 86' lang='lat' dir='ltr'><strong>quasi</strong></span> <span class='ocrx_word' id='word_1_274' title='bbox 2861 1440 3057 1493; x_wconf 89' lang='lat' dir='ltr'><strong>nudum</strong></span> <span class='ocrx_word' id='word_1_275' title='bbox 3078 1442 3359 1509; x_wconf 80' lang='lat' dir='ltr'><strong>quemdam</strong></span> <span class='ocrx_word' id='word_1_276' title='bbox 3380 1441 3529 1495; x_wconf 82' lang='lat' dir='ltr'><strong>Verbi</strong></span> <span class='ocrx_word' id='word_1_277' title='bbox 3559 1452 3707 1494; x_wconf 81' lang='lat' dir='ltr'><strong>tran-</strong></span> 
     </span>
    </p>
   </div>
   <div class='ocr_carea' id='block_1_41' title="bbox 2142 1526 3706 1599">
    <p class='ocr_par' dir='ltr' id='par_1_41' title="bbox 2142 1526 3706 1599">
     <span class='ocr_line' id='line_1_41' title="bbox 2142 1526 3706 1599; baseline 0 -18"><span class='ocrx_word' id='word_1_278' title='bbox 2142 1529 2302 1581; x_wconf 88' lang='lat' dir='ltr'><strong>situm</strong></span> <span class='ocrx_word' id='word_1_279' title='bbox 2334 1543 2424 1595; x_wconf 86' lang='lat' dir='ltr'><strong>per</strong></span> <span class='ocrx_word' id='word_1_280' title='bbox 2448 1526 2717 1596; x_wconf 74' lang='lat' dir='ltr'><strong>Virginem</strong></span> <span class='ocrx_word' id='word_1_281' title='bbox 2751 1529 3035 1595; x_wconf 88' lang='lat' dir='ltr'><strong>indicaret;</strong></span> <span class='ocrx_word' id='word_1_282' title='bbox 3076 1529 3168 1597; x_wconf 78' lang='lat' dir='ltr'><strong>sed</strong></span> <span class='ocrx_word' id='word_1_283' title='bbox 3188 1573 3201 1597; x_wconf 88' lang='lat'><strong>,</strong></span> <span class='ocrx_word' id='word_1_284' title='bbox 3226 1532 3363 1599; x_wconf 84' lang='lat' dir='ltr'><strong>quod</strong></span> <span class='ocrx_word' id='word_1_285' title='bbox 3391 1543 3609 1583; x_wconf 79' lang='lat' dir='ltr'><strong>nascetur</strong></span> <span class='ocrx_word' id='word_1_286' title='bbox 3636 1545 3706 1582; x_wconf 77' lang='lat' dir='ltr'><strong>ex</strong></span> 
     </span>
    </p>
   </div>
   <div class='ocr_carea' id='block_1_42' title="bbox 2137 1616 3707 1687">
    <p class='ocr_par' dir='ltr' id='par_1_42' title="bbox 2137 1616 3707 1687">
     <span class='ocr_line' id='line_1_42' title="bbox 2137 1616 3707 1687; baseline 0.001 -20"><span class='ocrx_word' id='word_1_287' title='bbox 2137 1626 2207 1680; x_wconf 84' lang='lat' dir='ltr'><strong>te,</strong></span> <span class='ocrx_word' id='word_1_288' title='bbox 2236 1625 2292 1669; x_wconf 94' lang='lat' dir='ltr'><strong>ut</strong></span> <span class='ocrx_word' id='word_1_289' title='bbox 2326 1616 2601 1669; x_wconf 77' lang='lat' dir='ltr'><strong>veritatem</strong></span> <span class='ocrx_word' id='word_1_290' title='bbox 2638 1617 2879 1685; x_wconf 87' lang='lat' dir='ltr'><strong>corporis</strong></span> <span class='ocrx_word' id='word_1_291' title='bbox 2907 1618 3150 1672; x_wconf 87' lang='lat' dir='ltr'><strong>sumendi</strong></span> <span class='ocrx_word' id='word_1_292' title='bbox 3190 1633 3253 1673; x_wconf 79' lang='lat' dir='ltr'><strong>ex</strong></span> <span class='ocrx_word' id='word_1_293' title='bbox 3289 1618 3498 1687; x_wconf 75' lang='lat' dir='ltr'><strong>Virgine</strong></span> <span class='ocrx_word' id='word_1_294' title='bbox 3539 1633 3707 1670; x_wconf 82' lang='lat' dir='ltr'><strong>mant-</strong></span> 
     </span>
    </p>
   </div>
   <div class='ocr_carea' id='block_1_43' title="bbox 2138 1704 3706 1777">
    <p class='ocr_par' dir='ltr' id='par_1_43' title="bbox 2138 1704 3706 1777">
     <span class='ocr_line' id='line_1_43' title="bbox 2138 1704 3706 1777; baseline 0.004 -19"><span class='ocrx_word' id='word_1_295' title='bbox 2138 1704 2325 1761; x_wconf 75' lang='lat' dir='ltr'><strong>festius</strong></span> <span class='ocrx_word' id='word_1_296' title='bbox 2363 1706 2681 1760; x_wconf 86' lang='lat' dir='ltr'><strong>declararet.</strong></span> <span class='ocrx_word' id='word_1_297' title='bbox 2711 1709 2852 1762; x_wconf 63' lang='lat' dir='ltr'><strong>Nam</strong></span> <span class='ocrx_word' id='word_1_298' title='bbox 2891 1725 3007 1777; x_wconf 83' lang='lat' dir='ltr'><strong>quae</strong></span> <span class='ocrx_word' id='word_1_299' title='bbox 3050 1712 3144 1777; x_wconf 86' lang='lat' dir='ltr'><strong>luit</strong></span> <span class='ocrx_word' id='word_1_300' title='bbox 3185 1725 3343 1765; x_wconf 88' lang='lat' dir='ltr'><strong>causa</strong></span> <span class='ocrx_word' id='word_1_301' title='bbox 3390 1711 3478 1765; x_wconf 86' lang='lat' dir='ltr'><strong>Dei</strong></span> <span class='ocrx_word' id='word_1_302' title='bbox 3510 1711 3706 1771; x_wconf 81' lang='lat' dir='ltr'><strong>Verbo,</strong></span> 
     </span>
    </p>
   </div>
   <div class='ocr_carea' id='block_1_44' title="bbox 2139 1796 3708 1866">
    <p class='ocr_par' dir='ltr' id='par_1_44' title="bbox 2139 1796 3708 1866">
     <span class='ocr_line' id='line_1_44' title="bbox 2139 1796 3708 1866; baseline 0.001 -16"><span class='ocrx_word' id='word_1_303' title='bbox 2139 1810 2233 1863; x_wconf 89' lang='lat' dir='ltr'><strong>per</strong></span> <span class='ocrx_word' id='word_1_304' title='bbox 2262 1806 2473 1851; x_wconf 87' lang='lat' dir='ltr'><strong>uterum</strong></span> <span class='ocrx_word' id='word_1_305' title='bbox 2519 1796 2748 1866; x_wconf 79' lang='lat' dir='ltr'><strong>Virginis</strong></span> <span class='ocrx_word' id='word_1_306' title='bbox 2791 1800 3313 1864; x_wconf 64' lang='lat' dir='ltr'><strong>transitum-iacere,</strong></span> <span class='ocrx_word' id='word_1_307' title='bbox 3343 1802 3387 1853; x_wconf 90' lang='lat' dir='ltr'><strong>si</strong></span> <span class='ocrx_word' id='word_1_308' title='bbox 3418 1799 3540 1853; x_wconf 85' lang='lat' dir='ltr'><strong>nihil</strong></span> <span class='ocrx_word' id='word_1_309' title='bbox 3580 1800 3708 1852; x_wconf 80' lang='lat' dir='ltr'><strong>inde</strong></span> 
     </span>
    </p>
   </div>
   <div class='ocr_carea' id='block_1_45' title="bbox 2136 1886 3708 1963">
    <p class='ocr_par' dir='ltr' id='par_1_45' title="bbox 2136 1886 3708 1963">
     <span class='ocr_line' id='line_1_45' title="bbox 2136 1886 3708 1963; baseline 0.002 -26"><span class='ocrx_word' id='word_1_310' title='bbox 2136 1886 2413 1951; x_wconf 64' lang='lat' dir='ltr'><strong>quaerebat</strong></span> <span class='ocrx_word' id='word_1_311' title='bbox 2438 1888 2743 1941; x_wconf 76' lang='lat' dir='ltr'><strong>assumere?</strong></span> <span class='ocrx_word' id='word_1_312' title='bbox 2774 1898 2863 1939; x_wconf 91' lang='lat' dir='ltr'><strong>aut</strong></span> <span class='ocrx_word' id='word_1_313' title='bbox 2889 1888 3255 1963; x_wconf 77' lang='lat' dir='ltr'><strong>quorundan</strong></span> <span class='ocrx_word' id='word_1_314' title='bbox 3295 1889 3498 1943; x_wconf 87' lang='lat' dir='ltr'><strong>semine</strong></span> <span class='ocrx_word' id='word_1_315' title='bbox 3540 1888 3708 1941; x_wconf 80' lang='lat' dir='ltr'><strong>David</strong></span> 
     </span>
    </p>
   </div>
   <div class='ocr_carea' id='block_1_46' title="bbox 2137 1973 3704 2048">
    <p class='ocr_par' dir='ltr' id='par_1_46' title="bbox 2137 1973 3704 2048">
     <span class='ocr_line' id='line_1_46' title="bbox 2137 1973 3704 2048; baseline 0.004 -24"><span class='ocrx_word' id='word_1_316' title='bbox 2137 1982 2311 2039; x_wconf 87' lang='lat' dir='ltr'><strong>natus,</strong></span> <span class='ocrx_word' id='word_1_317' title='bbox 2358 1974 2439 2028; x_wconf 79' lang='lat' dir='ltr'><strong>vel</strong></span> <span class='ocrx_word' id='word_1_318' title='bbox 2482 1973 2648 2031; x_wconf 78' lang='lat' dir='ltr'><strong>factus</strong></span> <span class='ocrx_word' id='word_1_319' title='bbox 2684 1977 2918 2031; x_wconf 83' lang='lat' dir='ltr'><strong>creditur</strong></span> <span class='ocrx_word' id='word_1_320' title='bbox 2964 1993 3105 2044; x_wconf 88' lang='lat' dir='ltr'><strong>esse,</strong></span> <span class='ocrx_word' id='word_1_321' title='bbox 3154 1980 3199 2034; x_wconf 94' lang='lat' dir='ltr'><strong>si</strong></span> <span class='ocrx_word' id='word_1_322' title='bbox 3248 1994 3313 2033; x_wconf 80' lang='lat' dir='ltr'><strong>ex</strong></span> <span class='ocrx_word' id='word_1_323' title='bbox 3355 1980 3557 2048; x_wconf 81' lang='lat' dir='ltr'><strong>generis</strong></span> <span class='ocrx_word' id='word_1_324' title='bbox 3586 1979 3704 2045; x_wconf 83' lang='lat' dir='ltr'><strong>ejus</strong></span> 
     </span>
    </p>
   </div>
   <div class='ocr_carea' id='block_1_47' title="bbox 2138 2067 3705 2141">
    <p class='ocr_par' dir='ltr' id='par_1_47' title="bbox 2138 2067 3705 2141">
     <span class='ocr_line' id='line_1_47' title="bbox 2138 2067 3705 2141; baseline 0.004 -24"><span class='ocrx_word' id='word_1_325' title='bbox 2138 2067 2382 2136; x_wconf 87' lang='lat' dir='ltr'><strong>prosapia</strong></span> <span class='ocrx_word' id='word_1_326' title='bbox 2410 2083 2604 2137; x_wconf 88' lang='lat' dir='ltr'><strong>corpus</strong></span> <span class='ocrx_word' id='word_1_327' title='bbox 2635 2081 2856 2140; x_wconf 73' lang='lat' dir='ltr'><strong>negetur</strong></span> <span class='ocrx_word' id='word_1_328' title='bbox 2893 2074 3277 2141; x_wconf 78' lang='lat' dir='ltr'><strong>assumpsisse?</strong></span> <span class='ocrx_word' id='word_1_329' title='bbox 3305 2073 3539 2140; x_wconf 84' lang='lat' dir='ltr'><strong>Denique</strong></span> <span class='ocrx_word' id='word_1_330' title='bbox 3565 2074 3705 2127; x_wconf 83' lang='lat' dir='ltr'><strong>Pau-</strong></span> 
     </span>
    </p>
   </div>
   <div class='ocr_carea' id='block_1_48' title="bbox 2138 2158 3705 2231">
    <p class='ocr_par' dir='ltr' id='par_1_48' title="bbox 2138 2158 3705 2231">
     <span class='ocr_line' id='line_1_48' title="bbox 2138 2158 3705 2231; baseline 0.001 -20"><span class='ocrx_word' id='word_1_331' title='bbox 2138 2158 2218 2211; x_wconf 89' lang='lat' dir='ltr'><strong>lus</strong></span> <span class='ocrx_word' id='word_1_332' title='bbox 2242 2160 2514 2225; x_wconf 89' lang='lat' dir='ltr'><strong>apostolus</strong></span> <span class='ocrx_word' id='word_1_333' title='bbox 2557 2162 2633 2214; x_wconf 90' lang='lat' dir='ltr'><strong>sic</strong></span> <span class='ocrx_word' id='word_1_334' title='bbox 2674 2164 2783 2214; x_wconf 90' lang='lat' dir='ltr'><strong>ait:</strong></span> <span class='ocrx_word' id='word_1_335' title='bbox 2829 2160 2904 2215; x_wconf 90' lang='lat' dir='ltr'><strong>De</strong></span> <span class='ocrx_word' id='word_1_336' title='bbox 2947 2160 3083 2215; x_wconf 84' lang='lat' dir='ltr'><strong>Filio</strong></span> <span class='ocrx_word' id='word_1_337' title='bbox 3123 2179 3216 2217; x_wconf 85' lang='lat' dir='ltr'><strong>suo</strong></span> <span class='ocrx_word' id='word_1_338' title='bbox 3242 2164 3329 2231; x_wconf 75' lang='lat' dir='ltr'><strong>qui</strong></span> <span class='ocrx_word' id='word_1_339' title='bbox 3358 2164 3519 2231; x_wconf 73' lang='lat' dir='ltr'><strong>factus</strong></span> <span class='ocrx_word' id='word_1_340' title='bbox 3548 2172 3615 2215; x_wconf 83' lang='lat' dir='ltr'><strong>est</strong></span> <span class='ocrx_word' id='word_1_341' title='bbox 3643 2178 3705 2213; x_wconf 71' lang='lat' dir='ltr'><strong>es</strong></span> 
     </span>
    </p>
   </div>
   <div class='ocr_carea' id='block_1_49' title="bbox 2137 2248 3707 2321">
    <p class='ocr_par' dir='ltr' id='par_1_49' title="bbox 2137 2248 3707 2321">
     <span class='ocr_line' id='line_1_49' title="bbox 2137 2248 3707 2321; baseline 0.003 -22"><span class='ocrx_word' id='word_1_342' title='bbox 2137 2250 2323 2301; x_wconf 88' lang='lat' dir='ltr'><strong>semine</strong></span> <span class='ocrx_word' id='word_1_343' title='bbox 2354 2248 2520 2303; x_wconf 81' lang='lat' dir='ltr'><strong>David</strong></span> <span class='ocrx_word' id='word_1_344' title='bbox 2548 2255 2821 2305; x_wconf 87' lang='lat' dir='ltr'><strong>secundum</strong></span> <span class='ocrx_word' id='word_1_345' title='bbox 2852 2270 3054 2306; x_wconf 83' lang='lat' dir='ltr'><strong>carnem</strong></span> <span class='ocrx_word' id='word_1_346' title='bbox 3089 2254 3263 2320; x_wconf 81' lang='lat' dir='ltr'><strong>(Rom.</strong></span> <span class='ocrx_word' id='word_1_347' title='bbox 3297 2270 3345 2320; x_wconf 86' lang='grc' dir='ltr'>ι,</span> <span class='ocrx_word' id='word_1_348' title='bbox 3384 2254 3460 2321; x_wconf 79' lang='lat'><strong>3).</strong></span> <span class='ocrx_word' id='word_1_349' title='bbox 3509 2254 3571 2307; x_wconf 79' lang='lat' dir='ltr'><strong>Et</strong></span> <span class='ocrx_word' id='word_1_350' title='bbox 3609 2254 3707 2306; x_wconf 86' lang='lat' dir='ltr'><strong>ite-</strong></span> 
     </span>
    </p>
   </div>
   <div class='ocr_carea' id='block_1_50' title="bbox 2139 2336 3706 2414">
    <p class='ocr_par' dir='ltr' id='par_1_50' title="bbox 2139 2336 3706 2414">
     <span class='ocr_line' id='line_1_50' title="bbox 2139 2336 3706 2414; baseline 0.003 -27"><span class='ocrx_word' id='word_1_351' title='bbox 2139 2351 2254 2389; x_wconf 88' lang='lat' dir='ltr'><strong>rum</strong></span> <span class='ocrx_word' id='word_1_352' title='bbox 2284 2336 2351 2391; x_wconf 88' lang='lat' dir='ltr'><strong>ad</strong></span> <span class='ocrx_word' id='word_1_353' title='bbox 2379 2336 2621 2393; x_wconf 86' lang='lat' dir='ltr'><strong>Galatas:</strong></span> <span class='ocrx_word' id='word_1_354' title='bbox 2651 2340 2815 2405; x_wconf 81' lang='lat' dir='ltr'><strong>Misit,</strong></span> <span class='ocrx_word' id='word_1_355' title='bbox 2840 2343 3028 2410; x_wconf 85' lang='lat' dir='ltr'><strong>inquit,</strong></span> <span class='ocrx_word' id='word_1_356' title='bbox 3049 2345 3152 2414; x_wconf 74' lang='lat'><strong>25</strong></span> <span class='ocrx_word' id='word_1_357' title='bbox 3178 2342 3315 2395; x_wconf 84' lang='lat' dir='ltr'><strong>Deus</strong></span> <span class='ocrx_word' id='word_1_358' title='bbox 3348 2343 3538 2414; x_wconf 57' lang='lat' dir='ltr'><strong>(&quot;ilium</strong></span> <span class='ocrx_word' id='word_1_359' title='bbox 3562 2357 3706 2394; x_wconf 73' lang='lat' dir='ltr'><strong>suum</strong></span> 
     </span>
    </p>
   </div>
   <div class='ocr_carea' id='block_1_51' title="bbox 2144 2412 3705 2501">
    <p class='ocr_par' dir='ltr' id='par_1_51' title="bbox 2144 2412 3705 2501">
     <span class='ocr_line' id='line_1_51' title="bbox 2144 2412 3705 2501; baseline 0.004 -25"><span class='ocrx_word' id='word_1_360' title='bbox 2144 2426 2333 2492; x_wconf 82' lang='lat' dir='ltr'><strong>factum</strong></span> <span class='ocrx_word' id='word_1_361' title='bbox 2364 2444 2426 2480; x_wconf 79' lang='lat' dir='ltr'><strong>ex</strong></span> <span class='ocrx_word' id='word_1_362' title='bbox 2454 2430 2667 2482; x_wconf 83' lang='lat' dir='ltr'><strong>muliere</strong></span> <span class='ocrx_word' id='word_1_363' title='bbox 2700 2428 2838 2501; x_wconf 81' lang='lat' dir='ltr'><strong>(Cal.</strong></span> <span class='ocrx_word' id='word_1_364' title='bbox 2873 2448 2943 2497; x_wconf 87' lang='lat' dir='ltr'><strong>tv,</strong></span> <span class='ocrx_word' id='word_1_365' title='bbox 2978 2412 3057 2501; x_wconf 65' lang='lat'><strong>4).</strong></span> <span class='ocrx_word' id='word_1_366' title='bbox 3082 2412 3368 2498; x_wconf 63' lang='lat' dir='ltr'><strong>Quomodo</strong></span> <span class='ocrx_word' id='word_1_367' title='bbox 3402 2434 3445 2486; x_wconf 90' lang='lat' dir='ltr'><strong>is</strong></span> <span class='ocrx_word' id='word_1_368' title='bbox 3482 2435 3565 2501; x_wconf 89' lang='lat' dir='ltr'><strong>qui</strong></span> <span class='ocrx_word' id='word_1_369' title='bbox 3593 2443 3705 2487; x_wconf 88' lang='lat' dir='ltr'><strong>erat</strong></span> 
     </span>
    </p>
   </div>
   <div class='ocr_carea' id='block_1_52' title="bbox 2139 2516 3700 2591">
    <p class='ocr_par' dir='ltr' id='par_1_52' title="bbox 2139 2516 3700 2591">
     <span class='ocr_line' id='line_1_52' title="bbox 2139 2516 3700 2591; baseline 0.003 -23"><span class='ocrx_word' id='word_1_370' title='bbox 2139 2516 2310 2569; x_wconf 83' lang='lat' dir='ltr'><strong>factus</strong></span> <span class='ocrx_word' id='word_1_371' title='bbox 2345 2528 2446 2583; x_wconf 87' lang='lat' dir='ltr'><strong>est,</strong></span> <span class='ocrx_word' id='word_1_372' title='bbox 2489 2532 2607 2573; x_wconf 91' lang='lat' dir='ltr'><strong>cum</strong></span> <span class='ocrx_word' id='word_1_373' title='bbox 2649 2519 2761 2573; x_wconf 88' lang='lat' dir='ltr'><strong>tieri</strong></span> <span class='ocrx_word' id='word_1_374' title='bbox 2800 2521 2915 2587; x_wconf 89' lang='lat' dir='ltr'><strong>ejus</strong></span> <span class='ocrx_word' id='word_1_375' title='bbox 2940 2522 3108 2577; x_wconf 79' lang='lat' dir='ltr'><strong>soleat</strong></span> <span class='ocrx_word' id='word_1_376' title='bbox 3139 2521 3415 2591; x_wconf 88' lang='lat' dir='ltr'><strong>proprium</strong></span> <span class='ocrx_word' id='word_1_377' title='bbox 3462 2536 3575 2575; x_wconf 86' lang='lat' dir='ltr'><strong>esse</strong></span> <span class='ocrx_word' id='word_1_378' title='bbox 3612 2522 3700 2588; x_wconf 85' lang='lat' dir='ltr'><strong>qui</strong></span> 
     </span>
    </p>
   </div>
   <div class='ocr_carea' id='block_1_53' title="bbox 2144 2607 3705 2679">
    <p class='ocr_par' dir='ltr' id='par_1_53' title="bbox 2144 2607 3705 2679">
     <span class='ocr_line' id='line_1_53' title="bbox 2144 2607 3705 2679; baseline 0.002 -21"><span class='ocrx_word' id='word_1_379' title='bbox 2144 2619 2411 2675; x_wconf 87' lang='lat' dir='ltr'><strong>nunquam</strong></span> <span class='ocrx_word' id='word_1_380' title='bbox 2442 2614 2566 2660; x_wconf 89' lang='lat' dir='ltr'><strong>ante</strong></span> <span class='ocrx_word' id='word_1_381' title='bbox 2592 2607 2907 2673; x_wconf 87' lang='lat' dir='ltr'><strong>substiterit,</strong></span> <span class='ocrx_word' id='word_1_382' title='bbox 2934 2609 3034 2663; x_wconf 83' lang='lat' dir='ltr'><strong>nisi</strong></span> <span class='ocrx_word' id='word_1_383' title='bbox 3064 2610 3184 2678; x_wconf 87' lang='lat' dir='ltr'><strong>quia</strong></span> <span class='ocrx_word' id='word_1_384' title='bbox 3216 2609 3389 2664; x_wconf 82' lang='lat' dir='ltr'><strong>factus</strong></span> <span class='ocrx_word' id='word_1_385' title='bbox 3428 2610 3564 2679; x_wconf 90' lang='lat' dir='ltr'><strong>quod</strong></span> <span class='ocrx_word' id='word_1_386' title='bbox 3601 2626 3705 2663; x_wconf 80' lang='lat' dir='ltr'><strong>non</strong></span> 
     </span>
    </p>
   </div>
   <div class='ocr_carea' id='block_1_54' title="bbox 2144 2698 3704 2769">
    <p class='ocr_par' dir='ltr' id='par_1_54' title="bbox 2144 2698 3704 2769">
     <span class='ocr_line' id='line_1_54' title="bbox 2144 2698 3704 2769; baseline -0.002 -16"><span class='ocrx_word' id='word_1_387' title='bbox 2144 2704 2278 2762; x_wconf 83' lang='lat' dir='ltr'><strong>erat,</strong></span> <span class='ocrx_word' id='word_1_388' title='bbox 2304 2698 2354 2753; x_wconf 91' lang='lat' dir='ltr'><strong>id</strong></span> <span class='ocrx_word' id='word_1_389' title='bbox 2380 2708 2461 2753; x_wconf 89' lang='lat' dir='ltr'><strong>est</strong></span> <span class='ocrx_word' id='word_1_390' title='bbox 2505 2700 2684 2764; x_wconf 87' lang='lat' dir='ltr'><strong>homo,</strong></span> <span class='ocrx_word' id='word_1_391' title='bbox 2728 2714 2831 2752; x_wconf 88' lang='lat' dir='ltr'><strong>non</strong></span> <span class='ocrx_word' id='word_1_392' title='bbox 2881 2698 3095 2753; x_wconf 88' lang='lat' dir='ltr'><strong>aliunde</strong></span> <span class='ocrx_word' id='word_1_393' title='bbox 3138 2713 3352 2753; x_wconf 86' lang='lat' dir='ltr'><strong>carnem</strong></span> <span class='ocrx_word' id='word_1_394' title='bbox 3399 2701 3704 2769; x_wconf 83' lang='lat' dir='ltr'><strong>assumpsit,</strong></span> 
     </span>
    </p>
   </div>
   <div class='ocr_carea' id='block_1_55' title="bbox 2142 2792 3706 2865">
    <p class='ocr_par' dir='ltr' id='par_1_55' title="bbox 2142 2792 3706 2865">
     <span class='ocr_line' id='line_1_55' title="bbox 2142 2792 3706 2865; baseline 0.002 -21"><span class='ocrx_word' id='word_1_395' title='bbox 2142 2793 2241 2845; x_wconf 86' lang='lat' dir='ltr'><strong>nisi</strong></span> <span class='ocrx_word' id='word_1_396' title='bbox 2269 2809 2331 2845; x_wconf 79' lang='lat' dir='ltr'><strong>ex</strong></span> <span class='ocrx_word' id='word_1_397' title='bbox 2366 2792 2638 2847; x_wconf 84' lang='lat' dir='ltr'><strong>hominum</strong></span> <span class='ocrx_word' id='word_1_398' title='bbox 2671 2809 2867 2863; x_wconf 82' lang='lat' dir='ltr'><strong>genere</strong></span> <span class='ocrx_word' id='word_1_399' title='bbox 2896 2811 2959 2848; x_wconf 80' lang='lat' dir='ltr'><strong>ex</strong></span> <span class='ocrx_word' id='word_1_400' title='bbox 2987 2811 3089 2863; x_wconf 88' lang='lat' dir='ltr'><strong>quo</strong></span> <span class='ocrx_word' id='word_1_401' title='bbox 3112 2794 3279 2849; x_wconf 78' lang='lat' dir='ltr'><strong>factus</strong></span> <span class='ocrx_word' id='word_1_402' title='bbox 3308 2804 3392 2849; x_wconf 88' lang='lat' dir='ltr'><strong>est</strong></span> <span class='ocrx_word' id='word_1_403' title='bbox 3420 2796 3553 2865; x_wconf 89' lang='lat' dir='ltr'><strong>quod</strong></span> <span class='ocrx_word' id='word_1_404' title='bbox 3602 2811 3706 2849; x_wconf 76' lang='lat' dir='ltr'><strong>non</strong></span> 
     </span>
    </p>
   </div>
   <div class='ocr_carea' id='block_1_56' title="bbox 2147 2881 3707 2953">
    <p class='ocr_par' dir='ltr' id='par_1_56' title="bbox 2147 2881 3707 2953">
     <span class='ocr_line' id='line_1_56' title="bbox 2147 2881 3707 2953; baseline 0.003 -19"><span class='ocrx_word' id='word_1_405' title='bbox 2147 2881 2242 2935; x_wconf 76' lang='lat' dir='ltr'><strong>iuit</strong></span> <span class='ocrx_word' id='word_1_406' title='bbox 2262 2884 2282 2934; x_wconf 89' lang='lat'><strong>?</strong></span> <span class='ocrx_word' id='word_1_407' title='bbox 2306 2882 2457 2937; x_wconf 91' lang='lat' dir='ltr'><strong>Unde</strong></span> <span class='ocrx_word' id='word_1_408' title='bbox 2486 2892 2540 2935; x_wconf 88' lang='lat' dir='ltr'><strong>et</strong></span> <span class='ocrx_word' id='word_1_409' title='bbox 2570 2885 2684 2953; x_wconf 63' lang='lat' dir='ltr'><strong>ipse</strong></span> <span class='ocrx_word' id='word_1_410' title='bbox 2712 2883 2873 2937; x_wconf 49' lang='lat' dir='ltr'><strong>Filius</strong></span> <span class='ocrx_word' id='word_1_411' title='bbox 2901 2884 3182 2938; x_wconf 77' lang='lat' dir='ltr'><strong>formatum</strong></span> <span class='ocrx_word' id='word_1_412' title='bbox 3216 2900 3273 2940; x_wconf 88' lang='lat' dir='ltr'><strong>se</strong></span> <span class='ocrx_word' id='word_1_413' title='bbox 3321 2900 3386 2940; x_wconf 79' lang='lat' dir='ltr'><strong>ex</strong></span> <span class='ocrx_word' id='word_1_414' title='bbox 3429 2896 3574 2940; x_wconf 83' lang='lat' dir='ltr'><strong>utero</strong></span> <span class='ocrx_word' id='word_1_415' title='bbox 3617 2902 3707 2952; x_wconf 86' lang='lat' dir='ltr'><strong>per</strong></span> 
     </span>
    </p>
   </div>
   <div class='ocr_carea' id='block_1_57' title="bbox 465 2966 3707 3075">
    <p class='ocr_par' dir='ltr' id='par_1_57' title="bbox 465 2966 3707 3075">
     <span class='ocr_line' id='line_1_57' title="bbox 465 2966 3707 3075; baseline 0.003 -56"><span class='ocrx_word' id='word_1_416' title='bbox 465 2966 558 3020; x_wconf 82' lang='lat' dir='ltr'><strong>sed</strong></span> <span class='ocrx_word' id='word_1_417' title='bbox 584 2982 645 3020; x_wconf 81' lang='lat' dir='ltr'><strong>ex</strong></span> <span class='ocrx_word' id='word_1_418' title='bbox 676 2967 829 3020; x_wconf 82' lang='lat' dir='ltr'><strong>Patre</strong></span> <span class='ocrx_word' id='word_1_419' title='bbox 854 2968 1110 3034; x_wconf 88' lang='lat' dir='ltr'><strong>genitum,</strong></span> <span class='ocrx_word' id='word_1_420' title='bbox 1152 2976 1205 3021; x_wconf 86' lang='lat' dir='ltr'><strong>et</strong></span> <span class='ocrx_word' id='word_1_421' title='bbox 1244 2967 1350 3037; x_wconf 68' lang='grc'><strong>24</strong></span> <span class='ocrx_word' id='word_1_422' title='bbox 1388 2970 1648 3037; x_wconf 62' lang='lat' dir='ltr'><strong>ejusdem,</strong></span> <span class='ocrx_word' id='word_1_423' title='bbox 1692 2973 1841 3039; x_wconf 84' lang='lat' dir='ltr'><strong>cujus</strong></span> <span class='ocrx_word' id='word_1_424' title='bbox 1881 2972 2035 3036; x_wconf 75' lang='lat' dir='ltr'><strong>Pater</strong></span> <span class='ocrx_word' id='word_1_425' title='bbox 2064 3014 2108 3075; x_wconf 79' lang='lat' dir='ltr'><strong>C</strong></span> <span class='ocrx_word' id='word_1_426' title='bbox 2144 2975 2330 3029; x_wconf 83' lang='lat' dir='ltr'><strong>Isaiam</strong></span> <span class='ocrx_word' id='word_1_427' title='bbox 2381 2976 2632 3043; x_wconf 82' lang='lat' dir='ltr'><strong>loquitur,</strong></span> <span class='ocrx_word' id='word_1_428' title='bbox 2666 2976 2848 3031; x_wconf 87' lang='lat' dir='ltr'><strong>dicens</strong></span> <span class='ocrx_word' id='word_1_429' title='bbox 2880 2993 2893 3030; x_wconf 85' lang='lat'><strong>:</strong></span> <span class='ocrx_word' id='word_1_430' title='bbox 2928 2972 3159 3030; x_wconf 65' lang='lat' dir='ltr'><strong>Et&#39;nunc</strong></span> <span class='ocrx_word' id='word_1_431' title='bbox 3185 2978 3305 3031; x_wconf 83' lang='lat' dir='ltr'><strong>dicit</strong></span> <span class='ocrx_word' id='word_1_432' title='bbox 3341 2978 3583 3031; x_wconf 67' lang='lat' dir='ltr'><strong>Dominus</strong></span> <span class='ocrx_word' id='word_1_433' title='bbox 3602 2982 3707 3045; x_wconf 82' lang='lat' dir='ltr'><strong>{or-</strong></span> 
     </span>
    </p>
   </div>
   <div class='ocr_carea' id='block_1_58' title="bbox 468 3060 2035 3133">
    <p class='ocr_par' dir='ltr' id='par_1_58' title="bbox 468 3060 2035 3133">
     <span class='ocr_line' id='line_1_58' title="bbox 468 3060 2035 3133; baseline 0.006 -25"><span class='ocrx_word' id='word_1_434' title='bbox 468 3069 572 3118; x_wconf 74' lang='lat' dir='ltr'><strong>esr,</strong></span> <span class='ocrx_word' id='word_1_435' title='bbox 594 3071 713 3109; x_wconf 67' lang='grc' dir='ltr'><strong>θετο</strong></span> <span class='ocrx_word' id='word_1_436' title='bbox 743 3064 972 3119; x_wconf 56' lang='lat' dir='ltr'><strong>natura;</strong></span> <span class='ocrx_word' id='word_1_437' title='bbox 1017 3067 1071 3108; x_wconf 92' lang='lat' dir='ltr'><strong>ut</strong></span> <span class='ocrx_word' id='word_1_438' title='bbox 1109 3060 1305 3110; x_wconf 90' lang='lat' dir='ltr'><strong>veritas</strong></span> <span class='ocrx_word' id='word_1_439' title='bbox 1332 3072 1549 3127; x_wconf 78' lang='lat' dir='ltr'><strong>generat</strong></span> <span class='ocrx_word' id='word_1_440' title='bbox 1572 3063 1691 3115; x_wconf 83' lang='lat' dir='ltr'><strong>onis</strong></span> <span class='ocrx_word' id='word_1_441' title='bbox 1736 3065 1783 3115; x_wconf 91' lang='lat' dir='ltr'><strong>in</strong></span> <span class='ocrx_word' id='word_1_442' title='bbox 1809 3079 1873 3118; x_wconf 90' lang='lat' dir='ltr'><strong>eo</strong></span> <span class='ocrx_word' id='word_1_443' title='bbox 1901 3080 2035 3133; x_wconf 74' lang='lat' dir='ltr'><strong>pra:-</strong></span> 
     </span>
    </p>
   </div>
   <div class='ocr_carea' id='block_1_59' title="bbox 466 3146 2037 3225">
    <p class='ocr_par' dir='ltr' id='par_1_59' title="bbox 466 3146 2037 3225">
     <span class='ocr_line' id='line_1_59' title="bbox 466 3146 2037 3225; baseline 0.008 -27"><span class='ocrx_word' id='word_1_444' title='bbox 466 3146 621 3213; x_wconf 86' lang='lat' dir='ltr'><strong>cipue</strong></span> <span class='ocrx_word' id='word_1_445' title='bbox 662 3156 1032 3215; x_wconf 79' lang='lat' dir='ltr'><strong>cognoscatur,</strong></span> <span class='ocrx_word' id='word_1_446' title='bbox 1074 3147 1115 3199; x_wconf 88' lang='lat' dir='ltr'><strong>si</strong></span> <span class='ocrx_word' id='word_1_447' title='bbox 1166 3148 1217 3199; x_wconf 89' lang='lat' dir='ltr'><strong>in</strong></span> <span class='ocrx_word' id='word_1_448' title='bbox 1247 3148 1379 3201; x_wconf 81' lang='lat' dir='ltr'><strong>Filio</strong></span> <span class='ocrx_word' id='word_1_449' title='bbox 1413 3162 1644 3217; x_wconf 71' lang='lat' dir='ltr'><strong>patcr&#39;rrre</strong></span> <span class='ocrx_word' id='word_1_450' title='bbox 1679 3166 1880 3209; x_wconf 70' lang='lat' dir='ltr'><strong>natura:</strong></span> <span class='ocrx_word' id='word_1_451' title='bbox 1912 3174 2037 3225; x_wconf 85' lang='lat' dir='ltr'><strong>pro-</strong></span> 
     </span>
    </p>
   </div>
   <div class='ocr_carea' id='block_1_60' title="bbox 468 3242 2037 3311">
    <p class='ocr_par' dir='ltr' id='par_1_60' title="bbox 468 3242 2037 3311">
     <span class='ocr_line' id='line_1_60' title="bbox 468 3242 2037 3311; baseline 0.013 -25"><span class='ocrx_word' id='word_1_452' title='bbox 468 3244 665 3306; x_wconf 78' lang='lat' dir='ltr'><strong>prietas</strong></span> <span class='ocrx_word' id='word_1_453' title='bbox 700 3255 801 3292; x_wconf 91' lang='lat' dir='ltr'><strong>non</strong></span> <span class='ocrx_word' id='word_1_454' title='bbox 827 3249 1065 3307; x_wconf 88' lang='lat' dir='ltr'><strong>negatur,</strong></span> <span class='ocrx_word' id='word_1_455' title='bbox 1091 3242 1405 3296; x_wconf 87' lang='lat' dir='ltr'><strong>admonendi</strong></span> <span class='ocrx_word' id='word_1_456' title='bbox 1436 3257 1561 3298; x_wconf 89' lang='lat' dir='ltr'><strong>sunt</strong></span> <span class='ocrx_word' id='word_1_457' title='bbox 1586 3251 1873 3305; x_wconf 86' lang='lat' dir='ltr'><strong>secundum</strong></span> <span class='ocrx_word' id='word_1_458' title='bbox 1903 3254 2037 3311; x_wconf 80' lang='lat' dir='ltr'><strong>hanc</strong></span> 
     </span>
    </p>
   </div>
   <div class='ocr_carea' id='block_1_61' title="bbox 468 3330 2039 3398">
    <p class='ocr_par' dir='ltr' id='par_1_61' title="bbox 468 3330 2039 3398">
     <span class='ocr_line' id='line_1_61' title="bbox 468 3330 2039 3398; baseline 0.011 -18"><span class='ocrx_word' id='word_1_459' title='bbox 468 3330 825 3382; x_wconf 64' lang='lat' dir='ltr'><strong>confessionis</strong></span> <span class='ocrx_word' id='word_1_460' title='bbox 852 3330 1103 3398; x_wconf 80' lang='lat' dir='ltr'><strong>regulam,</strong></span> <span class='ocrx_word' id='word_1_461' title='bbox 1150 3332 1287 3385; x_wconf 90' lang='lat' dir='ltr'><strong>hunc</strong></span> <span class='ocrx_word' id='word_1_462' title='bbox 1320 3334 1561 3387; x_wconf 87' lang='lat' dir='ltr'><strong>eumdem</strong></span> <span class='ocrx_word' id='word_1_463' title='bbox 1596 3336 1785 3392; x_wconf 88' lang='lat' dir='ltr'><strong>Filium</strong></span> <span class='ocrx_word' id='word_1_464' title='bbox 1828 3343 1892 3397; x_wconf 88' lang='lat' dir='ltr'><strong>de</strong></span> <span class='ocrx_word' id='word_1_465' title='bbox 1925 3345 2039 3398; x_wconf 73' lang='lat' dir='ltr'><strong>Vir-</strong></span> 
     </span>
    </p>
   </div>
   <div class='ocr_carea' id='block_1_62' title="bbox 470 3421 2041 3496">
    <p class='ocr_par' dir='ltr' id='par_1_62' title="bbox 470 3421 2041 3496">
     <span class='ocr_line' id='line_1_62' title="bbox 470 3421 2041 3496; baseline 0.013 -27"><span class='ocrx_word' id='word_1_466' title='bbox 470 3437 593 3487; x_wconf 79' lang='lat' dir='ltr'><strong>gine</strong></span> <span class='ocrx_word' id='word_1_467' title='bbox 622 3430 824 3483; x_wconf 80' lang='lat' dir='ltr'><strong>tratum,</strong></span> <span class='ocrx_word' id='word_1_468' title='bbox 876 3421 1113 3487; x_wconf 71' lang='lat' dir='ltr'><strong>ejnsrlmn</strong></span> <span class='ocrx_word' id='word_1_469' title='bbox 1162 3422 1405 3491; x_wconf 84' lang='lat' dir='ltr'><strong>profectu</strong></span> <span class='ocrx_word' id='word_1_470' title='bbox 1452 3426 1681 3496; x_wconf 78' lang='lat' dir='ltr'><strong>Virginis</strong></span> <span class='ocrx_word' id='word_1_471' title='bbox 1719 3433 1896 3488; x_wconf 77' lang='lat' dir='ltr'><strong>carnis</strong></span> <span class='ocrx_word' id='word_1_472' title='bbox 1949 3436 2041 3488; x_wconf 66' lang='lat' dir='ltr'><strong>Irao</strong></span> 
     </span>
    </p>
   </div>
   <div class='ocr_carea' id='block_1_63' title="bbox 475 3513 2041 3583">
    <p class='ocr_par' dir='ltr' id='par_1_63' title="bbox 475 3513 2041 3583">
     <span class='ocr_line' id='line_1_63' title="bbox 475 3513 2041 3583; baseline 0.01 -17"><span class='ocrx_word' id='word_1_473' title='bbox 475 3514 591 3566; x_wconf 83' lang='lat' dir='ltr'><strong>huis</strong></span> <span class='ocrx_word' id='word_1_474' title='bbox 622 3529 651 3567; x_wconf 89' lang='lat' dir='ltr'><strong>c</strong></span> <span class='ocrx_word' id='word_1_475' title='bbox 684 3523 945 3566; x_wconf 78' lang='lat' dir='ltr'><strong>naturam.</strong></span> <span class='ocrx_word' id='word_1_476' title='bbox 971 3513 1076 3566; x_wconf 80' lang='lat' dir='ltr'><strong>Nec</strong></span> <span class='ocrx_word' id='word_1_477' title='bbox 1108 3514 1227 3568; x_wconf 90' lang='lat' dir='ltr'><strong>hinc</strong></span> <span class='ocrx_word' id='word_1_478' title='bbox 1259 3531 1351 3570; x_wconf 88' lang='lat' dir='ltr'><strong>eos</strong></span> <span class='ocrx_word' id='word_1_479' title='bbox 1376 3517 1569 3572; x_wconf 83' lang='lat' dir='ltr'><strong>Ariana</strong></span> <span class='ocrx_word' id='word_1_480' title='bbox 1598 3525 1817 3577; x_wconf 69' lang='lat' dir='ltr'><strong>haeresis</strong></span> <span class='ocrx_word' id='word_1_481' title='bbox 1845 3527 2041 3583; x_wconf 90' lang='lat' dir='ltr'><strong>insolu-</strong></span> 
     </span>
    </p>
   </div>
   <div class='ocr_carea' id='block_1_64' title="bbox 475 3606 2042 3686">
    <p class='ocr_par' dir='ltr' id='par_1_64' title="bbox 475 3606 2042 3686">
     <span class='ocr_line' id='line_1_64' title="bbox 475 3606 2042 3686; baseline 0.011 -31"><span class='ocrx_word' id='word_1_482' title='bbox 475 3606 569 3658; x_wconf 76' lang='lat' dir='ltr'><strong>bili</strong></span> <span class='ocrx_word' id='word_1_483' title='bbox 597 3606 906 3673; x_wconf 63' lang='lat' dir='ltr'><strong>qurrstiunis</strong></span> <span class='ocrx_word' id='word_1_484' title='bbox 956 3607 1141 3673; x_wconf 79' lang='lat' dir='ltr'><strong>laqueo</strong></span> <span class='ocrx_word' id='word_1_485' title='bbox 1185 3611 1412 3663; x_wconf 83' lang='lat' dir='ltr'><strong>retineat</strong></span> <span class='ocrx_word' id='word_1_486' title='bbox 1446 3611 1728 3681; x_wconf 82' lang='lat' dir='ltr'><strong>obligatos,</strong></span> <span class='ocrx_word' id='word_1_487' title='bbox 1764 3618 1851 3668; x_wconf 90' lang='lat' dir='ltr'><strong>tali</strong></span> <span class='ocrx_word' id='word_1_488' title='bbox 1897 3618 2042 3686; x_wconf 71' lang='lat' dir='ltr'><strong>rrbje-</strong></span> 
     </span>
    </p>
   </div>
   <div class='ocr_carea' id='block_1_65' title="bbox 472 3698 2039 3766">
    <p class='ocr_par' dir='ltr' id='par_1_65' title="bbox 472 3698 2039 3766">
     <span class='ocr_line' id='line_1_65' title="bbox 472 3698 2039 3766; baseline 0.011 -20"><span class='ocrx_word' id='word_1_489' title='bbox 472 3698 663 3747; x_wconf 85' lang='lat' dir='ltr'><strong>rtonis</strong></span> <span class='ocrx_word' id='word_1_490' title='bbox 717 3698 1023 3766; x_wconf 58' lang='lat' dir='ltr'><strong>syllr-gismo</strong></span> <span class='ocrx_word' id='word_1_491' title='bbox 1084 3699 1362 3754; x_wconf 86' lang='lat' dir='ltr'><strong>utens:Si</strong></span> <span class='ocrx_word' id='word_1_492' title='bbox 1414 3701 1579 3755; x_wconf 82' lang='lat' dir='ltr'><strong>Filius</strong></span> <span class='ocrx_word' id='word_1_493' title='bbox 1637 3703 1725 3757; x_wconf 86' lang='lat' dir='ltr'><strong>Dei</strong></span> <span class='ocrx_word' id='word_1_494' title='bbox 1779 3718 1931 3761; x_wconf 89' lang='lat' dir='ltr'><strong>natus</strong></span> <span class='ocrx_word' id='word_1_495' title='bbox 1978 3724 2039 3763; x_wconf 72' lang='lat' dir='ltr'><strong>es</strong></span> 
     </span>
    </p>
   </div>
   <div class='ocr_carea' id='block_1_66' title="bbox 479 3787 2043 3859">
    <p class='ocr_par' dir='ltr' id='par_1_66' title="bbox 479 3787 2043 3859">
     <span class='ocr_line' id='line_1_66' title="bbox 479 3787 2043 3859; baseline 0.008 -21"><span class='ocrx_word' id='word_1_496' title='bbox 479 3787 692 3839; x_wconf 87' lang='lat' dir='ltr'><strong>homine</strong></span> <span class='ocrx_word' id='word_1_497' title='bbox 725 3797 913 3849; x_wconf 85' lang='lat' dir='ltr'><strong>matre,</strong></span> <span class='ocrx_word' id='word_1_498' title='bbox 947 3789 1070 3839; x_wconf 85' lang='lat' dir='ltr'><strong>nihil</strong></span> <span class='ocrx_word' id='word_1_499' title='bbox 1095 3805 1160 3843; x_wconf 82' lang='lat' dir='ltr'><strong>ex</strong></span> <span class='ocrx_word' id='word_1_500' title='bbox 1182 3804 1239 3842; x_wconf 82' lang='lat' dir='ltr'><strong>ea</strong></span> <span class='ocrx_word' id='word_1_501' title='bbox 1265 3789 1446 3844; x_wconf 86' lang='lat' dir='ltr'><strong>habuit</strong></span> <span class='ocrx_word' id='word_1_502' title='bbox 1471 3792 1609 3859; x_wconf 91' lang='lat' dir='ltr'><strong>quod</strong></span> <span class='ocrx_word' id='word_1_503' title='bbox 1639 3792 1881 3848; x_wconf 65' lang='lat' dir='ltr'><strong>humana:</strong></span> <span class='ocrx_word' id='word_1_504' title='bbox 1904 3811 2043 3852; x_wconf 88' lang='lat' dir='ltr'><strong>esset</strong></span> 
     </span>
    </p>
   </div>
   <div class='ocr_carea' id='block_1_67' title="bbox 478 3874 2042 3945">
    <p class='ocr_par' dir='ltr' id='par_1_67' title="bbox 478 3874 2042 3945">
     <span class='ocr_line' id='line_1_67' title="bbox 478 3874 2042 3945; baseline 0.007 -17"><span class='ocrx_word' id='word_1_505' title='bbox 478 3887 711 3939; x_wconf 68' lang='lat' dir='ltr'><strong>naturae;</strong></span> <span class='ocrx_word' id='word_1_506' title='bbox 744 3876 861 3929; x_wconf 73' lang='lat' dir='ltr'><strong>sine</strong></span> <span class='ocrx_word' id='word_1_507' title='bbox 892 3874 1071 3936; x_wconf 90' lang='lat' dir='ltr'><strong>dubio,</strong></span> <span class='ocrx_word' id='word_1_508' title='bbox 1106 3887 1341 3932; x_wconf 79' lang='lat' dir='ltr'><strong>natusex</strong></span> <span class='ocrx_word' id='word_1_509' title='bbox 1376 3880 1551 3945; x_wconf 83' lang='lat' dir='ltr'><strong>Patre,</strong></span> <span class='ocrx_word' id='word_1_510' title='bbox 1590 3883 1718 3935; x_wconf 88' lang='lat' dir='ltr'><strong>nihil</strong></span> <span class='ocrx_word' id='word_1_511' title='bbox 1760 3899 1822 3935; x_wconf 83' lang='lat' dir='ltr'><strong>ex</strong></span> <span class='ocrx_word' id='word_1_512' title='bbox 1858 3900 1921 3937; x_wconf 91' lang='lat' dir='ltr'><strong>eo</strong></span> <span class='ocrx_word' id='word_1_513' title='bbox 1956 3888 2042 3939; x_wconf 76' lang='lat' dir='ltr'><strong>Ira-</strong></span> 
     </span>
    </p>
   </div>
   <div class='ocr_carea' id='block_1_68' title="bbox 478 3964 2041 4039">
    <p class='ocr_par' dir='ltr' id='par_1_68' title="bbox 478 3964 2041 4039">
     <span class='ocr_line' id='line_1_68' title="bbox 478 3964 2041 4039; baseline 0.008 -22"><span class='ocrx_word' id='word_1_514' title='bbox 478 3966 594 4017; x_wconf 90' lang='lat' dir='ltr'><strong>buit</strong></span> <span class='ocrx_word' id='word_1_515' title='bbox 616 3965 753 4031; x_wconf 82' lang='lat' dir='ltr'><strong>quod</strong></span> <span class='ocrx_word' id='word_1_516' title='bbox 786 3964 1018 4031; x_wconf 68' lang='lat' dir='ltr'><strong>ejusdem</strong></span> <span class='ocrx_word' id='word_1_517' title='bbox 1051 3968 1218 4034; x_wconf 88' lang='lat' dir='ltr'><strong>possit</strong></span> <span class='ocrx_word' id='word_1_518' title='bbox 1244 3982 1360 4021; x_wconf 90' lang='lat' dir='ltr'><strong>esse</strong></span> <span class='ocrx_word' id='word_1_519' title='bbox 1388 3977 1607 4023; x_wconf 67' lang='lat' dir='ltr'><strong>naturae.</strong></span> <span class='ocrx_word' id='word_1_520' title='bbox 1636 3973 1767 4036; x_wconf 83' lang='lat' dir='ltr'><strong>Quia</strong></span> <span class='ocrx_word' id='word_1_521' title='bbox 1804 3973 1848 4025; x_wconf 89' lang='lat' dir='ltr'><strong>si</strong></span> <span class='ocrx_word' id='word_1_522' title='bbox 1897 3990 2041 4039; x_wconf 70' lang='lat' dir='ltr'><strong>rere,</strong></span> 
     </span>
    </p>
   </div>
   <div class='ocr_carea' id='block_1_69' title="bbox 476 4056 2046 4130">
    <p class='ocr_par' dir='ltr' id='par_1_69' title="bbox 476 4056 2046 4130">
     <span class='ocr_line' id='line_1_69' title="bbox 476 4056 2046 4130; baseline 0.006 -21"><span class='ocrx_word' id='word_1_523' title='bbox 476 4056 668 4125; x_wconf 84' lang='lat' dir='ltr'><strong>inquit,</strong></span> <span class='ocrx_word' id='word_1_524' title='bbox 698 4057 937 4109; x_wconf 72' lang='lat' dir='ltr'><strong>asseritis</strong></span> <span class='ocrx_word' id='word_1_525' title='bbox 984 4056 1172 4109; x_wconf 74' lang='lat' dir='ltr'><strong>Filium</strong></span> <span class='ocrx_word' id='word_1_526' title='bbox 1207 4067 1383 4111; x_wconf 87' lang='lat' dir='ltr'><strong>natum</strong></span> <span class='ocrx_word' id='word_1_527' title='bbox 1421 4060 1487 4113; x_wconf 86' lang='lat' dir='ltr'><strong>de</strong></span> <span class='ocrx_word' id='word_1_528' title='bbox 1535 4061 1762 4130; x_wconf 78' lang='lat' dir='ltr'><strong>Virg&#39;he,</strong></span> <span class='ocrx_word' id='word_1_529' title='bbox 1807 4080 1836 4116; x_wconf 87' lang='lat' dir='ltr'><strong>tr</strong></span> <span class='ocrx_word' id='word_1_530' title='bbox 1879 4075 2046 4119; x_wconf 82' lang='lat' dir='ltr'><strong>tutam</strong></span> 
     </span>
    </p>
   </div>
   <div class='ocr_carea' id='block_1_70' title="bbox 482 4146 2044 4215">
    <p class='ocr_par' dir='ltr' id='par_1_70' title="bbox 482 4146 2044 4215">
     <span class='ocr_line' id='line_1_70' title="bbox 482 4146 2044 4215; baseline 0.008 -16"><span class='ocrx_word' id='word_1_531' title='bbox 482 4148 706 4201; x_wconf 88' lang='lat' dir='ltr'><strong>materni</strong></span> <span class='ocrx_word' id='word_1_532' title='bbox 752 4146 991 4215; x_wconf 85' lang='lat' dir='ltr'><strong>corporis</strong></span> <span class='ocrx_word' id='word_1_533' title='bbox 1037 4162 1138 4199; x_wconf 89' lang='lat' dir='ltr'><strong>non</strong></span> <span class='ocrx_word' id='word_1_534' title='bbox 1183 4147 1452 4215; x_wconf 89' lang='lat' dir='ltr'><strong>habuisse,</strong></span> <span class='ocrx_word' id='word_1_535' title='bbox 1496 4154 1776 4208; x_wconf 80' lang='lat' dir='ltr'><strong>cmreedite</strong></span> <span class='ocrx_word' id='word_1_536' title='bbox 1820 4168 1874 4210; x_wconf 85' lang='lat' dir='ltr'><strong>et</strong></span> <span class='ocrx_word' id='word_1_537' title='bbox 1920 4160 2044 4211; x_wconf 89' lang='lat' dir='ltr'><strong>nrihi</strong></span> 
     </span>
    </p>
   </div>
   <div class='ocr_carea' id='block_1_71' title="bbox 482 4233 2049 4302">
    <p class='ocr_par' dir='ltr' id='par_1_71' title="bbox 482 4233 2049 4302">
     <span class='ocr_line' id='line_1_71' title="bbox 482 4233 2049 4302; baseline 0.01 -17"><span class='ocrx_word' id='word_1_538' title='bbox 482 4238 593 4301; x_wconf 88' lang='lat' dir='ltr'><strong>pari</strong></span> <span class='ocrx_word' id='word_1_539' title='bbox 634 4233 939 4288; x_wconf 86' lang='lat' dir='ltr'><strong>conditione</strong></span> <span class='ocrx_word' id='word_1_540' title='bbox 984 4234 1196 4301; x_wconf 77' lang='lat' dir='ltr'><strong>fatenti,</strong></span> <span class='ocrx_word' id='word_1_541' title='bbox 1246 4240 1490 4294; x_wconf 88' lang='lat' dir='ltr'><strong>eumdem</strong></span> <span class='ocrx_word' id='word_1_542' title='bbox 1528 4242 1717 4296; x_wconf 85' lang='lat' dir='ltr'><strong>Filium</strong></span> <span class='ocrx_word' id='word_1_543' title='bbox 1762 4257 1939 4299; x_wconf 72' lang='lat' dir='ltr'><strong>llnitlll)</strong></span> <span class='ocrx_word' id='word_1_544' title='bbox 1985 4250 2049 4302; x_wconf 88' lang='lat' dir='ltr'><strong>de</strong></span> 
     </span>
    </p>
   </div>
   <div class='ocr_carea' id='block_1_72' title="bbox 486 4323 1663 4398">
    <p class='ocr_par' dir='ltr' id='par_1_72' title="bbox 486 4323 1663 4398">
     <span class='ocr_line' id='line_1_72' title="bbox 486 4323 1663 4398; baseline 0.006 -21"><span class='ocrx_word' id='word_1_545' title='bbox 486 4326 640 4378; x_wconf 77' lang='lat' dir='ltr'><strong>Patre</strong></span> <span class='ocrx_word' id='word_1_546' title='bbox 673 4332 914 4376; x_wconf 87' lang='lat' dir='ltr'><strong>naturam</strong></span> <span class='ocrx_word' id='word_1_547' title='bbox 944 4323 1113 4377; x_wconf 81' lang='lat' dir='ltr'><strong>Patris</strong></span> <span class='ocrx_word' id='word_1_548' title='bbox 1136 4325 1331 4380; x_wconf 84' lang='lat' dir='ltr'><strong>habere</strong></span> <span class='ocrx_word' id='word_1_549' title='bbox 1357 4344 1459 4382; x_wconf 90' lang='lat' dir='ltr'><strong>non</strong></span> <span class='ocrx_word' id='word_1_550' title='bbox 1491 4344 1663 4398; x_wconf 82' lang='lat' dir='ltr'><strong>posse.</strong></span> 
     </span>
    </p>
   </div>
   <div class='ocr_carea' id='block_1_73' title="bbox 553 4413 2040 4484">
    <p class='ocr_par' dir='ltr' id='par_1_73' title="bbox 553 4413 2040 4484">
     <span class='ocr_line' id='line_1_73' title="bbox 553 4413 2040 4484; baseline 0.007 -19"><span class='ocrx_word' id='word_1_551' title='bbox 553 4416 690 4479; x_wconf 84' lang='lat' dir='ltr'><strong>Quid</strong></span> <span class='ocrx_word' id='word_1_552' title='bbox 716 4415 895 4481; x_wconf 88' lang='lat' dir='ltr'><strong>igitur,</strong></span> <span class='ocrx_word' id='word_1_553' title='bbox 927 4429 957 4464; x_wconf 93' lang='lat' dir='ltr'><strong>o</strong></span> <span class='ocrx_word' id='word_1_554' title='bbox 985 4413 1416 4484; x_wconf 67' lang='lat' dir='ltr'><strong>Eutychianistie,</strong></span> <span class='ocrx_word' id='word_1_555' title='bbox 1444 4418 1751 4473; x_wconf 75' lang='lat' dir='ltr'><strong>submittitis</strong></span> <span class='ocrx_word' id='word_1_556' title='bbox 1786 4434 1887 4475; x_wconf 86' lang='lat' dir='ltr'><strong>tam</strong></span> <span class='ocrx_word' id='word_1_557' title='bbox 1917 4427 2040 4477; x_wconf 84' lang='lat' dir='ltr'><strong>vali-</strong></span> 
     </span>
    </p>
   </div>
   <div class='ocr_carea' id='block_1_74' title="bbox 487 4502 2046 4571">
    <p class='ocr_par' dir='ltr' id='par_1_74' title="bbox 487 4502 2046 4571">
     <span class='ocr_line' id='line_1_74' title="bbox 487 4502 2046 4571; baseline 0.005 -13"><span class='ocrx_word' id='word_1_558' title='bbox 487 4507 567 4559; x_wconf 85' lang='lat' dir='ltr'><strong>dis</strong></span> <span class='ocrx_word' id='word_1_559' title='bbox 606 4505 990 4571; x_wconf 65' lang='lat' dir='ltr'><strong>objectionibus</strong></span> <span class='ocrx_word' id='word_1_560' title='bbox 1042 4502 1275 4571; x_wconf 73' lang='lat' dir='ltr'><strong>perﬁdia:</strong></span> <span class='ocrx_word' id='word_1_561' title='bbox 1331 4505 1499 4571; x_wconf 89' lang='lat' dir='ltr'><strong>colla;</strong></span> <span class='ocrx_word' id='word_1_562' title='bbox 1544 4517 1597 4562; x_wconf 91' lang='lat' dir='ltr'><strong>et</strong></span> <span class='ocrx_word' id='word_1_563' title='bbox 1650 4507 1717 4561; x_wconf 85' lang='lat' dir='ltr'><strong>de</strong></span> <span class='ocrx_word' id='word_1_564' title='bbox 1770 4512 2046 4566; x_wconf 74' lang='lat' dir='ltr'><strong>lllcttdat‘iu</strong></span> 
     </span>
    </p>
   </div>
   <div class='ocr_carea' id='block_1_75' title="bbox 490 4588 2049 4655">
    <p class='ocr_par' dir='ltr' id='par_1_75' title="bbox 490 4588 2049 4655">
     <span class='ocr_line' id='line_1_75' title="bbox 490 4588 2049 4655; baseline 0.006 -10"><span class='ocrx_word' id='word_1_565' title='bbox 490 4594 723 4647; x_wconf 86' lang='lat' dir='ltr'><strong>transitis</strong></span> <span class='ocrx_word' id='word_1_566' title='bbox 749 4593 811 4644; x_wconf 90' lang='lat' dir='ltr'><strong>ad</strong></span> <span class='ocrx_word' id='word_1_567' title='bbox 845 4588 1199 4655; x_wconf 80' lang='lat' dir='ltr'><strong>mendaCiurn,</strong></span> <span class='ocrx_word' id='word_1_568' title='bbox 1235 4601 1287 4645; x_wconf 90' lang='lat' dir='ltr'><strong>ut</strong></span> <span class='ocrx_word' id='word_1_569' title='bbox 1326 4592 1591 4650; x_wconf 82' lang='lat' dir='ltr'><strong>fateamini</strong></span> <span class='ocrx_word' id='word_1_570' title='bbox 1627 4597 1817 4651; x_wconf 86' lang='lat' dir='ltr'><strong>Filium</strong></span> <span class='ocrx_word' id='word_1_571' title='bbox 1856 4615 1917 4652; x_wconf 77' lang='lat' dir='ltr'><strong>ex</strong></span> <span class='ocrx_word' id='word_1_572' title='bbox 1955 4601 2049 4653; x_wconf 84' lang='lat' dir='ltr'><strong>Pa-</strong></span> 
     </span>
    </p>
   </div>
   <div class='ocr_carea' id='block_1_76' title="bbox 488 4686 2049 4755">
    <p class='ocr_par' dir='ltr' id='par_1_76' title="bbox 488 4686 2049 4755">
     <span class='ocr_line' id='line_1_76' title="bbox 488 4686 2049 4755; baseline 0.007 -16"><span class='ocrx_word' id='word_1_573' title='bbox 488 4701 567 4739; x_wconf 80' lang='lat' dir='ltr'><strong>tre</strong></span> <span class='ocrx_word' id='word_1_574' title='bbox 596 4687 850 4755; x_wconf 72' lang='lat' dir='ltr'><strong>genitum,</strong></span> <span class='ocrx_word' id='word_1_575' title='bbox 904 4695 1137 4754; x_wconf 73' lang='lat' dir='ltr'><strong>paternm</strong></span> <span class='ocrx_word' id='word_1_576' title='bbox 1176 4686 1463 4740; x_wconf 76' lang='lat' dir='ltr'><strong>divinitatis</strong></span> <span class='ocrx_word' id='word_1_577' title='bbox 1506 4686 1930 4748; x_wconf 43' lang='lat' dir='ltr'><strong>extorrem&#39;esse</strong></span> <span class='ocrx_word' id='word_1_578' title='bbox 1959 4712 2049 4749; x_wconf 82' lang='lat' dir='ltr'><strong>na-</strong></span> 
     </span>
    </p>
   </div>
   <div class='ocr_carea' id='block_1_77' title="bbox 490 4776 2051 4851">
    <p class='ocr_par' dir='ltr' id='par_1_77' title="bbox 490 4776 2051 4851">
     <span class='ocr_line' id='line_1_77' title="bbox 490 4776 2051 4851; baseline 0.005 -22"><span class='ocrx_word' id='word_1_579' title='bbox 490 4789 649 4839; x_wconf 63' lang='lat' dir='ltr'><strong>turai;</strong></span> <span class='ocrx_word' id='word_1_580' title='bbox 680 4776 815 4831; x_wconf 87' lang='lat' dir='ltr'><strong>sicut</strong></span> <span class='ocrx_word' id='word_1_581' title='bbox 842 4776 1073 4829; x_wconf 81' lang='lat' dir='ltr'><strong>fatemini</strong></span> <span class='ocrx_word' id='word_1_582' title='bbox 1098 4776 1340 4828; x_wconf 88' lang='lat' dir='ltr'><strong>errrndem</strong></span> <span class='ocrx_word' id='word_1_583' title='bbox 1375 4776 1565 4830; x_wconf 83' lang='lat' dir='ltr'><strong>Filium</strong></span> <span class='ocrx_word' id='word_1_584' title='bbox 1600 4780 1664 4834; x_wconf 86' lang='lat' dir='ltr'><strong>de</strong></span> <span class='ocrx_word' id='word_1_585' title='bbox 1696 4792 1860 4835; x_wconf 85' lang='lat' dir='ltr'><strong>matre</strong></span> <span class='ocrx_word' id='word_1_586' title='bbox 1906 4787 2051 4851; x_wconf 83' lang='lat' dir='ltr'><strong>gerri-</strong></span> 
     </span>
    </p>
   </div>
   <div class='ocr_carea' id='block_1_78' title="bbox 492 4864 2049 4931">
    <p class='ocr_par' dir='ltr' id='par_1_78' title="bbox 492 4864 2049 4931">
     <span class='ocr_line' id='line_1_78' title="bbox 492 4864 2049 4931; baseline 0.007 -16"><span class='ocrx_word' id='word_1_587' title='bbox 492 4878 621 4928; x_wconf 70' lang='lat' dir='ltr'><strong>tunr,</strong></span> <span class='ocrx_word' id='word_1_588' title='bbox 670 4866 913 4927; x_wconf 82' lang='lat' dir='ltr'><strong>materni,</strong></span> <span class='ocrx_word' id='word_1_589' title='bbox 946 4864 993 4916; x_wconf 90' lang='lat' dir='ltr'><strong>id</strong></span> <span class='ocrx_word' id='word_1_590' title='bbox 1026 4875 1105 4917; x_wconf 83' lang='lat' dir='ltr'><strong>est</strong></span> <span class='ocrx_word' id='word_1_591' title='bbox 1145 4864 1355 4917; x_wconf 86' lang='lat' dir='ltr'><strong>humani</strong></span> <span class='ocrx_word' id='word_1_592' title='bbox 1397 4868 1636 4931; x_wconf 83' lang='lat' dir='ltr'><strong>corporis</strong></span> <span class='ocrx_word' id='word_1_593' title='bbox 1679 4880 1917 4925; x_wconf 84' lang='lat' dir='ltr'><strong>naturam</strong></span> <span class='ocrx_word' id='word_1_594' title='bbox 1949 4889 2049 4925; x_wconf 88' lang='lat' dir='ltr'><strong>non</strong></span> 
     </span>
    </p>
   </div>
   <div class='ocr_carea' id='block_1_79' title="bbox 493 4957 2051 5032">
    <p class='ocr_par' dir='ltr' id='par_1_79' title="bbox 493 4957 2051 5032">
     <span class='ocr_line' id='line_1_79' title="bbox 493 4957 2051 5032; baseline 0.005 -23"><span class='ocrx_word' id='word_1_595' title='bbox 493 4957 781 5009; x_wconf 83' lang='lat' dir='ltr'><strong>lr:rlrrri.-sc?</strong></span> <span class='ocrx_word' id='word_1_596' title='bbox 809 4958 910 5008; x_wconf 73' lang='lat' dir='ltr'><strong>Cur</strong></span> <span class='ocrx_word' id='word_1_597' title='bbox 940 4972 1041 5008; x_wconf 82' lang='lat' dir='ltr'><strong>non</strong></span> <span class='ocrx_word' id='word_1_598' title='bbox 1071 4960 1235 5025; x_wconf 74' lang='lat' dir='ltr'><strong>magis</strong></span> <span class='ocrx_word' id='word_1_599' title='bbox 1257 4960 1297 5009; x_wconf 89' lang='lat' dir='ltr'><strong>si</strong></span> <span class='ocrx_word' id='word_1_600' title='bbox 1330 4958 1523 5023; x_wconf 79' lang='lat' dir='ltr'><strong>alqnid</strong></span> <span class='ocrx_word' id='word_1_601' title='bbox 1551 4961 1825 5025; x_wconf 69' lang='lat' dir='ltr'><strong>sapientia:</strong></span> <span class='ocrx_word' id='word_1_602' title='bbox 1849 4966 2051 5032; x_wconf 59' lang='lat' dir='ltr'><strong>geritis,</strong></span> 
     </span>
    </p>
   </div>
   <div class='ocr_carea' id='block_1_80' title="bbox 493 5044 2054 5115">
    <p class='ocr_par' dir='ltr' id='par_1_80' title="bbox 493 5044 2054 5115">
     <span class='ocr_line' id='line_1_80' title="bbox 493 5044 2054 5115; baseline 0.008 -22"><span class='ocrx_word' id='word_1_603' title='bbox 493 5047 559 5097; x_wconf 92' lang='lat' dir='ltr'><strong>de</strong></span> <span class='ocrx_word' id='word_1_604' title='bbox 592 5046 810 5096; x_wconf 62' lang='lat' dir='ltr'><strong>veritate</strong></span> <span class='ocrx_word' id='word_1_605' title='bbox 842 5044 1167 5097; x_wconf 76' lang='lat' dir='ltr'><strong>mendacium</strong></span> <span class='ocrx_word' id='word_1_606' title='bbox 1199 5046 1509 5109; x_wconf 88' lang='lat' dir='ltr'><strong>destruitis;</strong></span> <span class='ocrx_word' id='word_1_607' title='bbox 1540 5056 1614 5111; x_wconf 87' lang='lat' dir='ltr'><strong>ut,</strong></span> <span class='ocrx_word' id='word_1_608' title='bbox 1645 5050 1776 5102; x_wconf 84' lang='lat' dir='ltr'><strong>sicur</strong></span> <span class='ocrx_word' id='word_1_609' title='bbox 1816 5054 2054 5115; x_wconf 73' lang='lat' dir='ltr'><strong>creditis,</strong></span> 
     </span>
    </p>
   </div>
   <div class='ocr_carea' id='block_1_81' title="bbox 494 5132 2052 5207">
    <p class='ocr_par' dir='ltr' id='par_1_81' title="bbox 494 5132 2052 5207">
     <span class='ocr_line' id='line_1_81' title="bbox 494 5132 2052 5207; baseline 0.007 -24"><span class='ocrx_word' id='word_1_610' title='bbox 494 5143 547 5185; x_wconf 80' lang='lat' dir='ltr'><strong>et</strong></span> <span class='ocrx_word' id='word_1_611' title='bbox 572 5148 695 5185; x_wconf 82' lang='lat' dir='ltr'><strong>vere</strong></span> <span class='ocrx_word' id='word_1_612' title='bbox 726 5134 961 5197; x_wconf 75' lang='lat' dir='ltr'><strong>creditis,</strong></span> <span class='ocrx_word' id='word_1_613' title='bbox 984 5132 1246 5187; x_wconf 78' lang='lat' dir='ltr'><strong>Filiumex</strong></span> <span class='ocrx_word' id='word_1_614' title='bbox 1273 5134 1426 5187; x_wconf 86' lang='lat' dir='ltr'><strong>Patre</strong></span> <span class='ocrx_word' id='word_1_615' title='bbox 1453 5135 1566 5189; x_wconf 81' lang='lat' dir='ltr'><strong>sine</strong></span> <span class='ocrx_word' id='word_1_616' title='bbox 1592 5146 1827 5205; x_wconf 78' lang='lat' dir='ltr'><strong>tempore</strong></span> <span class='ocrx_word' id='word_1_617' title='bbox 1852 5152 2052 5207; x_wconf 88' lang='lat' dir='ltr'><strong>n-rtum,</strong></span> 
     </span>
    </p>
   </div>
   <div class='ocr_carea' id='block_1_82' title="bbox 498 5221 2059 5285">
    <p class='ocr_par' dir='ltr' id='par_1_82' title="bbox 498 5221 2059 5285">
     <span class='ocr_line' id='line_1_82' title="bbox 498 5221 2059 5285; baseline 0.006 -13"><span class='ocrx_word' id='word_1_618' title='bbox 498 5221 615 5273; x_wconf 81' lang='lat' dir='ltr'><strong>Patr</strong></span> <span class='ocrx_word' id='word_1_619' title='bbox 642 5238 665 5272; x_wconf 86' lang='lat' dir='ltr'><strong>s</strong></span> <span class='ocrx_word' id='word_1_620' title='bbox 696 5221 888 5273; x_wconf 82' lang='lat' dir='ltr'><strong>habere</strong></span> <span class='ocrx_word' id='word_1_621' title='bbox 919 5230 1153 5274; x_wconf 80' lang='lat' dir='ltr'><strong>naturam</strong></span> <span class='ocrx_word' id='word_1_622' title='bbox 1176 5262 1189 5285; x_wconf 91' lang='lat'><strong>,</strong></span> <span class='ocrx_word' id='word_1_623' title='bbox 1223 5222 1289 5275; x_wconf 88' lang='lat' dir='ltr'><strong>ita</strong></span> <span class='ocrx_word' id='word_1_624' title='bbox 1319 5222 1548 5277; x_wconf 86' lang='lat' dir='ltr'><strong>credatis</strong></span> <span class='ocrx_word' id='word_1_625' title='bbox 1578 5227 1823 5280; x_wconf 90' lang='lat' dir='ltr'><strong>eumdem</strong></span> <span class='ocrx_word' id='word_1_626' title='bbox 1851 5244 1913 5281; x_wconf 82' lang='lat' dir='ltr'><strong>ex</strong></span> <span class='ocrx_word' id='word_1_627' title='bbox 1948 5246 2059 5282; x_wconf 86' lang='lat' dir='ltr'><strong>nra-</strong></span> 
     </span>
    </p>
   </div>
   <div class='ocr_carea' id='block_1_83' title="bbox 498 5298 2059 5382">
    <p class='ocr_par' dir='ltr' id='par_1_83' title="bbox 498 5298 2059 5382">
     <span class='ocr_line' id='line_1_83' title="bbox 498 5298 2059 5382; baseline 0.007 -25"><span class='ocrx_word' id='word_1_628' title='bbox 498 5321 574 5361; x_wconf 90' lang='lat' dir='ltr'><strong>rre</strong></span> <span class='ocrx_word' id='word_1_629' title='bbox 599 5310 712 5361; x_wconf 88' lang='lat' dir='ltr'><strong>sine</strong></span> <span class='ocrx_word' id='word_1_630' title='bbox 742 5312 945 5363; x_wconf 80' lang='lat' dir='ltr'><strong>semine</strong></span> <span class='ocrx_word' id='word_1_631' title='bbox 974 5321 1171 5373; x_wconf 79' lang='lat' dir='ltr'><strong>Italum,</strong></span> <span class='ocrx_word' id='word_1_632' title='bbox 1204 5309 1416 5365; x_wconf 85' lang='lat' dir='ltr'><strong>humani</strong></span> <span class='ocrx_word' id='word_1_633' title='bbox 1448 5316 1687 5382; x_wconf 88' lang='lat' dir='ltr'><strong>corporis</strong></span> <span class='ocrx_word' id='word_1_634' title='bbox 1724 5298 1922 5371; x_wconf 83' lang='lat' dir='ltr'><strong>habere</strong></span> <span class='ocrx_word' id='word_1_635' title='bbox 1972 5332 2059 5369; x_wconf 89' lang='lat' dir='ltr'><strong>rra-</strong></span> 
     </span>
    </p>
   </div>
   <div class='ocr_carea' id='block_1_84' title="bbox 500 5400 709 5447">
    <p class='ocr_par' dir='ltr' id='par_1_84' title="bbox 500 5400 709 5447">
     <span class='ocr_line' id='line_1_84' title="bbox 500 5400 709 5447; baseline 0 -3"><span class='ocrx_word' id='word_1_636' title='bbox 500 5406 668 5447; x_wconf 84' lang='lat' dir='ltr'><strong>turam</strong></span> <span class='ocrx_word' id='word_1_637' title='bbox 688 5400 709 5444; x_wconf 65' lang='grc' dir='ltr'><em>Ἰ</em></span> 
     </span>
    </p>
   </div>
   <div class='ocr_carea' id='block_1_85' title="bbox 571 5484 2059 5566">
    <p class='ocr_par' dir='ltr' id='par_1_85' title="bbox 571 5484 2059 5566">
     <span class='ocr_line' id='line_1_85' title="bbox 571 5484 2059 5566; baseline 0.012 -32"><span class='ocrx_word' id='word_1_638' title='bbox 571 5484 656 5535; x_wconf 79' lang='lat' dir='ltr'><strong>ill.</strong></span> <span class='ocrx_word' id='word_1_639' title='bbox 678 5484 807 5547; x_wconf 79' lang='lat' dir='ltr'><strong>Quid</strong></span> <span class='ocrx_word' id='word_1_640' title='bbox 832 5486 967 5537; x_wconf 78' lang='lat' dir='ltr'><strong>enim</strong></span> <span class='ocrx_word' id='word_1_641' title='bbox 993 5487 1211 5551; x_wconf 61' lang='lat' dir='ltr'><strong>angelus</strong></span> <span class='ocrx_word' id='word_1_642' title='bbox 1238 5486 1298 5539; x_wconf 81' lang='lat' dir='ltr'><strong>ad</strong></span> <span class='ocrx_word' id='word_1_643' title='bbox 1333 5488 1543 5544; x_wconf 80' lang='lat' dir='ltr'><strong>Mariam</strong></span> <span class='ocrx_word' id='word_1_644' title='bbox 1567 5492 1771 5549; x_wconf 83' lang='lat' dir='ltr'><strong>locutus</strong></span> <span class='ocrx_word' id='word_1_645' title='bbox 1797 5498 1912 5551; x_wconf 87' lang='lat' dir='ltr'><strong>est?</strong></span> <span class='ocrx_word' id='word_1_646' title='bbox 1934 5498 2059 5566; x_wconf 80' lang='lat' dir='ltr'><strong>Spi-</strong></span> 
     </span>
    </p>
   </div>
   <div class='ocr_carea' id='block_1_86' title="bbox 506 5578 2064 5650">
    <p class='ocr_par' dir='ltr' id='par_1_86' title="bbox 506 5578 2064 5650">
     <span class='ocr_line' id='line_1_86' title="bbox 506 5578 2064 5650; baseline 0.014 -29"><span class='ocrx_word' id='word_1_647' title='bbox 506 5585 629 5623; x_wconf 72' lang='lat' dir='ltr'><strong>ritus</strong></span> <span class='ocrx_word' id='word_1_648' title='bbox 657 5584 874 5631; x_wconf 61' lang='lat' dir='ltr'><strong>sanctus.</strong></span> <span class='ocrx_word' id='word_1_649' title='bbox 911 5578 1093 5640; x_wconf 85' lang='lat' dir='ltr'><strong>inquit,</strong></span> <span class='ocrx_word' id='word_1_650' title='bbox 1120 5579 1424 5643; x_wconf 68' lang='lat' dir='ltr'><strong>supert&#39;ent’rt</strong></span> <span class='ocrx_word' id='word_1_651' title='bbox 1449 5580 1498 5633; x_wconf 84' lang='lat' dir='ltr'><strong>in</strong></span> <span class='ocrx_word' id='word_1_652' title='bbox 1533 5592 1595 5650; x_wconf 76' lang='lat' dir='ltr'><strong>te,</strong></span> <span class='ocrx_word' id='word_1_653' title='bbox 1635 5595 1679 5635; x_wconf 78' lang='lat' dir='ltr'><strong>et</strong></span> <span class='ocrx_word' id='word_1_654' title='bbox 1718 5586 1871 5641; x_wconf 85' lang='lat' dir='ltr'><strong>rirtas</strong></span> <span class='ocrx_word' id='word_1_655' title='bbox 1908 5589 2064 5643; x_wconf 79' lang='lat' dir='ltr'><strong>Altis-</strong></span> 
     </span>
    </p>
   </div>
   <div class='ocr_carea' id='block_1_87' title="bbox 2141 3066 3706 3138">
    <p class='ocr_par' dir='ltr' id='par_1_87' title="bbox 2141 3066 3706 3138">
     <span class='ocr_line' id='line_1_87' title="bbox 2141 3066 3706 3138; baseline 0.003 -21"><span class='ocrx_word' id='word_1_656' title='bbox 2141 3081 2285 3117; x_wconf 86' lang='lat' dir='ltr'><strong>mans</strong></span> <span class='ocrx_word' id='word_1_657' title='bbox 2307 3081 2387 3117; x_wconf 82' lang='lat' dir='ltr'><strong>me</strong></span> <span class='ocrx_word' id='word_1_658' title='bbox 2408 3082 2470 3118; x_wconf 76' lang='lat' dir='ltr'><strong>ea:</strong></span> <span class='ocrx_word' id='word_1_659' title='bbox 2492 3075 2633 3120; x_wconf 86' lang='lat' dir='ltr'><strong>utero</strong></span> <span class='ocrx_word' id='word_1_660' title='bbox 2660 3074 2853 3119; x_wconf 56' lang='lat' dir='ltr'><strong>Serl&#39;ﬂm</strong></span> <span class='ocrx_word' id='word_1_661' title='bbox 2879 3068 2971 3119; x_wconf 83' lang='lat' dir='ltr'><strong>sibi</strong></span> <span class='ocrx_word' id='word_1_662' title='bbox 3000 3066 3153 3137; x_wconf 85' lang='lat' dir='ltr'><strong>(Isai.</strong></span> <span class='ocrx_word' id='word_1_663' title='bbox 3178 3084 3320 3132; x_wconf 71' lang='lat' dir='ltr'><strong>sua,</strong></span> <span class='ocrx_word' id='word_1_664' title='bbox 3355 3068 3429 3138; x_wconf 83' lang='lat'><strong>5).</strong></span> <span class='ocrx_word' id='word_1_665' title='bbox 3456 3069 3582 3134; x_wconf 85' lang='lat' dir='ltr'><strong>Quid</strong></span> <span class='ocrx_word' id='word_1_666' title='bbox 3611 3068 3706 3122; x_wconf 87' lang='lat' dir='ltr'><strong>ita-</strong></span> 
     </span>
    </p>
   </div>
   <div class='ocr_carea' id='block_1_88' title="bbox 2143 3156 3705 3225">
    <p class='ocr_par' dir='ltr' id='par_1_88' title="bbox 2143 3156 3705 3225">
     <span class='ocr_line' id='line_1_88' title="bbox 2143 3156 3705 3225; baseline 0.002 -19"><span class='ocrx_word' id='word_1_667' title='bbox 2143 3170 2245 3222; x_wconf 83' lang='lat' dir='ltr'><strong>que</strong></span> <span class='ocrx_word' id='word_1_668' title='bbox 2292 3169 2356 3207; x_wconf 80' lang='lat' dir='ltr'><strong>ex</strong></span> <span class='ocrx_word' id='word_1_669' title='bbox 2409 3165 2561 3209; x_wconf 86' lang='lat' dir='ltr'><strong>utero</strong></span> <span class='ocrx_word' id='word_1_670' title='bbox 2604 3156 2887 3209; x_wconf 88' lang='lat' dir='ltr'><strong>formatum</strong></span> <span class='ocrx_word' id='word_1_671' title='bbox 2918 3158 3187 3225; x_wconf 60' lang='lat' dir='ltr'><strong>amipitis,</strong></span> <span class='ocrx_word' id='word_1_672' title='bbox 3222 3157 3474 3221; x_wconf 82' lang='lat' dir='ltr'><strong>Verbum,</strong></span> <span class='ocrx_word' id='word_1_673' title='bbox 3501 3174 3564 3211; x_wconf 88' lang='lat' dir='ltr'><strong>an</strong></span> <span class='ocrx_word' id='word_1_674' title='bbox 3593 3174 3705 3210; x_wconf 87' lang='lat' dir='ltr'><strong>car-</strong></span> 
     </span>
    </p>
   </div>
   <div class='ocr_carea' id='block_1_89' title="bbox 2142 3244 3705 3314">
    <p class='ocr_par' dir='ltr' id='par_1_89' title="bbox 2142 3244 3705 3314">
     <span class='ocr_line' id='line_1_89' title="bbox 2142 3244 3705 3314; baseline -0.001 -18"><span class='ocrx_word' id='word_1_675' title='bbox 2142 3245 2302 3297; x_wconf 81' lang='lat' dir='ltr'><strong>nem?</strong></span> <span class='ocrx_word' id='word_1_676' title='bbox 2334 3244 2390 3297; x_wconf 89' lang='lat' dir='ltr'><strong>Si</strong></span> <span class='ocrx_word' id='word_1_677' title='bbox 2424 3244 2673 3307; x_wconf 75' lang='lat' dir='ltr'><strong>Verbum,</strong></span> <span class='ocrx_word' id='word_1_678' title='bbox 2705 3260 2832 3314; x_wconf 86' lang='lat' dir='ltr'><strong>ergo</strong></span> <span class='ocrx_word' id='word_1_679' title='bbox 2862 3256 2949 3298; x_wconf 92' lang='lat' dir='ltr'><strong>aut</strong></span> <span class='ocrx_word' id='word_1_680' title='bbox 2973 3246 3197 3299; x_wconf 77' lang='lat' dir='ltr'><strong>informe</strong></span> <span class='ocrx_word' id='word_1_681' title='bbox 3238 3245 3353 3309; x_wconf 83' lang='lat' dir='ltr'><strong>fuit,</strong></span> <span class='ocrx_word' id='word_1_682' title='bbox 3383 3258 3470 3299; x_wconf 88' lang='lat' dir='ltr'><strong>aut</strong></span> <span class='ocrx_word' id='word_1_683' title='bbox 3506 3248 3705 3313; x_wconf 71' lang='lat' dir='ltr'><strong>penitus</strong></span> 
     </span>
    </p>
   </div>
   <div class='ocr_carea' id='block_1_90' title="bbox 2143 3333 3702 3400">
    <p class='ocr_par' dir='ltr' id='par_1_90' title="bbox 2143 3333 3702 3400">
     <span class='ocr_line' id='line_1_90' title="bbox 2143 3333 3702 3400; baseline 0 -15"><span class='ocrx_word' id='word_1_684' title='bbox 2143 3346 2250 3385; x_wconf 89' lang='lat' dir='ltr'><strong>non</strong></span> <span class='ocrx_word' id='word_1_685' title='bbox 2273 3333 2531 3397; x_wconf 79' lang='lat' dir='ltr'><strong>existens,</strong></span> <span class='ocrx_word' id='word_1_686' title='bbox 2568 3345 2622 3386; x_wconf 83' lang='lat' dir='ltr'><strong>trt</strong></span> <span class='ocrx_word' id='word_1_687' title='bbox 2652 3335 2895 3388; x_wconf 78' lang='lat' dir='ltr'><strong>formatio</strong></span> <span class='ocrx_word' id='word_1_688' title='bbox 2931 3336 3007 3400; x_wconf 89' lang='lat' dir='ltr'><strong>ei,</strong></span> <span class='ocrx_word' id='word_1_689' title='bbox 3053 3344 3141 3387; x_wconf 92' lang='lat' dir='ltr'><strong>aut</strong></span> <span class='ocrx_word' id='word_1_690' title='bbox 3166 3336 3452 3389; x_wconf 85' lang='lat' dir='ltr'><strong>essentiam</strong></span> <span class='ocrx_word' id='word_1_691' title='bbox 3482 3335 3702 3397; x_wconf 85' lang='lat' dir='ltr'><strong>dederit,</strong></span> 
     </span>
    </p>
   </div>
   <div class='ocr_carea' id='block_1_91' title="bbox 2140 3420 3701 3485">
    <p class='ocr_par' dir='ltr' id='par_1_91' title="bbox 2140 3420 3701 3485">
     <span class='ocr_line' id='line_1_91' title="bbox 2140 3420 3701 3485; baseline 0.003 -12"><span class='ocrx_word' id='word_1_692' title='bbox 2140 3430 2197 3473; x_wconf 87' lang='lat' dir='ltr'><strong>ut</strong></span> <span class='ocrx_word' id='word_1_693' title='bbox 2229 3420 2574 3485; x_wconf 58' lang='lat' dir='ltr'><strong>subsisteret;</strong></span> <span class='ocrx_word' id='word_1_694' title='bbox 2620 3431 2709 3474; x_wconf 91' lang='lat' dir='ltr'><strong>aut</strong></span> <span class='ocrx_word' id='word_1_695' title='bbox 2746 3438 2811 3476; x_wconf 79' lang='lat' dir='ltr'><strong>ex</strong></span> <span class='ocrx_word' id='word_1_696' title='bbox 2842 3422 3162 3477; x_wconf 87' lang='lat' dir='ltr'><strong>subsistente</strong></span> <span class='ocrx_word' id='word_1_697' title='bbox 3194 3422 3515 3478; x_wconf 85' lang='lat' dir='ltr'><strong>informitate</strong></span> <span class='ocrx_word' id='word_1_698' title='bbox 3543 3434 3701 3477; x_wconf 76' lang='lat' dir='ltr'><strong>mate~</strong></span> 
     </span>
    </p>
   </div>
   <div class='ocr_carea' id='block_1_92' title="bbox 2144 3509 3698 3581">
    <p class='ocr_par' dir='ltr' id='par_1_92' title="bbox 2144 3509 3698 3581">
     <span class='ocr_line' id='line_1_92' title="bbox 2144 3509 3698 3581; baseline 0.002 -19"><span class='ocrx_word' id='word_1_699' title='bbox 2144 3509 2258 3571; x_wconf 77' lang='lat' dir='ltr'><strong>riae,</strong></span> <span class='ocrx_word' id='word_1_700' title='bbox 2312 3510 2360 3562; x_wconf 86' lang='lat' dir='ltr'><strong>iri</strong></span> <span class='ocrx_word' id='word_1_701' title='bbox 2408 3511 2680 3565; x_wconf 89' lang='lat' dir='ltr'><strong>meliorem</strong></span> <span class='ocrx_word' id='word_1_702' title='bbox 2729 3523 2898 3565; x_wconf 91' lang='lat' dir='ltr'><strong>status</strong></span> <span class='ocrx_word' id='word_1_703' title='bbox 2934 3514 3239 3581; x_wconf 85' lang='lat' dir='ltr'><strong>qualitatem</strong></span> <span class='ocrx_word' id='word_1_704' title='bbox 3284 3515 3601 3581; x_wconf 79' lang='lat' dir='ltr'><strong>provexerit,</strong></span> <span class='ocrx_word' id='word_1_705' title='bbox 3648 3525 3698 3565; x_wconf 84' lang='lat' dir='ltr'><strong>ut</strong></span> 
     </span>
    </p>
   </div>
   <div class='ocr_carea' id='block_1_93' title="bbox 2144 3597 3703 3669">
    <p class='ocr_par' dir='ltr' id='par_1_93' title="bbox 2144 3597 3703 3669">
     <span class='ocr_line' id='line_1_93' title="bbox 2144 3597 3703 3669; baseline 0.001 -18"><span class='ocrx_word' id='word_1_706' title='bbox 2144 3597 2411 3666; x_wconf 66' lang='lat' dir='ltr'><strong>perfectus</strong></span> <span class='ocrx_word' id='word_1_707' title='bbox 2439 3610 2491 3652; x_wconf 89' lang='lat' dir='ltr'><strong>et</strong></span> <span class='ocrx_word' id='word_1_708' title='bbox 2523 3600 2726 3669; x_wconf 78' lang='lat' dir='ltr'><strong>integer</strong></span> <span class='ocrx_word' id='word_1_709' title='bbox 2755 3610 3055 3669; x_wconf 87' lang='lat' dir='ltr'><strong>appareret.</strong></span> <span class='ocrx_word' id='word_1_710' title='bbox 3080 3602 3229 3667; x_wconf 87' lang='lat' dir='ltr'><strong>Quod</strong></span> <span class='ocrx_word' id='word_1_711' title='bbox 3252 3603 3459 3669; x_wconf 84' lang='lat' dir='ltr'><strong>Opinari</strong></span> <span class='ocrx_word' id='word_1_712' title='bbox 3497 3618 3608 3657; x_wconf 82' lang='lat' dir='ltr'><strong>Cuttr</strong></span> <span class='ocrx_word' id='word_1_713' title='bbox 3639 3606 3703 3654; x_wconf 73' lang='lat' dir='ltr'><strong>sit</strong></span> 
     </span>
    </p>
   </div>
   <div class='ocr_carea' id='block_1_94' title="bbox 2144 3688 3700 3759">
    <p class='ocr_par' dir='ltr' id='par_1_94' title="bbox 2144 3688 3700 3759">
     <span class='ocr_line' id='line_1_94' title="bbox 2144 3688 3700 3759; baseline -0.001 -18"><span class='ocrx_word' id='word_1_714' title='bbox 2144 3688 2362 3755; x_wconf 86' lang='lat' dir='ltr'><strong>impium</strong></span> <span class='ocrx_word' id='word_1_715' title='bbox 2389 3698 2442 3742; x_wconf 91' lang='lat' dir='ltr'><strong>et</strong></span> <span class='ocrx_word' id='word_1_716' title='bbox 2462 3689 2796 3759; x_wconf 85' lang='lat' dir='ltr'><strong>sacrilegum,</strong></span> <span class='ocrx_word' id='word_1_717' title='bbox 2828 3690 2951 3743; x_wconf 90' lang='lat' dir='ltr'><strong>illud</strong></span> <span class='ocrx_word' id='word_1_718' title='bbox 2977 3690 3091 3744; x_wconf 89' lang='lat' dir='ltr'><strong>sine</strong></span> <span class='ocrx_word' id='word_1_719' title='bbox 3118 3690 3278 3744; x_wconf 88' lang='lat' dir='ltr'><strong>dubio</strong></span> <span class='ocrx_word' id='word_1_720' title='bbox 3298 3701 3480 3747; x_wconf 71' lang='lat' dir='ltr'><strong>restat.</strong></span> <span class='ocrx_word' id='word_1_721' title='bbox 3512 3702 3560 3743; x_wconf 93' lang='lat' dir='ltr'><strong>ut</strong></span> <span class='ocrx_word' id='word_1_722' title='bbox 3586 3706 3700 3744; x_wconf 84' lang='lat' dir='ltr'><strong>caro</strong></span> 
     </span>
    </p>
   </div>
   <div class='ocr_carea' id='block_1_95' title="bbox 2144 3782 3698 3853">
    <p class='ocr_par' dir='ltr' id='par_1_95' title="bbox 2144 3782 3698 3853">
     <span class='ocr_line' id='line_1_95' title="bbox 2144 3782 3698 3853; baseline 0 -18"><span class='ocrx_word' id='word_1_723' title='bbox 2144 3796 2208 3835; x_wconf 80' lang='lat' dir='ltr'><strong>ex</strong></span> <span class='ocrx_word' id='word_1_724' title='bbox 2246 3797 2469 3851; x_wconf 85' lang='lat' dir='ltr'><strong>corpore</strong></span> <span class='ocrx_word' id='word_1_725' title='bbox 2510 3782 2735 3837; x_wconf 80' lang='lat' dir='ltr'><strong>formata</strong></span> <span class='ocrx_word' id='word_1_726' title='bbox 2775 3786 2845 3839; x_wconf 90' lang='lat' dir='ltr'><strong>sit</strong></span> <span class='ocrx_word' id='word_1_727' title='bbox 2891 3786 3019 3839; x_wconf 90' lang='lat' dir='ltr'><strong>uteri</strong></span> <span class='ocrx_word' id='word_1_728' title='bbox 3072 3786 3378 3853; x_wconf 73' lang='lat' dir='ltr'><strong>virginalis:</strong></span> <span class='ocrx_word' id='word_1_729' title='bbox 3420 3790 3698 3840; x_wconf 84' lang='lat' dir='ltr'><strong>secundum</strong></span> 
     </span>
    </p>
   </div>
   <div class='ocr_carea' id='block_1_96' title="bbox 2146 3875 3699 3943">
    <p class='ocr_par' dir='ltr' id='par_1_96' title="bbox 2146 3875 3699 3943">
     <span class='ocr_line' id='line_1_96' title="bbox 2146 3875 3699 3943; baseline 0.001 -16"><span class='ocrx_word' id='word_1_730' title='bbox 2146 3886 2302 3941; x_wconf 87' lang='lat' dir='ltr'><strong>quam</strong></span> <span class='ocrx_word' id='word_1_731' title='bbox 2333 3883 2545 3941; x_wconf 84' lang='lat' dir='ltr'><strong>propter</strong></span> <span class='ocrx_word' id='word_1_732' title='bbox 2574 3875 2817 3929; x_wconf 86' lang='lat' dir='ltr'><strong>unierrem</strong></span> <span class='ocrx_word' id='word_1_733' title='bbox 2846 3890 3109 3943; x_wconf 58' lang='lat' dir='ltr'><strong>personas,</strong></span> <span class='ocrx_word' id='word_1_734' title='bbox 3144 3890 3262 3929; x_wconf 92' lang='lat' dir='ltr'><strong>cum</strong></span> <span class='ocrx_word' id='word_1_735' title='bbox 3297 3880 3365 3929; x_wconf 89' lang='lat' dir='ltr'><strong>sit</strong></span> <span class='ocrx_word' id='word_1_736' title='bbox 3398 3876 3535 3930; x_wconf 90' lang='lat' dir='ltr'><strong>Deus</strong></span> <span class='ocrx_word' id='word_1_737' title='bbox 3555 3918 3569 3939; x_wconf 92' lang='lat'><strong>,</strong></span> <span class='ocrx_word' id='word_1_738' title='bbox 3598 3890 3699 3935; x_wconf 64' lang='lat' dir='ltr'><strong>ser-</strong></span> 
     </span>
    </p>
   </div>
   <div class='ocr_carea' id='block_1_97' title="bbox 2148 3963 3698 4034">
    <p class='ocr_par' dir='ltr' id='par_1_97' title="bbox 2148 3963 3698 4034">
     <span class='ocr_line' id='line_1_97' title="bbox 2148 3963 3698 4034; baseline -0.001 -18"><span class='ocrx_word' id='word_1_739' title='bbox 2148 3979 2244 4017; x_wconf 89' lang='lat' dir='ltr'><strong>vus</strong></span> <span class='ocrx_word' id='word_1_740' title='bbox 2270 3963 2442 4018; x_wconf 77' lang='lat' dir='ltr'><strong>factus</strong></span> <span class='ocrx_word' id='word_1_741' title='bbox 2464 3973 2547 4019; x_wconf 88' lang='lat' dir='ltr'><strong>est</strong></span> <span class='ocrx_word' id='word_1_742' title='bbox 2568 3966 2761 4020; x_wconf 84' lang='lat' dir='ltr'><strong>Patris.</strong></span> <span class='ocrx_word' id='word_1_743' title='bbox 2794 3966 2947 4020; x_wconf 88' lang='lat' dir='ltr'><strong>Unde</strong></span> <span class='ocrx_word' id='word_1_744' title='bbox 2976 3966 3039 4018; x_wconf 90' lang='lat' dir='ltr'><strong>ad</strong></span> <span class='ocrx_word' id='word_1_745' title='bbox 3071 3982 3191 4020; x_wconf 89' lang='lat' dir='ltr'><strong>eum</strong></span> <span class='ocrx_word' id='word_1_746' title='bbox 3223 3966 3352 4019; x_wconf 87' lang='lat' dir='ltr'><strong>dicit</strong></span> <span class='ocrx_word' id='word_1_747' title='bbox 3383 3967 3435 4019; x_wconf 91' lang='lat' dir='ltr'><strong>in</strong></span> <span class='ocrx_word' id='word_1_748' title='bbox 3468 3966 3698 4034; x_wconf 65' lang='lat' dir='ltr'><strong>psalmo:</strong></span> 
     </span>
    </p>
   </div>
   <div class='ocr_carea' id='block_1_98' title="bbox 2152 4049 3699 4124">
    <p class='ocr_par' dir='ltr' id='par_1_98' title="bbox 2152 4049 3699 4124">
     <span class='ocr_line' id='line_1_98' title="bbox 2152 4049 3699 4124; baseline -0.001 -20"><span class='ocrx_word' id='word_1_749' title='bbox 2152 4054 2195 4104; x_wconf 85' lang='grc' dir='ltr'><em>υ</em></span> <span class='ocrx_word' id='word_1_750' title='bbox 2223 4049 2460 4115; x_wconf 85' lang='lat' dir='ltr'><strong>Domine,</strong></span> <span class='ocrx_word' id='word_1_751' title='bbox 2489 4070 2578 4123; x_wconf 86' lang='lat' dir='ltr'><strong>ego</strong></span> <span class='ocrx_word' id='word_1_752' title='bbox 2608 4070 2779 4108; x_wconf 85' lang='lat' dir='ltr'><strong>servus</strong></span> <span class='ocrx_word' id='word_1_753' title='bbox 2801 4066 2915 4107; x_wconf 84' lang='lat' dir='ltr'><strong>tuus</strong></span> <span class='ocrx_word' id='word_1_754' title='bbox 2945 4064 2989 4107; x_wconf 89' lang='lat' dir='ltr'><strong>et</strong></span> <span class='ocrx_word' id='word_1_755' title='bbox 3014 4055 3153 4121; x_wconf 79' lang='lat' dir='ltr'><strong>ﬁlius</strong></span> <span class='ocrx_word' id='word_1_756' title='bbox 3180 4055 3382 4108; x_wconf 68' lang='lat' dir='ltr'><strong>ancills:</strong></span> <span class='ocrx_word' id='word_1_757' title='bbox 3414 4066 3513 4108; x_wconf 71' lang='lat' dir='ltr'><strong>tua:</strong></span> <span class='ocrx_word' id='word_1_758' title='bbox 3544 4054 3699 4124; x_wconf 68' lang='lat' dir='ltr'><strong>(Paul.</strong></span> 
     </span>
    </p>
   </div>
   <div class='ocr_carea' id='block_1_99' title="bbox 2149 4144 3702 4211">
    <p class='ocr_par' dir='ltr' id='par_1_99' title="bbox 2149 4144 3702 4211">
     <span class='ocr_line' id='line_1_99' title="bbox 2149 4144 3702 4211; baseline -0.001 -15"><span class='ocrx_word' id='word_1_759' title='bbox 2149 4158 2270 4209; x_wconf 77' lang='lat' dir='ltr'><strong>cxv,</strong></span> <span class='ocrx_word' id='word_1_760' title='bbox 2314 4144 2425 4211; x_wconf 80' lang='grc'><strong>16).</strong></span> <span class='ocrx_word' id='word_1_761' title='bbox 2470 4144 2534 4197; x_wconf 77' lang='lat' dir='ltr'><strong>Et</strong></span> <span class='ocrx_word' id='word_1_762' title='bbox 2581 4145 2771 4197; x_wconf 85' lang='lat' dir='ltr'><strong>iterum</strong></span> <span class='ocrx_word' id='word_1_763' title='bbox 2798 4161 2813 4195; x_wconf 89' lang='lat'>:</span> <span class='ocrx_word' id='word_1_764' title='bbox 2840 4144 2912 4197; x_wconf 91' lang='lat' dir='ltr'><strong>De</strong></span> <span class='ocrx_word' id='word_1_765' title='bbox 2954 4154 3123 4197; x_wconf 81' lang='lat' dir='ltr'><strong>ventre</strong></span> <span class='ocrx_word' id='word_1_766' title='bbox 3162 4146 3336 4199; x_wconf 88' lang='lat' dir='ltr'><strong>nratris</strong></span> <span class='ocrx_word' id='word_1_767' title='bbox 3387 4162 3529 4211; x_wconf 76' lang='lat' dir='ltr'><strong>metr,</strong></span> <span class='ocrx_word' id='word_1_768' title='bbox 3580 4144 3702 4196; x_wconf 78' lang='lat' dir='ltr'><strong>Deus</strong></span> 
     </span>
    </p>
   </div>
   <div class='ocr_carea' id='block_1_100' title="bbox 2152 4231 3704 4302">
    <p class='ocr_par' dir='ltr' id='par_1_100' title="bbox 2152 4231 3704 4302">
     <span class='ocr_line' id='line_1_100' title="bbox 2152 4231 3704 4302; baseline 0.001 -19"><span class='ocrx_word' id='word_1_769' title='bbox 2152 4248 2291 4285; x_wconf 85' lang='lat' dir='ltr'><strong>meus</strong></span> <span class='ocrx_word' id='word_1_770' title='bbox 2323 4248 2371 4284; x_wconf 84' lang='lat' dir='ltr'><strong>es</strong></span> <span class='ocrx_word' id='word_1_771' title='bbox 2403 4242 2455 4283; x_wconf 85' lang='lat' dir='ltr'><strong>tu</strong></span> <span class='ocrx_word' id='word_1_772' title='bbox 2478 4231 2647 4301; x_wconf 78' lang='lat' dir='ltr'><strong>(Psal.</strong></span> <span class='ocrx_word' id='word_1_773' title='bbox 2683 4250 2790 4295; x_wconf 75' lang='lat' dir='ltr'><strong>xxi,</strong></span> <span class='ocrx_word' id='word_1_774' title='bbox 2820 4233 2925 4302; x_wconf 84' lang='grc' dir='ltr'><strong>Η).</strong></span> <span class='ocrx_word' id='word_1_775' title='bbox 2966 4234 3066 4299; x_wconf 86' lang='lat' dir='ltr'><strong>Qui</strong></span> <span class='ocrx_word' id='word_1_776' title='bbox 3114 4236 3158 4287; x_wconf 88' lang='lat' dir='ltr'><strong>si</strong></span> <span class='ocrx_word' id='word_1_777' title='bbox 3211 4236 3279 4288; x_wconf 88' lang='lat' dir='ltr'><strong>de</strong></span> <span class='ocrx_word' id='word_1_778' title='bbox 3319 4245 3503 4288; x_wconf 87' lang='lat' dir='ltr'><strong>ventre</strong></span> <span class='ocrx_word' id='word_1_779' title='bbox 3533 4236 3704 4287; x_wconf 78' lang='lat' dir='ltr'><strong>matris</strong></span> 
     </span>
    </p>
   </div>
   <div class='ocr_carea' id='block_1_101' title="bbox 2153 4322 3701 4392">
    <p class='ocr_par' dir='ltr' id='par_1_101' title="bbox 2153 4322 3701 4392">
     <span class='ocr_line' id='line_1_101' title="bbox 2153 4322 3701 4392; baseline -0.001 -17"><span class='ocrx_word' id='word_1_780' title='bbox 2153 4322 2362 4376; x_wconf 61' lang='lat' dir='ltr'><strong>ancillae</strong></span> <span class='ocrx_word' id='word_1_781' title='bbox 2387 4323 2514 4375; x_wconf 91' lang='lat' dir='ltr'><strong>rrilril</strong></span> <span class='ocrx_word' id='word_1_782' title='bbox 2548 4326 2829 4391; x_wconf 80' lang='lat' dir='ltr'><strong>acciperet,</strong></span> <span class='ocrx_word' id='word_1_783' title='bbox 2861 4339 2965 4375; x_wconf 90' lang='lat' dir='ltr'><strong>non</strong></span> <span class='ocrx_word' id='word_1_784' title='bbox 2992 4338 3111 4377; x_wconf 89' lang='lat' dir='ltr'><strong>eum</strong></span> <span class='ocrx_word' id='word_1_785' title='bbox 3145 4324 3279 4377; x_wconf 84' lang='lat' dir='ltr'><strong>intra</strong></span> <span class='ocrx_word' id='word_1_786' title='bbox 3319 4324 3494 4379; x_wconf 88' lang='lat' dir='ltr'><strong>famuli</strong></span> <span class='ocrx_word' id='word_1_787' title='bbox 3537 4327 3701 4392; x_wconf 77' lang='lat' dir='ltr'><strong>appel-</strong></span> 
     </span>
    </p>
   </div>
   <div class='ocr_carea' id='block_1_102' title="bbox 2156 4411 3437 4470">
    <p class='ocr_par' dir='ltr' id='par_1_102' title="bbox 2156 4411 3437 4470">
     <span class='ocr_line' id='line_1_102' title="bbox 2156 4411 3437 4470; baseline 0.005 -6"><span class='ocrx_word' id='word_1_788' title='bbox 2156 4412 2406 4464; x_wconf 85' lang='lat' dir='ltr'><strong>lationem</strong></span> <span class='ocrx_word' id='word_1_789' title='bbox 2436 4411 2643 4465; x_wconf 82' lang='lat' dir='ltr'><strong>servilis</strong></span> <span class='ocrx_word' id='word_1_790' title='bbox 2672 4423 2872 4465; x_wconf 79' lang='lat' dir='ltr'><strong>natura:</strong></span> <span class='ocrx_word' id='word_1_791' title='bbox 2898 4412 3132 4466; x_wconf 86' lang='lat' dir='ltr'><strong>conditio</strong></span> <span class='ocrx_word' id='word_1_792' title='bbox 3154 4414 3437 4470; x_wconf 83' lang='lat' dir='ltr'><strong>detineret.</strong></span> 
     </span>
    </p>
   </div>
   <div class='ocr_carea' id='block_1_103' title="bbox 2228 4501 3704 4574">
    <p class='ocr_par' dir='ltr' id='par_1_103' title="bbox 2228 4501 3704 4574">
     <span class='ocr_line' id='line_1_103' title="bbox 2228 4501 3704 4574; baseline 0.001 -20"><span class='ocrx_word' id='word_1_793' title='bbox 2228 4501 2313 4554; x_wconf 83' lang='grc' dir='ltr'><strong>ιν.</strong></span> <span class='ocrx_word' id='word_1_794' title='bbox 2365 4501 2469 4555; x_wconf 87' lang='lat' dir='ltr'><strong>Sed</strong></span> <span class='ocrx_word' id='word_1_795' title='bbox 2511 4503 2617 4569; x_wconf 86' lang='lat' dir='ltr'><strong>jam</strong></span> <span class='ocrx_word' id='word_1_796' title='bbox 2662 4503 2935 4556; x_wconf 87' lang='lat' dir='ltr'><strong>videamus</strong></span> <span class='ocrx_word' id='word_1_797' title='bbox 2982 4505 3171 4572; x_wconf 88' lang='lat' dir='ltr'><strong>quibus</strong></span> <span class='ocrx_word' id='word_1_798' title='bbox 3210 4506 3484 4572; x_wconf 86' lang='lat' dir='ltr'><strong>prophetia</strong></span> <span class='ocrx_word' id='word_1_799' title='bbox 3538 4505 3704 4574; x_wconf 83' lang='lat' dir='ltr'><strong>ﬁguris</strong></span> 
     </span>
    </p>
   </div>
   <div class='ocr_carea' id='block_1_104' title="bbox 2159 4595 3702 4665">
    <p class='ocr_par' dir='ltr' id='par_1_104' title="bbox 2159 4595 3702 4665">
     <span class='ocr_line' id='line_1_104' title="bbox 2159 4595 3702 4665; baseline 0.005 -20"><span class='ocrx_word' id='word_1_800' title='bbox 2159 4603 2359 4659; x_wconf 89' lang='lat' dir='ltr'><strong>utatur,</strong></span> <span class='ocrx_word' id='word_1_801' title='bbox 2381 4602 2432 4645; x_wconf 92' lang='lat' dir='ltr'><strong>ut</strong></span> <span class='ocrx_word' id='word_1_802' title='bbox 2456 4595 2699 4647; x_wconf 88' lang='lat' dir='ltr'><strong>ostendat</strong></span> <span class='ocrx_word' id='word_1_803' title='bbox 2727 4609 2849 4649; x_wconf 84' lang='lat' dir='ltr'><strong>eum</strong></span> <span class='ocrx_word' id='word_1_804' title='bbox 2874 4611 2938 4649; x_wconf 78' lang='lat' dir='ltr'><strong>ex</strong></span> <span class='ocrx_word' id='word_1_805' title='bbox 2963 4598 3184 4651; x_wconf 85' lang='lat' dir='ltr'><strong>materni</strong></span> <span class='ocrx_word' id='word_1_806' title='bbox 3208 4599 3445 4665; x_wconf 80' lang='lat' dir='ltr'><strong>corporis</strong></span> <span class='ocrx_word' id='word_1_807' title='bbox 3472 4604 3702 4652; x_wconf 73' lang='lat' dir='ltr'><strong>veritate.</strong></span> 
     </span>
    </p>
   </div>
   <div class='ocr_carea' id='block_1_105' title="bbox 2160 4686 3701 4757">
    <p class='ocr_par' dir='ltr' id='par_1_105' title="bbox 2160 4686 3701 4757">
     <span class='ocr_line' id='line_1_105' title="bbox 2160 4686 3701 4757; baseline 0.004 -23"><span class='ocrx_word' id='word_1_808' title='bbox 2160 4697 2337 4735; x_wconf 84' lang='lat' dir='ltr'><strong>veram</strong></span> <span class='ocrx_word' id='word_1_809' title='bbox 2358 4688 2535 4738; x_wconf 88' lang='lat' dir='ltr'><strong>carnis</strong></span> <span class='ocrx_word' id='word_1_810' title='bbox 2560 4689 2912 4752; x_wconf 79' lang='lat' dir='ltr'><strong>assumpsisse</strong></span> <span class='ocrx_word' id='word_1_811' title='bbox 2939 4698 3200 4740; x_wconf 81' lang='lat' dir='ltr'><strong>naturam.</strong></span> <span class='ocrx_word' id='word_1_812' title='bbox 3221 4686 3356 4743; x_wconf 89' lang='lat' dir='ltr'><strong>Dicit</strong></span> <span class='ocrx_word' id='word_1_813' title='bbox 3376 4702 3502 4757; x_wconf 81' lang='lat' dir='ltr'><strong>ergo</strong></span> <span class='ocrx_word' id='word_1_814' title='bbox 3521 4688 3670 4743; x_wconf 80' lang='lat' dir='ltr'><strong>Isaias</strong></span> <span class='ocrx_word' id='word_1_815' title='bbox 3692 4705 3701 4735; x_wconf 82' lang='lat'><strong>2</strong></span> 
     </span>
    </p>
   </div>
   <div class='ocr_carea' id='block_1_106' title="bbox 2162 4773 3704 4848">
    <p class='ocr_par' dir='ltr' id='par_1_106' title="bbox 2162 4773 3704 4848">
     <span class='ocr_line' id='line_1_106' title="bbox 2162 4773 3704 4848; baseline 0.001 -20"><span class='ocrx_word' id='word_1_816' title='bbox 2162 4773 2463 4842; x_wconf 65' lang='lat' dir='ltr'><strong>Egrr&#39;dictur</strong></span> <span class='ocrx_word' id='word_1_817' title='bbox 2494 4778 2632 4846; x_wconf 72' lang='lat' dir='ltr'><strong>virga</strong></span> <span class='ocrx_word' id='word_1_818' title='bbox 2675 4779 2737 4829; x_wconf 75' lang='lat' dir='ltr'><strong>de</strong></span> <span class='ocrx_word' id='word_1_819' title='bbox 2776 4779 2945 4831; x_wconf 82' lang='lat' dir='ltr'><strong>radice</strong></span> <span class='ocrx_word' id='word_1_820' title='bbox 2982 4778 3145 4844; x_wconf 78' lang='lat' dir='ltr'><strong>Jcsse,</strong></span> <span class='ocrx_word' id='word_1_821' title='bbox 3178 4789 3223 4833; x_wconf 84' lang='lat' dir='ltr'><strong>et</strong></span> <span class='ocrx_word' id='word_1_822' title='bbox 3245 4796 3445 4848; x_wconf 85' lang='lat' dir='ltr'><strong>germen</strong></span> <span class='ocrx_word' id='word_1_823' title='bbox 3468 4782 3527 4834; x_wconf 85' lang='lat' dir='ltr'><strong>de</strong></span> <span class='ocrx_word' id='word_1_824' title='bbox 3556 4782 3704 4833; x_wconf 81' lang='lat' dir='ltr'><strong>radice</strong></span> 
     </span>
    </p>
   </div>
   <div class='ocr_carea' id='block_1_107' title="bbox 2161 4872 3704 4942">
    <p class='ocr_par' dir='ltr' id='par_1_107' title="bbox 2161 4872 3704 4942">
     <span class='ocr_line' id='line_1_107' title="bbox 2161 4872 3704 4942; baseline -0.001 -20"><span class='ocrx_word' id='word_1_825' title='bbox 2161 4872 2270 4928; x_wconf 57' lang='lat' dir='ltr'><strong>cits</strong></span> <span class='ocrx_word' id='word_1_826' title='bbox 2292 4873 2544 4933; x_wconf 83' lang='lat' dir='ltr'><strong>ascendet,</strong></span> <span class='ocrx_word' id='word_1_827' title='bbox 2576 4880 2624 4925; x_wconf 87' lang='lat' dir='ltr'><strong>et</strong></span> <span class='ocrx_word' id='word_1_828' title='bbox 2651 4873 2918 4939; x_wconf 79' lang='lat' dir='ltr'><strong>requiescet</strong></span> <span class='ocrx_word' id='word_1_829' title='bbox 2948 4888 3095 4942; x_wconf 84' lang='lat' dir='ltr'><strong>super</strong></span> <span class='ocrx_word' id='word_1_830' title='bbox 3122 4889 3235 4926; x_wconf 87' lang='lat' dir='ltr'><strong>eum</strong></span> <span class='ocrx_word' id='word_1_831' title='bbox 3266 4872 3492 4939; x_wconf 79' lang='lat' dir='ltr'><strong>Spiritus</strong></span> <span class='ocrx_word' id='word_1_832' title='bbox 3525 4873 3704 4926; x_wconf 71' lang='lat' dir='ltr'><strong>Domini</strong></span> 
     </span>
    </p>
   </div>
   <div class='ocr_carea' id='block_1_108' title="bbox 2165 4958 3705 5032">
    <p class='ocr_par' dir='ltr' id='par_1_108' title="bbox 2165 4958 3705 5032">
     <span class='ocr_line' id='line_1_108' title="bbox 2165 4958 3705 5032; baseline 0.002 -22"><span class='ocrx_word' id='word_1_833' title='bbox 2165 4958 2312 5027; x_wconf 69' lang='lat' dir='ltr'><strong>(Istri.</strong></span> <span class='ocrx_word' id='word_1_834' title='bbox 2346 4978 2417 5023; x_wconf 71' lang='grc' dir='ltr'><strong>χι,</strong></span> <span class='ocrx_word' id='word_1_835' title='bbox 2468 4960 2538 5025; x_wconf 76' lang='grc'><strong>1).</strong></span> <span class='ocrx_word' id='word_1_836' title='bbox 2572 4964 2700 5027; x_wconf 81' lang='lat' dir='ltr'><strong>Quis</strong></span> <span class='ocrx_word' id='word_1_837' title='bbox 2736 4963 2943 5017; x_wconf 88' lang='lat' dir='ltr'><strong>dubitet</strong></span> <span class='ocrx_word' id='word_1_838' title='bbox 2980 4979 3196 5032; x_wconf 88' lang='lat' dir='ltr'><strong>germen</strong></span> <span class='ocrx_word' id='word_1_839' title='bbox 3239 4965 3305 5016; x_wconf 90' lang='lat' dir='ltr'><strong>de</strong></span> <span class='ocrx_word' id='word_1_840' title='bbox 3354 4974 3539 5018; x_wconf 90' lang='lat' dir='ltr'><strong>natura</strong></span> <span class='ocrx_word' id='word_1_841' title='bbox 3586 4964 3705 5032; x_wconf 82' lang='lat' dir='ltr'><strong>ejus-</strong></span> 
     </span>
    </p>
   </div>
   <div class='ocr_carea' id='block_1_109' title="bbox 2165 5051 3703 5123">
    <p class='ocr_par' dir='ltr' id='par_1_109' title="bbox 2165 5051 3703 5123">
     <span class='ocr_line' id='line_1_109' title="bbox 2165 5051 3703 5123; baseline -0.001 -21"><span class='ocrx_word' id='word_1_842' title='bbox 2165 5054 2281 5103; x_wconf 89' lang='lat' dir='ltr'><strong>rlern</strong></span> <span class='ocrx_word' id='word_1_843' title='bbox 2316 5051 2530 5118; x_wconf 89' lang='lat' dir='ltr'><strong>virgulti</strong></span> <span class='ocrx_word' id='word_1_844' title='bbox 2557 5052 2694 5106; x_wconf 89' lang='lat' dir='ltr'><strong>unde</strong></span> <span class='ocrx_word' id='word_1_845' title='bbox 2721 5055 3038 5123; x_wconf 86' lang='lat' dir='ltr'><strong>prorumpit,</strong></span> <span class='ocrx_word' id='word_1_846' title='bbox 3080 5054 3436 5107; x_wconf 71' lang='lat' dir='ltr'><strong>subsistentia:</strong></span> <span class='ocrx_word' id='word_1_847' title='bbox 3473 5069 3584 5103; x_wconf 73' lang='lat' dir='ltr'><strong>sua:</strong></span> <span class='ocrx_word' id='word_1_848' title='bbox 3622 5053 3703 5102; x_wconf 83' lang='lat' dir='ltr'><strong>fur-</strong></span> 
     </span>
    </p>
   </div>
   <div class='ocr_carea' id='block_1_110' title="bbox 2167 5138 3702 5209">
    <p class='ocr_par' dir='ltr' id='par_1_110' title="bbox 2167 5138 3702 5209">
     <span class='ocr_line' id='line_1_110' title="bbox 2167 5138 3702 5209; baseline -0.003 -15"><span class='ocrx_word' id='word_1_849' title='bbox 2167 5156 2305 5194; x_wconf 90' lang='lat' dir='ltr'><strong>mam</strong></span> <span class='ocrx_word' id='word_1_850' title='bbox 2331 5142 2603 5208; x_wconf 82' lang='lat' dir='ltr'><strong>accipere?</strong></span> <span class='ocrx_word' id='word_1_851' title='bbox 2630 5152 2719 5195; x_wconf 88' lang='lat' dir='ltr'><strong>aut</strong></span> <span class='ocrx_word' id='word_1_852' title='bbox 2745 5141 2861 5209; x_wconf 90' lang='lat' dir='ltr'><strong>quis</strong></span> <span class='ocrx_word' id='word_1_853' title='bbox 2893 5151 3045 5206; x_wconf 87' lang='lat' dir='ltr'><strong>neget</strong></span> <span class='ocrx_word' id='word_1_854' title='bbox 3064 5142 3318 5208; x_wconf 82' lang='lat' dir='ltr'><strong>cujusque</strong></span> <span class='ocrx_word' id='word_1_855' title='bbox 3347 5138 3477 5207; x_wconf 74' lang='lat' dir='ltr'><strong>ligni</strong></span> <span class='ocrx_word' id='word_1_856' title='bbox 3507 5155 3534 5190; x_wconf 85' lang='lat' dir='ltr'><strong>v</strong></span> <span class='ocrx_word' id='word_1_857' title='bbox 3559 5154 3702 5208; x_wconf 85' lang='lat' dir='ltr'><strong>rgam.</strong></span> 
     </span>
    </p>
   </div>
   <div class='ocr_carea' id='block_1_111' title="bbox 2167 5229 3702 5301">
    <p class='ocr_par' dir='ltr' id='par_1_111' title="bbox 2167 5229 3702 5301">
     <span class='ocr_line' id='line_1_111' title="bbox 2167 5229 3702 5301; baseline -0.003 -18"><span class='ocrx_word' id='word_1_858' title='bbox 2167 5240 2366 5283; x_wconf 68' lang='lat' dir='ltr'><strong>naturae</strong></span> <span class='ocrx_word' id='word_1_859' title='bbox 2398 5244 2506 5283; x_wconf 69' lang='lat' dir='ltr'><strong>sua:</strong></span> <span class='ocrx_word' id='word_1_860' title='bbox 2532 5232 2765 5299; x_wconf 83' lang='lat' dir='ltr'><strong>germina</strong></span> <span class='ocrx_word' id='word_1_861' title='bbox 2797 5232 3122 5301; x_wconf 87' lang='lat' dir='ltr'><strong>propagare?</strong></span> <span class='ocrx_word' id='word_1_862' title='bbox 3154 5229 3263 5283; x_wconf 79' lang='lat' dir='ltr'><strong>Non</strong></span> <span class='ocrx_word' id='word_1_863' title='bbox 3297 5232 3439 5283; x_wconf 88' lang='lat' dir='ltr'><strong>enirn</strong></span> <span class='ocrx_word' id='word_1_864' title='bbox 3476 5230 3615 5282; x_wconf 87' lang='lat' dir='ltr'><strong>aliud</strong></span> <span class='ocrx_word' id='word_1_865' title='bbox 3652 5243 3702 5279; x_wconf 77' lang='lat' dir='ltr'><strong>ex</strong></span> 
     </span>
    </p>
   </div>
   <div class='ocr_carea' id='block_1_112' title="bbox 2164 5305 3703 5391">
    <p class='ocr_par' dir='ltr' id='par_1_112' title="bbox 2164 5305 3703 5391">
     <span class='ocr_line' id='line_1_112' title="bbox 2164 5305 3703 5391; baseline -0.004 -18"><span class='ocrx_word' id='word_1_866' title='bbox 2164 5320 2287 5384; x_wconf 93' lang='lat' dir='ltr'><strong>alio,</strong></span> <span class='ocrx_word' id='word_1_867' title='bbox 2318 5322 2407 5375; x_wconf 86' lang='lat' dir='ltr'><strong>sed</strong></span> <span class='ocrx_word' id='word_1_868' title='bbox 2445 5323 2523 5374; x_wconf 91' lang='lat' dir='ltr'><strong>sui</strong></span> <span class='ocrx_word' id='word_1_869' title='bbox 2556 5324 2762 5391; x_wconf 86' lang='lat' dir='ltr'><strong>generis</strong></span> <span class='ocrx_word' id='word_1_870' title='bbox 2806 5324 3048 5389; x_wconf 75' lang='lat' dir='ltr'><strong>speciem</strong></span> <span class='ocrx_word' id='word_1_871' title='bbox 3076 5320 3488 5389; x_wconf 80' lang='lat' dir='ltr'><strong>unumquodque</strong></span> <span class='ocrx_word' id='word_1_872' title='bbox 3532 5305 3703 5390; x_wconf 77' lang='lat' dir='ltr'><strong>ligirrrrn</strong></span> 
     </span>
    </p>
   </div>
   <div class='ocr_carea' id='block_1_113' title="bbox 2167 5413 3703 5481">
    <p class='ocr_par' dir='ltr' id='par_1_113' title="bbox 2167 5413 3703 5481">
     <span class='ocr_line' id='line_1_113' title="bbox 2167 5413 3703 5481; baseline 0.001 -20"><span class='ocrx_word' id='word_1_873' title='bbox 2167 5413 2459 5479; x_wconf 83' lang='lat' dir='ltr'><strong>producere</strong></span> <span class='ocrx_word' id='word_1_874' title='bbox 2484 5453 2498 5477; x_wconf 91' lang='lat'><strong>,</strong></span> <span class='ocrx_word' id='word_1_875' title='bbox 2533 5425 2581 5465; x_wconf 76' lang='lat' dir='ltr'><strong>ct</strong></span> <span class='ocrx_word' id='word_1_876' title='bbox 2616 5413 2803 5467; x_wconf 88' lang='lat' dir='ltr'><strong>usitata</strong></span> <span class='ocrx_word' id='word_1_877' title='bbox 2838 5428 3014 5467; x_wconf 89' lang='lat' dir='ltr'><strong>rerum</strong></span> <span class='ocrx_word' id='word_1_878' title='bbox 3055 5413 3293 5481; x_wconf 79' lang='lat' dir='ltr'><strong>exempla</strong></span> <span class='ocrx_word' id='word_1_879' title='bbox 3348 5420 3627 5479; x_wconf 87' lang='lat' dir='ltr'><strong>testantur,</strong></span> <span class='ocrx_word' id='word_1_880' title='bbox 3664 5420 3703 5462; x_wconf 85' lang='lat' dir='ltr'><strong>et</strong></span> 
     </span>
    </p>
   </div>
   <div class='ocr_carea' id='block_1_114' title="bbox 2168 5502 3703 5572">
    <p class='ocr_par' dir='ltr' id='par_1_114' title="bbox 2168 5502 3703 5572">
     <span class='ocr_line' id='line_1_114' title="bbox 2168 5502 3703 5572; baseline 0 -19"><span class='ocrx_word' id='word_1_881' title='bbox 2168 5502 2465 5556; x_wconf 89' lang='lat' dir='ltr'><strong>divinarum</strong></span> <span class='ocrx_word' id='word_1_882' title='bbox 2518 5504 2811 5557; x_wconf 76' lang='lat' dir='ltr'><strong>litterarum</strong></span> <span class='ocrx_word' id='word_1_883' title='bbox 2866 5504 3155 5558; x_wconf 79' lang='lat' dir='ltr'><strong>auctoritas</strong></span> <span class='ocrx_word' id='word_1_884' title='bbox 3206 5503 3530 5572; x_wconf 74' lang='lat' dir='ltr'><strong>docet,qua:</strong></span> <span class='ocrx_word' id='word_1_885' title='bbox 3575 5506 3633 5555; x_wconf 84' lang='lat' dir='ltr'><strong>ita</strong></span> <span class='ocrx_word' id='word_1_886' title='bbox 3663 5502 3703 5551; x_wconf 88' lang='lat' dir='ltr'><strong>in</strong></span> 
     </span>
    </p>
   </div>
   <div class='ocr_carea' id='block_1_115' title="bbox 2168 5592 3703 5663">
    <p class='ocr_par' dir='ltr' id='par_1_115' title="bbox 2168 5592 3703 5663">
     <span class='ocr_line' id='line_1_115' title="bbox 2168 5592 3703 5663; baseline 0.002 -20"><span class='ocrx_word' id='word_1_887' title='bbox 2168 5592 2365 5649; x_wconf 78' lang='lat' dir='ltr'><strong>Genesi</strong></span> <span class='ocrx_word' id='word_1_888' title='bbox 2391 5593 2621 5663; x_wconf 87' lang='lat' dir='ltr'><strong>loquitur</strong></span> <span class='ocrx_word' id='word_1_889' title='bbox 2656 5612 2665 5644; x_wconf 87' lang='lat'>:</span> <span class='ocrx_word' id='word_1_890' title='bbox 2703 5594 2763 5647; x_wconf 79' lang='lat' dir='ltr'><strong>Et</strong></span> <span class='ocrx_word' id='word_1_891' title='bbox 2798 5597 2923 5649; x_wconf 66' lang='lat' dir='ltr'><strong>dixit</strong></span> <span class='ocrx_word' id='word_1_892' title='bbox 2956 5596 3122 5649; x_wconf 75' lang='lat' dir='ltr'><strong>Deus:</strong></span> <span class='ocrx_word' id='word_1_893' title='bbox 3148 5593 3408 5649; x_wconf 74' lang='lat' dir='ltr'><strong>Germt&#39;net</strong></span> <span class='ocrx_word' id='word_1_894' title='bbox 3437 5607 3571 5649; x_wconf 81' lang='lat' dir='ltr'><strong>terra</strong></span> <span class='ocrx_word' id='word_1_895' title='bbox 3613 5598 3703 5647; x_wconf 72' lang='lat' dir='ltr'><strong>fm-</strong></span> 
     </span>
    </p>
   </div>
  </div>
