3842 6226
101 410 186 463 113

1133 401 1423 471 ,(ὶυΝΤΙὶΛ
1463 397 1918 464 ΕῐῖΤῊΣΙΙΙῆῘῘΙἏΙ
1965 398 2084 449 LIB.
2131 397 2208 448 Ill.

3226 401 3322 454 ιιι

91 519 192 567 bam
210 515 470 576 tirenum,
490 521 538 566 et
561 515 826 581 {delentem
847 523 1030 572 semen,
1051 516 1093 561 et
1120 508 1309 577 lignum
1328 507 1650 576 pomiferum,
1683 510 1727 564 Λ
1761 505 2039 558 ostendere
2073 506 2278 569 volens,
2313 507 2383 558 ait
2414 523 2424 558 ε
2461 505 2652 573 riguum
2679 521 2740 557 ra:
2769 507 2961 571 ovibus,
2987 506 3054 560 ita
3083 510 3322 562 eamdem

93 611 266 675 (ueiens
300 608 531 674 fructum
563 605 716 672 juxta
743 619 896 673 genus
925 619 1093 667 suum,
1135 611 1182 654 et
1222 603 1367 672 cujus
1394 615 1556 652 semen
1598 598 1648 648 iu

91 699 346 763 seuietipso
381 696 445 746 sit
491 710 642 762 super
682 703 884 746 (errant.
919 691 980 743 Et
1012 695 1199 760 factum
1239 700 1309 743 est
1339 691 1406 742 ita
1428 689 1576 758 (Gen.
1610 705 1648 751 ι,

98 789 191 853 ll).
219 787 273 840 Si
304 801 438 854 ergo
466 785 684 855 generis
725 783 808 837 sui
846 799 906 838 ac
954 791 1154 837 natura:
1182 799 1290 836 sua:
1320 783 1554 852 germina
1600 788 1651 834 et

93 881 176 931 [τοι
197 888 304 930 tum
341 877 572 945 propriae
599 874 871 944 qualitatis
897 890 958 928 ex
1011 890 1127 929 sese
1156 874 1294 943 ligna
1323 873 1648 943 producunt,

94 983 184 1021 non
214 967 436 1022 dubium
461 975 547 1021 est.
567 967 815 1020 Jesseicre
841 964 1030 1019 radicis
1057 965 1286 1034 virgam,
1331 965 1536 1019 beatam
1569 964 1652 1017 vi-

93 1058 275 1109 deliret
306 1057 553 1121 Mariam,
581 1065 784 1110 natura:
807 1070 915 1108 suae
939 1055 1044 1124 26
1072 1069 1310 1122 germen,
1345 1053 1394 1108 id
1434 1063 1516 1108 est
1545 1053 1650 1107 Do-

95 1149 279 1199 minam
309 1146 492 1200 .lesum
526 1145 821 1207 Christum,
853 1160 914 1198 ex
945 1158 1052 1196 sua:
1087 1142 1262 1196 carnis
1290 1145 1503 1196 materia
1537 1156 1654 1209 pro-

94 1238 288 1287 tuiisse.
325 1235 384 1287 In
415 1235 567 1302 cujus
596 1233 777 1303 inclyti
827 1233 1141 1286 sacramen'i
1198 1236 1542 1300 mysterium,
1572 1246 1656 1284 sa-

93 1324 311 1376 cerdotis
373 1327 549 1374 Aaron
599 1322 742 1390 virga
818 1320 1015 1390 ab~qne
1073 1335 1234 1390 opere
1295 1329 1350 1375 et
1419 1322 1658 1376 subsidio

94 1414 279 1468 terreni
311 1414 511 1476 cultus,
538 1413 740 1481 absque
781 1413 1143 1468 consuetis~et
1191 1415 1436 1483 legitimis
1465 1417 1658 1470 ruralis

95 1503 369 1559 ministerii
418 1505 706 1566 alimentis,
748 1505 800 1557 in
837 1505 1178 1560 tabernaculo
1226 1507 1444 1562 hederis
1487 1509 1656 1576 posita

98 1595 437 1662 germinavit;
470 1595 754 1650 manifesto
783 1597 912 1650 satis
941 1606 994 1652 et
1027 1609 1212 1667 aperto
1253 1601 1538 1668 designans
1580 1601 1658 1654 in-

96 1687 252 1752 dzcio,
277 1687 502 1742 Mariam
545 1688 813 1758 Virginem
855 1690 1052 1758 absque
1085 1693 1302 1758 terreni,
1345 1692 1397 1746 id
1439 1703 1520 1747 est
1565 1693 1662 1748 hu-

100 1779 225 1832 mani
249 1780 474 1835 seminis
503 1778 1007 1846 olﬁci0,'Christum
1033 1783 1312 1838 Dominum
1347 1786 1654 1854 parituram.

1755 593 1870 646 sine
1899 590 2130 646 humano
2163 595 2366 647 semine
2396 594 2785 663 suscipiendam
2813 595 3205 661 dentonstrans,
3233 613 3323 666 per

1758 683 1941 736 Isaiam
1976 683 2179 738 locutus
2209 693 2308 747 est,
2336 684 2556 738 dicens:
2592 682 2775 738 I'Irrtittc
2815 701 3001 754 agnum
3037 689 3321 739 dominato-

1754 791 1856 826 rmn
1907 784 2072 840 terrw,
2126 777 2187 828 dc
2233 786 2372 844 petra
2417 776 2618 835 deserti,
2673 777 2738 827 ad
2788 788 3002 828 montem
3047 779 3167 844 ﬁlia:
3197 779 3323 842 Sion

1756 862 1905 931 (Isai.
1931 879 2035 928 xvi,
2075 863 2144 930 1).
2183 863 2250 918 Ut
2299 865 2349 917 in
2395 865 2494 918 hoc
2523 862 2658 931 quod
2701 863 2798 916 iste
2843 879 3007 933 agnus
3036 881 3096 917 es
3139 866 3324 918 ovibus

1754 955 1949 1006 assumi
1983 953 2308 1022 praccipitur,
2358 955 2599 1006 humana:
2652 960 2850 1005 natura:
2896 954 3088 1006 veritas
3131 969 3326 1020 Cogun-

1757 1054 1969 1097 statur:
2003 1043 2054 1096 in
2085 1059 2150 1098 eo
2177 1052 2352 1097 autem
2379 1026 2516 1110 quod
2542 1043 2678 1096 idem
2703 1042 2768 1096 de
2793 1052 2936 1110 petra
2960 1043 3124 1096 emitti
3158 1058 3326 1110 agnus

1757 1131 1986 1199 iubetur,
2023 1131 2237 1185 humani
2269 1132 2439 1186 coitus
2468 1147 2527 1185 ac
2558 1132 2776 1184 seminis
2818 1131 3046 1198 suspicio
3093 1132 3327 1199 depella-
3379 1121 3386 1134 ’

1759 1231 1862 1274 tur.
1888 1219 1962 1272 Ita
1995 1234 2123 1288 ergo
2152 1221 2226 1273 ait
2253 1235 2444 1288 agnum
2477 1235 2539 1274 ex
2568 1221 2774 1284 ovibus,
2801 1229 2852 1273 et
2888 1219 3094 1273 bardum
3145 1219 3208 1272 de
3248 1235 3327 1272 ca-

1759 1315 1881 1381 pris,
1911 1321 1964 1366 et
1990 1313 2214 1366 vitulum
2246 1330 2307 1367 cs
2339 1313 2528 1377 bobus,
2568 1327 2628 1367 ac
2662 1315 2704 1366 si
2737 1313 2938 1367 diceret
2967 1313 3231 1367 hominem
3261 1329 3326 1367 ex

1759 1402 2079 1456 hominibus.
2104 1402 2252 1467 Quod
2282 1403 2492 1472 quidem
2520 1404 2624 1456 alio
2651 1405 2702 1457 in
2727 1403 2842 1457 loco
2860 1403 3064 1472 Moyses
3090 1405 3326 1472 apertius

1758 1493 1892 1548 dixit
1919 1512 1932 1548 :
1965 1493 2269 1564 PrOphctam
2292 1495 2430 1549 vobis
2451 1497 2709 1550 suscitabit
2745 1498 2991 1549 Dominus
3025 1495 3328 1548 Drusrcstcr

1759 1590 1822 1642 τι.»
1842 1589 2088 1660 fratribus
2119 1591 2293 1644 vestris
2323 1592 2451 1644 sicut
2485 1607 2580 1644 me.
2617 1590 2792 1660 Ipsum
2825 1591 3043 1643 att-lictis
3088 1592 3138 1642 in
3168 1579 3330 1642 omni-

1760 1679 1850 1731 bus
1876 1678 2202 1746 quwlocutus
2225 1680 2377 1747 fuerit
2406 1678 2579 1748 (Deut.
2629 1695 2777 1741 xvnl,
2837 1679 2948 1748 15).
2992 1679 3059 1732 Ει
3097 1679 3327 1732 iterum:

1765 1765 1968 1818 Urietur
1994 1767 2142 1819 stella
2190 1783 2251 1820 ea:
2275 1766 2460 1834 Jacob,
2501 1779 2547 1822 et
2598 1778 2828 1838 exsurget
2872 1769 3019 1820 homo
3059 1784 3120 1821 ea:
3169 1767 3331 1821 lsrael

97 1872 230 1937 Quod
267 1883 321 1928 et
354 1875 405 1928 in
445 1874 665 1928 Daniele
710 1882 860 1929 certo
902 1874 1062 1929 laturi
1120 1876 1358 1947 mysterii
1401 1878 1652 1944 prtcsagio

1761 1854 1946 1927 (Nunt.
1983 1871 2129 1922 xstv,
2155 1857 2263 1947 17).
2304 1857 2368 1912 Et
2395 1859 2678 1926 Apostolus
2707 1877 2720 1912 :
2753 1857 3087 1928 Manifestum
3128 1865 3222 1921 est,
3255 1857 3330 1911 itt-

100 1960 486 2017 demonstratur
513 1963 678 2033 (Dan.
709 1979 766 2029 ιι,
790 1963 903 2033 34),
931 1963 1054 2020 dum
1077 1966 1193 2021 sine
1221 1967 1461 2020 manibus
1484 1969 1656 2022 excidi

103 2050 220 2116 lapis
241 2051 309 2105 de
341 2065 520 2108 monte
544 2054 781 2119 videtur;
814 2056 865 2110 id
904 2065 986 2111 est
1009 2055 1252 2111 Christus
1287 2059 1401 2112 sine
1439 2057 1654 2113 humani

104 2142 262 2196 coitus
285 2159 467 2210 Opere,
499 2145 567 2199 de
597 2145 826 2214 Virginis
852 2143 1400 2216 corpore'nascizurns
1424 2149 1658 2202 ostendi-

105 2238 198 2282 tur.
225 2231 354 2295 Quis
401 2240 510 2287 tam
556 2233 765 2288 Stolida:
795 2243 950 2304 atque
989 2236 1176 2289 alienae
1215 2236 1407 2290 mentis
1454 2237 1576 2300 erit,
1602 2245 1658 2289 ιιι

106 2317 316 2386 lap‘dem
341 2322 520 2375 credat
546 2322 612 2376 de
644 2332 821 2376 monte
866 2331 984 2378 sine
1025 2325 1267 2378 manibus
1313 2327 1572 2391 excisura,
1605 2333 1659 2380 et

108 2422 200 2460 nun
223 2408 405 2462 credat
430 2411 699 2465 Christum
725 2412 791 2466 de
820 2427 1046 2482 corpore
1071 2414 1297 2483 Virginis
1317 2414 1434 2470 sine
1458 2416 1658 2472 semine

109 2508 304 2560 natum;
350 2514 468 2552 cum
514 2502 682 2569 magis
728 2501 851 2554 illud
903 2503 1268 2557 tantummodo
1302 2505 1507 2567 visum,
1559 2506 1658 2559 hoc

111 2600 268 2643 autem
307 2593 649 2646 veracissime
680 2592 833 2648 fuerit
864 2593 1098 2648 factum?
1136 2594 1267 2661 Quia
1311 2605 1366 2648 ut
1411 2597 1662 2651 credi-re-

115 2686 186 2730 tur
204 2680 343 2746 quod
377 2680 689 2735 mirabiliter
719 2681 945 2736 laturum
971 2693 1084 2737 erat
1130 2683 1182 2736 in
1221 2683 1452 2746 Christo,
1501 2685 1658 2737 mira-

117 2768 220 2821 bilis
246 2768 480 2834 ejusdem
531 2769 651 2824 facti
696 2772 972 2838 prtecessit
1009 2773 1301 2840 imago;ut
1345 2773 1484 2827 sicut
1528 2775 1659 2842 lapis

114 2857 213 2908 sine
232 2858 469 2911 manibus
495 2857 668 2912 excidi
697 2859 763 2912 de
789 2870 999 2924 monte,
1025 2870 1078 2915 et
1110 2861 1249 2914 sicut
1284 2862 1427 2929 virga
1456 2865 1657 2929 germi-

118 2958 228 2999 nare
268 2947 434 3013 potuit
468 2947 587 3001 sine
635 2949 867 3016 cespite,
918 2948 988 3002 ita
1040 2949 1290 3003 Christus
1329 2949 1396 3003 de
1447 2949 1660 3020 Virgine

119 3036 244 3087 nasci
265 3039 489 3102 potuerit
517 3038 636 3091 sine
661 3038 884 3092 semine.
914 3039 1064 3106 Quod
1087 3040 1248 3094 etiam
1271 3041 1434 3096 Jacob
1463 3043 1514 3096 in
1550 3046 1660 3097 suis

123 3123 555 3183 benedictionibus
605 3128 875 3198 declarat,
925 3130 1050 3184 dum
1091 3131 1192 3186 sub
1237 3145 1462 3201 persona
1507 3132 1659 3188 Judze

1759 1945 1896 2014 quit,
1918 1946 2054 2015 quod
2095 1962 2156 1999 ex
2195 1939 2340 2000 Iuda
2379 1960 2517 2001 ortus
2557 1957 2629 2003 est
2672 1948 2922 2001 Dominus
2949 1957 3116 2000 noster
3145 1946 3330 2018 (Hebr.

1759 2049 1855 2098 vn,
1893 2034 2005 2103 ﬂ).
2037 2034 2102 2088 Et
2130 2035 2247 2104 ipse
2281 2037 2618 2106 in.propheta
2652 2057 2663 2091 :
2701 2037 3330 2108 Vwillis,quoniamcars

1758 2142 1867 2180 mea
1892 2142 1953 2180 ea:
1977 2128 2101 2196 ipsis
2127 2138 2199 2182 est
2222 2127 2399 2199 (Amos
2423 2146 2497 2196 ιιι,
2532 2129 2618 2200 12)
2641 2135 2652 2184 ι
2839 2118 2844 2128 ’
3154 2135 3157 2138 ’

1828 2214 1912 2269 Vl.
1954 2217 2251 2286 Manipulus
2303 2234 2512 2288 quoque
2559 2221 2911 2289 pi-imitiarum
2953 2235 3020 2275 ex
3064 2222 3331 2290 segetibus

1759 2306 1933 2360 oll‘erri
1966 2306 2190 2361 Domino
2237 2317 2292 2364 et
2333 2311 2632 2366 consecrari
2679 2311 2898 2380 jubetur
2939 2311 3124 2379 (Levii.
3173 2328 3332 2382 χχιιι,

1760 2397 1870 2466 10).
1903 2397 2032 2465 Quis
2069 2407 2243 2454 autem
2285 2401 2488 2456 dubitet
2539 2403 2676 2458 hunc
2715 2403 3038 2472 manipulum
3071 2404 3330 2473 primitia-

1759 2503 1873 2541 rmn
1904 2489 2180 2543 Dominum
2207 2505 2326 2546 esse
2354 2480 2530 2546 Jesum
2562 2492 2850 2550 Christum.
2884 2493 2950 2549 de
2981 2495 3189 2564 quales
3222 2495 3331 2549 ait:

1763 2578 1922 2631 Unute
1948 2579 2258 2646 primitivum
2296 2581 2433 2651 quod
2480 2585 2642 2650 aperit
2686 2585 2902 2650 t-ulva’m,
2958 2593 3188 2639 sanctum
3225 2582 3326 2636 Do-

1760 2673 1898 2721 mino
1928 2670 2183 2724 vocabitur
2209 2669 2403 2740 (Exod.
2435 2688 2558 2738 xm,
2579 2672 2671 2745 2)?
2704 2675 2854 2730 Unde
2883 2676 3102 2744 angelus
3127 2675 3192 2728 ad
3226 2674 3330 2728 bla-

1762 2762 1893 2815 riam
1927 2781 1938 2813 :
1983 2763 2278 2830 PrOpterea,
2314 2765 2499 2833 inqttit,
2529 2766 2662 2833 quod
2685 2777 2915 2819 nascetur
2937 2783 2995 2821 ea:
3017 2776 3084 2831 te,
3107 2777 3331 2820 sanctum

1759 2853 2030 2915 rocabitur,
2066 2853 2228 2908 Filius
2274 2853 2370 2908 Dei
2410 2854 2561 2924 (Luc.
2598 2872 2643 2922 ι,
2676 2854 2786 2924 35).
2819 2855 2916 2918 llic
2949 2857 3123 2924 itaque
3165 2857 3331 2910 mani-

1761 2945 1934 3016 pulus,
1974 2960 2037 3000 ex
2083 2954 2261 3014 segete
2289 2949 2464 3014 gentis
2507 2946 2812 3002 Judieorum
2859 2957 3181 3015 assumptus,
3226 2949 3331 3002 Deo

1761 3037 1901 3091 Patri
1931 3046 2016 3092 est
2037 3053 2129 3105 per
2155 3039 2455 3106 passionem
2488 3039 2673 3093 mortis
2698 3039 2906 3093 oblatus
2939 3059 2950 3092 :
2981 3039 3169 3107 dequo
3191 3041 3332 3106 Apo-

1762 3126 1961 3180 stolus:
1994 3126 2266 3192 Primitiaz,
2291 3127 2479 3198 inquit,
2500 3118 2858 3182 dormientium
2883 3130 3108 3184 Christus
3140 3127 3192 3197 (1
3216 3131 3330 3183 Cor.

123 3217 425 3284 prophetiam
449 3227 599 3288 aptat
626 3226 680 3273 et
699 3219 880 3288 dirigit
907 3220 968 3284 in.
990 3221 1287 3288 Chrissum,
1325 3222 1504 3276 dicens
1529 3240 1542 3275 :
1578 3221 1656 3276 Ea:
1685 3223 1728 3283 C
1761 3231 1850 3280 xv,
1872 3217 1988 3285 20).
2033 3218 2098 3272 Et
2141 3217 2332 3272 iterum
2363 3237 2374 3271 :
2410 3218 2624 3272 Initium
2653 3219 2882 3273 Christus
2911 3235 2930 3274 :
2959 3220 3140 3273 deinde
3167 3221 3218 3274 hi
3248 3237 3330 3290 qut

124 3307 314 3373 germine
341 3307 463 3360 mihi
492 3309 761 3361 ascendisti
797 3306 945 3378 (Cen.
986 3324 1137 3374 χιιι,
1177 3309 1254 3377 9).
1295 3310 1410 3363 Non
1455 3311 1548 3378 ait,
1593 3326 1657 3366 ex

125 3394 318 3461 semine,
340 3396 432 3451 sed
455 3412 520 3451 ex
541 3398 810 3467 germine;
843 3398 983 3452 illius
1009 3399 1123 3454 sine
1149 3400 1307 3453 dubio
1336 3400 1519 3471 virgte,
1542 3418 1660 3469 qua:

125 3479 338 3538 delesse
375 3494 488 3538 orta
529 3484 734 3551 radice,
779 3502 916 3541 novo
959 3488 1194 3543 miraculi
1239 3504 1456 3559 genere,
1502 3491 1655 3546 Chri-

124 3582 238 3628 stum
261 3576 528 3632 Dominum
556 3581 894 3649 germinavit.

184 3664 235 3718 γ,
271 3667 543 3723 Videamus
570 3678 746 3724 autem
779 3680 832 3725 et
851 3679 1070 3725 caeteras
1098 3671 1497 3740 similitudines,
1542 3674 1655 3740 ηιιῖο

125 3756 204 3811 bus
221 3763 505 3816 ostendztur
531 3763 808 3828 Christus,
850 3779 912 3817 es
943 3764 1214 3818 hominum
1251 3780 1444 3834 genere
1478 3766 1655 3820 carnis

124 3853 444 3920 assumpsisse
492 3863 758 3908 naturam.
818 3854 1046 3908 Vitulnm
1100 3869 1229 3923 ergo
1291 3855 1371 3908 vel
1428 3855 1653 3919 bovem,

124 3952 286 4004 agnum
321 3954 373 3997 et
419 3943 629 3998 bardum
681 3943 925 3997 eumdem
972 3944 1250 3998 Dominum
1295 3943 1650 4012 appellatum,

124 4043 204 4083 nec
227 4033 316 4101 ipsi
341 4035 536 4090 audent
562 4034 800 4089 hrcretici
828 4034 1111 4104 denegare.
1145 4033 1346 4103 Legam
1388 4034 1566 4105 itaque
1601 4043 1656 4088 et

125 4117 380 4188 invenient,
415 4126 465 4178 in
495 4123 758 4194 principio
809 4123 1028 4178 Levitici
1069 4122 1213 4193 (Cap.
1261 4139 1298 4196 ι,
1340 4122 1418 4192 2),
1463 4126 1552 4179 ubi
1601 4128 1652 4182 in

125 4209 346 4274 mysterio
386 4211 575 4266 futura:
605 4211 867 4280 passionis
891 4212 1085 4266 vitulus
1131 4212 1195 4265 ad
1243 4212 1433 4266 ostium
1481 4215 1654 4270 taber-

128 4297 272 4350 naculi
302 4301 585 4356 testimonii
611 4300 873 4355 immolari
904 4301 1238 4368 prret-ipitur,
1269 4315 1375 4354 non
1399 4302 1654 4371 simplici-

127 4391 190 4436 ter
217 4387 443 4456 vitulum,
469 4391 561 4446 sed
589 4392 811 4445 vitulum
851 4408 912 4446 es
950 4391 1118 4448 bobus
1165 4392 1437 4460 appellari.
1470 4392 1522 4445 in
1551 4410 1654 4460 quo

127 4473 274 4541 utique
296 4477 580 4546 Christum,
615 4495 722 4534 non
750 4491 806 4534 ut
830 4481 1094 4537 luereticis
1121 4482 1295 4550 placet
1318 4523 1332 4549 ,
1368 4496 1558 4551 c0rpns
1587 4483 1653 4538 de

1761 3317 1876 3360 sunt
1905 3306 2091 3361 Christi
2121 3307 2306 3376 (lbid.,
2337 3304 2452 3374 25).
2485 3306 2649 3373 Cujus
2680 3309 2840 3363 oblati
2873 3309 3126 3378 manipuli
3157 3325 3330 3363 resur.

1761 3401 2009 3455 rectionis
2039 3401 2248 3456 initium
2276 3401 2473 3470 Joseph
2520 3402 2678 3456 etiam
2728 3402 2779 3456 in
2825 3415 2920 3457 sua
2950 3402 3154 3457 visione
3183 3403 3325 3456 desi-

1757 3502 1904 3561 gnat,
1934 3492 2121 3548 dieens
2147 3509 2160 3546 :
2194 3493 2440 3547 Videbam
2464 3495 2621 3564 ligare
2639 3510 2727 3548 nos
2755 3495 2805 3548 iu
2825 3512 3003 3562 campo
3022 3497 3328 3566 manipulos,

1757 3593 1804 3634 et
1841 3583 2123 3637 surrexisse
2149 3584 2469 3654 manipulum
2498 3601 2680 3650 meum,
2716 3597 3004 3657 restrosquc
3046 3587 3329 3655 manipulos

1757 3673 1864 3742 28
1887 3673 2098 3727 adorare
2125 3675 2440 3738 manipulum
2464 3691 2627 3729 meum
2657 3675 2808 3746 (Gen.
2844 3693 3020 3730 xxxv"
3039 3718 3054 3740 ,
3079 3677 3156 3745 7).
3177 3678 3328 3744 Quod

1757 3763 1808 3815 in
1845 3763 2129 3832 Evangrlio
2165 3766 2595 3821 manife~tissime
2641 3768 2905 3822 cernimus
2954 3769 3326 3836 adimpletum,

1756 3866 1874 3905 cum
1904 3868 2184 3922 resurgens
2213 3870 2241 3906 a
2287 3856 2511 3908 mortuis
2553 3856 2825 3920 Dominus,
2858 3873 2884 3910 a
2916 3859 3192 3927 discipulis
3221 3863 3327 3914 suis

1759 3942 1946 4011 legitur
1974 3944 2220 3998 adoratus
2248 3945 2459 4012 (illiut/2.
2505 3963 2658 4000 xxvm
2681 3987 2698 4012 ,
2725 3949 2803 4014 9).
2847 3949 2991 4002 Sit-ut
3028 3959 3081 4004 et
3119 3952 3169 4004 in
3200 3966 3323 4006 eon-

1755 4034 2110 4086 summatione
2137 4035 2314 4087 smeuli
2340 4037 2502 4104 (quod
2534 4038 2671 4091 illius
2701 4041 2868 4108 campi
2897 4041 3156 4108 signiﬁcat
3186 4060 3323 4097 ures.

1755 4122 1851 4188 sis)
1878 4125 1944 4177 ab
1966 4125 2209 4179 omnibus
2234 4126 2283 4178 in
2314 4125 2482 4179 forma
2513 4131 2669 4190 servi,
2701 4129 2850 4198 cujus
2880 4132 3176 4199 manipulus
3205 4149 3323 4202 ges-

1755 4215 1821 4266 sit
1885 4215 2188 4282 imaginem,
2241 4217 2542 4274 adorandus
2595 4221 2662 4274 sit
2714 4231 2767 4274 et
2799 4222 3057 4278 viden-lus
3108 4225 3322 4293 (.llau/i.

1756 4321 1904 4371 xxiv,
1937 4308 2047 4376 30).
2085 4307 2220 4362 Sunt
2247 4320 2300 4363 et
2339 4311 2440 4364 alia
2477 4311 2634 4364 multa
2670 4316 2718 4365 in
2769 4315 2945 4382 liguris
2977 4325 3028 4368 et
3058 4315 3110 4369 in
3141 4317 3327 4370 simili-‘

1757 4397 2020 4450 lttdiuibus
2048 4409 2246 4465 aptata,
2276 4415 2394 4468 qua:
2432 4398 2696 4454 Christum
2733 4404 2967 4456 indicant
2999 4419 3060 4458 ex
3096 4406 3322 4460 homini-

1757 4488 1852 4541 bus
1872 4487 2048 4541 carnis
2079 4487 2327 4542 habuisse
2359 4498 2620 4546 naturam.
2656 4492 2757 4545 Sed
2792 4508 2857 4546 ne
2896 4495 3014 4546 hinc
3048 4493 3318 4563 Photinus,

125 4561 238 4617 male
276 4567 573 4638 deduxisse,
630 4571 724 4624 sed
780 4586 844 4626 ex
897 4572 1166 4627 hominum
1207 4588 1400 4642 genere
1436 4589 1645 4629 carnem
1680 4589 1727 4646 υ
1752 4586 1803 4629 et
1837 4577 1882 4629 ei
1916 4576 2134 4641 similes,
2165 4579 2496 4631 occasimmm
2528 4581 2816 4634 nutriendae
2856 4583 3090 4650 perﬁdia:
3123 4561 3320 4638 canem

127 4662 470 4727 assumpsisse,
517 4663 775 4732 propheta
827 4665 1177 4720 demonstrat.
1208 4667 1336 4720 Nam
1371 4667 1652 4722 sulfeccrat

125 4741 275 4800 dicere
299 4752 552 4818 vitulum;
583 4753 705 4822 quid
738 4768 958 4810 necesse
989 4755 1085 4809 fuit
1109 4756 1324 4820 addere,
1358 4772 1422 4810 ex
1458 4758 1654 4813 bobus?

125 4829 228 4894 Quis
254 4841 386 4893 enim
412 4843 640 4898 nesciret
674 4860 738 4898 ex
773 4845 939 4899 bobus
967 4847 1182 4900 vitulum
1229 4850 1409 4902 nasci?
1443 4850 1550 4905 Nisi
1598 4863 1654 4906 ut

128 4925 422 4995 ostenderet,
480 4933 582 5001 2'7
637 4933 903 4986 Ctirisrum
960 4950 1172 4990 carnem
1230 4953 1293 4992 ex
1353 4941 1650 4997 hominibus

128 5005 418 5071 habiturum?
446 5023 708 5075 Abraham
739 5026 895 5078 etiam
929 5026 1080 5092 hujus
1110 5043 1212 5080 non
1246 5031 1439 5084 inscius
1468 5049 1648 5087 saera-

128 5101 275 5169 menti,
302 5107 516 5162 vitulum
546 5109 611 5164 de
634 5123 876 5164 armento
907 5115 1131 5179 elegisse
1162 5116 1640 5186 di-scribitttrweu.

129 5199 245 5255 irin,
271 5195 344 5261 7),
375 5213 527 5266 quem
553 5202 603 5253 in
637 5210 764 5271 typo
786 5202 1062 5257 dominica:
1093 5207 1354 5271 passionis
1383 5211 1642 5281 occidisse

130 5279 425 5346 “ignescitur.
457 5290 560 5345 Sed
590 5303 646 5348 et
671 5309 860 5360 agnum
896 5297 961 5350 de
1000 5293 1207 5361 ovibus,
1242 5309 1294 5351 et
1335 5301 1539 5354 bardum
1577 5279 1640 5355 de

130 5375 264 5460 tauris
288 5391 541 5450 synagoga
571 5381 764 5438 oll‘erre
797 5388 1116 5453 prmcipitur.
1155 5388 1255 5441 Per
1285 5392 1420 5457 quod
1463 5394 1639 5460 Illique

132 5453 313 5520 Spiritus
336 5468 555 5522 Sanctus
584 5471 819 5539 perﬁdia:
842 5477 1148 5530 occasiones
1176 5477 1409 5532 adimere
1436 5481 1635 5546 volens,

130 5554 316 5609 apertius
339 5568 391 5610 et
415 5563 716 5628 expressius
745 5563 938 5618 Christi
989 5581 1202 5620 carnem
1244 5582 1305 5621 ex
1342 5571 1640 5624 hominibus

134 5647 467 5716 assumendam,
497 5652 575 5704 his
605 5652 888 5707 verborum
923 5656 1306 5723 adjectiunibus
1329 5656 1633 5712 declaravit.

133 5727 260 5788 Quam
307 5746 472 5794 tamen
526 5743 662 5796 sicut
719 5758 783 5796 ex
842 5745 1114 5800 hominum
1173 5763 1363 5815 genere
1414 5748 1636 5802 futuram

1755 4675 1838 4720 tur
1866 4667 2126 4735 arripere,
2161 4669 2297 4733 quod
2341 4670 2420 4723 his
2447 4671 2759 4725 testimoniis
2808 4687 2909 4725 una
2959 4679 3320 4745 tantummodo

1753 4757 1926 4811 carnis
1957 4757 2154 4812 Christi
2183 4760 2389 4815 videtur
2425 4762 2680 4816 declarari
2729 4773 2947 4829 natura;
2989 4781 3319 4834 consequens

1754 4858 1808 4902 et
1838 4850 1959 4902 fidei
1991 4853 2347 4906 neci-ssatium
2391 4854 2549 4915 duco,
2595 4855 2679 4908 illa
2732 4857 2889 4909 etiam
2949 4859 3206 4925 replicare
3259 4877 3320 4915 ac

1757 4940 1992 5006 proferre
2034 4942 2354 5006 testimonia,
2401 4959 2517 5010 qua:
2549 4953 2843 5014 utramque,
2886 4947 3043 5001 idest
3086 4948 3315 5003 divinam
3383 4952 3396 4965 ‘

1757 5038 1810 5082 ct
1835 5028 2135 5094 humanam,
2168 5030 2217 5084 itt
2252 5048 2356 5084 uno
2385 5033 2595 5086 Christo
2623 5034 2810 5088 docuit
2840 5051 2956 5090 esse
2984 5046 3242 5090 naturam.

1757 5189 1763 5200 ‘
1822 5117 1928 5171 Vll.
1973 5119 2102 5172 Dicit
2131 5135 2258 5187 ergo
2289 5123 2574 5188 Apostolus
2610 5125 2745 5192 quod
2779 5142 2964 5179 ontttes
2995 5128 3316 5181 benedictio-

1752 5223 1873 5260 nunt
1907 5211 2314 5278 promissioues,
2339 5229 2454 5281 qua:
2487 5217 2757 5281 prophetia
2802 5226 2851 5270 et
2891 5218 3005 5286 lvge
3039 5221 3315 5274 cominen-

1751 5306 1851 5362 tur,
1885 5299 1947 5351 ad
1977 5298 2172 5352 Chriin
2206 5304 2468 5370 pertinent
2495 5316 2903 5359 sacramentum.
2937 5308 3065 5360 Nam
3099 5310 3168 5360 ita
3203 5313 3274 5363 ait
3302 5332 3310 5362 :

1751 5389 2006 5457 Quotquot
2025 5391 2155 5442 enim
2184 5393 2537 5459 promissionis
2566 5406 2703 5461 sunt,
2739 5399 2788 5449 in
2810 5403 2916 5467 ipso
2943 5412 3054 5451 sunt
3079 5400 3162 5462 (ll
3192 5405 3308 5459 (Lor.

1746 5494 1791 5543 ι,
1822 5480 1935 5546 c2.0).
1971 5478 2250 5534 Videamus
2301 5483 2472 5551 itaque
2522 5489 2785 5551 quontodo
2837 5494 2914 5542 ha:
2957 5508 3138 5545 euntes
3193 5511 3309 5559 pru-

1748 5571 2054 5625 tnissionum
2090 5573 2504 5639 benedictiones,
2547 5581 2780 5647 mysticis
2816 5583 2861 5633 in
2896 5583 3106 5638 Chris'o
3129 5588 3308 5654 liguris

1745 5672 2030 5729 aptentur;
2089 5675 2141 5717 et
2191 5665 2259 5717 ibi
2307 5668 2630 5735 reperiemus
2664 5671 2930 5740 utriusque
2975 5691 3304 5742 sacramenta

1747 5767 1943 5809 naturae
1978 5755 2091 5808 lucu
2121 5757 2313 5809 clarius
2345 5759 2591 5815 emicare.
2637 5767 2764 5827 Quia
2799 5777 2906 5818 rata
2938 5778 2988 5819 et
3023 5769 3172 5820 litum
3216 5772 3302 5824 be-
