  <div class='ocr_page' id='page_1' title='image "/cluster/home/n/w/nwhite01/storage/ocr_20150623/61-62/uva.x000827102/645.png"; bbox 0 0 3842 6226; ppageno 0'>
   <div class='ocr_carea' id='block_1_1' title="bbox 526 386 3796 474">
    <p class='ocr_par' dir='ltr' id='par_1_1' title="bbox 526 386 3796 474">
     <span class='ocr_line' id='line_1_1' title="bbox 526 386 3796 474; baseline 0.004 -29"><span class='ocrx_word' id='word_1_1' title='bbox 526 386 621 446; x_wconf 79' lang='lat' dir='ltr'><strong>tis</strong></span> <span class='ocrx_word' id='word_1_2' title='bbox 1848 394 2074 452; x_wconf 82' lang='lat' dir='ltr'><strong>ViGlLli</strong></span> <span class='ocrx_word' id='word_1_3' title='bbox 2112 394 2474 474; x_wconf 61' lang='lat' dir='ltr'><strong>“vanusne</strong></span> <span class='ocrx_word' id='word_1_4' title='bbox 3706 407 3796 460; x_wconf 77' lang='grc' dir='ltr'><strong>ιεε</strong></span> 
     </span>
    </p>
   </div>
   <div class='ocr_carea' id='block_1_2' title="bbox 521 506 3800 587">
    <p class='ocr_par' dir='ltr' id='par_1_2' title="bbox 521 506 3800 587">
     <span class='ocr_line' id='line_1_2' title="bbox 521 506 3800 587; baseline 0.004 -28"><span class='ocrx_word' id='word_1_5' title='bbox 521 506 834 562; x_wconf 82' lang='lat' dir='ltr'><strong>nedictionis</strong></span> <span class='ocrx_word' id='word_1_6' title='bbox 862 511 1145 578; x_wconf 78' lang='lat' dir='ltr'><strong>promissio</strong></span> <span class='ocrx_word' id='word_1_7' title='bbox 1168 528 1284 568; x_wconf 87' lang='lat' dir='ltr'><strong>esse</strong></span> <span class='ocrx_word' id='word_1_8' title='bbox 1311 528 1414 568; x_wconf 89' lang='lat' dir='ltr'><strong>non</strong></span> <span class='ocrx_word' id='word_1_9' title='bbox 1446 518 1674 581; x_wconf 84' lang='lat' dir='ltr'><strong>poterat,</strong></span> <span class='ocrx_word' id='word_1_10' title='bbox 1703 509 1804 567; x_wconf 83' lang='lat' dir='ltr'><strong>nisi</strong></span> <span class='ocrx_word' id='word_1_11' title='bbox 1836 509 2086 580; x_wconf 72' lang='lat' dir='ltr'><strong>perfecta:</strong></span> <span class='ocrx_word' id='word_1_12' title='bbox 2116 513 2166 572; x_wconf 77' lang='grc' dir='ltr'><strong>Δ</strong></span> <span class='ocrx_word' id='word_1_13' title='bbox 2191 511 2361 580; x_wconf 83' lang='lat' dir='ltr'><strong>(Psat.</strong></span> <span class='ocrx_word' id='word_1_14' title='bbox 2397 527 2550 582; x_wconf 71' lang='lat' dir='ltr'><strong>uri,</strong></span> <span class='ocrx_word' id='word_1_15' title='bbox 2592 514 2671 586; x_wconf 86' lang='lat'><strong>7).</strong></span> <span class='ocrx_word' id='word_1_16' title='bbox 2715 515 2845 585; x_wconf 74' lang='lat' dir='ltr'><strong>Qua:</strong></span> <span class='ocrx_word' id='word_1_17' title='bbox 2890 525 2970 573; x_wconf 89' lang='lat' dir='ltr'><strong>est</strong></span> <span class='ocrx_word' id='word_1_18' title='bbox 3001 525 3139 574; x_wconf 90' lang='lat' dir='ltr'><strong>terra</strong></span> <span class='ocrx_word' id='word_1_19' title='bbox 3173 531 3292 587; x_wconf 64' lang='lat' dir='ltr'><strong>qua</strong></span> <span class='ocrx_word' id='word_1_20' title='bbox 3338 519 3596 573; x_wconf 84' lang='lat' dir='ltr'><strong>fructum</strong></span> <span class='ocrx_word' id='word_1_21' title='bbox 3635 518 3800 574; x_wconf 73' lang='lat' dir='ltr'><strong>bene-</strong></span> 
     </span>
    </p>
   </div>
   <div class='ocr_carea' id='block_1_3' title="bbox 526 599 3798 675">
    <p class='ocr_par' dir='ltr' id='par_1_3' title="bbox 526 599 3798 675">
     <span class='ocr_line' id='line_1_3' title="bbox 526 599 3798 675; baseline 0.003 -23"><span class='ocrx_word' id='word_1_22' title='bbox 526 600 644 654; x_wconf 85' lang='lat' dir='ltr'><strong>tidei</strong></span> <span class='ocrx_word' id='word_1_23' title='bbox 671 615 770 670; x_wconf 87' lang='lat' dir='ltr'><strong>qua</strong></span> <span class='ocrx_word' id='word_1_24' title='bbox 794 599 1038 656; x_wconf 79' lang='lat' dir='ltr'><strong>Christus</strong></span> <span class='ocrx_word' id='word_1_25' title='bbox 1066 603 1203 658; x_wconf 88' lang='lat' dir='ltr'><strong>Deus</strong></span> <span class='ocrx_word' id='word_1_26' title='bbox 1242 614 1294 658; x_wconf 91' lang='lat' dir='ltr'><strong>et</strong></span> <span class='ocrx_word' id='word_1_27' title='bbox 1323 603 1484 658; x_wconf 90' lang='lat' dir='ltr'><strong>homo</strong></span> <span class='ocrx_word' id='word_1_28' title='bbox 1511 602 1716 657; x_wconf 83' lang='lat' dir='ltr'><strong>futurus</strong></span> <span class='ocrx_word' id='word_1_29' title='bbox 1741 601 2094 656; x_wconf 83' lang='lat' dir='ltr'><strong>annuntiaba-</strong></span> <span class='ocrx_word' id='word_1_30' title='bbox 2195 602 2445 659; x_wconf 76' lang='lat' dir='ltr'><strong>dictionis</strong></span> <span class='ocrx_word' id='word_1_31' title='bbox 2476 602 2652 674; x_wconf 90' lang='lat' dir='ltr'><strong>dedit,</strong></span> <span class='ocrx_word' id='word_1_32' title='bbox 2682 608 2781 663; x_wconf 90' lang='lat' dir='ltr'><strong>nisi</strong></span> <span class='ocrx_word' id='word_1_33' title='bbox 2810 608 2994 675; x_wconf 77' lang='lat' dir='ltr'><strong>Maria,</strong></span> <span class='ocrx_word' id='word_1_34' title='bbox 3023 612 3105 663; x_wconf 88' lang='lat' dir='ltr'><strong>cui</strong></span> <span class='ocrx_word' id='word_1_35' title='bbox 3133 610 3360 666; x_wconf 86' lang='lat' dir='ltr'><strong>dicitur:</strong></span> <span class='ocrx_word' id='word_1_36' title='bbox 3389 610 3698 665; x_wconf 76' lang='lat' dir='ltr'><strong>Benedicta</strong></span> <span class='ocrx_word' id='word_1_37' title='bbox 3727 623 3798 670; x_wconf 74' lang='grc' dir='ltr'><strong>ιιι,</strong></span> 
     </span>
    </p>
   </div>
   <div class='ocr_carea' id='block_1_4' title="bbox 525 690 3804 772">
    <p class='ocr_par' dir='ltr' id='par_1_4' title="bbox 525 690 3804 772">
     <span class='ocr_line' id='line_1_4' title="bbox 525 690 3804 772; baseline 0.002 -28"><span class='ocrx_word' id='word_1_38' title='bbox 525 699 630 755; x_wconf 83' lang='lat' dir='ltr'><strong>tur,</strong></span> <span class='ocrx_word' id='word_1_39' title='bbox 679 692 984 747; x_wconf 83' lang='lat' dir='ltr'><strong>contineret</strong></span> <span class='ocrx_word' id='word_1_40' title='bbox 1036 707 1306 748; x_wconf 86' lang='lat' dir='ltr'><strong>arcanum.</strong></span> <span class='ocrx_word' id='word_1_41' title='bbox 1357 693 1682 748; x_wconf 85' lang='lat' dir='ltr'><strong>Benedieens</strong></span> <span class='ocrx_word' id='word_1_42' title='bbox 1726 693 1906 762; x_wconf 82' lang='lat' dir='ltr'><strong>itaque</strong></span> <span class='ocrx_word' id='word_1_43' title='bbox 1951 690 2095 745; x_wconf 88' lang='lat' dir='ltr'><strong>lsaac</strong></span> <span class='ocrx_word' id='word_1_44' title='bbox 2197 702 2245 746; x_wconf 87' lang='lat' dir='ltr'><strong>et</strong></span> <span class='ocrx_word' id='word_1_45' title='bbox 2271 693 2558 750; x_wconf 86' lang='lat' dir='ltr'><strong>benedictus</strong></span> <span class='ocrx_word' id='word_1_46' title='bbox 2579 697 2773 766; x_wconf 83' lang='lat' dir='ltr'><strong>fructus</strong></span> <span class='ocrx_word' id='word_1_47' title='bbox 2800 699 2910 770; x_wconf 79' lang='lat' dir='ltr'><strong>3o</strong></span> <span class='ocrx_word' id='word_1_48' title='bbox 2933 701 3119 752; x_wconf 80' lang='lat' dir='ltr'><strong>ventris</strong></span> <span class='ocrx_word' id='word_1_49' title='bbox 3167 703 3240 753; x_wconf 90' lang='lat' dir='ltr'><strong>tui</strong></span> <span class='ocrx_word' id='word_1_50' title='bbox 3283 702 3433 772; x_wconf 84' lang='lat' dir='ltr'><strong>(Luc.</strong></span> <span class='ocrx_word' id='word_1_51' title='bbox 3465 718 3517 768; x_wconf 75' lang='grc' dir='ltr'><strong>ι,</strong></span> <span class='ocrx_word' id='word_1_52' title='bbox 3558 701 3708 770; x_wconf 62' lang='grc' dir='ltr'><strong>ην</strong></span> <span class='ocrx_word' id='word_1_53' title='bbox 3741 700 3804 752; x_wconf 80' lang='lat' dir='ltr'><strong>Et</strong></span> 
     </span>
    </p>
   </div>
   <div class='ocr_carea' id='block_1_5' title="bbox 525 782 3804 859">
    <p class='ocr_par' dir='ltr' id='par_1_5' title="bbox 525 782 3804 859">
     <span class='ocr_line' id='line_1_5' title="bbox 525 782 3804 859; baseline 0.002 -25"><span class='ocrx_word' id='word_1_54' title='bbox 525 783 826 849; x_wconf 81' lang='lat' dir='ltr'><strong>patriarcha</strong></span> <span class='ocrx_word' id='word_1_55' title='bbox 858 782 1019 838; x_wconf 78' lang='lat' dir='ltr'><strong>Jacob</strong></span> <span class='ocrx_word' id='word_1_56' title='bbox 1057 794 1116 839; x_wconf 66' lang='lat' dir='ltr'><strong>et,</strong></span> <span class='ocrx_word' id='word_1_57' title='bbox 1144 784 1282 838; x_wconf 84' lang='lat' dir='ltr'><strong>Esau</strong></span> <span class='ocrx_word' id='word_1_58' title='bbox 1325 786 1460 838; x_wconf 90' lang='lat' dir='ltr'><strong>filios</strong></span> <span class='ocrx_word' id='word_1_59' title='bbox 1492 799 1647 848; x_wconf 86' lang='lat' dir='ltr'><strong>suos,</strong></span> <span class='ocrx_word' id='word_1_60' title='bbox 1680 784 1746 838; x_wconf 91' lang='lat' dir='ltr'><strong>ad</strong></span> <span class='ocrx_word' id='word_1_61' title='bbox 1787 783 1954 839; x_wconf 81' lang='lat' dir='ltr'><strong>Jacob</strong></span> <span class='ocrx_word' id='word_1_62' title='bbox 1982 784 2094 851; x_wconf 87' lang='lat' dir='ltr'><strong>qui-</strong></span> <span class='ocrx_word' id='word_1_63' title='bbox 2198 784 2249 835; x_wconf 90' lang='lat' dir='ltr'><strong>in</strong></span> <span class='ocrx_word' id='word_1_64' title='bbox 2288 783 2524 839; x_wconf 83' lang='lat' dir='ltr'><strong>Genesi:</strong></span> <span class='ocrx_word' id='word_1_65' title='bbox 2567 786 2969 855; x_wconf 82' lang='lat' dir='ltr'><strong>Benedictiones,</strong></span> <span class='ocrx_word' id='word_1_66' title='bbox 3019 789 3208 859; x_wconf 91' lang='lat' dir='ltr'><strong>Inquit,</strong></span> <span class='ocrx_word' id='word_1_67' title='bbox 3261 791 3473 844; x_wconf 79' lang='lat' dir='ltr'><strong>uberum</strong></span> <span class='ocrx_word' id='word_1_68' title='bbox 3541 800 3596 844; x_wconf 81' lang='lat' dir='ltr'><strong>et</strong></span> <span class='ocrx_word' id='word_1_69' title='bbox 3640 795 3804 842; x_wconf 67' lang='lat' dir='ltr'><strong>tuli-ir</strong></span> 
     </span>
    </p>
   </div>
   <div class='ocr_carea' id='block_1_6' title="bbox 527 870 3804 949">
    <p class='ocr_par' dir='ltr' id='par_1_6' title="bbox 527 870 3804 949">
     <span class='ocr_line' id='line_1_6' title="bbox 527 870 3804 949; baseline 0.001 -22"><span class='ocrx_word' id='word_1_70' title='bbox 527 872 649 927; x_wconf 89' lang='lat' dir='ltr'><strong>dem</strong></span> <span class='ocrx_word' id='word_1_71' title='bbox 682 875 758 929; x_wconf 91' lang='lat' dir='ltr'><strong>sic</strong></span> <span class='ocrx_word' id='word_1_72' title='bbox 790 876 995 930; x_wconf 86' lang='lat' dir='ltr'><strong>locutus</strong></span> <span class='ocrx_word' id='word_1_73' title='bbox 1021 883 1121 940; x_wconf 80' lang='lat' dir='ltr'><strong>est,</strong></span> <span class='ocrx_word' id='word_1_74' title='bbox 1155 876 1335 929; x_wconf 72' lang='lat' dir='ltr'><strong>dicens</strong></span> <span class='ocrx_word' id='word_1_75' title='bbox 1363 893 1376 930; x_wconf 91' lang='lat'><strong>:</strong></span> <span class='ocrx_word' id='word_1_76' title='bbox 1412 874 1542 929; x_wconf 84' lang='lat' dir='ltr'><strong>Ecce</strong></span> <span class='ocrx_word' id='word_1_77' title='bbox 1569 876 1692 928; x_wconf 89' lang='lat' dir='ltr'><strong>odor</strong></span> <span class='ocrx_word' id='word_1_78' title='bbox 1721 875 1818 949; x_wconf 82' lang='lat' dir='ltr'><strong>ﬁlii</strong></span> <span class='ocrx_word' id='word_1_79' title='bbox 1841 874 1938 926; x_wconf 86' lang='lat' dir='ltr'><strong>mei</strong></span> <span class='ocrx_word' id='word_1_80' title='bbox 1967 874 2096 925; x_wconf 78' lang='lat' dir='ltr'><strong>sicut</strong></span> <span class='ocrx_word' id='word_1_81' title='bbox 2199 870 2351 940; x_wconf 84' lang='lat' dir='ltr'><strong>(Gen.</strong></span> <span class='ocrx_word' id='word_1_82' title='bbox 2382 888 2531 940; x_wconf 75' lang='lat' dir='ltr'><strong>ms,</strong></span> <span class='ocrx_word' id='word_1_83' title='bbox 2559 874 2687 943; x_wconf 61' lang='lat'><strong>$5)?</strong></span> <span class='ocrx_word' id='word_1_84' title='bbox 2709 876 2775 931; x_wconf 87' lang='lat' dir='ltr'><strong>Et</strong></span> <span class='ocrx_word' id='word_1_85' title='bbox 2796 878 2845 930; x_wconf 82' lang='lat' dir='ltr'><strong>in</strong></span> <span class='ocrx_word' id='word_1_86' title='bbox 2871 877 3098 932; x_wconf 83' lang='lat' dir='ltr'><strong>Psalmis</strong></span> <span class='ocrx_word' id='word_1_87' title='bbox 3125 895 3138 931; x_wconf 92' lang='lat'><strong>:</strong></span> <span class='ocrx_word' id='word_1_88' title='bbox 3170 876 3219 929; x_wconf 84' lang='lat' dir='ltr'><em>F</em></span> <span class='ocrx_word' id='word_1_89' title='bbox 3221 880 3297 932; x_wconf 87' lang='lat' dir='ltr'><strong>itii</strong></span> <span class='ocrx_word' id='word_1_90' title='bbox 3327 896 3554 946; x_wconf 85' lang='lat' dir='ltr'><strong>merces,</strong></span> <span class='ocrx_word' id='word_1_91' title='bbox 3597 880 3804 949; x_wconf 71' lang='lat' dir='ltr'><strong>fructus</strong></span> 
     </span>
    </p>
   </div>
   <div class='ocr_carea' id='block_1_7' title="bbox 530 960 3805 1040">
    <p class='ocr_par' dir='ltr' id='par_1_7' title="bbox 530 960 3805 1040">
     <span class='ocr_line' id='line_1_7' title="bbox 530 960 3805 1040; baseline 0.001 -22"><span class='ocrx_word' id='word_1_92' title='bbox 530 967 655 1018; x_wconf 83' lang='lat' dir='ltr'><strong>odor</strong></span> <span class='ocrx_word' id='word_1_93' title='bbox 682 968 793 1036; x_wconf 85' lang='lat' dir='ltr'><strong>agri</strong></span> <span class='ocrx_word' id='word_1_94' title='bbox 842 967 924 1018; x_wconf 91' lang='lat' dir='ltr'><strong>cui</strong></span> <span class='ocrx_word' id='word_1_95' title='bbox 965 966 1217 1020; x_wconf 71' lang='lat' dir='ltr'><strong>benedixit</strong></span> <span class='ocrx_word' id='word_1_96' title='bbox 1267 963 1425 1021; x_wconf 85' lang='lat' dir='ltr'><strong>Deus.</strong></span> <span class='ocrx_word' id='word_1_97' title='bbox 1475 965 1571 1019; x_wconf 89' lang='lat' dir='ltr'><strong>Det</strong></span> <span class='ocrx_word' id='word_1_98' title='bbox 1621 966 1710 1018; x_wconf 88' lang='lat' dir='ltr'><strong>tibi</strong></span> <span class='ocrx_word' id='word_1_99' title='bbox 1758 963 2007 1016; x_wconf 76' lang='lat' dir='ltr'><strong>Dominus</strong></span> <span class='ocrx_word' id='word_1_100' title='bbox 2036 960 2100 1015; x_wconf 85' lang='lat' dir='ltr'><strong>de</strong></span> <span class='ocrx_word' id='word_1_101' title='bbox 2199 967 2382 1019; x_wconf 79' lang='lat' dir='ltr'><strong>ventris</strong></span> <span class='ocrx_word' id='word_1_102' title='bbox 2413 965 2583 1037; x_wconf 81' lang='lat' dir='ltr'><strong>(Psal.</strong></span> <span class='ocrx_word' id='word_1_103' title='bbox 2633 982 2788 1023; x_wconf 69' lang='lat' dir='ltr'><strong>cur!</strong></span> <span class='ocrx_word' id='word_1_104' title='bbox 2814 1011 2828 1036; x_wconf 91' lang='lat'><strong>,</strong></span> <span class='ocrx_word' id='word_1_105' title='bbox 2868 969 2958 1039; x_wconf 75' lang='lat'><strong>3)?</strong></span> <span class='ocrx_word' id='word_1_106' title='bbox 3005 971 3111 1024; x_wconf 85' lang='lat' dir='ltr'><strong>Et:</strong></span> <span class='ocrx_word' id='word_1_107' title='bbox 3146 971 3221 1024; x_wconf 90' lang='lat' dir='ltr'><strong>De</strong></span> <span class='ocrx_word' id='word_1_108' title='bbox 3263 974 3432 1040; x_wconf 79' lang='lat' dir='ltr'><strong>fructu</strong></span> <span class='ocrx_word' id='word_1_109' title='bbox 3478 973 3700 1024; x_wconf 72' lang='lat' dir='ltr'><strong>ventris</strong></span> <span class='ocrx_word' id='word_1_110' title='bbox 3735 973 3805 1022; x_wconf 76' lang='grc' dir='ltr'><strong>ιιιί</strong></span> 
     </span>
    </p>
   </div>
   <div class='ocr_carea' id='block_1_8' title="bbox 537 1054 3806 1130">
    <p class='ocr_par' dir='ltr' id='par_1_8' title="bbox 537 1054 3806 1130">
     <span class='ocr_line' id='line_1_8' title="bbox 537 1054 3806 1130; baseline 0 -22"><span class='ocrx_word' id='word_1_111' title='bbox 537 1071 644 1110; x_wconf 71' lang='grc' dir='ltr'><strong>νοτε</strong></span> <span class='ocrx_word' id='word_1_112' title='bbox 674 1057 803 1119; x_wconf 75' lang='grc' dir='ltr'><strong>σωιί,</strong></span> <span class='ocrx_word' id='word_1_113' title='bbox 847 1065 896 1109; x_wconf 91' lang='lat' dir='ltr'><strong>et</strong></span> <span class='ocrx_word' id='word_1_114' title='bbox 947 1057 1010 1110; x_wconf 91' lang='lat' dir='ltr'><strong>de</strong></span> <span class='ocrx_word' id='word_1_115' title='bbox 1050 1055 1357 1127; x_wconf 84' lang='lat' dir='ltr'><strong>pinguedine</strong></span> <span class='ocrx_word' id='word_1_116' title='bbox 1400 1067 1546 1119; x_wconf 65' lang='lat' dir='ltr'><strong>terra</strong></span> <span class='ocrx_word' id='word_1_117' title='bbox 1593 1054 1961 1109; x_wconf 70' lang='lat' dir='ltr'><strong>abundantiam</strong></span> <span class='ocrx_word' id='word_1_118' title='bbox 1989 1057 2099 1122; x_wconf 77' lang='lat' dir='ltr'><strong>fru-</strong></span> <span class='ocrx_word' id='word_1_119' title='bbox 2200 1070 2383 1120; x_wconf 84' lang='lat' dir='ltr'><strong>ponant</strong></span> <span class='ocrx_word' id='word_1_120' title='bbox 2411 1070 2564 1125; x_wconf 87' lang='lat' dir='ltr'><strong>super</strong></span> <span class='ocrx_word' id='word_1_121' title='bbox 2589 1055 2756 1110; x_wconf 87' lang='lat' dir='ltr'><strong>sedem</strong></span> <span class='ocrx_word' id='word_1_122' title='bbox 2783 1065 2922 1111; x_wconf 83' lang='lat' dir='ltr'><strong>tuam</strong></span> <span class='ocrx_word' id='word_1_123' title='bbox 2948 1057 3118 1126; x_wconf 86' lang='lat' dir='ltr'><strong>(Psal.</strong></span> <span class='ocrx_word' id='word_1_124' title='bbox 3149 1059 3376 1130; x_wconf 66' lang='lat' dir='ltr'><strong>cum)?</strong></span> <span class='ocrx_word' id='word_1_125' title='bbox 3409 1059 3488 1113; x_wconf 84' lang='lat' dir='ltr'><strong>De</strong></span> <span class='ocrx_word' id='word_1_126' title='bbox 3520 1074 3649 1128; x_wconf 86' lang='lat' dir='ltr'><strong>quo</strong></span> <span class='ocrx_word' id='word_1_127' title='bbox 3697 1059 3806 1109; x_wconf 86' lang='lat' dir='ltr'><strong>frn-</strong></span> 
     </span>
    </p>
   </div>
   <div class='ocr_carea' id='block_1_9' title="bbox 529 1142 3806 1220">
    <p class='ocr_par' dir='ltr' id='par_1_9' title="bbox 529 1142 3806 1220">
     <span class='ocr_line' id='line_1_9' title="bbox 529 1142 3806 1220; baseline 0 -21"><span class='ocrx_word' id='word_1_128' title='bbox 529 1148 711 1212; x_wconf 81' lang='lat' dir='ltr'><strong>menti,</strong></span> <span class='ocrx_word' id='word_1_129' title='bbox 739 1147 842 1200; x_wconf 83' lang='lat' dir='ltr'><strong>vini</strong></span> <span class='ocrx_word' id='word_1_130' title='bbox 897 1158 945 1201; x_wconf 93' lang='lat' dir='ltr'><strong>et</strong></span> <span class='ocrx_word' id='word_1_131' title='bbox 974 1149 1072 1202; x_wconf 76' lang='lat' dir='ltr'><strong>olei</strong></span> <span class='ocrx_word' id='word_1_132' title='bbox 1098 1142 1248 1220; x_wconf 82' lang='lat' dir='ltr'><strong>(Gen.</strong></span> <span class='ocrx_word' id='word_1_133' title='bbox 1294 1164 1432 1213; x_wconf 84' lang='lat' dir='ltr'><strong>xvu,</strong></span> <span class='ocrx_word' id='word_1_134' title='bbox 1461 1146 1572 1216; x_wconf 72' lang='grc'><strong>27).</strong></span> <span class='ocrx_word' id='word_1_135' title='bbox 1606 1144 1684 1200; x_wconf 72' lang='lat' dir='ltr'><strong>Ad</strong></span> <span class='ocrx_word' id='word_1_136' title='bbox 1730 1147 1868 1200; x_wconf 84' lang='lat' dir='ltr'><strong>Esau</strong></span> <span class='ocrx_word' id='word_1_137' title='bbox 1920 1157 2094 1197; x_wconf 85' lang='lat' dir='ltr'><strong>vero:</strong></span> <span class='ocrx_word' id='word_1_138' title='bbox 2199 1153 2288 1197; x_wconf 90' lang='lat' dir='ltr'><strong>ctu</strong></span> <span class='ocrx_word' id='word_1_139' title='bbox 2345 1144 2429 1200; x_wconf 90' lang='lat' dir='ltr'><strong>hic</strong></span> <span class='ocrx_word' id='word_1_140' title='bbox 2469 1145 2614 1200; x_wconf 86' lang='lat' dir='ltr'><strong>idem</strong></span> <span class='ocrx_word' id='word_1_141' title='bbox 2665 1147 2803 1201; x_wconf 86' lang='lat' dir='ltr'><strong>sacri</strong></span> <span class='ocrx_word' id='word_1_142' title='bbox 2845 1148 3096 1202; x_wconf 86' lang='lat' dir='ltr'><strong>carminis</strong></span> <span class='ocrx_word' id='word_1_143' title='bbox 3120 1157 3304 1203; x_wconf 86' lang='lat' dir='ltr'><strong>auctor</strong></span> <span class='ocrx_word' id='word_1_144' title='bbox 3347 1151 3401 1202; x_wconf 89' lang='lat' dir='ltr'><strong>in</strong></span> <span class='ocrx_word' id='word_1_145' title='bbox 3431 1150 3548 1203; x_wconf 86' lang='lat' dir='ltr'><strong>alio</strong></span> <span class='ocrx_word' id='word_1_146' title='bbox 3584 1150 3806 1217; x_wconf 58' lang='lat' dir='ltr'><strong>psalmo</strong></span> 
     </span>
    </p>
   </div>
   <div class='ocr_carea' id='block_1_10' title="bbox 530 1232 3805 1310">
    <p class='ocr_par' dir='ltr' id='par_1_10' title="bbox 530 1232 3805 1310">
     <span class='ocr_line' id='line_1_10' title="bbox 530 1232 3805 1310; baseline 0.001 -23"><span class='ocrx_word' id='word_1_147' title='bbox 530 1232 598 1288; x_wconf 86' lang='lat' dir='ltr'><strong>In</strong></span> <span class='ocrx_word' id='word_1_148' title='bbox 624 1237 927 1308; x_wconf 82' lang='lat' dir='ltr'><strong>pinguedine</strong></span> <span class='ocrx_word' id='word_1_149' title='bbox 956 1243 1120 1302; x_wconf 69' lang='lat' dir='ltr'><strong>(errat,</strong></span> <span class='ocrx_word' id='word_1_150' title='bbox 1147 1246 1192 1292; x_wconf 80' lang='lat' dir='ltr'><strong>et</strong></span> <span class='ocrx_word' id='word_1_151' title='bbox 1224 1241 1274 1290; x_wconf 90' lang='lat' dir='ltr'><strong>in</strong></span> <span class='ocrx_word' id='word_1_152' title='bbox 1303 1254 1412 1292; x_wconf 88' lang='lat' dir='ltr'><strong>rore</strong></span> <span class='ocrx_word' id='word_1_153' title='bbox 1438 1233 1548 1290; x_wconf 72' lang='lat' dir='ltr'><strong>caeli</strong></span> <span class='ocrx_word' id='word_1_154' title='bbox 1576 1237 1674 1291; x_wconf 89' lang='lat' dir='ltr'><strong>erit</strong></span> <span class='ocrx_word' id='word_1_155' title='bbox 1704 1234 1984 1290; x_wconf 85' lang='lat' dir='ltr'><strong>benedictio</strong></span> <span class='ocrx_word' id='word_1_156' title='bbox 2009 1245 2099 1286; x_wconf 82' lang='lat' dir='ltr'><strong>tua</strong></span> <span class='ocrx_word' id='word_1_157' title='bbox 2199 1236 2432 1290; x_wconf 89' lang='lat' dir='ltr'><strong>concinit</strong></span> <span class='ocrx_word' id='word_1_158' title='bbox 2459 1252 2474 1293; x_wconf 90' lang='lat'><strong>:</strong></span> <span class='ocrx_word' id='word_1_159' title='bbox 2507 1235 2707 1290; x_wconf 84' lang='lat' dir='ltr'><strong>Veritas</strong></span> <span class='ocrx_word' id='word_1_160' title='bbox 2735 1238 2799 1290; x_wconf 91' lang='lat' dir='ltr'><strong>de</strong></span> <span class='ocrx_word' id='word_1_161' title='bbox 2839 1247 2972 1291; x_wconf 89' lang='lat' dir='ltr'><strong>terra</strong></span> <span class='ocrx_word' id='word_1_162' title='bbox 3003 1248 3113 1290; x_wconf 91' lang='lat' dir='ltr'><strong>orta</strong></span> <span class='ocrx_word' id='word_1_163' title='bbox 3142 1245 3236 1303; x_wconf 88' lang='lat' dir='ltr'><strong>est,</strong></span> <span class='ocrx_word' id='word_1_164' title='bbox 3262 1247 3308 1292; x_wconf 86' lang='lat' dir='ltr'><strong>et</strong></span> <span class='ocrx_word' id='word_1_165' title='bbox 3325 1240 3539 1310; x_wconf 85' lang='lat' dir='ltr'><strong>jnstitia</strong></span> <span class='ocrx_word' id='word_1_166' title='bbox 3572 1240 3647 1292; x_wconf 86' lang='lat' dir='ltr'><strong>de</strong></span> <span class='ocrx_word' id='word_1_167' title='bbox 3677 1240 3805 1290; x_wconf 78' lang='lat' dir='ltr'><strong>calo</strong></span> 
     </span>
    </p>
   </div>
   <div class='ocr_carea' id='block_1_11' title="bbox 534 1322 3805 1398">
    <p class='ocr_par' dir='ltr' id='par_1_11' title="bbox 534 1322 3805 1398">
     <span class='ocr_line' id='line_1_11' title="bbox 534 1322 3805 1398; baseline 0 -20"><span class='ocrx_word' id='word_1_168' title='bbox 534 1325 718 1395; x_wconf 82' lang='lat' dir='ltr'><strong>(ibid.,</strong></span> <span class='ocrx_word' id='word_1_169' title='bbox 757 1322 868 1396; x_wconf 76' lang='lat'><strong>39).</strong></span> <span class='ocrx_word' id='word_1_170' title='bbox 904 1327 1042 1395; x_wconf 87' lang='lat' dir='ltr'><strong>Quid</strong></span> <span class='ocrx_word' id='word_1_171' title='bbox 1079 1329 1334 1397; x_wconf 87' lang='lat' dir='ltr'><strong>apertius.</strong></span> <span class='ocrx_word' id='word_1_172' title='bbox 1373 1327 1566 1397; x_wconf 80' lang='lat' dir='ltr'><strong>quidve</strong></span> <span class='ocrx_word' id='word_1_173' title='bbox 1593 1325 1818 1381; x_wconf 88' lang='lat' dir='ltr'><strong>lucidius</strong></span> <span class='ocrx_word' id='word_1_174' title='bbox 1844 1323 1913 1380; x_wconf 89' lang='lat' dir='ltr'><strong>de</strong></span> <span class='ocrx_word' id='word_1_175' title='bbox 1948 1333 2097 1378; x_wconf 86' lang='lat' dir='ltr'><strong>utra-</strong></span> <span class='ocrx_word' id='word_1_176' title='bbox 2199 1328 2476 1395; x_wconf 70' lang='lat' dir='ltr'><strong>prospexit.</strong></span> <span class='ocrx_word' id='word_1_177' title='bbox 2502 1326 2704 1381; x_wconf 84' lang='lat' dir='ltr'><strong>Etenim</strong></span> <span class='ocrx_word' id='word_1_178' title='bbox 2727 1326 2974 1381; x_wconf 83' lang='lat' dir='ltr'><strong>Dominus</strong></span> <span class='ocrx_word' id='word_1_179' title='bbox 3000 1328 3136 1381; x_wconf 84' lang='lat' dir='ltr'><strong>dabit</strong></span> <span class='ocrx_word' id='word_1_180' title='bbox 3158 1329 3542 1398; x_wconf 78' lang='lat' dir='ltr'><strong>benignitatem,</strong></span> <span class='ocrx_word' id='word_1_181' title='bbox 3579 1338 3635 1381; x_wconf 79' lang='lat' dir='ltr'><strong>et</strong></span> <span class='ocrx_word' id='word_1_182' title='bbox 3669 1337 3805 1380; x_wconf 79' lang='lat' dir='ltr'><strong>terra</strong></span> 
     </span>
    </p>
   </div>
   <div class='ocr_carea' id='block_1_12' title="bbox 527 1413 3806 1489">
    <p class='ocr_par' dir='ltr' id='par_1_12' title="bbox 527 1413 3806 1489">
     <span class='ocr_line' id='line_1_12' title="bbox 527 1413 3806 1489; baseline -0.001 -18"><span class='ocrx_word' id='word_1_183' title='bbox 527 1428 633 1486; x_wconf 81' lang='lat' dir='ltr'><strong>que</strong></span> <span class='ocrx_word' id='word_1_184' title='bbox 658 1413 855 1471; x_wconf 77' lang='lat' dir='ltr'><strong>CitriSti</strong></span> <span class='ocrx_word' id='word_1_185' title='bbox 884 1429 1070 1471; x_wconf 89' lang='lat' dir='ltr'><strong>natura</strong></span> <span class='ocrx_word' id='word_1_186' title='bbox 1098 1418 1265 1486; x_wconf 87' lang='lat' dir='ltr'><strong>potuit</strong></span> <span class='ocrx_word' id='word_1_187' title='bbox 1303 1418 1561 1486; x_wconf 82' lang='lat' dir='ltr'><strong>proferri?</strong></span> <span class='ocrx_word' id='word_1_188' title='bbox 1599 1415 1872 1486; x_wconf 89' lang='lat' dir='ltr'><strong>Siquidem</strong></span> <span class='ocrx_word' id='word_1_189' title='bbox 1903 1415 1954 1468; x_wconf 93' lang='lat' dir='ltr'><strong>in</strong></span> <span class='ocrx_word' id='word_1_190' title='bbox 1977 1428 2100 1469; x_wconf 86' lang='lat' dir='ltr'><strong>rore</strong></span> <span class='ocrx_word' id='word_1_191' title='bbox 2201 1424 2373 1469; x_wconf 85' lang='lat' dir='ltr'><strong>nostra</strong></span> <span class='ocrx_word' id='word_1_192' title='bbox 2399 1416 2538 1470; x_wconf 84' lang='lat' dir='ltr'><strong>dabit</strong></span> <span class='ocrx_word' id='word_1_193' title='bbox 2563 1420 2782 1487; x_wconf 78' lang='lat' dir='ltr'><strong>fructum</strong></span> <span class='ocrx_word' id='word_1_194' title='bbox 2801 1433 2953 1471; x_wconf 84' lang='lat' dir='ltr'><strong>suum</strong></span> <span class='ocrx_word' id='word_1_195' title='bbox 2983 1415 3152 1488; x_wconf 87' lang='lat' dir='ltr'><strong>(Psal.</strong></span> <span class='ocrx_word' id='word_1_196' title='bbox 3181 1433 3397 1483; x_wconf 71' lang='lat' dir='ltr'><strong>Lux&quot;,</strong></span> <span class='ocrx_word' id='word_1_197' title='bbox 3428 1418 3572 1489; x_wconf 60' lang='grc' dir='ltr'><strong>ΒΗ</strong></span> <span class='ocrx_word' id='word_1_198' title='bbox 3605 1418 3671 1471; x_wconf 89' lang='lat' dir='ltr'><strong>In</strong></span> <span class='ocrx_word' id='word_1_199' title='bbox 3699 1433 3806 1485; x_wconf 85' lang='lat' dir='ltr'><strong>quo</strong></span> 
     </span>
    </p>
   </div>
   <div class='ocr_carea' id='block_1_13' title="bbox 530 1500 3796 1579">
    <p class='ocr_par' dir='ltr' id='par_1_13' title="bbox 530 1500 3796 1579">
     <span class='ocr_line' id='line_1_13' title="bbox 530 1500 3796 1579; baseline 0.001 -18"><span class='ocrx_word' id='word_1_200' title='bbox 530 1507 675 1575; x_wconf 71' lang='lat' dir='ltr'><strong>coeli,</strong></span> <span class='ocrx_word' id='word_1_201' title='bbox 722 1500 992 1571; x_wconf 74' lang='lat' dir='ltr'><strong>Veibum;</strong></span> <span class='ocrx_word' id='word_1_202' title='bbox 1050 1508 1100 1561; x_wconf 93' lang='lat' dir='ltr'><strong>in</strong></span> <span class='ocrx_word' id='word_1_203' title='bbox 1145 1516 1300 1562; x_wconf 68' lang='lat' dir='ltr'><strong>terrai</strong></span> <span class='ocrx_word' id='word_1_204' title='bbox 1351 1515 1526 1563; x_wconf 90' lang='lat' dir='ltr'><strong>autem</strong></span> <span class='ocrx_word' id='word_1_205' title='bbox 1583 1505 1922 1576; x_wconf 79' lang='lat' dir='ltr'><strong>pinguedine,</strong></span> <span class='ocrx_word' id='word_1_206' title='bbox 1972 1504 2101 1558; x_wconf 86' lang='lat' dir='ltr'><strong>caro</strong></span> <span class='ocrx_word' id='word_1_207' title='bbox 2201 1507 2474 1561; x_wconf 84' lang='lat' dir='ltr'><strong>evidenter</strong></span> <span class='ocrx_word' id='word_1_208' title='bbox 2499 1507 2772 1578; x_wconf 89' lang='lat' dir='ltr'><strong>utriusque</strong></span> <span class='ocrx_word' id='word_1_209' title='bbox 2799 1516 3000 1565; x_wconf 65' lang='lat' dir='ltr'><strong>naturas</strong></span> <span class='ocrx_word' id='word_1_210' title='bbox 3019 1508 3408 1564; x_wconf 75' lang='lat' dir='ltr'><strong>confessionem</strong></span> <span class='ocrx_word' id='word_1_211' title='bbox 3441 1511 3796 1579; x_wconf 59' lang='lat' dir='ltr'><strong>pradicans.</strong></span> 
     </span>
    </p>
   </div>
   <div class='ocr_carea' id='block_1_14' title="bbox 529 1592 3802 1669">
    <p class='ocr_par' dir='ltr' id='par_1_14' title="bbox 529 1592 3802 1669">
     <span class='ocr_line' id='line_1_14' title="bbox 529 1592 3802 1669; baseline 0 -16"><span class='ocrx_word' id='word_1_212' title='bbox 529 1599 647 1668; x_wconf 86' lang='lat' dir='ltr'><strong>ejus</strong></span> <span class='ocrx_word' id='word_1_213' title='bbox 670 1599 951 1669; x_wconf 87' lang='lat' dir='ltr'><strong>signiﬁcari</strong></span> <span class='ocrx_word' id='word_1_214' title='bbox 999 1609 1346 1654; x_wconf 77' lang='lat' dir='ltr'><strong>monsmtur.</strong></span> <span class='ocrx_word' id='word_1_215' title='bbox 1399 1592 1565 1654; x_wconf 72' lang='lat' dir='ltr'><strong>Iacob</strong></span> <span class='ocrx_word' id='word_1_216' title='bbox 1611 1609 1788 1654; x_wconf 88' lang='lat' dir='ltr'><strong>autem</strong></span> <span class='ocrx_word' id='word_1_217' title='bbox 1837 1605 1892 1651; x_wconf 91' lang='lat' dir='ltr'><strong>et</strong></span> <span class='ocrx_word' id='word_1_218' title='bbox 1933 1597 2096 1660; x_wconf 86' lang='lat' dir='ltr'><strong>Esau,</strong></span> <span class='ocrx_word' id='word_1_219' title='bbox 2203 1596 2522 1664; x_wconf 80' lang='lat' dir='ltr'><strong>perﬁdorum</strong></span> <span class='ocrx_word' id='word_1_220' title='bbox 2544 1611 2638 1654; x_wconf 80' lang='lat' dir='ltr'><strong>ora</strong></span> <span class='ocrx_word' id='word_1_221' title='bbox 2677 1598 2942 1664; x_wconf 86' lang='lat' dir='ltr'><strong>obtundit,</strong></span> <span class='ocrx_word' id='word_1_222' title='bbox 2993 1599 3118 1653; x_wconf 91' lang='lat' dir='ltr'><strong>dum</strong></span> <span class='ocrx_word' id='word_1_223' title='bbox 3167 1602 3455 1655; x_wconf 82' lang='lat' dir='ltr'><strong>veritatem</strong></span> <span class='ocrx_word' id='word_1_224' title='bbox 3516 1601 3597 1655; x_wconf 81' lang='lat' dir='ltr'><strong>de</strong></span> <span class='ocrx_word' id='word_1_225' title='bbox 3659 1609 3802 1654; x_wconf 84' lang='lat' dir='ltr'><strong>tem</strong></span> 
     </span>
    </p>
   </div>
   <div class='ocr_carea' id='block_1_15' title="bbox 532 1685 3800 1760">
    <p class='ocr_par' dir='ltr' id='par_1_15' title="bbox 532 1685 3800 1760">
     <span class='ocr_line' id='line_1_15' title="bbox 532 1685 3800 1760; baseline -0.001 -15"><span class='ocrx_word' id='word_1_226' title='bbox 532 1689 709 1760; x_wconf 82' lang='lat' dir='ltr'><strong>populi</strong></span> <span class='ocrx_word' id='word_1_227' title='bbox 735 1685 968 1758; x_wconf 77' lang='lat' dir='ltr'><strong>gentium</strong></span> <span class='ocrx_word' id='word_1_228' title='bbox 1003 1697 1058 1744; x_wconf 93' lang='lat' dir='ltr'><strong>et</strong></span> <span class='ocrx_word' id='word_1_229' title='bbox 1085 1687 1388 1744; x_wconf 76' lang='lat' dir='ltr'><strong>Judzeorum</strong></span> <span class='ocrx_word' id='word_1_230' title='bbox 1420 1697 1601 1744; x_wconf 90' lang='lat' dir='ltr'><strong>tenere</strong></span> <span class='ocrx_word' id='word_1_231' title='bbox 1626 1685 2100 1758; x_wconf 83' lang='lat' dir='ltr'><strong>ﬁguram,nullum</strong></span> <span class='ocrx_word' id='word_1_232' title='bbox 2203 1701 2400 1753; x_wconf 79' lang='lat' dir='ltr'><strong>ortam.</strong></span> <span class='ocrx_word' id='word_1_233' title='bbox 2445 1699 2499 1742; x_wconf 91' lang='lat' dir='ltr'><strong>et</strong></span> <span class='ocrx_word' id='word_1_234' title='bbox 2546 1688 2804 1757; x_wconf 85' lang='lat' dir='ltr'><strong>justitiam</strong></span> <span class='ocrx_word' id='word_1_235' title='bbox 2850 1689 2918 1744; x_wconf 90' lang='lat' dir='ltr'><strong>de</strong></span> <span class='ocrx_word' id='word_1_236' title='bbox 2982 1689 3118 1744; x_wconf 72' lang='lat' dir='ltr'><strong>rtelo</strong></span> <span class='ocrx_word' id='word_1_237' title='bbox 3165 1691 3361 1745; x_wconf 87' lang='lat' dir='ltr'><strong>asserit</strong></span> <span class='ocrx_word' id='word_1_238' title='bbox 3408 1693 3800 1760; x_wconf 76' lang='lat' dir='ltr'><strong>prospexisse.</strong></span> 
     </span>
    </p>
   </div>
   <div class='ocr_carea' id='block_1_16' title="bbox 531 1773 3803 1850">
    <p class='ocr_par' dir='ltr' id='par_1_16' title="bbox 531 1773 3803 1850">
     <span class='ocr_line' id='line_1_16' title="bbox 531 1773 3803 1850; baseline -0.001 -16"><span class='ocrx_word' id='word_1_239' title='bbox 531 1780 720 1850; x_wconf 78' lang='lat' dir='ltr'><strong>Opinor</strong></span> <span class='ocrx_word' id='word_1_240' title='bbox 765 1777 1035 1849; x_wconf 73' lang='lat' dir='ltr'><strong>ambigere</strong></span> <span class='ocrx_word' id='word_1_241' title='bbox 1074 1773 1457 1835; x_wconf 71' lang='lat' dir='ltr'><strong>Chrisﬂanum.</strong></span> <span class='ocrx_word' id='word_1_242' title='bbox 1489 1777 1696 1834; x_wconf 87' lang='lat' dir='ltr'><strong>Primus</strong></span> <span class='ocrx_word' id='word_1_243' title='bbox 1724 1791 1852 1849; x_wconf 89' lang='lat' dir='ltr'><strong>ergo</strong></span> <span class='ocrx_word' id='word_1_244' title='bbox 1876 1775 2100 1848; x_wconf 87' lang='lat' dir='ltr'><strong>populus</strong></span> <span class='ocrx_word' id='word_1_245' title='bbox 2202 1778 2331 1844; x_wconf 87' lang='lat' dir='ltr'><strong>Quia</strong></span> <span class='ocrx_word' id='word_1_246' title='bbox 2362 1778 2604 1833; x_wconf 84' lang='lat' dir='ltr'><strong>Christus</strong></span> <span class='ocrx_word' id='word_1_247' title='bbox 2645 1793 2710 1833; x_wconf 78' lang='lat' dir='ltr'><strong>ex</strong></span> <span class='ocrx_word' id='word_1_248' title='bbox 2759 1786 2984 1848; x_wconf 85' lang='lat' dir='ltr'><strong>utroque</strong></span> <span class='ocrx_word' id='word_1_249' title='bbox 3030 1779 3378 1834; x_wconf 77' lang='lat' dir='ltr'><strong>substantiam</strong></span> <span class='ocrx_word' id='word_1_250' title='bbox 3429 1779 3682 1844; x_wconf 80' lang='lat' dir='ltr'><strong>habens,</strong></span> <span class='ocrx_word' id='word_1_251' title='bbox 3738 1781 3803 1832; x_wconf 90' lang='lat' dir='ltr'><strong>de</strong></span> 
     </span>
    </p>
   </div>
   <div class='ocr_carea' id='block_1_17' title="bbox 529 1861 3800 1940">
    <p class='ocr_par' dir='ltr' id='par_1_17' title="bbox 529 1861 3800 1940">
     <span class='ocr_line' id='line_1_17' title="bbox 529 1861 3800 1940; baseline 0.001 -19"><span class='ocrx_word' id='word_1_252' title='bbox 529 1869 786 1937; x_wconf 84' lang='lat' dir='ltr'><strong>gentium,</strong></span> <span class='ocrx_word' id='word_1_253' title='bbox 807 1869 960 1939; x_wconf 83' lang='lat' dir='ltr'><strong>cujus</strong></span> <span class='ocrx_word' id='word_1_254' title='bbox 981 1867 1147 1924; x_wconf 76' lang='lat' dir='ltr'><strong>Jacob</strong></span> <span class='ocrx_word' id='word_1_255' title='bbox 1173 1869 1542 1940; x_wconf 66' lang='lat' dir='ltr'><strong>praeformabat</strong></span> <span class='ocrx_word' id='word_1_256' title='bbox 1571 1870 1878 1939; x_wconf 89' lang='lat' dir='ltr'><strong>imaginem,</strong></span> <span class='ocrx_word' id='word_1_257' title='bbox 1919 1884 1947 1921; x_wconf 90' lang='lat' dir='ltr'><strong>a</strong></span> <span class='ocrx_word' id='word_1_258' title='bbox 1977 1879 2101 1922; x_wconf 85' lang='lat' dir='ltr'><strong>rore</strong></span> <span class='ocrx_word' id='word_1_259' title='bbox 2130 1861 2175 1926; x_wconf 76' lang='grc' dir='ltr'><strong>Β</strong></span> <span class='ocrx_word' id='word_1_260' title='bbox 2201 1869 2341 1924; x_wconf 63' lang='lat' dir='ltr'><strong>coelo</strong></span> <span class='ocrx_word' id='word_1_261' title='bbox 2369 1870 2594 1935; x_wconf 77' lang='lat' dir='ltr'><strong>scilicet,</strong></span> <span class='ocrx_word' id='word_1_262' title='bbox 2623 1871 2746 1940; x_wconf 90' lang='lat' dir='ltr'><strong>quia</strong></span> <span class='ocrx_word' id='word_1_263' title='bbox 2774 1871 2841 1926; x_wconf 90' lang='lat' dir='ltr'><strong>de</strong></span> <span class='ocrx_word' id='word_1_264' title='bbox 2864 1870 3021 1926; x_wconf 84' lang='lat' dir='ltr'><strong>Patre</strong></span> <span class='ocrx_word' id='word_1_265' title='bbox 3040 1869 3284 1939; x_wconf 82' lang='lat' dir='ltr'><strong>genitus;</strong></span> <span class='ocrx_word' id='word_1_266' title='bbox 3309 1870 3376 1925; x_wconf 87' lang='lat' dir='ltr'><strong>de</strong></span> <span class='ocrx_word' id='word_1_267' title='bbox 3399 1879 3548 1925; x_wconf 84' lang='lat' dir='ltr'><strong>terra</strong></span> <span class='ocrx_word' id='word_1_268' title='bbox 3587 1882 3800 1932; x_wconf 84' lang='lat' dir='ltr'><strong>autem.</strong></span> 
     </span>
    </p>
   </div>
   <div class='ocr_carea' id='block_1_18' title="bbox 531 1955 3802 2030">
    <p class='ocr_par' dir='ltr' id='par_1_18' title="bbox 531 1955 3802 2030">
     <span class='ocr_line' id='line_1_18' title="bbox 531 1955 3802 2030; baseline -0 -18"><span class='ocrx_word' id='word_1_269' title='bbox 531 1959 650 2013; x_wconf 65' lang='grc' dir='ltr'><strong>οινιὶ</strong></span> <span class='ocrx_word' id='word_1_270' title='bbox 682 1967 736 2014; x_wconf 87' lang='lat' dir='ltr'><strong>et</strong></span> <span class='ocrx_word' id='word_1_271' title='bbox 766 1975 794 2014; x_wconf 91' lang='lat' dir='ltr'><strong>a</strong></span> <span class='ocrx_word' id='word_1_272' title='bbox 825 1959 1144 2030; x_wconf 75' lang='lat' dir='ltr'><strong>pinguedine</strong></span> <span class='ocrx_word' id='word_1_273' title='bbox 1179 1970 1363 2025; x_wconf 64' lang='lat' dir='ltr'><strong>terra,</strong></span> <span class='ocrx_word' id='word_1_274' title='bbox 1399 1957 1451 2014; x_wconf 90' lang='lat' dir='ltr'><strong>id</strong></span> <span class='ocrx_word' id='word_1_275' title='bbox 1487 1967 1570 2015; x_wconf 70' lang='lat' dir='ltr'><strong>est</strong></span> <span class='ocrx_word' id='word_1_276' title='bbox 1609 1955 1824 2014; x_wconf 85' lang='lat' dir='ltr'><strong>Christo</strong></span> <span class='ocrx_word' id='word_1_277' title='bbox 1845 1999 1859 2023; x_wconf 92' lang='lat'><strong>,</strong></span> <span class='ocrx_word' id='word_1_278' title='bbox 1885 1958 1975 2028; x_wconf 91' lang='lat' dir='ltr'><strong>qui</strong></span> <span class='ocrx_word' id='word_1_279' title='bbox 2015 1965 2100 2012; x_wconf 85' lang='lat' dir='ltr'><strong>est</strong></span> <span class='ocrx_word' id='word_1_280' title='bbox 2201 1960 2324 2029; x_wconf 86' lang='lat' dir='ltr'><strong>quia</strong></span> <span class='ocrx_word' id='word_1_281' title='bbox 2349 1969 2404 2014; x_wconf 90' lang='lat' dir='ltr'><strong>et</strong></span> <span class='ocrx_word' id='word_1_282' title='bbox 2432 1960 2501 2014; x_wconf 93' lang='lat' dir='ltr'><strong>de</strong></span> <span class='ocrx_word' id='word_1_283' title='bbox 2521 1969 2693 2016; x_wconf 86' lang='lat' dir='ltr'><strong>matre</strong></span> <span class='ocrx_word' id='word_1_284' title='bbox 2728 1971 2882 2014; x_wconf 90' lang='lat' dir='ltr'><strong>natus</strong></span> <span class='ocrx_word' id='word_1_285' title='bbox 2908 1969 3011 2025; x_wconf 86' lang='lat' dir='ltr'><strong>est,</strong></span> <span class='ocrx_word' id='word_1_286' title='bbox 3054 1960 3329 2028; x_wconf 84' lang='lat' dir='ltr'><strong>utriusque</strong></span> <span class='ocrx_word' id='word_1_287' title='bbox 3357 1961 3616 2029; x_wconf 84' lang='lat' dir='ltr'><strong>parentis</strong></span> <span class='ocrx_word' id='word_1_288' title='bbox 3640 1961 3802 2014; x_wconf 74' lang='lat' dir='ltr'><strong>habet</strong></span> 
     </span>
    </p>
   </div>
   <div class='ocr_carea' id='block_1_19' title="bbox 535 2044 3798 2123">
    <p class='ocr_par' dir='ltr' id='par_1_19' title="bbox 535 2044 3798 2123">
     <span class='ocr_line' id='line_1_19' title="bbox 535 2044 3798 2123; baseline -0.002 -20"><span class='ocrx_word' id='word_1_289' title='bbox 535 2045 675 2104; x_wconf 74' lang='lat' dir='ltr'><strong>Deus</strong></span> <span class='ocrx_word' id='word_1_290' title='bbox 716 2054 772 2104; x_wconf 82' lang='lat' dir='ltr'><strong>et</strong></span> <span class='ocrx_word' id='word_1_291' title='bbox 816 2049 995 2114; x_wconf 81' lang='lat' dir='ltr'><strong>homo,</strong></span> <span class='ocrx_word' id='word_1_292' title='bbox 1045 2044 1432 2104; x_wconf 85' lang='lat' dir='ltr'><strong>benedictionis</strong></span> <span class='ocrx_word' id='word_1_293' title='bbox 1464 2047 1686 2103; x_wconf 88' lang='lat' dir='ltr'><strong>sortitus</strong></span> <span class='ocrx_word' id='word_1_294' title='bbox 1713 2045 1960 2116; x_wconf 82' lang='lat' dir='ltr'><strong>gratiam,</strong></span> <span class='ocrx_word' id='word_1_295' title='bbox 1992 2044 2102 2099; x_wconf 35' lang='lat' dir='ltr'><strong>frus</strong></span> <span class='ocrx_word' id='word_1_296' title='bbox 2201 2053 2442 2122; x_wconf 62' lang='lat' dir='ltr'><strong>sei-iique</strong></span> <span class='ocrx_word' id='word_1_297' title='bbox 2477 2060 2736 2107; x_wconf 69' lang='lat' dir='ltr'><strong>naturam.</strong></span> <span class='ocrx_word' id='word_1_298' title='bbox 2778 2053 2821 2105; x_wconf 80' lang='grc' dir='ltr'><em>Α</em></span> <span class='ocrx_word' id='word_1_299' title='bbox 2847 2068 3042 2106; x_wconf 67' lang='lat' dir='ltr'><strong>summ</strong></span> <span class='ocrx_word' id='word_1_300' title='bbox 3069 2052 3180 2105; x_wconf 77' lang='grc' dir='ltr'><strong>εωιὶ</strong></span> <span class='ocrx_word' id='word_1_301' title='bbox 3206 2052 3426 2123; x_wconf 69' lang='lat' dir='ltr'><strong>egressio</strong></span> <span class='ocrx_word' id='word_1_302' title='bbox 3456 2055 3577 2123; x_wconf 59' lang='lat' dir='ltr'><strong>ejus</strong></span> <span class='ocrx_word' id='word_1_303' title='bbox 3618 2051 3798 2122; x_wconf 81' lang='lat' dir='ltr'><strong>(Psal.</strong></span> 
     </span>
    </p>
   </div>
   <div class='ocr_carea' id='block_1_20' title="bbox 533 2134 3798 2214">
    <p class='ocr_par' dir='ltr' id='par_1_20' title="bbox 533 2134 3798 2214">
     <span class='ocr_line' id='line_1_20' title="bbox 533 2134 3798 2214; baseline -0 -23"><span class='ocrx_word' id='word_1_304' title='bbox 533 2139 724 2209; x_wconf 88' lang='lat' dir='ltr'><strong>menti,</strong></span> <span class='ocrx_word' id='word_1_305' title='bbox 749 2147 804 2193; x_wconf 91' lang='lat' dir='ltr'><strong>et</strong></span> <span class='ocrx_word' id='word_1_306' title='bbox 824 2138 955 2205; x_wconf 83' lang='lat' dir='ltr'><strong>vini,</strong></span> <span class='ocrx_word' id='word_1_307' title='bbox 979 2147 1032 2194; x_wconf 90' lang='lat' dir='ltr'><strong>et</strong></span> <span class='ocrx_word' id='word_1_308' title='bbox 1057 2138 1160 2194; x_wconf 86' lang='lat' dir='ltr'><strong>olei</strong></span> <span class='ocrx_word' id='word_1_309' title='bbox 1191 2147 1274 2194; x_wconf 88' lang='lat' dir='ltr'><strong>est</strong></span> <span class='ocrx_word' id='word_1_310' title='bbox 1288 2138 1606 2194; x_wconf 84' lang='lat' dir='ltr'><strong>abundantia</strong></span> <span class='ocrx_word' id='word_1_311' title='bbox 1637 2136 1744 2208; x_wconf 68' lang='lat'><strong>29</strong></span> <span class='ocrx_word' id='word_1_312' title='bbox 1768 2134 2104 2199; x_wconf 82' lang='lat' dir='ltr'><strong>cumulatus;</strong></span> <span class='ocrx_word' id='word_1_313' title='bbox 2202 2159 2361 2209; x_wconf 72' lang='grc' dir='ltr'><strong>χγιιι,</strong></span> <span class='ocrx_word' id='word_1_314' title='bbox 2389 2142 2466 2214; x_wconf 81' lang='grc'><strong>7),</strong></span> <span class='ocrx_word' id='word_1_315' title='bbox 2520 2144 2796 2200; x_wconf 75' lang='lat' dir='ltr'><strong>Summum</strong></span> <span class='ocrx_word' id='word_1_316' title='bbox 2827 2145 2970 2199; x_wconf 67' lang='lat' dir='ltr'><strong>enim</strong></span> <span class='ocrx_word' id='word_1_317' title='bbox 3005 2142 3126 2199; x_wconf 73' lang='grc' dir='ltr'><strong>οωιί</strong></span> <span class='ocrx_word' id='word_1_318' title='bbox 3167 2142 3323 2198; x_wconf 69' lang='lat' dir='ltr'><strong>pater</strong></span> <span class='ocrx_word' id='word_1_319' title='bbox 3349 2161 3362 2194; x_wconf 73' lang='grc' dir='ltr'>ε</span> <span class='ocrx_word' id='word_1_320' title='bbox 3413 2142 3477 2196; x_wconf 79' lang='grc' dir='ltr'><strong>ει</strong></span> <span class='ocrx_word' id='word_1_321' title='bbox 3528 2144 3798 2211; x_wconf 70' lang='lat' dir='ltr'><strong>processio</strong></span> 
     </span>
    </p>
   </div>
   <div class='ocr_carea' id='block_1_21' title="bbox 533 2223 3798 2308">
    <p class='ocr_par' dir='ltr' id='par_1_21' title="bbox 533 2223 3798 2308">
     <span class='ocr_line' id='line_1_21' title="bbox 533 2223 3798 2308; baseline -0.004 -24"><span class='ocrx_word' id='word_1_322' title='bbox 533 2228 588 2284; x_wconf 90' lang='lat' dir='ltr'><strong>id</strong></span> <span class='ocrx_word' id='word_1_323' title='bbox 613 2238 696 2284; x_wconf 83' lang='lat' dir='ltr'><strong>est</strong></span> <span class='ocrx_word' id='word_1_324' title='bbox 729 2230 970 2300; x_wconf 85' lang='lat' dir='ltr'><strong>corporis</strong></span> <span class='ocrx_word' id='word_1_325' title='bbox 1015 2234 1071 2283; x_wconf 91' lang='lat' dir='ltr'><strong>et</strong></span> <span class='ocrx_word' id='word_1_326' title='bbox 1121 2229 1395 2298; x_wconf 79' lang='lat' dir='ltr'><strong>sanguinis</strong></span> <span class='ocrx_word' id='word_1_327' title='bbox 1437 2226 1660 2294; x_wconf 84' lang='lat' dir='ltr'><strong>Christi,</strong></span> <span class='ocrx_word' id='word_1_328' title='bbox 1703 2234 1762 2281; x_wconf 87' lang='lat' dir='ltr'><strong>et</strong></span> <span class='ocrx_word' id='word_1_329' title='bbox 1799 2223 2103 2280; x_wconf 86' lang='lat' dir='ltr'><strong>chrismatis</strong></span> <span class='ocrx_word' id='word_1_330' title='bbox 2201 2237 2312 2308; x_wconf 56' lang='lat' dir='ltr'><strong>eius</strong></span> <span class='ocrx_word' id='word_1_331' title='bbox 2337 2242 2576 2303; x_wconf 68' lang='lat' dir='ltr'><strong>tamquam</strong></span> <span class='ocrx_word' id='word_1_332' title='bbox 2607 2233 2779 2303; x_wconf 83' lang='lat' dir='ltr'><strong>sponsi</strong></span> <span class='ocrx_word' id='word_1_333' title='bbox 2805 2232 2991 2305; x_wconf 63' lang='lat' dir='ltr'><strong>(ibid,</strong></span> <span class='ocrx_word' id='word_1_334' title='bbox 3018 2232 3099 2302; x_wconf 72' lang='lat'><strong>6),</strong></span> <span class='ocrx_word' id='word_1_335' title='bbox 3133 2231 3201 2288; x_wconf 91' lang='lat' dir='ltr'><strong>de</strong></span> <span class='ocrx_word' id='word_1_336' title='bbox 3229 2231 3468 2286; x_wconf 83' lang='lat' dir='ltr'><strong>thalamo</strong></span> <span class='ocrx_word' id='word_1_337' title='bbox 3498 2234 3658 2286; x_wconf 72' lang='lat' dir='ltr'><strong>uteri</strong></span> <span class='ocrx_word' id='word_1_338' title='bbox 3693 2233 3798 2282; x_wconf 72' lang='lat' dir='ltr'><strong>vir-</strong></span> 
     </span>
    </p>
   </div>
   <div class='ocr_carea' id='block_1_22' title="bbox 531 2313 3792 2401">
    <p class='ocr_par' dir='ltr' id='par_1_22' title="bbox 531 2313 3792 2401">
     <span class='ocr_line' id='line_1_22' title="bbox 531 2313 3792 2401; baseline -0.003 -26"><span class='ocrx_word' id='word_1_339' title='bbox 531 2321 647 2387; x_wconf 79' lang='lat' dir='ltr'><strong>eius</strong></span> <span class='ocrx_word' id='word_1_340' title='bbox 670 2313 930 2391; x_wconf 78' lang='lat' dir='ltr'><strong>mysterio</strong></span> <span class='ocrx_word' id='word_1_341' title='bbox 954 2331 1316 2376; x_wconf 88' lang='lat' dir='ltr'><strong>consecratus.</strong></span> <span class='ocrx_word' id='word_1_342' title='bbox 1341 2319 1502 2388; x_wconf 81' lang='lat' dir='ltr'><strong>Cujus</strong></span> <span class='ocrx_word' id='word_1_343' title='bbox 1533 2320 1685 2373; x_wconf 73' lang='lat' dir='ltr'><strong>trina:</strong></span> <span class='ocrx_word' id='word_1_344' title='bbox 1717 2314 2104 2372; x_wconf 85' lang='lat' dir='ltr'><strong>benedictionis</strong></span> <span class='ocrx_word' id='word_1_345' title='bbox 2201 2321 2415 2393; x_wconf 54' lang='lat' dir='ltr'><strong>sinatis,</strong></span> <span class='ocrx_word' id='word_1_346' title='bbox 2463 2323 2613 2388; x_wconf 82' lang='lat' dir='ltr'><strong>Quod</strong></span> <span class='ocrx_word' id='word_1_347' title='bbox 2661 2323 2972 2392; x_wconf 59' lang='lat' dir='ltr'><strong>mysterium</strong></span> <span class='ocrx_word' id='word_1_348' title='bbox 3025 2323 3301 2390; x_wconf 61' lang='lat' dir='ltr'><strong>uti-iusque</strong></span> <span class='ocrx_word' id='word_1_349' title='bbox 3353 2332 3571 2401; x_wconf 57' lang='lat' dir='ltr'><strong>natura</strong></span> <span class='ocrx_word' id='word_1_350' title='bbox 3629 2323 3792 2372; x_wconf 74' lang='lat' dir='ltr'><strong>etiam</strong></span> 
     </span>
    </p>
   </div>
   <div class='ocr_carea' id='block_1_23' title="bbox 534 2408 3792 2482">
    <p class='ocr_par' dir='ltr' id='par_1_23' title="bbox 534 2408 3792 2482">
     <span class='ocr_line' id='line_1_23' title="bbox 534 2408 3792 2482; baseline -0.002 -16"><span class='ocrx_word' id='word_1_351' title='bbox 534 2408 875 2480; x_wconf 79' lang='lat' dir='ltr'><strong>tnnltiplio&#39;etn</strong></span> <span class='ocrx_word' id='word_1_352' title='bbox 902 2411 1152 2481; x_wconf 75' lang='lat' dir='ltr'><strong>gratiam,</strong></span> <span class='ocrx_word' id='word_1_353' title='bbox 1195 2409 1361 2465; x_wconf 85' lang='lat' dir='ltr'><strong>David</strong></span> <span class='ocrx_word' id='word_1_354' title='bbox 1399 2410 1558 2464; x_wconf 90' lang='lat' dir='ltr'><strong>etiam</strong></span> <span class='ocrx_word' id='word_1_355' title='bbox 1597 2421 1752 2464; x_wconf 87' lang='lat' dir='ltr'><strong>sacro</strong></span> <span class='ocrx_word' id='word_1_356' title='bbox 1779 2420 2104 2463; x_wconf 83' lang='lat' dir='ltr'><strong>commemo-</strong></span> <span class='ocrx_word' id='word_1_357' title='bbox 2205 2411 2368 2467; x_wconf 88' lang='lat' dir='ltr'><strong>Isaias</strong></span> <span class='ocrx_word' id='word_1_358' title='bbox 2413 2410 2601 2467; x_wconf 89' lang='lat' dir='ltr'><strong>iisdem</strong></span> <span class='ocrx_word' id='word_1_359' title='bbox 2648 2411 3119 2482; x_wconf 87' lang='lat' dir='ltr'><strong>signiﬁcationibus</strong></span> <span class='ocrx_word' id='word_1_360' title='bbox 3161 2413 3420 2481; x_wconf 81' lang='lat' dir='ltr'><strong>pandens,</strong></span> <span class='ocrx_word' id='word_1_361' title='bbox 3467 2412 3604 2466; x_wconf 65' lang='lat' dir='ltr'><strong>celi</strong></span> <span class='ocrx_word' id='word_1_362' title='bbox 3655 2410 3792 2462; x_wconf 77' lang='lat' dir='ltr'><strong>haud</strong></span> 
     </span>
    </p>
   </div>
   <div class='ocr_carea' id='block_1_24' title="bbox 533 2492 3789 2573">
    <p class='ocr_par' dir='ltr' id='par_1_24' title="bbox 533 2492 3789 2573">
     <span class='ocr_line' id='line_1_24' title="bbox 533 2492 3789 2573; baseline -0 -22"><span class='ocrx_word' id='word_1_363' title='bbox 533 2510 615 2554; x_wconf 83' lang='lat' dir='ltr'><strong>rat</strong></span> <span class='ocrx_word' id='word_1_364' title='bbox 646 2502 903 2566; x_wconf 79' lang='lat' dir='ltr'><strong>carmine,</strong></span> <span class='ocrx_word' id='word_1_365' title='bbox 930 2492 1112 2556; x_wconf 85' lang='lat' dir='ltr'><strong>dicens</strong></span> <span class='ocrx_word' id='word_1_366' title='bbox 1144 2519 1156 2554; x_wconf 93' lang='lat'><strong>:</strong></span> <span class='ocrx_word' id='word_1_367' title='bbox 1201 2501 1243 2554; x_wconf 80' lang='grc' dir='ltr'><strong><em>Α</em></strong></span> <span class='ocrx_word' id='word_1_368' title='bbox 1272 2510 1495 2573; x_wconf 86' lang='lat' dir='ltr'><strong>tempore</strong></span> <span class='ocrx_word' id='word_1_369' title='bbox 1517 2499 1774 2572; x_wconf 78' lang='lat' dir='ltr'><strong>frumenti,</strong></span> <span class='ocrx_word' id='word_1_370' title='bbox 1805 2499 1909 2551; x_wconf 77' lang='lat' dir='ltr'><strong>nini</strong></span> <span class='ocrx_word' id='word_1_371' title='bbox 1934 2506 1983 2551; x_wconf 85' lang='lat' dir='ltr'><strong>et</strong></span> <span class='ocrx_word' id='word_1_372' title='bbox 2006 2496 2106 2551; x_wconf 83' lang='lat' dir='ltr'><strong>olei</strong></span> <span class='ocrx_word' id='word_1_373' title='bbox 2210 2501 2426 2555; x_wconf 90' lang='lat' dir='ltr'><strong>dubium</strong></span> <span class='ocrx_word' id='word_1_374' title='bbox 2459 2510 2513 2557; x_wconf 92' lang='lat' dir='ltr'><strong>et</strong></span> <span class='ocrx_word' id='word_1_375' title='bbox 2535 2511 2714 2569; x_wconf 68' lang='lat' dir='ltr'><strong>terrae,</strong></span> <span class='ocrx_word' id='word_1_376' title='bbox 2743 2501 2819 2558; x_wconf 86' lang='lat' dir='ltr'><strong>sic</strong></span> <span class='ocrx_word' id='word_1_377' title='bbox 2850 2502 3057 2557; x_wconf 88' lang='lat' dir='ltr'><strong>locutus</strong></span> <span class='ocrx_word' id='word_1_378' title='bbox 3073 2510 3154 2556; x_wconf 85' lang='lat' dir='ltr'><strong>est</strong></span> <span class='ocrx_word' id='word_1_379' title='bbox 3173 2501 3382 2555; x_wconf 88' lang='lat' dir='ltr'><strong>dicens:</strong></span> <span class='ocrx_word' id='word_1_380' title='bbox 3411 2500 3634 2562; x_wconf 84' lang='lat' dir='ltr'><strong>Rorate,</strong></span> <span class='ocrx_word' id='word_1_381' title='bbox 3659 2499 3789 2558; x_wconf 76' lang='lat' dir='ltr'><strong>ccli.</strong></span> 
     </span>
    </p>
   </div>
   <div class='ocr_carea' id='block_1_25' title="bbox 538 2585 3791 2665">
    <p class='ocr_par' dir='ltr' id='par_1_25' title="bbox 538 2585 3791 2665">
     <span class='ocr_line' id='line_1_25' title="bbox 538 2585 3791 2665; baseline -0.003 -18"><span class='ocrx_word' id='word_1_382' title='bbox 538 2596 622 2648; x_wconf 79' lang='lat' dir='ltr'><strong>uti</strong></span> <span class='ocrx_word' id='word_1_383' title='bbox 658 2589 978 2663; x_wconf 74' lang='lat' dir='ltr'><strong>multiplicati</strong></span> <span class='ocrx_word' id='word_1_384' title='bbox 1017 2603 1135 2649; x_wconf 70' lang='lat' dir='ltr'><strong>sunt</strong></span> <span class='ocrx_word' id='word_1_385' title='bbox 1178 2585 1350 2665; x_wconf 77' lang='lat' dir='ltr'><strong>(Paul.</strong></span> <span class='ocrx_word' id='word_1_386' title='bbox 1403 2606 1476 2662; x_wconf 81' lang='lat' dir='ltr'><strong>tv,</strong></span> <span class='ocrx_word' id='word_1_387' title='bbox 1509 2593 1584 2663; x_wconf 74' lang='lat'><strong>8).</strong></span> <span class='ocrx_word' id='word_1_388' title='bbox 1639 2591 1776 2647; x_wconf 82' lang='lat' dir='ltr'><strong>Esau</strong></span> <span class='ocrx_word' id='word_1_389' title='bbox 1805 2601 1982 2644; x_wconf 87' lang='lat' dir='ltr'><strong>autem</strong></span> <span class='ocrx_word' id='word_1_390' title='bbox 2013 2590 2101 2658; x_wconf 86' lang='lat' dir='ltr'><strong>qui</strong></span> <span class='ocrx_word' id='word_1_391' title='bbox 2205 2591 2439 2662; x_wconf 80' lang='lat' dir='ltr'><strong>desuper,</strong></span> <span class='ocrx_word' id='word_1_392' title='bbox 2495 2601 2540 2645; x_wconf 82' lang='lat' dir='ltr'><strong>et</strong></span> <span class='ocrx_word' id='word_1_393' title='bbox 2568 2592 2725 2646; x_wconf 85' lang='lat' dir='ltr'><strong>nubes</strong></span> <span class='ocrx_word' id='word_1_394' title='bbox 2761 2592 2939 2661; x_wconf 78' lang='lat' dir='ltr'><strong>pluunt</strong></span> <span class='ocrx_word' id='word_1_395' title='bbox 2977 2592 3215 2662; x_wconf 74' lang='lat' dir='ltr'><strong>justum;</strong></span> <span class='ocrx_word' id='word_1_396' title='bbox 3257 2591 3520 2657; x_wconf 83' lang='lat' dir='ltr'><strong>aperiatur</strong></span> <span class='ocrx_word' id='word_1_397' title='bbox 3565 2601 3714 2642; x_wconf 78' lang='lat' dir='ltr'><strong>terra</strong></span> <span class='ocrx_word' id='word_1_398' title='bbox 3748 2597 3791 2638; x_wconf 86' lang='lat' dir='ltr'><strong>ct</strong></span> 
     </span>
    </p>
   </div>
   <div class='ocr_carea' id='block_1_26' title="bbox 534 2678 3339 2758">
    <p class='ocr_par' dir='ltr' id='par_1_26' title="bbox 534 2678 3339 2758">
     <span class='ocr_line' id='line_1_26' title="bbox 534 2678 3339 2758; baseline -0.002 -20"><span class='ocrx_word' id='word_1_399' title='bbox 534 2683 683 2752; x_wconf 85' lang='lat' dir='ltr'><strong>prior</strong></span> <span class='ocrx_word' id='word_1_400' title='bbox 707 2683 998 2739; x_wconf 81' lang='lat' dir='ltr'><strong>secundum</strong></span> <span class='ocrx_word' id='word_1_401' title='bbox 1025 2699 1241 2740; x_wconf 89' lang='lat' dir='ltr'><strong>carnem</strong></span> <span class='ocrx_word' id='word_1_402' title='bbox 1280 2684 1448 2747; x_wconf 80' lang='lat' dir='ltr'><strong>fuerat</strong></span> <span class='ocrx_word' id='word_1_403' title='bbox 1481 2693 1656 2758; x_wconf 71' lang='lat' dir='ltr'><strong>patos,</strong></span> <span class='ocrx_word' id='word_1_404' title='bbox 1686 2689 1869 2753; x_wconf 86' lang='lat' dir='ltr'><strong>typum</strong></span> <span class='ocrx_word' id='word_1_405' title='bbox 1897 2679 2103 2735; x_wconf 73' lang='lat' dir='ltr'><strong>Iudaici</strong></span> <span class='ocrx_word' id='word_1_406' title='bbox 2205 2683 2447 2750; x_wconf 83' lang='lat' dir='ltr'><strong>germinet</strong></span> <span class='ocrx_word' id='word_1_407' title='bbox 2481 2679 2797 2734; x_wconf 79' lang='lat' dir='ltr'><strong>Salvatorem</strong></span> <span class='ocrx_word' id='word_1_408' title='bbox 2819 2678 2971 2751; x_wconf 86' lang='lat' dir='ltr'><strong>(lsai.</strong></span> <span class='ocrx_word' id='word_1_409' title='bbox 3003 2695 3124 2746; x_wconf 69' lang='lat' dir='ltr'><strong>an,</strong></span> <span class='ocrx_word' id='word_1_410' title='bbox 3157 2679 3238 2747; x_wconf 90' lang='lat'><strong>8).</strong></span> <span class='ocrx_word' id='word_1_411' title='bbox 3333 2717 3339 2722; x_wconf 87' lang='grc'><strong><em>-</em></strong></span> 
     </span>
    </p>
   </div>
   <div class='ocr_carea' id='block_1_27' title="bbox 537 2754 3786 2847">
    <p class='ocr_par' dir='ltr' id='par_1_27' title="bbox 537 2754 3786 2847">
     <span class='ocr_line' id='line_1_27' title="bbox 537 2754 3786 2847; baseline -0.001 -25"><span class='ocrx_word' id='word_1_412' title='bbox 537 2772 714 2842; x_wconf 81' lang='lat' dir='ltr'><strong>populi</strong></span> <span class='ocrx_word' id='word_1_413' title='bbox 741 2774 1080 2844; x_wconf 87' lang='lat' dir='ltr'><strong>apertissime</strong></span> <span class='ocrx_word' id='word_1_414' title='bbox 1103 2781 1340 2844; x_wconf 76' lang='lat' dir='ltr'><strong>gestans,</strong></span> <span class='ocrx_word' id='word_1_415' title='bbox 1371 2754 1508 2829; x_wconf 16' lang='lat' dir='ltr'><strong>dum-ﬂ</strong></span> <span class='ocrx_word' id='word_1_416' title='bbox 1524 2773 1576 2828; x_wconf 91' lang='lat' dir='ltr'><strong>in</strong></span> <span class='ocrx_word' id='word_1_417' title='bbox 1597 2787 1726 2843; x_wconf 91' lang='lat' dir='ltr'><strong>agro</strong></span> <span class='ocrx_word' id='word_1_418' title='bbox 1749 2772 1880 2847; x_wconf 78' lang='lat' dir='ltr'><strong>legis</strong></span> <span class='ocrx_word' id='word_1_419' title='bbox 1905 2771 2104 2825; x_wconf 89' lang='lat' dir='ltr'><strong>diutius</strong></span> <span class='ocrx_word' id='word_1_420' title='bbox 2202 2833 2209 2842; x_wconf 22' lang='grc' dir='ltr'>ι</span> <span class='ocrx_word' id='word_1_421' title='bbox 2275 2769 2365 2825; x_wconf 79' lang='lat' dir='ltr'><strong>ix.</strong></span> <span class='ocrx_word' id='word_1_422' title='bbox 2408 2769 2539 2825; x_wconf 89' lang='lat' dir='ltr'><strong>Vide</strong></span> <span class='ocrx_word' id='word_1_423' title='bbox 2565 2783 2719 2839; x_wconf 84' lang='lat' dir='ltr'><strong>quam</strong></span> <span class='ocrx_word' id='word_1_424' title='bbox 2752 2770 3002 2824; x_wconf 90' lang='lat' dir='ltr'><strong>consonis</strong></span> <span class='ocrx_word' id='word_1_425' title='bbox 3023 2770 3220 2823; x_wconf 83' lang='lat' dir='ltr'><strong>veritas</strong></span> <span class='ocrx_word' id='word_1_426' title='bbox 3239 2767 3511 2821; x_wconf 89' lang='lat' dir='ltr'><strong>muniatur</strong></span> <span class='ocrx_word' id='word_1_427' title='bbox 3544 2765 3786 2836; x_wconf 76' lang='lat' dir='ltr'><strong>prophe-</strong></span> 
     </span>
    </p>
   </div>
   <div class='ocr_carea' id='block_1_28' title="bbox 537 2858 3786 2935">
    <p class='ocr_par' dir='ltr' id='par_1_28' title="bbox 537 2858 3786 2935">
     <span class='ocr_line' id='line_1_28' title="bbox 537 2858 3786 2935; baseline -0.003 -16"><span class='ocrx_word' id='word_1_428' title='bbox 537 2868 866 2932; x_wconf 84' lang='lat' dir='ltr'><strong>immoratur,</strong></span> <span class='ocrx_word' id='word_1_429' title='bbox 911 2867 1053 2935; x_wconf 86' lang='lat' dir='ltr'><strong>vagis</strong></span> <span class='ocrx_word' id='word_1_430' title='bbox 1101 2874 1156 2920; x_wconf 93' lang='lat' dir='ltr'><strong>et</strong></span> <span class='ocrx_word' id='word_1_431' title='bbox 1198 2865 1470 2935; x_wconf 78' lang='lat' dir='ltr'><strong>fugacibus</strong></span> <span class='ocrx_word' id='word_1_432' title='bbox 1515 2863 1806 2920; x_wconf 87' lang='lat' dir='ltr'><strong>carnalium</strong></span> <span class='ocrx_word' id='word_1_433' title='bbox 1849 2875 2104 2917; x_wconf 67' lang='lat' dir='ltr'><strong>sensuum</strong></span> <span class='ocrx_word' id='word_1_434' title='bbox 2207 2862 2308 2916; x_wconf 87' lang='lat' dir='ltr'><strong>tica</strong></span> <span class='ocrx_word' id='word_1_435' title='bbox 2335 2863 2653 2916; x_wconf 83' lang='lat' dir='ltr'><strong>auctoritate</strong></span> <span class='ocrx_word' id='word_1_436' title='bbox 2707 2861 3007 2917; x_wconf 87' lang='lat' dir='ltr'><strong>sententiis.</strong></span> <span class='ocrx_word' id='word_1_437' title='bbox 3039 2860 3191 2926; x_wconf 81' lang='lat' dir='ltr'><strong>Quod</strong></span> <span class='ocrx_word' id='word_1_438' title='bbox 3232 2861 3378 2914; x_wconf 77' lang='lat' dir='ltr'><strong>enim</strong></span> <span class='ocrx_word' id='word_1_439' title='bbox 3438 2858 3613 2912; x_wconf 82' lang='lat' dir='ltr'><strong>David</strong></span> <span class='ocrx_word' id='word_1_440' title='bbox 3666 2860 3786 2910; x_wconf 85' lang='lat' dir='ltr'><strong>ait:</strong></span> 
     </span>
    </p>
   </div>
   <div class='ocr_carea' id='block_1_29' title="bbox 536 2945 3788 3022">
    <p class='ocr_par' dir='ltr' id='par_1_29' title="bbox 536 2945 3788 3022">
     <span class='ocr_line' id='line_1_29' title="bbox 536 2945 3788 3022; baseline -0.003 -14"><span class='ocrx_word' id='word_1_441' title='bbox 536 2955 787 3011; x_wconf 78' lang='lat' dir='ltr'><strong>insistens</strong></span> <span class='ocrx_word' id='word_1_442' title='bbox 827 2956 1126 3022; x_wconf 80' lang='lat' dir='ltr'><strong>venatibus,</strong></span> <span class='ocrx_word' id='word_1_443' title='bbox 1159 2955 1242 3012; x_wconf 79' lang='lat' dir='ltr'><strong>vel</strong></span> <span class='ocrx_word' id='word_1_444' title='bbox 1272 2955 1590 3010; x_wconf 83' lang='lat' dir='ltr'><strong>transitoriis</strong></span> <span class='ocrx_word' id='word_1_445' title='bbox 1634 2953 1766 3022; x_wconf 87' lang='lat' dir='ltr'><strong>legis</strong></span> <span class='ocrx_word' id='word_1_446' title='bbox 1810 2951 2015 3006; x_wconf 88' lang='lat' dir='ltr'><strong>umbris</strong></span> <span class='ocrx_word' id='word_1_447' title='bbox 2045 2960 2099 3005; x_wconf 88' lang='lat' dir='ltr'><strong>et</strong></span> <span class='ocrx_word' id='word_1_448' title='bbox 2207 2951 2416 3006; x_wconf 72' lang='lat' dir='ltr'><strong>Iustitia</strong></span> <span class='ocrx_word' id='word_1_449' title='bbox 2455 2953 2518 3005; x_wconf 82' lang='lat' dir='ltr'><strong>de</strong></span> <span class='ocrx_word' id='word_1_450' title='bbox 2554 2952 2678 3005; x_wconf 74' lang='lat' dir='ltr'><strong>caelo</strong></span> <span class='ocrx_word' id='word_1_451' title='bbox 2715 2951 2992 3021; x_wconf 73' lang='lat' dir='ltr'><strong>prospesit,</strong></span> <span class='ocrx_word' id='word_1_452' title='bbox 3039 2951 3138 3005; x_wconf 89' lang='lat' dir='ltr'><strong>hoc</strong></span> <span class='ocrx_word' id='word_1_453' title='bbox 3180 2949 3342 3002; x_wconf 90' lang='lat' dir='ltr'><strong>Isaias</strong></span> <span class='ocrx_word' id='word_1_454' title='bbox 3373 2949 3550 3001; x_wconf 75' lang='lat' dir='ltr'><strong>dixit:</strong></span> <span class='ocrx_word' id='word_1_455' title='bbox 3613 2945 3788 2999; x_wconf 79' lang='lat' dir='ltr'><strong>Nubes</strong></span> 
     </span>
    </p>
   </div>
   <div class='ocr_carea' id='block_1_30' title="bbox 536 3038 3791 3118">
    <p class='ocr_par' dir='ltr' id='par_1_30' title="bbox 536 3038 3791 3118">
     <span class='ocr_line' id='line_1_30' title="bbox 536 3038 3791 3118; baseline -0.005 -16"><span class='ocrx_word' id='word_1_456' title='bbox 536 3047 854 3118; x_wconf 71' lang='lat' dir='ltr'><strong>imaginibus</strong></span> <span class='ocrx_word' id='word_1_457' title='bbox 897 3046 1292 3114; x_wconf 87' lang='lat' dir='ltr'><strong>obsecundans,</strong></span> <span class='ocrx_word' id='word_1_458' title='bbox 1339 3059 1527 3102; x_wconf 85' lang='lat' dir='ltr'><strong>servus</strong></span> <span class='ocrx_word' id='word_1_459' title='bbox 1573 3045 1720 3100; x_wconf 85' lang='lat' dir='ltr'><strong>venit</strong></span> <span class='ocrx_word' id='word_1_460' title='bbox 1763 3043 1830 3096; x_wconf 91' lang='lat' dir='ltr'><strong>ad</strong></span> <span class='ocrx_word' id='word_1_461' title='bbox 1880 3041 2105 3112; x_wconf 81' lang='lat' dir='ltr'><strong>gratiam</strong></span> <span class='ocrx_word' id='word_1_462' title='bbox 2209 3043 2391 3113; x_wconf 78' lang='lat' dir='ltr'><strong>pluunt</strong></span> <span class='ocrx_word' id='word_1_463' title='bbox 2407 3045 2620 3114; x_wconf 84' lang='lat' dir='ltr'><strong>justum.</strong></span> <span class='ocrx_word' id='word_1_464' title='bbox 2659 3044 2724 3098; x_wconf 85' lang='lat' dir='ltr'><strong>Et</strong></span> <span class='ocrx_word' id='word_1_465' title='bbox 2759 3042 2898 3112; x_wconf 88' lang='lat' dir='ltr'><strong>quod</strong></span> <span class='ocrx_word' id='word_1_466' title='bbox 2939 3043 3026 3096; x_wconf 90' lang='lat' dir='ltr'><strong>ille</strong></span> <span class='ocrx_word' id='word_1_467' title='bbox 3061 3041 3369 3108; x_wconf 58' lang='lat' dir='ltr'><strong>subiunxit:</strong></span> <span class='ocrx_word' id='word_1_468' title='bbox 3403 3038 3474 3094; x_wconf 83' lang='lat' dir='ltr'><strong>Et</strong></span> <span class='ocrx_word' id='word_1_469' title='bbox 3502 3049 3649 3092; x_wconf 79' lang='lat' dir='ltr'><strong>terra</strong></span> <span class='ocrx_word' id='word_1_470' title='bbox 3702 3053 3791 3088; x_wconf 82' lang='lat' dir='ltr'><strong>uo-</strong></span> 
     </span>
    </p>
   </div>
   <div class='ocr_carea' id='block_1_31' title="bbox 536 3131 3787 3207">
    <p class='ocr_par' dir='ltr' id='par_1_31' title="bbox 536 3131 3787 3207">
     <span class='ocr_line' id='line_1_31' title="bbox 536 3131 3787 3207; baseline -0.004 -16"><span class='ocrx_word' id='word_1_471' title='bbox 536 3136 692 3206; x_wconf 69' lang='grc' dir='ltr'><strong>(ϐαι.</strong></span> <span class='ocrx_word' id='word_1_472' title='bbox 724 3145 850 3203; x_wconf 74' lang='lat' dir='ltr'><strong>xxv,</strong></span> <span class='ocrx_word' id='word_1_473' title='bbox 871 3136 984 3206; x_wconf 69' lang='lat'><strong>97).</strong></span> <span class='ocrx_word' id='word_1_474' title='bbox 1016 3137 1132 3205; x_wconf 88' lang='lat' dir='ltr'><strong>ipse</strong></span> <span class='ocrx_word' id='word_1_475' title='bbox 1160 3145 1244 3192; x_wconf 88' lang='lat' dir='ltr'><strong>est</strong></span> <span class='ocrx_word' id='word_1_476' title='bbox 1272 3135 1361 3192; x_wconf 87' lang='lat' dir='ltr'><strong>ille</strong></span> <span class='ocrx_word' id='word_1_477' title='bbox 1377 3135 1715 3205; x_wconf 83' lang='lat' dir='ltr'><strong>evangelicus</strong></span> <span class='ocrx_word' id='word_1_478' title='bbox 1734 3132 1914 3186; x_wconf 86' lang='lat' dir='ltr'><strong>senior</strong></span> <span class='ocrx_word' id='word_1_479' title='bbox 1942 3131 2104 3196; x_wconf 84' lang='lat' dir='ltr'><strong>ﬁlius,</strong></span> <span class='ocrx_word' id='word_1_480' title='bbox 2208 3146 2316 3190; x_wconf 73' lang='lat' dir='ltr'><strong>ma</strong></span> <span class='ocrx_word' id='word_1_481' title='bbox 2342 3135 2481 3190; x_wconf 68' lang='lat' dir='ltr'><strong>dabit</strong></span> <span class='ocrx_word' id='word_1_482' title='bbox 2506 3136 2728 3207; x_wconf 65' lang='lat' dir='ltr'><strong>fructum</strong></span> <span class='ocrx_word' id='word_1_483' title='bbox 2753 3149 2921 3197; x_wconf 68' lang='lat' dir='ltr'><strong>suum,</strong></span> <span class='ocrx_word' id='word_1_484' title='bbox 2954 3133 3056 3188; x_wconf 81' lang='lat' dir='ltr'><strong>hoc</strong></span> <span class='ocrx_word' id='word_1_485' title='bbox 3085 3134 3185 3187; x_wconf 74' lang='lat' dir='ltr'><strong>ista</strong></span> <span class='ocrx_word' id='word_1_486' title='bbox 3227 3131 3428 3186; x_wconf 74' lang='lat' dir='ltr'><strong>addidit</strong></span> <span class='ocrx_word' id='word_1_487' title='bbox 3455 3146 3471 3186; x_wconf 84' lang='lat'><strong>:</strong></span> <span class='ocrx_word' id='word_1_488' title='bbox 3506 3132 3787 3200; x_wconf 61' lang='lat' dir='ltr'><strong>aperiam</strong></span> 
     </span>
    </p>
   </div>
   <div class='ocr_carea' id='block_1_32' title="bbox 535 3219 3789 3300">
    <p class='ocr_par' dir='ltr' id='par_1_32' title="bbox 535 3219 3789 3300">
     <span class='ocr_line' id='line_1_32' title="bbox 535 3219 3789 3300; baseline -0.007 -5"><span class='ocrx_word' id='word_1_489' title='bbox 535 3227 623 3294; x_wconf 68' lang='lat' dir='ltr'><strong>‘lni</strong></span> <span class='ocrx_word' id='word_1_490' title='bbox 663 3223 786 3280; x_wconf 71' lang='lat' dir='ltr'><strong>dm“</strong></span> <span class='ocrx_word' id='word_1_491' title='bbox 825 3225 1066 3290; x_wconf 63' lang='lat' dir='ltr'><strong>&quot;&#39;riss‘id</strong></span> <span class='ocrx_word' id='word_1_492' title='bbox 1096 3232 1179 3280; x_wconf 69' lang='grc' dir='ltr'><strong>εει</strong></span> <span class='ocrx_word' id='word_1_493' title='bbox 1207 3225 1339 3295; x_wconf 66' lang='grc'><strong>³881³</strong></span> <span class='ocrx_word' id='word_1_494' title='bbox 1366 3225 1622 3280; x_wconf 58' lang='lat' dir='ltr'><strong>exercitio</strong></span> <span class='ocrx_word' id='word_1_495' title='bbox 1650 3229 1962 3290; x_wconf 68' lang='grc' dir='ltr'><strong>οεουΡθωΓν</strong></span> <span class='ocrx_word' id='word_1_496' title='bbox 1993 3219 2105 3273; x_wconf 61' lang='lat' dir='ltr'><strong>alii&quot;</strong></span> <span class='ocrx_word' id='word_1_497' title='bbox 2131 3223 2177 3285; x_wconf 86' lang='lat' dir='ltr'><strong>C</strong></span> <span class='ocrx_word' id='word_1_498' title='bbox 2209 3237 2364 3295; x_wconf 80' lang='lat' dir='ltr'><strong>terra,</strong></span> <span class='ocrx_word' id='word_1_499' title='bbox 2418 3236 2464 3282; x_wconf 90' lang='lat' dir='ltr'><strong>et</strong></span> <span class='ocrx_word' id='word_1_500' title='bbox 2517 3221 2759 3300; x_wconf 80' lang='lat' dir='ltr'><strong>germinet</strong></span> <span class='ocrx_word' id='word_1_501' title='bbox 2810 3227 3158 3289; x_wconf 80' lang='lat' dir='ltr'><strong>Salvatorem;</strong></span> <span class='ocrx_word' id='word_1_502' title='bbox 3219 3223 3500 3292; x_wconf 69' lang='lat' dir='ltr'><strong>perspicuo</strong></span> <span class='ocrx_word' id='word_1_503' title='bbox 3544 3223 3686 3276; x_wconf 83' lang='lat' dir='ltr'><strong>satis</strong></span> <span class='ocrx_word' id='word_1_504' title='bbox 3738 3230 3789 3272; x_wconf 86' lang='lat' dir='ltr'><strong>et</strong></span> 
     </span>
    </p>
   </div>
   <div class='ocr_carea' id='block_1_33' title="bbox 495 3300 2012 3392">
    <p class='ocr_par' dir='ltr' id='par_1_33' title="bbox 495 3300 2012 3385">
     <span class='ocr_line' id='line_1_33' title="bbox 495 3300 2012 3385; baseline -0.006 -14"><span class='ocrx_word' id='word_1_505' title='bbox 495 3316 710 3372; x_wconf 84' lang='lat' dir='ltr'><strong>,crlure</strong></span> <span class='ocrx_word' id='word_1_506' title='bbox 747 3315 975 3385; x_wconf 75' lang='lat' dir='ltr'><strong>iunioris</strong></span> <span class='ocrx_word' id='word_1_507' title='bbox 1019 3300 1278 3371; x_wconf 79' lang='lat' dir='ltr'><strong>industria</strong></span> <span class='ocrx_word' id='word_1_508' title='bbox 1319 3314 1663 3385; x_wconf 63' lang='lat' dir='ltr'><strong>praevenitur,</strong></span> <span class='ocrx_word' id='word_1_509' title='bbox 1701 3309 1928 3380; x_wconf 64' lang='lat' dir='ltr'><strong>saginati</strong></span> <span class='ocrx_word' id='word_1_510' title='bbox 1955 3309 2012 3362; x_wconf 89' lang='lat' dir='ltr'><strong>vi</strong></span> 
     </span>
    </p>
   </div>
   <div class='ocr_carea' id='block_1_34' title="bbox 2266 3300 3783 3392">
    <p class='ocr_par' dir='ltr' id='par_1_34' title="bbox 2266 3309 3783 3389">
     <span class='ocr_line' id='line_1_34' title="bbox 2266 3309 3783 3389; baseline -0.011 -11"><span class='ocrx_word' id='word_1_511' title='bbox 2266 3329 2415 3387; x_wconf 67' lang='lat' dir='ltr'><strong>uerto,</strong></span> <span class='ocrx_word' id='word_1_512' title='bbox 2445 3320 2552 3375; x_wconf 86' lang='lat' dir='ltr'><strong>imo</strong></span> <span class='ocrx_word' id='word_1_513' title='bbox 2592 3319 2805 3389; x_wconf 88' lang='lat' dir='ltr'><strong>proprio</strong></span> <span class='ocrx_word' id='word_1_514' title='bbox 2835 3318 2952 3373; x_wconf 80' lang='lat' dir='ltr'><strong>Filii</strong></span> <span class='ocrx_word' id='word_1_515' title='bbox 2992 3316 3082 3371; x_wconf 90' lang='lat' dir='ltr'><strong>Dei</strong></span> <span class='ocrx_word' id='word_1_516' title='bbox 3133 3316 3350 3369; x_wconf 86' lang='lat' dir='ltr'><strong>nomine</strong></span> <span class='ocrx_word' id='word_1_517' title='bbox 3379 3327 3534 3377; x_wconf 86' lang='lat' dir='ltr'><strong>usus;</strong></span> <span class='ocrx_word' id='word_1_518' title='bbox 3587 3321 3647 3364; x_wconf 89' lang='lat' dir='ltr'><strong>ut</strong></span> <span class='ocrx_word' id='word_1_519' title='bbox 3679 3309 3783 3362; x_wconf 87' lang='lat' dir='ltr'><strong>fru-</strong></span> 
     </span>
    </p>
   </div>
   <div class='ocr_carea' id='block_1_35' title="bbox 538 3399 2055 3485">
    <p class='ocr_par' dir='ltr' id='par_1_35' title="bbox 538 3401 2055 3475">
     <span class='ocr_line' id='line_1_35' title="bbox 538 3401 2055 3475; baseline -0.008 -14"><span class='ocrx_word' id='word_1_520' title='bbox 538 3407 791 3462; x_wconf 81' lang='lat' dir='ltr'><strong>carnibus</strong></span> <span class='ocrx_word' id='word_1_521' title='bbox 809 3403 1153 3461; x_wconf 81' lang='lat' dir='ltr'><strong>defraudatur</strong></span> <span class='ocrx_word' id='word_1_522' title='bbox 1179 3405 1332 3475; x_wconf 79' lang='lat' dir='ltr'><strong>(Luc.</strong></span> <span class='ocrx_word' id='word_1_523' title='bbox 1358 3404 1480 3474; x_wconf 78' lang='lat' dir='ltr'><strong>xv).</strong></span> <span class='ocrx_word' id='word_1_524' title='bbox 1515 3405 1680 3460; x_wconf 53' lang='lat' dir='ltr'><strong>Casio</strong></span> <span class='ocrx_word' id='word_1_525' title='bbox 1707 3403 1866 3471; x_wconf 86' lang='lat' dir='ltr'><strong>igitur</strong></span> <span class='ocrx_word' id='word_1_526' title='bbox 1883 3408 1940 3456; x_wconf 90' lang='lat' dir='ltr'><strong>et</strong></span> <span class='ocrx_word' id='word_1_527' title='bbox 1960 3401 2055 3454; x_wconf 70' lang='lat' dir='ltr'><strong>ina:</strong></span> 
     </span>
    </p>
   </div>
   <div class='ocr_carea' id='block_1_36' title="bbox 2269 3399 3786 3485">
    <p class='ocr_par' dir='ltr' id='par_1_36' title="bbox 2269 3404 3786 3485">
     <span class='ocr_line' id='line_1_36' title="bbox 2269 3404 3786 3485; baseline -0.013 -14"><span class='ocrx_word' id='word_1_528' title='bbox 2269 3431 2350 3472; x_wconf 86' lang='lat' dir='ltr'><strong>um</strong></span> <span class='ocrx_word' id='word_1_529' title='bbox 2395 3425 2449 3471; x_wconf 90' lang='lat' dir='ltr'><strong>et</strong></span> <span class='ocrx_word' id='word_1_530' title='bbox 2472 3428 2689 3485; x_wconf 89' lang='lat' dir='ltr'><strong>germen</strong></span> <span class='ocrx_word' id='word_1_531' title='bbox 2722 3422 2876 3467; x_wconf 71' lang='lat' dir='ltr'><strong>terra:</strong></span> <span class='ocrx_word' id='word_1_532' title='bbox 2904 3411 3098 3480; x_wconf 58' lang='lat' dir='ltr'><strong>sapius</strong></span> <span class='ocrx_word' id='word_1_533' title='bbox 3125 3411 3176 3462; x_wconf 91' lang='lat' dir='ltr'><strong>in</strong></span> <span class='ocrx_word' id='word_1_534' title='bbox 3213 3407 3498 3477; x_wconf 85' lang='lat' dir='ltr'><strong>prophetia</strong></span> <span class='ocrx_word' id='word_1_535' title='bbox 3542 3404 3786 3459; x_wconf 87' lang='lat' dir='ltr'><strong>omina-</strong></span> 
     </span>
    </p>
   </div>
   <div class='ocr_carea' id='block_1_37' title="bbox 537 3492 2054 3576">
    <p class='ocr_par' dir='ltr' id='par_1_37' title="bbox 537 3492 2054 3571">
     <span class='ocr_line' id='line_1_37' title="bbox 537 3492 2054 3571; baseline -0.008 -15"><span class='ocrx_word' id='word_1_536' title='bbox 537 3504 887 3571; x_wconf 71' lang='lat' dir='ltr'><strong>semet‘psum</strong></span> <span class='ocrx_word' id='word_1_537' title='bbox 930 3499 1111 3554; x_wconf 84' lang='lat' dir='ltr'><strong>labore</strong></span> <span class='ocrx_word' id='word_1_538' title='bbox 1157 3506 1461 3561; x_wconf 85' lang='lat' dir='ltr'><strong>conterens,</strong></span> <span class='ocrx_word' id='word_1_539' title='bbox 1507 3496 1655 3552; x_wconf 86' lang='lat' dir='ltr'><strong>audit</strong></span> <span class='ocrx_word' id='word_1_540' title='bbox 1685 3510 1714 3550; x_wconf 91' lang='lat' dir='ltr'><strong>a</strong></span> <span class='ocrx_word' id='word_1_541' title='bbox 1744 3503 1894 3565; x_wconf 88' lang='lat' dir='ltr'><strong>patre</strong></span> <span class='ocrx_word' id='word_1_542' title='bbox 1925 3511 1940 3546; x_wconf 93' lang='lat'><strong>:</strong></span> <span class='ocrx_word' id='word_1_543' title='bbox 1975 3492 2054 3546; x_wconf 67' lang='grc' dir='ltr'><strong>Ρη</strong></span> 
     </span>
    </p>
   </div>
   <div class='ocr_carea' id='block_1_38' title="bbox 2266 3492 3783 3576">
    <p class='ocr_par' dir='ltr' id='par_1_38' title="bbox 2267 3492 3783 3576">
     <span class='ocr_line' id='line_1_38' title="bbox 2267 3492 3783 3576; baseline -0.013 -12"><span class='ocrx_word' id='word_1_544' title='bbox 2267 3524 2343 3576; x_wconf 86' lang='lat' dir='ltr'><strong>m,</strong></span> <span class='ocrx_word' id='word_1_545' title='bbox 2373 3492 2705 3562; x_wconf 82' lang='lat' dir='ltr'><strong>nativitatem</strong></span> <span class='ocrx_word' id='word_1_546' title='bbox 2729 3503 2922 3560; x_wconf 86' lang='lat' dir='ltr'><strong>Christi</strong></span> <span class='ocrx_word' id='word_1_547' title='bbox 2953 3518 3016 3556; x_wconf 84' lang='lat' dir='ltr'><strong>ex</strong></span> <span class='ocrx_word' id='word_1_548' title='bbox 3047 3501 3208 3554; x_wconf 77' lang='lat' dir='ltr'><strong>Maria</strong></span> <span class='ocrx_word' id='word_1_549' title='bbox 3237 3513 3357 3554; x_wconf 86' lang='lat' dir='ltr'><strong>esse</strong></span> <span class='ocrx_word' id='word_1_550' title='bbox 3381 3498 3558 3552; x_wconf 90' lang='lat' dir='ltr'><strong>nullus</strong></span> <span class='ocrx_word' id='word_1_551' title='bbox 3587 3495 3783 3549; x_wconf 66' lang='lat' dir='ltr'><strong>audeat</strong></span> 
     </span>
    </p>
   </div>
   <div class='ocr_carea' id='block_1_39' title="bbox 536 3580 3782 3664">
    <p class='ocr_par' dir='ltr' id='par_1_39' title="bbox 536 3580 3782 3664">
     <span class='ocr_line' id='line_1_39' title="bbox 536 3580 3782 3664; baseline -0.008 -6"><span class='ocrx_word' id='word_1_552' title='bbox 536 3593 730 3646; x_wconf 76' lang='lat' dir='ltr'><strong>strain</strong></span> <span class='ocrx_word' id='word_1_553' title='bbox 767 3590 851 3646; x_wconf 79' lang='lat' dir='ltr'><strong>his</strong></span> <span class='ocrx_word' id='word_1_554' title='bbox 881 3591 1131 3646; x_wconf 74' lang='lat' dir='ltr'><strong>omnibus</strong></span> <span class='ocrx_word' id='word_1_555' title='bbox 1173 3590 1462 3651; x_wconf 64' lang='lat' dir='ltr'><strong>exerceris.</strong></span> <span class='ocrx_word' id='word_1_556' title='bbox 1510 3595 1567 3644; x_wconf 72' lang='lat' dir='ltr'><strong>et</strong></span> <span class='ocrx_word' id='word_1_557' title='bbox 1617 3587 1754 3641; x_wconf 71' lang='lat' dir='ltr'><strong>ultra</strong></span> <span class='ocrx_word' id='word_1_558' title='bbox 1805 3595 2106 3653; x_wconf 71' lang='lat' dir='ltr'><strong>temporum</strong></span> <span class='ocrx_word' id='word_1_559' title='bbox 2207 3599 2475 3654; x_wconf 92' lang='lat' dir='ltr'><strong>dubitare.</strong></span> <span class='ocrx_word' id='word_1_560' title='bbox 2529 3597 2606 3651; x_wconf 88' lang='lat' dir='ltr'><strong>De</strong></span> <span class='ocrx_word' id='word_1_561' title='bbox 2653 3609 2761 3664; x_wconf 91' lang='lat' dir='ltr'><strong>quo</strong></span> <span class='ocrx_word' id='word_1_562' title='bbox 2804 3591 3044 3664; x_wconf 86' lang='lat' dir='ltr'><strong>germine</strong></span> <span class='ocrx_word' id='word_1_563' title='bbox 3071 3589 3151 3644; x_wconf 86' lang='lat' dir='ltr'><strong>vel</strong></span> <span class='ocrx_word' id='word_1_564' title='bbox 3198 3589 3369 3643; x_wconf 86' lang='lat' dir='ltr'><strong>fructu</strong></span> <span class='ocrx_word' id='word_1_565' title='bbox 3424 3586 3565 3647; x_wconf 86' lang='lat' dir='ltr'><strong>idem</strong></span> <span class='ocrx_word' id='word_1_566' title='bbox 3611 3580 3782 3636; x_wconf 85' lang='lat' dir='ltr'><strong>adhuc</strong></span> 
     </span>
    </p>
   </div>
   <div class='ocr_carea' id='block_1_40' title="bbox 538 3673 3780 3759">
    <p class='ocr_par' dir='ltr' id='par_1_40' title="bbox 538 3673 3780 3759">
     <span class='ocr_line' id='line_1_40' title="bbox 538 3673 3780 3759; baseline -0.008 -21"><span class='ocrx_word' id='word_1_567' title='bbox 538 3681 898 3738; x_wconf 85' lang='lat' dir='ltr'><strong>conditionem</strong></span> <span class='ocrx_word' id='word_1_568' title='bbox 939 3681 1088 3754; x_wconf 87' lang='lat' dir='ltr'><strong>(Cod.</strong></span> <span class='ocrx_word' id='word_1_569' title='bbox 1137 3679 1289 3754; x_wconf 59' lang='grc' dir='ltr'><strong>Κεφ,</strong></span> <span class='ocrx_word' id='word_1_570' title='bbox 1339 3675 1817 3747; x_wconf 85' lang='lat' dir='ltr'><strong>constitutionem),</strong></span> <span class='ocrx_word' id='word_1_571' title='bbox 1861 3673 2105 3745; x_wconf 81' lang='lat' dir='ltr'><strong>legalium</strong></span> <span class='ocrx_word' id='word_1_572' title='bbox 2209 3689 2372 3744; x_wconf 59' lang='lat' dir='ltr'><strong>[sagas</strong></span> <span class='ocrx_word' id='word_1_573' title='bbox 2401 3687 2657 3759; x_wconf 55' lang='lat' dir='ltr'><strong>loquitur,</strong></span> <span class='ocrx_word' id='word_1_574' title='bbox 2691 3685 2918 3741; x_wconf 62' lang='lat' dir='ltr'><strong>dicens:</strong></span> <span class='ocrx_word' id='word_1_575' title='bbox 2965 3681 3031 3736; x_wconf 79' lang='grc' dir='ltr'><strong>ιη</strong></span> <span class='ocrx_word' id='word_1_576' title='bbox 3074 3683 3156 3734; x_wconf 59' lang='lat' dir='ltr'><strong>die</strong></span> <span class='ocrx_word' id='word_1_577' title='bbox 3199 3680 3292 3733; x_wconf 73' lang='grc' dir='ltr'><strong>ειια</strong></span> <span class='ocrx_word' id='word_1_578' title='bbox 3321 3679 3414 3731; x_wconf 57' lang='lat' dir='ltr'><strong>&quot;ii</strong></span> <span class='ocrx_word' id='word_1_579' title='bbox 3443 3689 3647 3747; x_wconf 55' lang='lat' dir='ltr'><strong>germen</strong></span> <span class='ocrx_word' id='word_1_580' title='bbox 3680 3674 3780 3726; x_wconf 65' lang='grc' dir='ltr'><strong>ορ-</strong></span> 
     </span>
    </p>
   </div>
   <div class='ocr_carea' id='block_1_41' title="bbox 537 3767 2054 3849">
    <p class='ocr_par' dir='ltr' id='par_1_41' title="bbox 537 3767 2054 3842">
     <span class='ocr_line' id='line_1_41' title="bbox 537 3767 2054 3842; baseline -0.005 -15"><span class='ocrx_word' id='word_1_581' title='bbox 537 3773 878 3828; x_wconf 80' lang='lat' dir='ltr'><strong>decre&#39;orum</strong></span> <span class='ocrx_word' id='word_1_582' title='bbox 925 3770 1258 3842; x_wconf 89' lang='lat' dir='ltr'><strong>dogmatibus</strong></span> <span class='ocrx_word' id='word_1_583' title='bbox 1296 3769 1575 3838; x_wconf 86' lang='lat' dir='ltr'><strong>occuparis</strong></span> <span class='ocrx_word' id='word_1_584' title='bbox 1607 3787 1618 3820; x_wconf 89' lang='lat'><strong>:</strong></span> <span class='ocrx_word' id='word_1_585' title='bbox 1665 3767 1932 3821; x_wconf 87' lang='lat' dir='ltr'><strong>arbitrans</strong></span> <span class='ocrx_word' id='word_1_586' title='bbox 1961 3773 2054 3819; x_wconf 82' lang='lat' dir='ltr'><strong>tet</strong></span> 
     </span>
    </p>
   </div>
   <div class='ocr_carea' id='block_1_42' title="bbox 2260 3767 3777 3849">
    <p class='ocr_par' dir='ltr' id='par_1_42' title="bbox 2262 3769 3777 3849">
     <span class='ocr_line' id='line_1_42' title="bbox 2262 3769 3777 3849; baseline -0.014 -14"><span class='ocrx_word' id='word_1_587' title='bbox 2262 3779 2334 3834; x_wconf 88' lang='lat' dir='ltr'><strong>ini</strong></span> <span class='ocrx_word' id='word_1_588' title='bbox 2357 3781 2408 3833; x_wconf 88' lang='lat' dir='ltr'><strong>in</strong></span> <span class='ocrx_word' id='word_1_589' title='bbox 2436 3777 2813 3849; x_wconf 78' lang='lat' dir='ltr'><strong>magniﬁcentia</strong></span> <span class='ocrx_word' id='word_1_590' title='bbox 2843 3781 2930 3829; x_wconf 90' lang='lat' dir='ltr'><strong>:et</strong></span> <span class='ocrx_word' id='word_1_591' title='bbox 2959 3773 3148 3845; x_wconf 86' lang='lat' dir='ltr'><strong>gloria,</strong></span> <span class='ocrx_word' id='word_1_592' title='bbox 3207 3779 3254 3824; x_wconf 90' lang='lat' dir='ltr'><strong>et</strong></span> <span class='ocrx_word' id='word_1_593' title='bbox 3294 3769 3489 3840; x_wconf 75' lang='lat' dir='ltr'><strong>fructus</strong></span> <span class='ocrx_word' id='word_1_594' title='bbox 3518 3775 3669 3820; x_wconf 75' lang='lat' dir='ltr'><strong>terra:</strong></span> <span class='ocrx_word' id='word_1_595' title='bbox 3695 3782 3777 3816; x_wconf 86' lang='lat' dir='ltr'><strong>su-</strong></span> 
     </span>
    </p>
   </div>
   <div class='ocr_carea' id='block_1_43' title="bbox 542 3853 3776 3940">
    <p class='ocr_par' dir='ltr' id='par_1_43' title="bbox 542 3853 3776 3940">
     <span class='ocr_line' id='line_1_43' title="bbox 542 3853 3776 3940; baseline -0.007 -7"><span class='ocrx_word' id='word_1_596' title='bbox 542 3865 660 3933; x_wconf 79' lang='lat' dir='ltr'><strong>Iese</strong></span> <span class='ocrx_word' id='word_1_597' title='bbox 687 3863 1076 3918; x_wconf 65' lang='lat' dir='ltr'><strong>benedictionis</strong></span> <span class='ocrx_word' id='word_1_598' title='bbox 1111 3862 1332 3931; x_wconf 65' lang='lat' dir='ltr'><strong>statim</strong></span> <span class='ocrx_word' id='word_1_599' title='bbox 1373 3859 1628 3928; x_wconf 75' lang='lat' dir='ltr'><strong>consequi</strong></span> <span class='ocrx_word' id='word_1_600' title='bbox 1677 3871 1864 3927; x_wconf 72' lang='lat' dir='ltr'><strong>posse:</strong></span> <span class='ocrx_word' id='word_1_601' title='bbox 1906 3867 2028 3910; x_wconf 76' lang='lat' dir='ltr'><strong>cum</strong></span> <span class='ocrx_word' id='word_1_602' title='bbox 2055 3860 2109 3907; x_wconf 78' lang='grc' dir='ltr'><strong>οι</strong></span> <span class='ocrx_word' id='word_1_603' title='bbox 2210 3867 2650 3940; x_wconf 82' lang='lat' dir='ltr'><strong>blimis(lsai.tv,</strong></span> <span class='ocrx_word' id='word_1_604' title='bbox 2692 3867 2774 3936; x_wconf 67' lang='grc' dir='ltr'><strong>ε).</strong></span> <span class='ocrx_word' id='word_1_605' title='bbox 2824 3863 3131 3919; x_wconf 79' lang='lat' dir='ltr'><strong>Relictusne</strong></span> <span class='ocrx_word' id='word_1_606' title='bbox 3175 3871 3259 3915; x_wconf 86' lang='lat' dir='ltr'><strong>est</strong></span> <span class='ocrx_word' id='word_1_607' title='bbox 3310 3860 3448 3914; x_wconf 89' lang='lat' dir='ltr'><strong>ullus</strong></span> <span class='ocrx_word' id='word_1_608' title='bbox 3479 3853 3776 3923; x_wconf 77' lang='lat' dir='ltr'><strong>ambigendi</strong></span> 
     </span>
    </p>
   </div>
   <div class='ocr_carea' id='block_1_44' title="bbox 541 3945 3776 4030">
    <p class='ocr_par' dir='ltr' id='par_1_44' title="bbox 541 3945 3776 4030">
     <span class='ocr_line' id='line_1_44' title="bbox 541 3945 3776 4030; baseline -0.009 -5"><span class='ocrx_word' id='word_1_609' title='bbox 541 3968 752 4024; x_wconf 66' lang='grc' dir='ltr'><strong>ιθηιῐνηδ</strong></span> <span class='ocrx_word' id='word_1_610' title='bbox 793 3954 1023 4009; x_wconf 61' lang='lat' dir='ltr'><strong>camilli&quot;</strong></span> <span class='ocrx_word' id='word_1_611' title='bbox 1053 3953 1405 4008; x_wconf 61' lang='grc' dir='ltr'><strong>οδεετντιηάπ</strong></span> <span class='ocrx_word' id='word_1_612' title='bbox 1445 3951 1575 4022; x_wconf 70' lang='grc' dir='ltr'><strong>ιοείε</strong></span> <span class='ocrx_word' id='word_1_613' title='bbox 1614 3962 1892 4030; x_wconf 64' lang='grc' dir='ltr'><strong>ρωεηειιω</strong></span> <span class='ocrx_word' id='word_1_614' title='bbox 1921 3949 2024 4010; x_wconf 65' lang='grc' dir='ltr'><strong>δίιῖ</strong></span> <span class='ocrx_word' id='word_1_615' title='bbox 2053 3953 2109 4000; x_wconf 49' lang='lat' dir='ltr'><strong>ei</strong></span> <span class='ocrx_word' id='word_1_616' title='bbox 2209 3962 2375 4026; x_wconf 86' lang='lat' dir='ltr'><strong>locus,</strong></span> <span class='ocrx_word' id='word_1_617' title='bbox 2406 3958 2531 4028; x_wconf 89' lang='lat' dir='ltr'><strong>quin</strong></span> <span class='ocrx_word' id='word_1_618' title='bbox 2560 3958 2760 4011; x_wconf 90' lang='lat' dir='ltr'><strong>clarcat</strong></span> <span class='ocrx_word' id='word_1_619' title='bbox 2791 3953 3047 4024; x_wconf 87' lang='lat' dir='ltr'><strong>germinis</strong></span> <span class='ocrx_word' id='word_1_620' title='bbox 3069 3961 3122 4007; x_wconf 92' lang='lat' dir='ltr'><strong>et</strong></span> <span class='ocrx_word' id='word_1_621' title='bbox 3153 3951 3352 4005; x_wconf 87' lang='lat' dir='ltr'><strong>fructus</strong></span> <span class='ocrx_word' id='word_1_622' title='bbox 3385 3948 3604 4002; x_wconf 87' lang='lat' dir='ltr'><strong>nomine</strong></span> <span class='ocrx_word' id='word_1_623' title='bbox 3625 3945 3776 3999; x_wconf 81' lang='lat' dir='ltr'><strong>Chri—</strong></span> 
     </span>
    </p>
   </div>
   <div class='ocr_carea' id='block_1_45' title="bbox 542 4035 2059 4120">
    <p class='ocr_par' dir='ltr' id='par_1_45' title="bbox 542 4041 2059 4120">
     <span class='ocr_line' id='line_1_45' title="bbox 542 4041 2059 4120; baseline -0.005 -19"><span class='ocrx_word' id='word_1_624' title='bbox 542 4062 638 4120; x_wconf 87' lang='lat' dir='ltr'><strong>pru</strong></span> <span class='ocrx_word' id='word_1_625' title='bbox 685 4042 1105 4114; x_wconf 79' lang='lat' dir='ltr'><strong>impossibilitate</strong></span> <span class='ocrx_word' id='word_1_626' title='bbox 1159 4044 1468 4114; x_wconf 84' lang='lat' dir='ltr'><strong>perﬁciendi</strong></span> <span class='ocrx_word' id='word_1_627' title='bbox 1513 4059 1632 4114; x_wconf 68' lang='lat' dir='ltr'><strong>quae</strong></span> <span class='ocrx_word' id='word_1_628' title='bbox 1685 4044 1799 4113; x_wconf 89' lang='lat' dir='ltr'><strong>lege</strong></span> <span class='ocrx_word' id='word_1_629' title='bbox 1825 4041 2059 4111; x_wconf 67' lang='lat' dir='ltr'><strong>jubentui</strong></span> 
     </span>
    </p>
   </div>
   <div class='ocr_carea' id='block_1_46' title="bbox 2256 4035 3773 4120">
    <p class='ocr_par' dir='ltr' id='par_1_46' title="bbox 2256 4039 3773 4118">
     <span class='ocr_line' id='line_1_46' title="bbox 2256 4039 3773 4118; baseline -0.011 -14"><span class='ocrx_word' id='word_1_630' title='bbox 2256 4067 2349 4107; x_wconf 91' lang='lat' dir='ltr'><strong>.um</strong></span> <span class='ocrx_word' id='word_1_631' title='bbox 2377 4048 2713 4118; x_wconf 86' lang='lat' dir='ltr'><strong>apertissime</strong></span> <span class='ocrx_word' id='word_1_632' title='bbox 2755 4043 3068 4116; x_wconf 86' lang='lat' dir='ltr'><strong>signiﬁcari,</strong></span> <span class='ocrx_word' id='word_1_633' title='bbox 3099 4043 3189 4112; x_wconf 87' lang='lat' dir='ltr'><strong>qui</strong></span> <span class='ocrx_word' id='word_1_634' title='bbox 3235 4042 3287 4095; x_wconf 90' lang='lat' dir='ltr'><strong>in</strong></span> <span class='ocrx_word' id='word_1_635' title='bbox 3332 4048 3476 4093; x_wconf 87' lang='lat' dir='ltr'><strong>tanta</strong></span> <span class='ocrx_word' id='word_1_636' title='bbox 3525 4039 3698 4108; x_wconf 84' lang='lat' dir='ltr'><strong>gloria</strong></span> <span class='ocrx_word' id='word_1_637' title='bbox 3725 4045 3773 4087; x_wconf 86' lang='lat' dir='ltr'><strong>et</strong></span> 
     </span>
    </p>
   </div>
   <div class='ocr_carea' id='block_1_47' title="bbox 540 4129 3774 4213">
    <p class='ocr_par' dir='ltr' id='par_1_47' title="bbox 540 4129 3774 4213">
     <span class='ocr_line' id='line_1_47' title="bbox 540 4129 3774 4213; baseline -0.005 -19"><span class='ocrx_word' id='word_1_638' title='bbox 540 4159 646 4198; x_wconf 78' lang='lat' dir='ltr'><strong>non</strong></span> <span class='ocrx_word' id='word_1_639' title='bbox 675 4153 785 4196; x_wconf 81' lang='lat' dir='ltr'><strong>tam</strong></span> <span class='ocrx_word' id='word_1_640' title='bbox 813 4139 1230 4197; x_wconf 84' lang='lat' dir='ltr'><strong>benedictionem</strong></span> <span class='ocrx_word' id='word_1_641' title='bbox 1263 4153 1419 4210; x_wconf 87' lang='lat' dir='ltr'><strong>quam</strong></span> <span class='ocrx_word' id='word_1_642' title='bbox 1450 4137 1877 4192; x_wconf 66' lang='lat' dir='ltr'><strong>maledictionem</strong></span> <span class='ocrx_word' id='word_1_643' title='bbox 1906 4129 2112 4204; x_wconf 68' lang='lat' dir='ltr'><strong>prmva-</strong></span> <span class='ocrx_word' id='word_1_644' title='bbox 2210 4140 2602 4213; x_wconf 86' lang='lat' dir='ltr'><strong>magnificentia</strong></span> <span class='ocrx_word' id='word_1_645' title='bbox 2625 4134 2941 4192; x_wconf 85' lang='lat' dir='ltr'><strong>sublimatus</strong></span> <span class='ocrx_word' id='word_1_646' title='bbox 2966 4141 3071 4202; x_wconf 85' lang='lat' dir='ltr'><strong>est,</strong></span> <span class='ocrx_word' id='word_1_647' title='bbox 3094 4143 3150 4187; x_wconf 74' lang='lat' dir='ltr'><strong>ut</strong></span> <span class='ocrx_word' id='word_1_648' title='bbox 3174 4135 3224 4184; x_wconf 91' lang='lat' dir='ltr'><strong>in</strong></span> <span class='ocrx_word' id='word_1_649' title='bbox 3247 4131 3459 4184; x_wconf 79' lang='lat' dir='ltr'><strong>nomine</strong></span> <span class='ocrx_word' id='word_1_650' title='bbox 3481 4129 3600 4195; x_wconf 85' lang='lat' dir='ltr'><strong>ejus</strong></span> <span class='ocrx_word' id='word_1_651' title='bbox 3622 4139 3774 4180; x_wconf 83' lang='lat' dir='ltr'><strong>omne</strong></span> 
     </span>
    </p>
   </div>
   <div class='ocr_carea' id='block_1_48' title="bbox 544 4220 2061 4304">
    <p class='ocr_par' dir='ltr' id='par_1_48' title="bbox 544 4225 2061 4300">
     <span class='ocr_line' id='line_1_48' title="bbox 544 4225 2061 4300; baseline -0.007 -12"><span class='ocrx_word' id='word_1_652' title='bbox 544 4235 802 4289; x_wconf 85' lang='lat' dir='ltr'><strong>ricatores</strong></span> <span class='ocrx_word' id='word_1_653' title='bbox 849 4231 979 4300; x_wconf 92' lang='lat' dir='ltr'><strong>legis</strong></span> <span class='ocrx_word' id='word_1_654' title='bbox 1029 4229 1268 4300; x_wconf 87' lang='lat' dir='ltr'><strong>ejusdem</strong></span> <span class='ocrx_word' id='word_1_655' title='bbox 1317 4229 1626 4285; x_wconf 88' lang='lat' dir='ltr'><strong>sortiantur.</strong></span> <span class='ocrx_word' id='word_1_656' title='bbox 1680 4227 1812 4294; x_wconf 80' lang='lat' dir='ltr'><strong>Quin</strong></span> <span class='ocrx_word' id='word_1_657' title='bbox 1855 4225 2061 4294; x_wconf 72' lang='lat' dir='ltr'><strong>scriptu</strong></span> 
     </span>
    </p>
   </div>
   <div class='ocr_carea' id='block_1_49' title="bbox 2251 4220 3768 4304">
    <p class='ocr_par' dir='ltr' id='par_1_49' title="bbox 2251 4220 3768 4296">
     <span class='ocr_line' id='line_1_49' title="bbox 2251 4220 3768 4296; baseline -0.014 -8"><span class='ocrx_word' id='word_1_658' title='bbox 2251 4249 2348 4288; x_wconf 89' lang='lat' dir='ltr'><strong>enu</strong></span> <span class='ocrx_word' id='word_1_659' title='bbox 2369 4232 2630 4296; x_wconf 79' lang='lat' dir='ltr'><strong>ﬂectatur,</strong></span> <span class='ocrx_word' id='word_1_660' title='bbox 2653 4227 2970 4292; x_wconf 73' lang='lat' dir='ltr'><strong>caelestium,</strong></span> <span class='ocrx_word' id='word_1_661' title='bbox 2995 4227 3325 4280; x_wconf 82' lang='lat' dir='ltr'><strong>terrcSIrium</strong></span> <span class='ocrx_word' id='word_1_662' title='bbox 3347 4230 3399 4274; x_wconf 91' lang='lat' dir='ltr'><strong>et</strong></span> <span class='ocrx_word' id='word_1_663' title='bbox 3424 4220 3768 4276; x_wconf 82' lang='lat' dir='ltr'><strong>infernarum.</strong></span> 
     </span>
    </p>
   </div>
   <div class='ocr_carea' id='block_1_50' title="bbox 540 4313 3771 4394">
    <p class='ocr_par' dir='ltr' id='par_1_50' title="bbox 540 4313 3771 4394">
     <span class='ocr_line' id='line_1_50' title="bbox 540 4313 3771 4394; baseline -0.007 -4"><span class='ocrx_word' id='word_1_664' title='bbox 540 4333 669 4381; x_wconf 67' lang='grc'><strong>8⁸⁸³</strong></span> <span class='ocrx_word' id='word_1_665' title='bbox 727 4321 1033 4376; x_wconf 49' lang='lat' dir='ltr'><strong>“auditi”</strong></span> <span class='ocrx_word' id='word_1_666' title='bbox 1063 4322 1223 4375; x_wconf 69' lang='grc' dir='ltr'><strong>οηιπίδ</strong></span> <span class='ocrx_word' id='word_1_667' title='bbox 1251 4321 1334 4388; x_wconf 60' lang='lat' dir='ltr'><strong>qui</strong></span> <span class='ocrx_word' id='word_1_668' title='bbox 1363 4336 1461 4373; x_wconf 79' lang='grc' dir='ltr'><strong>ηθη</strong></span> <span class='ocrx_word' id='word_1_669' title='bbox 1493 4318 1825 4388; x_wconf 68' lang='grc' dir='ltr'><strong>Ρεηηαηεετίε</strong></span> <span class='ocrx_word' id='word_1_670' title='bbox 1864 4317 1915 4368; x_wconf 65' lang='grc' dir='ltr'><strong>δη</strong></span> <span class='ocrx_word' id='word_1_671' title='bbox 1943 4314 2110 4367; x_wconf 65' lang='lat' dir='ltr'><strong>omn&quot;</strong></span> <span class='ocrx_word' id='word_1_672' title='bbox 2213 4335 2266 4381; x_wconf 90' lang='lat' dir='ltr'><strong>et</strong></span> <span class='ocrx_word' id='word_1_673' title='bbox 2313 4325 2486 4379; x_wconf 84' lang='lat' dir='ltr'><strong>omnis</strong></span> <span class='ocrx_word' id='word_1_674' title='bbox 2538 4325 2710 4394; x_wconf 88' lang='lat' dir='ltr'><strong>lingua</strong></span> <span class='ocrx_word' id='word_1_675' title='bbox 2765 4322 3099 4384; x_wconf 87' lang='lat' dir='ltr'><strong>confiteatur,</strong></span> <span class='ocrx_word' id='word_1_676' title='bbox 3149 4318 3273 4388; x_wconf 84' lang='lat' dir='ltr'><strong>quia</strong></span> <span class='ocrx_word' id='word_1_677' title='bbox 3317 4316 3570 4372; x_wconf 87' lang='lat' dir='ltr'><strong>Dominus</strong></span> <span class='ocrx_word' id='word_1_678' title='bbox 3623 4313 3771 4368; x_wconf 79' lang='lat' dir='ltr'><strong>Jesns</strong></span> 
     </span>
    </p>
   </div>
   <div class='ocr_carea' id='block_1_51' title="bbox 543 4403 3770 4484">
    <p class='ocr_par' dir='ltr' id='par_1_51' title="bbox 543 4403 3770 4484">
     <span class='ocr_line' id='line_1_51' title="bbox 543 4403 3770 4484; baseline -0.008 -1"><span class='ocrx_word' id='word_1_679' title='bbox 543 4420 636 4471; x_wconf 75' lang='lat' dir='ltr'><strong>bus</strong></span> <span class='ocrx_word' id='word_1_680' title='bbox 659 4427 770 4484; x_wconf 67' lang='lat' dir='ltr'><strong>qua</strong></span> <span class='ocrx_word' id='word_1_681' title='bbox 806 4409 994 4480; x_wconf 67' lang='lat' dir='ltr'><strong>scripta</strong></span> <span class='ocrx_word' id='word_1_682' title='bbox 1021 4420 1136 4464; x_wconf 72' lang='grc' dir='ltr'><strong>δυηι</strong></span> <span class='ocrx_word' id='word_1_683' title='bbox 1179 4411 1233 4464; x_wconf 73' lang='lat' dir='ltr'><strong>in</strong></span> <span class='ocrx_word' id='word_1_684' title='bbox 1282 4411 1387 4480; x_wconf 74' lang='lat' dir='ltr'><strong>leae</strong></span> <span class='ocrx_word' id='word_1_685' title='bbox 1418 4409 1572 4481; x_wconf 73' lang='grc' dir='ltr'><strong>(θεαί</strong></span> <span class='ocrx_word' id='word_1_686' title='bbox 1620 4421 1796 4468; x_wconf 69' lang='grc' dir='ltr'><strong>ωηο</strong></span> <span class='ocrx_word' id='word_1_687' title='bbox 1843 4405 1956 4476; x_wconf 66' lang='lat' dir='ltr'><strong>‘lﬁi-</strong></span> <span class='ocrx_word' id='word_1_688' title='bbox 1989 4403 2113 4459; x_wconf 80' lang='lat' dir='ltr'><strong>Ideo</strong></span> <span class='ocrx_word' id='word_1_689' title='bbox 2213 4415 2454 4471; x_wconf 76' lang='lat' dir='ltr'><strong>Christus</strong></span> <span class='ocrx_word' id='word_1_690' title='bbox 2481 4415 2534 4469; x_wconf 93' lang='lat' dir='ltr'><strong>in</strong></span> <span class='ocrx_word' id='word_1_691' title='bbox 2559 4414 2721 4483; x_wconf 83' lang='lat' dir='ltr'><strong>gloria</strong></span> <span class='ocrx_word' id='word_1_692' title='bbox 2743 4421 2824 4468; x_wconf 85' lang='lat' dir='ltr'><strong>est</strong></span> <span class='ocrx_word' id='word_1_693' title='bbox 2845 4412 2940 4466; x_wconf 90' lang='lat' dir='ltr'><strong>Dei</strong></span> <span class='ocrx_word' id='word_1_694' title='bbox 2964 4409 3174 4464; x_wconf 72' lang='lat' dir='ltr'><strong>Patris?</strong></span> <span class='ocrx_word' id='word_1_695' title='bbox 3198 4407 3501 4478; x_wconf 84' lang='lat' dir='ltr'><strong>Undequod</strong></span> <span class='ocrx_word' id='word_1_696' title='bbox 3535 4409 3612 4461; x_wconf 89' lang='lat' dir='ltr'><strong>ait</strong></span> <span class='ocrx_word' id='word_1_697' title='bbox 3641 4409 3770 4470; x_wconf 73' lang='lat' dir='ltr'><strong>Apo-</strong></span> 
     </span>
    </p>
   </div>
   <div class='ocr_carea' id='block_1_52' title="bbox 540 4498 3762 4575">
    <p class='ocr_par' dir='ltr' id='par_1_52' title="bbox 540 4498 3762 4575">
     <span class='ocr_line' id='line_1_52' title="bbox 540 4498 3762 4575; baseline -0.005 -12"><span class='ocrx_word' id='word_1_698' title='bbox 540 4505 681 4563; x_wconf 78' lang='lat' dir='ltr'><strong>scire</strong></span> <span class='ocrx_word' id='word_1_699' title='bbox 709 4506 871 4561; x_wconf 84' lang='lat' dir='ltr'><strong>debes</strong></span> <span class='ocrx_word' id='word_1_700' title='bbox 899 4504 1038 4574; x_wconf 84' lang='lat' dir='ltr'><strong>quod</strong></span> <span class='ocrx_word' id='word_1_701' title='bbox 1071 4505 1125 4556; x_wconf 89' lang='lat' dir='ltr'><strong>in</strong></span> <span class='ocrx_word' id='word_1_702' title='bbox 1155 4502 1474 4572; x_wconf 85' lang='lat' dir='ltr'><strong>pinguedine</strong></span> <span class='ocrx_word' id='word_1_703' title='bbox 1504 4509 1661 4557; x_wconf 80' lang='lat' dir='ltr'><strong>teme</strong></span> <span class='ocrx_word' id='word_1_704' title='bbox 1690 4510 1744 4554; x_wconf 91' lang='lat' dir='ltr'><strong>et</strong></span> <span class='ocrx_word' id='word_1_705' title='bbox 1769 4499 1820 4552; x_wconf 89' lang='lat' dir='ltr'><strong>in</strong></span> <span class='ocrx_word' id='word_1_706' title='bbox 1851 4512 1975 4553; x_wconf 88' lang='lat' dir='ltr'><strong>rore</strong></span> <span class='ocrx_word' id='word_1_707' title='bbox 1998 4511 2110 4554; x_wconf 83' lang='lat' dir='ltr'><strong>cce-</strong></span> <span class='ocrx_word' id='word_1_708' title='bbox 2218 4508 2385 4562; x_wconf 73' lang='grc' dir='ltr'><strong>ειοὶιιε</strong></span> <span class='ocrx_word' id='word_1_709' title='bbox 2415 4526 2428 4562; x_wconf 83' lang='grc'>;</span> <span class='ocrx_word' id='word_1_710' title='bbox 2460 4506 2674 4575; x_wconf 75' lang='lat' dir='ltr'><strong>Propter</strong></span> <span class='ocrx_word' id='word_1_711' title='bbox 2701 4504 2834 4574; x_wconf 77' lang='lat' dir='ltr'><strong>quod</strong></span> <span class='ocrx_word' id='word_1_712' title='bbox 2861 4513 2906 4558; x_wconf 80' lang='lat' dir='ltr'><strong>et</strong></span> <span class='ocrx_word' id='word_1_713' title='bbox 2943 4501 3076 4558; x_wconf 82' lang='lat' dir='ltr'><strong>Deus</strong></span> <span class='ocrx_word' id='word_1_714' title='bbox 3103 4504 3246 4556; x_wconf 87' lang='lat' dir='ltr'><strong>illum</strong></span> <span class='ocrx_word' id='word_1_715' title='bbox 3274 4502 3512 4556; x_wconf 75' lang='lat' dir='ltr'><strong>exultavit</strong></span> <span class='ocrx_word' id='word_1_716' title='bbox 3555 4498 3762 4570; x_wconf 76' lang='lat' dir='ltr'><strong>(Philip.</strong></span> 
     </span>
    </p>
   </div>
   <div class='ocr_carea' id='block_1_53' title="bbox 543 4585 2060 4670">
    <p class='ocr_par' dir='ltr' id='par_1_53' title="bbox 543 4590 1937 4664">
     <span class='ocr_line' id='line_1_53' title="bbox 543 4590 1937 4664; baseline -0.008 -11"><span class='ocrx_word' id='word_1_717' title='bbox 543 4598 609 4664; x_wconf 89' lang='lat' dir='ltr'><strong>li,</strong></span> <span class='ocrx_word' id='word_1_718' title='bbox 644 4596 694 4651; x_wconf 92' lang='lat' dir='ltr'><strong>id</strong></span> <span class='ocrx_word' id='word_1_719' title='bbox 720 4608 798 4651; x_wconf 89' lang='lat' dir='ltr'><strong>est</strong></span> <span class='ocrx_word' id='word_1_720' title='bbox 828 4595 880 4649; x_wconf 91' lang='lat' dir='ltr'><strong>in</strong></span> <span class='ocrx_word' id='word_1_721' title='bbox 909 4593 1121 4649; x_wconf 77' lang='lat' dir='ltr'><strong>Christo</strong></span> <span class='ocrx_word' id='word_1_722' title='bbox 1141 4634 1154 4656; x_wconf 87' lang='lat'><em>.</em></span> <span class='ocrx_word' id='word_1_723' title='bbox 1195 4595 1368 4646; x_wconf 88' lang='lat' dir='ltr'><strong>fntnra</strong></span> <span class='ocrx_word' id='word_1_724' title='bbox 1400 4593 1467 4646; x_wconf 86' lang='lat' dir='ltr'><strong>sit</strong></span> <span class='ocrx_word' id='word_1_725' title='bbox 1497 4590 1797 4646; x_wconf 86' lang='lat' dir='ltr'><strong>benedictio</strong></span> <span class='ocrx_word' id='word_1_726' title='bbox 1828 4600 1937 4643; x_wconf 91' lang='lat' dir='ltr'><strong>tua.</strong></span> 
     </span>
    </p>
   </div>
   <div class='ocr_carea' id='block_1_54' title="bbox 2245 4585 3762 4670">
    <p class='ocr_par' dir='ltr' id='par_1_54' title="bbox 2245 4589 3762 4670">
     <span class='ocr_line' id='line_1_54' title="bbox 2245 4589 3762 4670; baseline -0.013 -15"><span class='ocrx_word' id='word_1_727' title='bbox 2245 4619 2278 4665; x_wconf 89' lang='grc' dir='ltr'><strong>ι,</strong></span> <span class='ocrx_word' id='word_1_728' title='bbox 2308 4600 2385 4670; x_wconf 84' lang='lat'><strong>9).</strong></span> <span class='ocrx_word' id='word_1_729' title='bbox 2421 4601 2482 4653; x_wconf 84' lang='lat' dir='ltr'><strong>Et</strong></span> <span class='ocrx_word' id='word_1_730' title='bbox 2512 4614 2650 4653; x_wconf 87' lang='lat' dir='ltr'><strong>nunc</strong></span> <span class='ocrx_word' id='word_1_731' title='bbox 2682 4595 2936 4666; x_wconf 81' lang='lat' dir='ltr'><strong>propheta</strong></span> <span class='ocrx_word' id='word_1_732' title='bbox 2964 4613 2976 4648; x_wconf 90' lang='lat'><strong>:</strong></span> <span class='ocrx_word' id='word_1_733' title='bbox 3011 4589 3078 4648; x_wconf 85' lang='lat' dir='ltr'><strong>Et</strong></span> <span class='ocrx_word' id='word_1_734' title='bbox 3102 4595 3193 4648; x_wconf 80' lang='lat' dir='ltr'><strong>erit</strong></span> <span class='ocrx_word' id='word_1_735' title='bbox 3225 4595 3413 4663; x_wconf 77' lang='lat' dir='ltr'><strong>fruetus</strong></span> <span class='ocrx_word' id='word_1_736' title='bbox 3443 4601 3592 4643; x_wconf 78' lang='lat' dir='ltr'><strong>terra:</strong></span> <span class='ocrx_word' id='word_1_737' title='bbox 3617 4589 3762 4642; x_wconf 74' lang='lat' dir='ltr'><strong>subli-</strong></span> 
     </span>
    </p>
   </div>
   <div class='ocr_carea' id='block_1_55' title="bbox 614 4679 3765 4756">
    <p class='ocr_par' dir='ltr' id='par_1_55' title="bbox 614 4679 3765 4756">
     <span class='ocr_line' id='line_1_55' title="bbox 614 4679 3765 4756; baseline -0.004 -14"><span class='ocrx_word' id='word_1_738' title='bbox 614 4686 749 4742; x_wconf 89' lang='lat' dir='ltr'><strong>Vili.</strong></span> <span class='ocrx_word' id='word_1_739' title='bbox 790 4685 960 4741; x_wconf 71' lang='lat' dir='ltr'><strong>Jacob</strong></span> <span class='ocrx_word' id='word_1_740' title='bbox 981 4685 1139 4740; x_wconf 84' lang='lat' dir='ltr'><strong>etiam</strong></span> <span class='ocrx_word' id='word_1_741' title='bbox 1169 4683 1487 4738; x_wconf 83' lang='lat' dir='ltr'><strong>benedicens</strong></span> <span class='ocrx_word' id='word_1_742' title='bbox 1507 4681 1703 4752; x_wconf 83' lang='lat' dir='ltr'><strong>Joseph</strong></span> <span class='ocrx_word' id='word_1_743' title='bbox 1737 4680 1900 4735; x_wconf 87' lang='lat' dir='ltr'><strong>ﬁlium</strong></span> <span class='ocrx_word' id='word_1_744' title='bbox 1928 4694 2106 4748; x_wconf 88' lang='lat' dir='ltr'><strong>suum,</strong></span> <span class='ocrx_word' id='word_1_745' title='bbox 2215 4692 2341 4756; x_wconf 62' lang='lat' dir='ltr'><strong>mis,</strong></span> <span class='ocrx_word' id='word_1_746' title='bbox 2374 4688 2797 4744; x_wconf 60' lang='lat' dir='ltr'><strong>manifestissime</strong></span> <span class='ocrx_word' id='word_1_747' title='bbox 2827 4688 2877 4741; x_wconf 77' lang='lat' dir='ltr'><strong>id</strong></span> <span class='ocrx_word' id='word_1_748' title='bbox 2919 4686 3058 4756; x_wconf 73' lang='lat' dir='ltr'><strong>quod</strong></span> <span class='ocrx_word' id='word_1_749' title='bbox 3097 4684 3164 4739; x_wconf 76' lang='lat' dir='ltr'><strong>de</strong></span> <span class='ocrx_word' id='word_1_750' title='bbox 3189 4693 3358 4746; x_wconf 77' lang='lat' dir='ltr'><strong>terra,</strong></span> <span class='ocrx_word' id='word_1_751' title='bbox 3387 4681 3436 4736; x_wconf 84' lang='lat' dir='ltr'><strong>id</strong></span> <span class='ocrx_word' id='word_1_752' title='bbox 3467 4690 3551 4736; x_wconf 76' lang='lat' dir='ltr'><strong>est</strong></span> <span class='ocrx_word' id='word_1_753' title='bbox 3583 4679 3681 4750; x_wconf 77' lang='lat'><strong>31</strong></span> <span class='ocrx_word' id='word_1_754' title='bbox 3709 4692 3765 4729; x_wconf 76' lang='lat' dir='ltr'><strong>ex</strong></span> 
     </span>
    </p>
   </div>
   <div class='ocr_carea' id='block_1_56' title="bbox 544 4767 2061 4849">
    <p class='ocr_par' dir='ltr' id='par_1_56' title="bbox 544 4770 2061 4846">
     <span class='ocr_line' id='line_1_56' title="bbox 544 4770 2061 4846; baseline -0.006 -13"><span class='ocrx_word' id='word_1_755' title='bbox 544 4777 612 4833; x_wconf 89' lang='lat' dir='ltr'><strong>ab</strong></span> <span class='ocrx_word' id='word_1_756' title='bbox 637 4777 794 4846; x_wconf 87' lang='lat' dir='ltr'><strong>hujus</strong></span> <span class='ocrx_word' id='word_1_757' title='bbox 822 4775 1141 4830; x_wconf 88' lang='lat' dir='ltr'><strong>sacramenti</strong></span> <span class='ocrx_word' id='word_1_758' title='bbox 1172 4774 1422 4843; x_wconf 82' lang='lat' dir='ltr'><strong>mysterio</strong></span> <span class='ocrx_word' id='word_1_759' title='bbox 1452 4788 1558 4826; x_wconf 91' lang='lat' dir='ltr'><strong>non</strong></span> <span class='ocrx_word' id='word_1_760' title='bbox 1603 4771 1848 4838; x_wconf 87' lang='lat' dir='ltr'><strong>recessit,</strong></span> <span class='ocrx_word' id='word_1_761' title='bbox 1879 4770 2061 4825; x_wconf 83' lang='lat' dir='ltr'><strong>dicens</strong></span> 
     </span>
    </p>
   </div>
   <div class='ocr_carea' id='block_1_57' title="bbox 2235 4767 3752 4849">
    <p class='ocr_par' dir='ltr' id='par_1_57' title="bbox 2235 4767 3752 4849">
     <span class='ocr_line' id='line_1_57' title="bbox 2235 4767 3752 4849; baseline -0.012 -14"><span class='ocrx_word' id='word_1_762' title='bbox 2235 4783 2380 4836; x_wconf 82' lang='lat' dir='ltr'><strong>llaria</strong></span> <span class='ocrx_word' id='word_1_763' title='bbox 2406 4789 2669 4849; x_wconf 88' lang='lat' dir='ltr'><strong>sumptum</strong></span> <span class='ocrx_word' id='word_1_764' title='bbox 2701 4787 2782 4833; x_wconf 85' lang='lat' dir='ltr'><strong>est</strong></span> <span class='ocrx_word' id='word_1_765' title='bbox 2807 4820 2821 4844; x_wconf 93' lang='lat'><strong>,</strong></span> <span class='ocrx_word' id='word_1_766' title='bbox 2851 4779 3136 4832; x_wconf 75' lang='lat' dir='ltr'><strong>exaltatum</strong></span> <span class='ocrx_word' id='word_1_767' title='bbox 3169 4783 3222 4828; x_wconf 83' lang='lat' dir='ltr'><strong>et</strong></span> <span class='ocrx_word' id='word_1_768' title='bbox 3243 4773 3585 4828; x_wconf 82' lang='lat' dir='ltr'><strong>sublimatum</strong></span> <span class='ocrx_word' id='word_1_769' title='bbox 3618 4767 3752 4822; x_wconf 83' lang='lat' dir='ltr'><strong>intel-</strong></span> 
     </span>
    </p>
   </div>
   <div class='ocr_carea' id='block_1_58' title="bbox 546 4861 3765 4942">
    <p class='ocr_par' dir='ltr' id='par_1_58' title="bbox 546 4861 3765 4942">
     <span class='ocr_line' id='line_1_58' title="bbox 546 4861 3765 4942; baseline -0.004 -17"><span class='ocrx_word' id='word_1_770' title='bbox 546 4869 814 4926; x_wconf 81' lang='lat' dir='ltr'><strong>Benedicct</strong></span> <span class='ocrx_word' id='word_1_771' title='bbox 861 4876 909 4922; x_wconf 92' lang='lat' dir='ltr'><strong>te</strong></span> <span class='ocrx_word' id='word_1_772' title='bbox 953 4867 1380 4922; x_wconf 82' lang='lat' dir='ltr'><strong>benedictionibus</strong></span> <span class='ocrx_word' id='word_1_773' title='bbox 1423 4867 1532 4919; x_wconf 76' lang='lat' dir='ltr'><strong>cteli</strong></span> <span class='ocrx_word' id='word_1_774' title='bbox 1569 4866 1804 4932; x_wconf 76' lang='lat' dir='ltr'><strong>desuper,</strong></span> <span class='ocrx_word' id='word_1_775' title='bbox 1828 4874 1875 4918; x_wconf 89' lang='lat' dir='ltr'><strong>et</strong></span> <span class='ocrx_word' id='word_1_776' title='bbox 1906 4864 2110 4918; x_wconf 86' lang='lat' dir='ltr'><strong>benedi-</strong></span> <span class='ocrx_word' id='word_1_777' title='bbox 2217 4871 2306 4942; x_wconf 64' lang='lat' dir='ltr'><strong>iigi</strong></span> <span class='ocrx_word' id='word_1_778' title='bbox 2334 4871 2520 4925; x_wconf 73' lang='lat' dir='ltr'><strong>voluit.</strong></span> <span class='ocrx_word' id='word_1_779' title='bbox 2561 4869 2822 4924; x_wconf 61' lang='lat' dir='ltr'><strong>carerem</strong></span> <span class='ocrx_word' id='word_1_780' title='bbox 2867 4868 2918 4922; x_wconf 79' lang='lat' dir='ltr'><strong>id</strong></span> <span class='ocrx_word' id='word_1_781' title='bbox 2949 4865 3087 4936; x_wconf 78' lang='lat' dir='ltr'><strong>quod</strong></span> <span class='ocrx_word' id='word_1_782' title='bbox 3117 4863 3186 4920; x_wconf 77' lang='lat' dir='ltr'><strong>de</strong></span> <span class='ocrx_word' id='word_1_783' title='bbox 3214 4861 3372 4919; x_wconf 76' lang='lat' dir='ltr'><strong>Patre</strong></span> <span class='ocrx_word' id='word_1_784' title='bbox 3414 4869 3520 4924; x_wconf 80' lang='lat' dir='ltr'><strong>est,</strong></span> <span class='ocrx_word' id='word_1_785' title='bbox 3569 4869 3765 4926; x_wconf 65' lang='lat' dir='ltr'><strong>semper</strong></span> 
     </span>
    </p>
   </div>
   <div class='ocr_carea' id='block_1_59' title="bbox 547 4954 2589 5026">
    <p class='ocr_par' dir='ltr' id='par_1_59' title="bbox 547 4954 2589 5026">
     <span class='ocr_line' id='line_1_59' title="bbox 547 4954 2589 5026; baseline -0.005 -8"><span class='ocrx_word' id='word_1_786' title='bbox 547 4960 796 5019; x_wconf 82' lang='lat' dir='ltr'><strong>etionibus</strong></span> <span class='ocrx_word' id='word_1_787' title='bbox 839 4971 984 5015; x_wconf 71' lang='lat' dir='ltr'><strong>terrae</strong></span> <span class='ocrx_word' id='word_1_788' title='bbox 1013 4960 1238 5013; x_wconf 81' lang='lat' dir='ltr'><strong>habentis</strong></span> <span class='ocrx_word' id='word_1_789' title='bbox 1280 4957 1446 5011; x_wconf 80' lang='lat' dir='ltr'><strong>omnia</strong></span> <span class='ocrx_word' id='word_1_790' title='bbox 1474 4956 1624 5026; x_wconf 86' lang='lat' dir='ltr'><strong>(Gen.</strong></span> <span class='ocrx_word' id='word_1_791' title='bbox 1661 4972 1808 5025; x_wconf 66' lang='grc' dir='ltr'><strong>κως,</strong></span> <span class='ocrx_word' id='word_1_792' title='bbox 1837 4955 1952 5024; x_wconf 78' lang='grc'><strong>25).</strong></span> <span class='ocrx_word' id='word_1_793' title='bbox 1982 4954 2111 5022; x_wconf 65' lang='lat' dir='ltr'><strong>Quae</strong></span> <span class='ocrx_word' id='word_1_794' title='bbox 2217 4959 2444 5017; x_wconf 62' lang='lat' dir='ltr'><strong>sublimn</strong></span> <span class='ocrx_word' id='word_1_795' title='bbox 2474 4961 2589 5015; x_wconf 84' lang='lat' dir='ltr'><strong>fuit.</strong></span> 
     </span>
    </p>
   </div>
   <div class='ocr_carea' id='block_1_60' title="bbox 546 5042 3755 5118">
    <p class='ocr_par' dir='ltr' id='par_1_60' title="bbox 546 5042 3755 5118">
     <span class='ocr_line' id='line_1_60' title="bbox 546 5042 3755 5118; baseline -0.006 -9"><span class='ocrx_word' id='word_1_796' title='bbox 546 5065 630 5113; x_wconf 88' lang='lat' dir='ltr'><strong>cst</strong></span> <span class='ocrx_word' id='word_1_797' title='bbox 659 5051 960 5108; x_wconf 81' lang='lat' dir='ltr'><strong>benedictio</strong></span> <span class='ocrx_word' id='word_1_798' title='bbox 987 5051 1128 5116; x_wconf 68' lang='lat' dir='ltr'><strong>coeli,</strong></span> <span class='ocrx_word' id='word_1_799' title='bbox 1162 5051 1264 5105; x_wconf 90' lang='lat' dir='ltr'><strong>nisi</strong></span> <span class='ocrx_word' id='word_1_800' title='bbox 1307 5049 1538 5104; x_wconf 75' lang='lat' dir='ltr'><strong>Verbum</strong></span> <span class='ocrx_word' id='word_1_801' title='bbox 1582 5048 1723 5116; x_wconf 88' lang='lat' dir='ltr'><strong>quod</strong></span> <span class='ocrx_word' id='word_1_802' title='bbox 1755 5047 1821 5102; x_wconf 94' lang='lat' dir='ltr'><strong>de</strong></span> <span class='ocrx_word' id='word_1_803' title='bbox 1849 5048 1988 5103; x_wconf 67' lang='lat' dir='ltr'><strong>coelo</strong></span> <span class='ocrx_word' id='word_1_804' title='bbox 2017 5047 2109 5102; x_wconf 87' lang='lat' dir='ltr'><strong>de-</strong></span> <span class='ocrx_word' id='word_1_805' title='bbox 2289 5051 2356 5107; x_wconf 78' lang='grc' dir='ltr'><strong>Χ.</strong></span> <span class='ocrx_word' id='word_1_806' title='bbox 2385 5051 2490 5108; x_wconf 86' lang='lat' dir='ltr'><strong>Sed</strong></span> <span class='ocrx_word' id='word_1_807' title='bbox 2521 5064 2618 5107; x_wconf 86' lang='lat' dir='ltr'><strong>nec</strong></span> <span class='ocrx_word' id='word_1_808' title='bbox 2645 5051 2712 5106; x_wconf 79' lang='lat' dir='ltr'><strong>de</strong></span> <span class='ocrx_word' id='word_1_809' title='bbox 2739 5065 2861 5105; x_wconf 84' lang='lat' dir='ltr'><strong>rore</strong></span> <span class='ocrx_word' id='word_1_810' title='bbox 2891 5050 3032 5114; x_wconf 77' lang='lat' dir='ltr'><strong>cmli,</strong></span> <span class='ocrx_word' id='word_1_811' title='bbox 3057 5047 3196 5118; x_wconf 90' lang='lat' dir='ltr'><strong>quod</strong></span> <span class='ocrx_word' id='word_1_812' title='bbox 3227 5046 3280 5101; x_wconf 88' lang='lat' dir='ltr'><strong>in</strong></span> <span class='ocrx_word' id='word_1_813' title='bbox 3305 5045 3458 5101; x_wconf 87' lang='lat' dir='ltr'><strong>Verbi</strong></span> <span class='ocrx_word' id='word_1_814' title='bbox 3480 5042 3578 5100; x_wconf 90' lang='lat' dir='ltr'><strong>Dei</strong></span> <span class='ocrx_word' id='word_1_815' title='bbox 3612 5043 3755 5110; x_wconf 90' lang='lat' dir='ltr'><strong>ﬁgura</strong></span> 
     </span>
    </p>
   </div>
   <div class='ocr_carea' id='block_1_61' title="bbox 547 5134 3764 5213">
    <p class='ocr_par' dir='ltr' id='par_1_61' title="bbox 547 5134 3764 5213">
     <span class='ocr_line' id='line_1_61' title="bbox 547 5134 3764 5213; baseline -0.006 -12"><span class='ocrx_word' id='word_1_816' title='bbox 547 5143 792 5201; x_wconf 81' lang='lat' dir='ltr'><strong>scendit?</strong></span> <span class='ocrx_word' id='word_1_817' title='bbox 819 5140 885 5197; x_wconf 84' lang='lat' dir='ltr'><strong>Et</strong></span> <span class='ocrx_word' id='word_1_818' title='bbox 900 5157 1019 5210; x_wconf 78' lang='lat' dir='ltr'><strong>qua:</strong></span> <span class='ocrx_word' id='word_1_819' title='bbox 1039 5149 1124 5196; x_wconf 89' lang='lat' dir='ltr'><strong>est</strong></span> <span class='ocrx_word' id='word_1_820' title='bbox 1152 5139 1450 5196; x_wconf 89' lang='lat' dir='ltr'><strong>benedictio</strong></span> <span class='ocrx_word' id='word_1_821' title='bbox 1466 5147 1624 5194; x_wconf 63' lang='lat' dir='ltr'><strong>terra</strong></span> <span class='ocrx_word' id='word_1_822' title='bbox 1647 5137 1890 5193; x_wconf 87' lang='lat' dir='ltr'><strong>habentis</strong></span> <span class='ocrx_word' id='word_1_823' title='bbox 1912 5138 2114 5205; x_wconf 87' lang='lat' dir='ltr'><strong>omnia,</strong></span> <span class='ocrx_word' id='word_1_824' title='bbox 2219 5143 2290 5200; x_wconf 81' lang='lat' dir='ltr'><strong>sit</strong></span> <span class='ocrx_word' id='word_1_825' title='bbox 2316 5144 2568 5213; x_wconf 86' lang='lat' dir='ltr'><strong>positum,</strong></span> <span class='ocrx_word' id='word_1_826' title='bbox 2613 5141 2719 5197; x_wconf 87' lang='lat' dir='ltr'><strong>ulla</strong></span> <span class='ocrx_word' id='word_1_827' title='bbox 2747 5139 3031 5195; x_wconf 89' lang='lat' dir='ltr'><strong>dubietatis</strong></span> <span class='ocrx_word' id='word_1_828' title='bbox 3055 5148 3196 5207; x_wconf 81' lang='lat' dir='ltr'><strong>patet</strong></span> <span class='ocrx_word' id='word_1_829' title='bbox 3225 5137 3456 5197; x_wconf 79' lang='lat' dir='ltr'><strong>occasio.</strong></span> <span class='ocrx_word' id='word_1_830' title='bbox 3507 5149 3627 5190; x_wconf 87' lang='lat' dir='ltr'><strong>cum</strong></span> <span class='ocrx_word' id='word_1_831' title='bbox 3665 5134 3764 5201; x_wconf 83' lang='lat' dir='ltr'><strong>ipse</strong></span> 
     </span>
    </p>
   </div>
   <div class='ocr_carea' id='block_1_62' title="bbox 453 5223 3759 5303">
    <p class='ocr_par' dir='ltr' id='par_1_62' title="bbox 453 5223 3759 5303">
     <span class='ocr_line' id='line_1_62' title="bbox 453 5223 3759 5303; baseline -0.006 -7"><span class='ocrx_word' id='word_1_832' title='bbox 453 5264 456 5265; x_wconf 47' lang='grc' dir='ltr'><em>ν</em></span> <span class='ocrx_word' id='word_1_833' title='bbox 549 5237 652 5292; x_wconf 73' lang='grc' dir='ltr'><strong>ιιἰεί</strong></span> <span class='ocrx_word' id='word_1_834' title='bbox 695 5233 894 5291; x_wconf 68' lang='grc' dir='ltr'><strong>ωιτῖειί</strong></span> <span class='ocrx_word' id='word_1_835' title='bbox 943 5243 1088 5297; x_wconf 72' lang='grc' dir='ltr'><strong>(3³1⁵ον</strong></span> <span class='ocrx_word' id='word_1_836' title='bbox 1130 5231 1350 5302; x_wconf 76' lang='lat' dir='ltr'><strong>quae&#39;de</strong></span> <span class='ocrx_word' id='word_1_837' title='bbox 1393 5239 1554 5294; x_wconf 66' lang='lat'><strong>161&#39;&quot;.</strong></span> <span class='ocrx_word' id='word_1_838' title='bbox 1607 5230 1658 5284; x_wconf 73' lang='lat' dir='ltr'><strong>id</strong></span> <span class='ocrx_word' id='word_1_839' title='bbox 1705 5238 1786 5284; x_wconf 72' lang='grc' dir='ltr'><strong>θεῑ</strong></span> <span class='ocrx_word' id='word_1_840' title='bbox 1811 5228 1876 5284; x_wconf 70' lang='lat' dir='ltr'><strong>de</strong></span> <span class='ocrx_word' id='word_1_841' title='bbox 1904 5241 2118 5284; x_wconf 73' lang='grc' dir='ltr'><strong>ιοπθηο</strong></span> <span class='ocrx_word' id='word_1_842' title='bbox 2221 5237 2416 5292; x_wconf 79' lang='lat' dir='ltr'><strong>dixerit</strong></span> <span class='ocrx_word' id='word_1_843' title='bbox 2440 5235 2635 5290; x_wconf 82' lang='lat' dir='ltr'><strong>Isaias:</strong></span> <span class='ocrx_word' id='word_1_844' title='bbox 2669 5230 2734 5286; x_wconf 79' lang='lat' dir='ltr'><strong>Et</strong></span> <span class='ocrx_word' id='word_1_845' title='bbox 2761 5233 2913 5286; x_wconf 75' lang='lat' dir='ltr'><strong>nubes</strong></span> <span class='ocrx_word' id='word_1_846' title='bbox 2932 5233 3108 5303; x_wconf 79' lang='lat' dir='ltr'><strong>piuant</strong></span> <span class='ocrx_word' id='word_1_847' title='bbox 3140 5233 3338 5302; x_wconf 78' lang='lat' dir='ltr'><strong>justum</strong></span> <span class='ocrx_word' id='word_1_848' title='bbox 3359 5227 3512 5301; x_wconf 72' lang='lat' dir='ltr'><strong>(Issi.</strong></span> <span class='ocrx_word' id='word_1_849' title='bbox 3543 5241 3659 5289; x_wconf 79' lang='lat' dir='ltr'><strong>xu,</strong></span> <span class='ocrx_word' id='word_1_850' title='bbox 3684 5223 3759 5290; x_wconf 82' lang='lat'><strong>8):</strong></span> 
     </span>
    </p>
   </div>
   <div class='ocr_carea' id='block_1_63' title="bbox 557 5320 3760 5399">
    <p class='ocr_par' dir='ltr' id='par_1_63' title="bbox 557 5320 3760 5399">
     <span class='ocr_line' id='line_1_63' title="bbox 557 5320 3760 5399; baseline -0.004 -15"><span class='ocrx_word' id='word_1_851' title='bbox 557 5325 779 5399; x_wconf 80' lang='lat' dir='ltr'><strong>Virginis</strong></span> <span class='ocrx_word' id='word_1_852' title='bbox 807 5339 1034 5395; x_wconf 78' lang='lat' dir='ltr'><strong>corpore</strong></span> <span class='ocrx_word' id='word_1_853' title='bbox 1070 5333 1276 5395; x_wconf 85' lang='lat' dir='ltr'><strong>sumpta</strong></span> <span class='ocrx_word' id='word_1_854' title='bbox 1304 5333 1420 5389; x_wconf 90' lang='lat' dir='ltr'><strong>est,</strong></span> <span class='ocrx_word' id='word_1_855' title='bbox 1445 5323 1502 5378; x_wconf 87' lang='lat' dir='ltr'><strong>in</strong></span> <span class='ocrx_word' id='word_1_856' title='bbox 1536 5337 1638 5393; x_wconf 89' lang='lat' dir='ltr'><strong>qua</strong></span> <span class='ocrx_word' id='word_1_857' title='bbox 1667 5322 1900 5376; x_wconf 88' lang='lat' dir='ltr'><strong>omnium</strong></span> <span class='ocrx_word' id='word_1_858' title='bbox 1952 5322 2113 5392; x_wconf 89' lang='lat' dir='ltr'><strong>spiri-</strong></span> <span class='ocrx_word' id='word_1_859' title='bbox 2219 5337 2275 5385; x_wconf 83' lang='lat' dir='ltr'><strong>et</strong></span> <span class='ocrx_word' id='word_1_860' title='bbox 2299 5327 2425 5383; x_wconf 91' lang='lat' dir='ltr'><strong>alibi</strong></span> <span class='ocrx_word' id='word_1_861' title='bbox 2465 5326 2595 5381; x_wconf 85' lang='lat' dir='ltr'><strong>satis</strong></span> <span class='ocrx_word' id='word_1_862' title='bbox 2629 5325 2865 5396; x_wconf 90' lang='lat' dir='ltr'><strong>apertius</strong></span> <span class='ocrx_word' id='word_1_863' title='bbox 2919 5323 3074 5379; x_wconf 88' lang='lat' dir='ltr'><strong>imbri</strong></span> <span class='ocrx_word' id='word_1_864' title='bbox 3123 5320 3327 5378; x_wconf 68' lang='lat' dir='ltr'><strong>calesti</strong></span> <span class='ocrx_word' id='word_1_865' title='bbox 3354 5321 3584 5377; x_wconf 84' lang='lat' dir='ltr'><strong>Verbum</strong></span> <span class='ocrx_word' id='word_1_866' title='bbox 3627 5333 3760 5373; x_wconf 88' lang='lat' dir='ltr'><strong>suum</strong></span> 
     </span>
    </p>
   </div>
   <div class='ocr_carea' id='block_1_64' title="bbox 548 5411 3760 5488">
    <p class='ocr_par' dir='ltr' id='par_1_64' title="bbox 548 5411 3760 5488">
     <span class='ocr_line' id='line_1_64' title="bbox 548 5411 3760 5488; baseline -0.003 -13"><span class='ocrx_word' id='word_1_867' title='bbox 548 5423 734 5477; x_wconf 87' lang='lat' dir='ltr'><strong>talium</strong></span> <span class='ocrx_word' id='word_1_868' title='bbox 756 5419 1041 5488; x_wconf 85' lang='lat' dir='ltr'><strong>gratiarum</strong></span> <span class='ocrx_word' id='word_1_869' title='bbox 1067 5417 1322 5471; x_wconf 85' lang='lat' dir='ltr'><strong>redundat</strong></span> <span class='ocrx_word' id='word_1_870' title='bbox 1353 5415 1572 5480; x_wconf 87' lang='lat' dir='ltr'><strong>veritas,</strong></span> <span class='ocrx_word' id='word_1_871' title='bbox 1613 5421 1668 5468; x_wconf 91' lang='lat' dir='ltr'><strong>et</strong></span> <span class='ocrx_word' id='word_1_872' title='bbox 1707 5414 1873 5480; x_wconf 83' lang='lat' dir='ltr'><strong>totius</strong></span> <span class='ocrx_word' id='word_1_873' title='bbox 1896 5413 2116 5470; x_wconf 82' lang='lat' dir='ltr'><strong>benedi-</strong></span> <span class='ocrx_word' id='word_1_874' title='bbox 2223 5418 2432 5475; x_wconf 85' lang='lat' dir='ltr'><strong>Patrem</strong></span> <span class='ocrx_word' id='word_1_875' title='bbox 2462 5428 2798 5486; x_wconf 89' lang='lat' dir='ltr'><strong>comparasse</strong></span> <span class='ocrx_word' id='word_1_876' title='bbox 2820 5414 3196 5483; x_wconf 81' lang='lat' dir='ltr'><strong>descripserit:</strong></span> <span class='ocrx_word' id='word_1_877' title='bbox 3221 5427 3342 5467; x_wconf 88' lang='lat' dir='ltr'><strong>nam</strong></span> <span class='ocrx_word' id='word_1_878' title='bbox 3371 5411 3441 5466; x_wconf 85' lang='lat' dir='ltr'><strong>ita</strong></span> <span class='ocrx_word' id='word_1_879' title='bbox 3464 5425 3528 5466; x_wconf 80' lang='lat' dir='ltr'><strong>ex</strong></span> <span class='ocrx_word' id='word_1_880' title='bbox 3560 5422 3760 5480; x_wconf 76' lang='lat' dir='ltr'><strong>persona</strong></span> 
     </span>
    </p>
   </div>
   <div class='ocr_carea' id='block_1_65' title="bbox 551 5499 3762 5579">
    <p class='ocr_par' dir='ltr' id='par_1_65' title="bbox 551 5499 3762 5579">
     <span class='ocr_line' id='line_1_65' title="bbox 551 5499 3762 5579; baseline -0.004 -12"><span class='ocrx_word' id='word_1_881' title='bbox 551 5512 742 5567; x_wconf 85' lang='lat' dir='ltr'><strong>ctionis</strong></span> <span class='ocrx_word' id='word_1_882' title='bbox 771 5511 969 5565; x_wconf 78' lang='lat' dir='ltr'><strong>fructus</strong></span> <span class='ocrx_word' id='word_1_883' title='bbox 1019 5507 1314 5563; x_wconf 62' lang='lat' dir='ltr'><strong>exuberat?</strong></span> <span class='ocrx_word' id='word_1_884' title='bbox 1349 5509 1402 5563; x_wconf 84' lang='lat' dir='ltr'><strong>In</strong></span> <span class='ocrx_word' id='word_1_885' title='bbox 1435 5523 1539 5576; x_wconf 90' lang='lat' dir='ltr'><strong>quo</strong></span> <span class='ocrx_word' id='word_1_886' title='bbox 1580 5507 1781 5570; x_wconf 86' lang='lat' dir='ltr'><strong>fructu,</strong></span> <span class='ocrx_word' id='word_1_887' title='bbox 1809 5507 1897 5575; x_wconf 90' lang='lat' dir='ltr'><strong>qui</strong></span> <span class='ocrx_word' id='word_1_888' title='bbox 1930 5505 2116 5574; x_wconf 78' lang='lat' dir='ltr'><strong>proctIi</strong></span> <span class='ocrx_word' id='word_1_889' title='bbox 2224 5511 2341 5579; x_wconf 87' lang='lat' dir='ltr'><strong>ejus</strong></span> <span class='ocrx_word' id='word_1_890' title='bbox 2370 5509 2498 5564; x_wconf 90' lang='lat' dir='ltr'><strong>dicit</strong></span> <span class='ocrx_word' id='word_1_891' title='bbox 2530 5527 2541 5560; x_wconf 88' lang='lat'><strong>:</strong></span> <span class='ocrx_word' id='word_1_892' title='bbox 2594 5506 2859 5575; x_wconf 82' lang='lat' dir='ltr'><strong>Quomodo</strong></span> <span class='ocrx_word' id='word_1_893' title='bbox 2903 5505 2946 5560; x_wconf 87' lang='lat' dir='ltr'><strong>si</strong></span> <span class='ocrx_word' id='word_1_894' title='bbox 2989 5505 3256 5560; x_wconf 82' lang='lat' dir='ltr'><strong>descendat</strong></span> <span class='ocrx_word' id='word_1_895' title='bbox 3299 5504 3454 5557; x_wconf 80' lang='lat' dir='ltr'><strong>imber</strong></span> <span class='ocrx_word' id='word_1_896' title='bbox 3478 5513 3569 5556; x_wconf 83' lang='lat' dir='ltr'><strong>aut</strong></span> <span class='ocrx_word' id='word_1_897' title='bbox 3596 5502 3674 5554; x_wconf 73' lang='lat' dir='ltr'><strong>nis</strong></span> <span class='ocrx_word' id='word_1_898' title='bbox 3709 5499 3762 5548; x_wconf 73' lang='lat' dir='ltr'><strong>de</strong></span> 
     </span>
    </p>
   </div>
   <div class='ocr_carea' id='block_1_66' title="bbox 549 5587 3760 5667">
    <p class='ocr_par' dir='ltr' id='par_1_66' title="bbox 549 5587 3760 5667">
     <span class='ocr_line' id='line_1_66' title="bbox 549 5587 3760 5667; baseline -0.004 -9"><span class='ocrx_word' id='word_1_899' title='bbox 549 5603 717 5658; x_wconf 85' lang='lat' dir='ltr'><strong>dubio</strong></span> <span class='ocrx_word' id='word_1_900' title='bbox 763 5601 1007 5656; x_wconf 88' lang='lat' dir='ltr'><strong>Christus</strong></span> <span class='ocrx_word' id='word_1_901' title='bbox 1034 5610 1137 5665; x_wconf 89' lang='lat' dir='ltr'><strong>est,</strong></span> <span class='ocrx_word' id='word_1_902' title='bbox 1169 5608 1478 5653; x_wconf 85' lang='lat' dir='ltr'><strong>cunctorum</strong></span> <span class='ocrx_word' id='word_1_903' title='bbox 1530 5597 1763 5653; x_wconf 89' lang='lat' dir='ltr'><strong>ﬁdelium</strong></span> <span class='ocrx_word' id='word_1_904' title='bbox 1815 5596 2117 5652; x_wconf 85' lang='lat' dir='ltr'><strong>benedictio</strong></span> <span class='ocrx_word' id='word_1_905' title='bbox 2225 5600 2370 5664; x_wconf 72' lang='lat' dir='ltr'><strong>coelo.</strong></span> <span class='ocrx_word' id='word_1_906' title='bbox 2418 5609 2464 5655; x_wconf 89' lang='lat' dir='ltr'><strong>et</strong></span> <span class='ocrx_word' id='word_1_907' title='bbox 2491 5599 2615 5652; x_wconf 90' lang='lat' dir='ltr'><strong>illuc</strong></span> <span class='ocrx_word' id='word_1_908' title='bbox 2641 5614 2742 5652; x_wconf 86' lang='lat' dir='ltr'><strong>non</strong></span> <span class='ocrx_word' id='word_1_909' title='bbox 2779 5604 3058 5652; x_wconf 83' lang='lat' dir='ltr'><strong>revertatur</strong></span> <span class='ocrx_word' id='word_1_910' title='bbox 3089 5596 3196 5667; x_wconf 87' lang='lat' dir='ltr'><strong>(sed</strong></span> <span class='ocrx_word' id='word_1_911' title='bbox 3224 5595 3435 5648; x_wconf 85' lang='lat' dir='ltr'><strong>inebriat</strong></span> <span class='ocrx_word' id='word_1_912' title='bbox 3475 5587 3676 5651; x_wconf 71' lang='lat' dir='ltr'><strong>terrain.</strong></span> <span class='ocrx_word' id='word_1_913' title='bbox 3722 5597 3760 5637; x_wconf 76' lang='grc' dir='ltr'><strong>ιι</strong></span> 
     </span>
    </p>
   </div>
   <div class='ocr_carea' id='block_1_67' title="bbox 550 5677 3757 5762">
    <p class='ocr_par' dir='ltr' id='par_1_67' title="bbox 550 5677 3757 5762">
     <span class='ocr_line' id='line_1_67' title="bbox 550 5677 3757 5762; baseline -0.006 -15"><span class='ocrx_word' id='word_1_914' title='bbox 550 5703 963 5756; x_wconf 78' lang='lat' dir='ltr'><strong>consummatur,</strong></span> <span class='ocrx_word' id='word_1_915' title='bbox 980 5699 1038 5746; x_wconf 92' lang='lat' dir='ltr'><strong>ut</strong></span> <span class='ocrx_word' id='word_1_916' title='bbox 1061 5690 1225 5745; x_wconf 86' lang='lat' dir='ltr'><strong>David</strong></span> <span class='ocrx_word' id='word_1_917' title='bbox 1250 5689 1352 5745; x_wconf 89' lang='lat' dir='ltr'><strong>ait:</strong></span> <span class='ocrx_word' id='word_1_918' title='bbox 1374 5688 1528 5744; x_wconf 84' lang='lat' dir='ltr'><strong>Terra</strong></span> <span class='ocrx_word' id='word_1_919' title='bbox 1541 5690 1680 5743; x_wconf 86' lang='lat' dir='ltr'><strong>dedit</strong></span> <span class='ocrx_word' id='word_1_920' title='bbox 1702 5692 1921 5759; x_wconf 79' lang='lat' dir='ltr'><strong>fructum</strong></span> <span class='ocrx_word' id='word_1_921' title='bbox 1944 5703 2113 5742; x_wconf 85' lang='lat' dir='ltr'><strong>suum.</strong></span> <span class='ocrx_word' id='word_1_922' title='bbox 2224 5691 2350 5762; x_wconf 81' lang='lat' dir='ltr'><strong>facit</strong></span> <span class='ocrx_word' id='word_1_923' title='bbox 2376 5706 2488 5746; x_wconf 90' lang='lat' dir='ltr'><strong>eam</strong></span> <span class='ocrx_word' id='word_1_924' title='bbox 2518 5687 2825 5760; x_wconf 85' lang='lat' dir='ltr'><strong>germinare)</strong></span> <span class='ocrx_word' id='word_1_925' title='bbox 2849 5705 2862 5740; x_wconf 90' lang='lat'><strong>:</strong></span> <span class='ocrx_word' id='word_1_926' title='bbox 2889 5688 2962 5741; x_wconf 88' lang='lat' dir='ltr'><strong>sic</strong></span> <span class='ocrx_word' id='word_1_927' title='bbox 2981 5687 3074 5740; x_wconf 86' lang='lat' dir='ltr'><strong>erit</strong></span> <span class='ocrx_word' id='word_1_928' title='bbox 3113 5677 3321 5739; x_wconf 69' lang='lat' dir='ltr'><strong>Verbum</strong></span> <span class='ocrx_word' id='word_1_929' title='bbox 3342 5687 3478 5756; x_wconf 80' lang='lat' dir='ltr'><strong>quod</strong></span> <span class='ocrx_word' id='word_1_930' title='bbox 3505 5683 3757 5756; x_wconf 79' lang='lat' dir='ltr'><strong>egredietur</strong></span> 
     </span>
    </p>
   </div>
   <div class='ocr_carea' id='block_1_68' title="bbox 553 5774 3757 5850">
    <p class='ocr_par' dir='ltr' id='par_1_68' title="bbox 553 5774 3757 5850">
     <span class='ocr_line' id='line_1_68' title="bbox 553 5774 3757 5850; baseline -0.003 -14"><span class='ocrx_word' id='word_1_931' title='bbox 553 5782 823 5836; x_wconf 79' lang='lat' dir='ltr'><strong>Benedicat</strong></span> <span class='ocrx_word' id='word_1_932' title='bbox 849 5798 941 5834; x_wconf 84' lang='lat' dir='ltr'><strong>nos</strong></span> <span class='ocrx_word' id='word_1_933' title='bbox 973 5783 1105 5836; x_wconf 84' lang='lat' dir='ltr'><strong>Deus</strong></span> <span class='ocrx_word' id='word_1_934' title='bbox 1141 5781 1276 5834; x_wconf 86' lang='lat' dir='ltr'><strong>Deus</strong></span> <span class='ocrx_word' id='word_1_935' title='bbox 1321 5788 1508 5847; x_wconf 81' lang='lat' dir='ltr'><strong>noster,</strong></span> <span class='ocrx_word' id='word_1_936' title='bbox 1554 5779 1813 5836; x_wconf 83' lang='lat' dir='ltr'><strong>bcnedicat</strong></span> <span class='ocrx_word' id='word_1_937' title='bbox 1857 5794 1949 5834; x_wconf 87' lang='lat' dir='ltr'><strong>nos</strong></span> <span class='ocrx_word' id='word_1_938' title='bbox 1977 5777 2114 5834; x_wconf 82' lang='lat' dir='ltr'><strong>Deus</strong></span> <span class='ocrx_word' id='word_1_939' title='bbox 2226 5784 2288 5836; x_wconf 87' lang='lat' dir='ltr'><strong>de</strong></span> <span class='ocrx_word' id='word_1_940' title='bbox 2314 5798 2401 5836; x_wconf 87' lang='lat' dir='ltr'><strong>ore</strong></span> <span class='ocrx_word' id='word_1_941' title='bbox 2428 5797 2555 5850; x_wconf 85' lang='lat' dir='ltr'><strong>meo,</strong></span> <span class='ocrx_word' id='word_1_942' title='bbox 2585 5795 2685 5835; x_wconf 85' lang='lat' dir='ltr'><strong>non</strong></span> <span class='ocrx_word' id='word_1_943' title='bbox 2710 5787 2984 5834; x_wconf 64' lang='lat' dir='ltr'><strong>revertetur</strong></span> <span class='ocrx_word' id='word_1_944' title='bbox 3024 5778 3092 5833; x_wconf 87' lang='lat' dir='ltr'><strong>ad</strong></span> <span class='ocrx_word' id='word_1_945' title='bbox 3127 5793 3204 5832; x_wconf 83' lang='lat' dir='ltr'><strong>nte</strong></span> <span class='ocrx_word' id='word_1_946' title='bbox 3233 5793 3466 5843; x_wconf 63' lang='lat' dir='ltr'><strong>uacum,</strong></span> <span class='ocrx_word' id='word_1_947' title='bbox 3504 5778 3593 5831; x_wconf 80' lang='lat' dir='ltr'><strong>sed</strong></span> <span class='ocrx_word' id='word_1_948' title='bbox 3631 5774 3757 5846; x_wconf 67' lang='lat' dir='ltr'><strong>{add</strong></span> 
     </span>
    </p>
   </div>
  </div>
