3842 6226
163 293 264 349 ll?

1263 289 1536 347 CONTRA
1575 280 2040 338 EUTYCIIE'I‘EM
2080 285 2206 339 LIB.
2250 285 2333 342 lli.

3322 287 3418 356 tts

158 425 508 477 quacunque
548 410 706 472 uolui,
751 415 794 461 et
843 406 1211 477 prosper-obitur
1241 405 1292 456 in
1319 403 1396 455 his
1420 401 1486 454 ad
1513 414 1624 468 qua:
1651 397 1761 450 misi
1790 400 1838 454 A
1866 395 1976 468 agri
2002 395 2466 464 pttlcltritudine’et
2497 397 2609 467 ipse
2631 397 2932 467 loquiturin
2964 398 3166 471 psalmo
3192 396 3422 466 quadra-

161 499 303 556 iflud
335 498 515 568 (Iani.
543 515 626 576 tv,
661 500 772 566 I0).
813 499 939 564 Quis
968 499 1018 550 in
1050 507 1153 550 tant
1189 503 1370 563 aperta
1399 501 1453 547 et
1477 489 1761 546 absolutis-

163 588 308 644 sima
344 589 562 643 divina:
587 588 973 657 pratdic..tionis
996 585 1255 646 claritate,
1286 583 1461 636 lumen
1488 595 1591 634 non
1621 579 1757 647 aspi-

159 683 274 736 ciat
302 680 601 735 veritatis?
631 680 768 734 Ecce
798 679 1021 733 Verbum
1050 676 1140 732 Dei
1163 677 1297 735 sicut
1326 674 1493 728 imber
1521 673 1570 726 in
1596 682 1757 737 terra,
1785 729 1798 745 ε

164 773 217 826 id
246 783 339 826 est
375 772 440 828 in
471 774 673 842 gremio
713 774 859 826 sinus
890 770 1066 825 Medae
1107 769 1326 823 influere
1352 766 1570 829 dicitur;
1603 777 1759 833 quam

166 863 368 922 Sancti
396 863 638 932 Spiritus
661 862 918 917 ebrietate
950 861 1322 923 fmcundatam,
1339 859 1390 911 in
1410 856 1648 926 germine
1668 853 1761 908 do-

164 953 363 1008 minici
401 965 562 1008 ortus
589 965 933 1023 prorumpere
954 950 1131 1014 faciat,
1153 958 1209 1004 et
1238 949 1495 1017 turgentis
1517 946 1619 1000 alvi
1639 958 1761 1015 pre-

163 1044 544 1100 liosiaimum
574 1046 733 1100 edere
762 1044 1010 1097 fructum.
1045 1040 1198 1107 Quod
1234 1037 1460 1094 Verbum
1485 1078 1498 1101 ,
1530 1038 1651 1106 quia
1682 1037 1763 1089 in-

160 1148 470 1192 carnatnrn
496 1135 662 1207 (quod
686 1146 768 1190 est
791 1149 951 1190 carne
979 1130 1240 1204 indutum)
1266 1131 1426 1186 homo
1439 1144 1557 1186 esse
1573 1128 1757 1194 voluit,

161 1227 385 1282 nudum
419 1235 477 1283 et
504 1241 725 1281 vacuum
754 1225 820 1280 ad
845 1225 1077 1292 Patrem,
1124 1239 1153 1278 a
1196 1236 1300 1294 quo
1348 1221 1515 1277 fuerat
1543 1220 1759 1285 missus,
1802 1213 1804 1215 ’

166 1316 388 1372 reveni
425 1330 534 1372 non
564 1316 767 1384 potuit;
817 1313 911 1369 sed
957 1313 1010 1368 in
1049 1313 1236 1369 eodem
1276 1325 1381 1381 quo
1405 1310 1646 1364 indutum
1678 1319 1762 1363 est

161 1421 422 1476 corpore
457 1406 701 1461 cmlestia
727 1403 1041 1474 penetravit.
1085 1401 1153 1458 Et
1197 1403 1314 1457 ideo
1338 1416 1458 1456 eum
1482 1400 1637 1454 Pater
1668 1413 1759 1451 va-

172 1512 350 1552 cuum
383 1497 460 1551 ad
489 1511 547 1550 se
573 1495 700 1550 dicit
726 1510 830 1550 non
871 1494 1027 1565 pesse
1060 1493 1278 1559 reverti,
1329 1493 1449 1575 quia
1479 1491 1625 1547 nefas
1656 1499 1757 1555 est,

161 1601 230 1642 ex
259 1601 382 1658 quo
416 1587 472 1642 in
504 1586 734 1656 Virginis
769 1594 963 1641 terram
996 1584 1294 1652 descendit,
1329 1583 1526 1638 nudum
1554 1597 1674 1637 eum
1708 1591 1762 1636 et

167 1677 407 1734 homine
443 1691 668 1732 vacuum
705 1676 988 1744 pontiteri;
1036 1674 1087 1730 id
1141 1685 1247 1741 est,
1290 1675 1491 1743 absque
1544 1673 1756 1726 humani

1861 487 2063 554 gesimo
2094 502 2235 562 nono
2262 504 2275 541 :
2310 486 2378 540 Et
2404 490 2595 555 species
2621 490 2731 560 agri
2759 506 2953 543 mecum
2976 498 3046 542 est
3066 487 3235 556 (Psal.
3271 501 3424 550 χιιι,

1861 576 1975 646 Η).
2008 562 2107 632 Per
2135 560 2286 646 cujus
2315 579 2424 648 agri
2454 579 2676 650 gloriam
2708 579 2939 634 Ecclesia
2975 581 3024 631 in
3050 576 3301 645 prrrdicto
3333 576 3427 632 Sa-

1863 665 2087 721 lontOnis
2115 668 2250 730 libro
2279 669 2487 725 sodales
2515 670 2743 738 adjurat,
2775 671 2959 726 dicens
2986 689 2996 722 ε
3032 669 3228 739 Adjuro
3256 685 3341 720 vos
3376 669 3424 718 in

1861 759 2024 828 gloria
2047 770 2093 813 et
2120 761 2386 813 virtutibus
2418 763 2529 830 agri
2571 761 2755 832 (Cant.
2788 778 2845 827 tt,
2876 764 2925 826 '7,
2960 773 3005 816 ct
3035 778 3110 827 ιιι,
3137 760 3216 833 5).
3258 761 3425 826 Quem

1861 840 2044 921 agrum
2091 852 2203 920 ipsa
2247 852 2332 906 illa
2373 852 2520 907 fortis
2542 865 2596 910 et
2627 855 2842 924 sapiens
2870 856 2920 908 in
2954 854 3254 908 Proverbiis
3278 853 3427 906 Salo-

1862 942 2035 1017 monis
2069 943 2283 1019 mulier,
2308 943 2358 998 id
2408 953 2490 1000 est
2533 946 2788 1012 Ecclesia,
2834 947 3188 1002 introducitur
3215 960 3430 1012 compa-

1862 1049 2046 1099 rasse;
2090 1036 2169 1090 sic
2215 1037 2354 1091 enim
2396 1036 2462 1091 de
2506 1052 2566 1092 ea
2600 1037 2830 1092 dicitur:
2865 1041 3058 1111 Agrum
3086 1037 3208 1091 vidit
3239 1045 3284 1089 et
3313 1035 3429 1088 emit

1858 1126 2007 1180 iitum
2039 1126 2220 1197 (Prov.
2243 1144 2392 1194 xxxi,
2421 1128 2529 1197 i6).
2572 1128 2807 1185 Pretiosa
2839 1140 2921 1187 est
2947 1130 3102 1197 lntjns
3140 1129 3255 1198 agri
3304 1142 3427 1195 pos-

1863 1218 2050 1282 sessio,
2075 1234 2194 1288 quae
2219 1218 2416 1273 Christi
2444 1220 2583 1275 intra
2613 1236 2670 1276 se
2696 1215 3016 1276 absconsam
3051 1221 3241 1274 retinet
3263 1219 3428 1274 deita-

1864 1320 1988 1364 tem.
2017 1308 2420 1378 Dupl-ieisjenim
2449 1322 2649 1366 natura:
2675 1320 2759 1366 est
2788 1313 3050 1376 Christus,
3097 1322 3149 1364 et
3178 1312 3315 1374 ideo,
3371 1319 3428 1364 ut

1861 1400 1992 1466 dixi,
2024 1417 2121 1455 nec
2145 1401 2425 1457 thesaurus
2447 1401 2560 1457 sine
2589 1418 2740 1472 agro,
2769 1419 2867 1458 nec
2887 1420 3015 1472 ager
3041 1404 3155 1459 sine
3178 1405 3428 1460 thesauro

1861 1510 1896 1564 p
1916 1503 2039 1549 ‘test
2067 1494 2132 1548 ab
2158 1494 2336 1560 aliquo
2365 1495 2643 1566 possideri;
2677 1496 2805 1550 Nam
2835 1496 3155 1551 Manichacus
3182 1505 3233 1550 et
3261 1496 3427 1565 Euty-

1862 1586 2012 1653 cbes,
2043 1586 2131 1656 qui
2161 1586 2347 1642 volunt
2376 1586 2684 1645 thesaurum
2725 1588 2841 1644 sine
2881 1603 3010 1657 agro
3038 1587 3331 1656 possidere,
3374 1587 3426 1640 id

1861 1687 1943 1732 est
1971 1662 2138 1733 solam
2164 1677 2495 1735 divinitatem
2527 1681 2642 1735 sine
2669 1695 2830 1736 carne
2861 1681 3036 1747 fateri,
3064 1681 3342 1749 utrius-que
3374 1681 3428 1732 in

164 1763 438 1837 corporis
464 1776 650 1821 natura
678 1766 845 1821 solam
870 1766 985 1839 ejus
1006 1779 1245 1820 asserere
1265 1765 1532 1819 deitatem.
1561 1763 1759 1832 [Equa-
1795 1751 1837 1810 Β
1865 1767 2077 1823 Christo
2106 1776 2313 1830 natura;
2338 1769 2729 1825 confessionem
2755 1781 2975 1842 uterque
2993 1769 3282 1840 refugiens,
3308 1786 3426 1838 pro-

168 1858 236 1913 lis
263 1858 428 1913 enim
458 1867 514 1913 et
537 1857 778 1926 ejusdem
802 1857 1019 1926 periculi
1047 1871 1134 1911 res
1159 1865 1261 1920 est,
1291 1855 1630 1909 autdivinam
1647 1855 1761 1922 ejus

168 1951 586 2018 tantummodo,
644 1960 736 2003 aut
788 1949 1071 2003 humanam
1120 1949 1270 2001 fateri
1322 1954 1585 2012 naturam,
1633 1947 1757 2014 quia

170 2058 344 2096 unum
371 2043 492 2097 sine
512 2042 620 2095 alio
646 2037 750 2096 non
772 2039 974 2110 prolicit
1002 2039 1067 2093 ad
1089 2038 1335 2096 salutem.

243 2131 344 2185 XI.
391 2132 542 2198 Quod
574 2142 626 2187 et
655 2131 767 2200 ipse
813 2130 1064 2184 Dominus
1107 2130 1157 2183 in
1187 2128 1474 2199 Evangelio
1522 2127 1621 2182 sub
1668 2127 1759 2181 tali

176 2223 556 2278 similitudinis
583 2221 978 2291 comparatione
996 2221 1324 2290 apertissime
1345 2218 1518 2273 docet.
1545 2216 1570 2270 I
1578 2229 1757 2282 terum,

185 2316 391 2382 inquit,
419 2314 580 2368 simile
609 2323 678 2366 est
706 2329 917 2384 regnum
941 2314 1184 2366 striarum
1204 2312 1441 2365 thesauro
1467 2310 1760 2364 abscondito

179 2403 227 2454 iu
249 2419 407 2473 agro,
421 2419 568 2471 quem
587 2402 673 2471 qui
692 2401 1190 2466 inrmit,abscondit,
1213 2411 1261 2453 et
1283 2414 1389 2470 prce
1405 2400 1592 2469 gaudio
1613 2399 1757 2463 obiit,

182 2505 228 2548 et
258 2496 492 2549 uendidit
510 2496 680 2550 omnia
705 2510 822 2560 sua,
849 2506 892 2548 et
911 2496 1028 2548 emit
1048 2510 1228 2566 agrum
1251 2494 1397 2547 illum
1420 2493 1757 2563 (Jfatth.xttt,

184 2583 302 2655 ιι).
360 2586 550 2641 Nonne
596 2586 748 2655 quasi
778 2587 872 2640 tibi
911 2586 1122 2640 videtur
1163 2585 1318 2653 hujus
1362 2584 1605 2640 inventor
1646 2583 1760 2637 the-

187 2682 331 2734 sauri
365 2694 472 2735 non
522 2680 654 2734 satis
685 2681 972 2749 prudenter
1002 2678 1215 2748 egisse?
1242 2677 1378 2745 Quid
1407 2676 1547 2732 enim
1579 2690 1762 2730 neces—

187 2771 366 2825 sitttis
395 2773 478 2827 vel
508 2771 870 2840 impedimenti
915 2771 1108 2837 fuerat,
1157 2781 1212 2824 ut
1243 2771 1510 2824 inventum
1541 2769 1758 2823 thesau-

190 2873 304 2914 rum
329 2877 440 2914 non
468 2862 647 2916 statim
677 2864 905 2916 auferret
951 2862 1018 2916 de
1055 2859 1222 2930 agro?
1258 2875 1378 2915 cum
1425 2859 1603 2929 utique
1645 2860 1760 2928 ipso

191 2950 281 3004 illo
305 2952 421 3005 otio
453 2953 708 3020 temporis
731 2961 784 3005 et
813 2962 1042 3016 secreto,
1091 2966 1196 3021 quo
1222 2960 1513 3019 repererat,
1547 2950 1762 3003 auferre

196 3044 458 3108 potuerit;
506 3037 562 3096 dt
600 3053 704 3095 tam
747 3042 884 3095 facili
911 3040 1250 3110 compendio,
1282 3040 1400 3095 sine
1425 3041 1755 3109 propriarum

1863 1852 1945 1913 cui
1969 1858 2207 1926 ahjectus
2227 1868 2280 1913 et
2301 1859 2405 1929 33
2425 1861 2675 1916 exclusus
2692 1861 2759 1914 ab
2781 1861 2878 1915 hac
2900 1861 3239 1929 possessione
3259 1868 3426 1914 extor-

1863 1948 1937 2002 ris
1962 1945 2204 2005 habetur.
2234 1947 2490 2002 Photinus
2515 1964 2723 2020 quoque
2745 1958 2798 2004 et
2818 1951 2866 2004 ei
2888 1950 3106 2012 similes,
3135 1951 3221 2019 qui
3244 1963 3426 2016 agrum

1861 2037 2218 2103 solummodo,
2245 2053 2348 2092 non
2371 2047 2426 2092 et
2453 2040 2758 2094 thesaurum
2787 2039 2903 2110 ejus
2929 2039 3223 2108 possidere,
3272 2039 3324 2093 id
3349 2049 3427 2093 «εει

1863 2128 2242 2199 humanitatem
2267 2129 2491 2195 Christi,
2541 2145 2647 2184 non
2687 2138 2740 2185 et
2767 2130 3100 2185 divinitatem
3143 2129 3298 2184 fateri
3329 2144 3424 2184 vo-

1863 2219 2094 2284 luerunt,
2125 2218 2223 2272 hac
2250 2220 2588 2288 possessione
2616 2220 2807 2289 priVati
2838 2230 2981 2280 sunt.

1845 2321 1855 2328 ‘
1933 2311 2068 2366 XIII.
2109 2312 2261 2388 Unde
2308 2313 2500 2369 merito
2530 2315 2641 2368 sola
2669 2315 2718 2369 in
2749 2296 3051 2369 Ptioverbiis
3080 2314 3426 2381 muliertbea.

1864 2403 2102 2458 titudinis
2133 2406 2398 2472 pratconio
2427 2407 2580 2476 digna
2613 2407 2858 2475 habetur,
2888 2422 3009 2477 quae
3061 2405 3201 2460 hunc
3239 2421 3423 2474 agrum

1860 2506 2199 2562 comparans,
2228 2495 2457 2565 duplicia
2497 2498 2655 2567 pallia
2692 2499 2806 2552 viro
2830 2512 2928 2552 suo
2954 2498 3139 2551 fecisse
3165 2498 3425 2552 describi-

1864 2584 2069 2638 tur.«In
2100 2586 2275 2653 palliis
2315 2587 2479 2648 enim.
2533 2587 2883 2642 confessionis
2933 2587 3103 2641 honor
3149 2587 3427 2655 accipitur,

1864 2683 2065 2727 naturae
2087 2674 2291 2729 scilicet
2318 2676 2637 2745 utriusque:
2687 2677 2809 2744 quia
2865 2691 2962 2732 nee
3006 2676 3316 2745 dignaretur
3345 2679 3425 2730 vir

1862 2763 1975 2830 ejus
2005 2778 2165 2817 unum
2197 2763 2266 2817 ab
2292 2779 2352 2820 ea
2379 2765 2730 2819 confessionis
2777 2766 2990 2832 pallium
3031 2760 3292 2835 accipere,
3338 2777 3428 2820 aut

1862 2854 2158 2910 divinitatis
2181 2849 2568 2920 tantummodo,
2597 2866 2687 2909 aut
2707 2858 2875 2909 solum
2901 2857 3244 2910 humanitatis
3272 2871 3384 2912 sua:
3413 2873 3426 2920 ;

1865 2945 1916 3000 id
1943 2946 2085 3001 enim
2112 2960 2214 3000 non
2243 2946 2480 3012 honoris,
2527 2947 2619 3000 sed
2660 2948 3000 3002 contumelias
3026 2956 3111 3002 est
3155 2949 3425 3014 maximas,

1863 3050 2026 3091 unum
2051 3035 2241 3090 horum
2259 3034 2386 3090 sine
2408 3036 2514 3090 alio
2542 3036 2754 3090 offerre.
2812 3036 2962 3091 Unde
2992 3037 3115 3090 talia
3143 3036 3428 3104 repudians

195 3118 477 3198 dispendio
520 3132 830 3186 facultatum
870 3108 1082 3187 emendi
1123 3131 1237 3202 agri
1281 3108 1649 3187 necessitatem
1678 3132 1757 3185 vi-
1787 3108 1832 3170 Ο
1865 3139 2106 3188 munera,
2139 3139 2258 3194 qua:
2279 3122 2551 3194 utriusque
2579 3132 2783 3179 naturas
2821 3115 3154 3180 confessione
3185 3141 3292 3178 non
3318 3125 3427 3179 sint

198 3229 330 3276 tare.
363 3222 470 3292 32
508 3221 613 3276 Sed
639 3224 883 3291 cognovit
915 3222 1096 3292 utique
1121 3219 1566 3290 prudentissimus.
1600 3221 1760 3276 homo

201 3309 527 3365 inefficacem
572 3319 629 3366 et
671 3313 929 3378 inutilem,
978 3312 1084 3388 imo
1114 3312 1461 3381 periculosam
1488 3325 1608 3366 esse
1636 3310 1756 3366 the-

199 3403 336 3456 sauri
367 3403 523 3472 hujus
552 3405 668 3458 sine
727 3420 854 3474 agro
884 3405 1299 3473 possessionem.
1331 3405 1459 3459 Nam
1493 3405 1612 3460 vide
1639 3405 1759 3476 quia

201 3492 330 3547 sicut
349 3481 670 3549 absconsum
701 3497 990 3562 invenerat,
1021 3497 1090 3549 ita
1121 3503 1174 3550 et
1201 3497 1315 3563 ipse
1341 3495 1638 3562 abscondit,
1663 3511 1760 3553 nec

201 3597 376 3650 agrum
399 3585 602 3639 nudare
627 3600 687 3640 ac
715 3600 940 3641 vacuare
971 3586 1220 3639 thesauro
1245 3598 1424 3649 ausus.
1457 3588 1635 3640 omnia
1662 3601 1756 3641 sua

203 3674 430 3729 vendere
457 3676 754 3743 festinavit,
775 3677 967 3745 ntjure
990 3676 1240 3743 legitimo,
1266 3686 1321 3732 et
1349 3678 1595 3738 thesauro
1625 3681 1753 3747 poti-

203 3771 341 3818 retur
367 3775 425 3820 et
451 3780 596 3836 agro.
640 3765 802 3834 Igitur
841 3768 1121 3827 thesaurus
1162 3767 1211 3820 in
1257 3782 1382 3835 agro
1415 3770 1758 3824 absconditus

208 3853 337 3909 Deus
361 3865 468 3919 est,
517 3858 683 3911 latens
727 3856 780 3910 in
811 3871 970 3910 carne
997 3872 1112 3911 sua.
1168 3858 1304 3912 Audi
1335 3860 1647 3927 Apostolum
1675 3860 1758 3914 di-

203 3955 404 4000 centem
434 3945 501 4008 de
530 3946 777 4000 Christo:
808 3944 874 4000 In
901 3947 1030 4018 ipso,
1066 3948 1256 4016 inquit,
1303 3958 1418 4001 sunt
1447 3964 1619 4003 omnes
1643 3951 1756 4004 tlte-

204 4036 333 4088 εαυτὶ
361 4036 626 4103 sapientior
652 4044 698 4089 et
728 4022 946 4096 scientiis
968 4037 1251 4090 absconditi
1277 4037 1295 4108 (
1312 4037 1418 4091 Col.
1449 4054 1482 4092 ιι
1506 4079 1520 4103 ,
1561 4040 1648 4108 5).
1695 4040 1759 4094 Et

205 4123 315 4176 ideo
336 4127 513 4180 omnis
537 4133 617 4181 est
653 4141 869 4195 prorsus
920 4129 1118 4182 inutilis
1162 4140 1215 4182 et
1265 4129 1424 4195 impia
1466 4130 1754 4197 confessio,

207 4227 312 4280 qua:
341 4216 622 4269 Dominum
650 4216 831 4270 Jesnm
862 4214 1153 4281 Christum,
1195 4229 1285 4272 aut
1316 4219 1478 4272 Deum
1522 4227 1756 4273 tantum¢

205 4307 373 4371 modo,
403 4321 504 4381 non
537 4315 589 4361 et
616 4307 914 4375 hominem;
945 4320 1034 4363 aut
1057 4310 1323 4365 hominem
1347 4312 1539 4379 solum,
1571 4328 1675 4368 non
1703 4324 1757 4368 et

208 4400 358 4456 Deum
390 4401 600 4457 fatetur.

1859 3221 2069 3290 gemina
2101 3218 2300 3288 pariter
2335 3228 2390 3274 et
2417 3217 2691 3286 distincta,
2740 3227 2898 3287 atque
2945 3232 3041 3286 pro
3093 3227 3334 3285 tempore
3375 3228 3428 3272 et

1862 3318 2197 3366 sacramento
2241 3309 2444 3376 divisa,
2495 3310 2626 3364 dicit
2669 3309 2736 3388 ad
2764 3309 2894 3365 Cain
2925 3327 2938 3365 :
2969 3310 3029 3365 Si
3057 3321 3188 3365 recte
3214 3310 3424 3376 θίγεν-(ιε.

1859 3417 1991 3459 recte
2020 3414 2187 3457 autem
2234 3420 2336 3458 non
2381 3403 2599 3470 dividas,
2641 3404 2858 3474 peccasti
2898 3402 3048 3473 (Gen.
3081 3418 3150 3467 Iv,
3184 3404 3262 3473 7).
3294 3403 3426 3468 Quia
3457 3419 3462 3424 δ

1861 3495 1954 3549 ille
2000 3493 2147 3560 solus
2187 3501 2332 3548 recte
2376 3490 2566 3548 dividit
2608 3493 2698 3564 qui
2738 3508 2843 3548 non
2896 3495 3103 3562 ignorat
3132 3494 3427 3546 secundum

1860 3586 1986 3655 quid
2018 3584 2183 3640 Filius
2213 3584 2430 3654 aequalis
2457 3593 2539 3639 est
2571 3585 2734 3649 Patri,
2766 3596 2820 3640 et
2847 3583 3138 3638 secundum
3171 3585 3298 3652 quid
3330 3599 3423 3638 eo-

1861 3676 1981 3733 dem
2011 3677 2186 3732 minor
2207 3683 2287 3733 est
2308 3677 2496 3742 Patre;
2525 3676 2813 3732 secundum
2838 3675 2963 3745 quid
2995 3689 3179 3744 passus
3207 3685 3257 3726 et
3282 3691 3425 3729 mor-

1863 3778 1983 3822 tuus
2011 3775 2114 3832 est,
2161 3775 2216 3822 et
2252 3765 2546 3822 secundum
2585 3765 2708 3836 quid
2761 3765 3076 3820 immortalis
3125 3765 3326 3833 pariter
3372 3775 3425 3819 et

1861 3857 2201 3933 impassibilis
2221 3857 2434 3912 mansit.
2461 3856 2598 3922 Quia
2628 3871 2732 3911 non
2761 3857 2933 3911 solum
2959 3856 3306 3922 confundere,
3331 3857 3424 3911 sed

1859 3955 1914 4002 et
1950 3961 2055 4001 non
2098 3956 2242 4002 recte
2268 3946 2504 4003 dividere
2557 3956 2734 4002 reatus
2769 3959 2850 4002 est
2897 3947 3154 4003 criminis.
3208 3949 3263 4002 In
3316 3964 3424 4001 uno

1859 4037 1999 4092 enim
2024 4037 2352 4107 Eutychetis,
2387 4039 2440 4093 in
2462 4038 2565 4092 alio
2591 4038 2820 4093 Nestorii
2843 4039 3125 4092 damnatur
3152 4039 3421 4108 impietas,

1857 4128 1982 4182 dum
2012 4127 2150 4197 quod
2182 4128 2272 4182 ille
2293 4128 2430 4182 tnale
2448 4127 2744 4193 confundit,
2773 4130 3003 4197 pessime
3027 4131 3125 4185 iste
3148 4131 3420 4186 discernit.

1860 4220 1935 4274 De
1963 4234 2187 4288 quorum
2215 4218 2524 4273 diversitate
2551 4219 2858 4288 dogmatum
2881 4262 2894 4284 ,
2940 4220 3039 4274 sibi
3074 4221 3304 4276 invicem
3332 4225 3425 4275 ad-

1859 4310 2208 4391 versantium,
2251 4319 2503 4377 quantum
2555 4311 2710 4364 exilis
2743 4312 2910 4364 nostri
2941 4310 3138 4379 ingenii
3172 4312 3424 4366 facultate

1856 4399 2137 4464 valuimus,
2165 4399 2371 4454 duobus
2413 4400 2775 4468 superioribus
2831 4397 3192 4469 expressimus
3249 4403 3417 4457 libris.

270 4495 386 4549 XII.
429 4488 623 4564 Agrum
655 4503 828 4548 autem
867 4494 1154 4564 figuraliter
1190 4513 1403 4552 carnem
1430 4497 1628 4552 Christi
1662 4515 1755 4552 nu-
1782 4469 1835 4530 Ῑ)
1863 4493 1926 4547 Et
1953 4493 2200 4561 quoniam
2228 4493 2330 4547 isto
2356 4495 2511 4548 etiam
2542 4493 2721 4558 tertio,
2777 4493 3085 4547 irrefutabili
3143 4498 3420 4563 (quantum

207 4583 411 4645 minari,
445 4593 497 4638 et
525 4598 761 4655 praesens
789 4584 985 4638 indicat
1028 4585 1196 4649 locus,
1243 4597 1297 4639 ct
1334 4589 1580 4656 superius
1609 4588 1753 4644 illata

207 4676 494 4728 testimooia
520 4676 731 4729 docent.
778 4676 854 4729 De
895 4674 995 4729 hoc
1022 4675 1164 4730 enim
1195 4691 1322 4746 agro
1362 4681 1587 4740 maxime
1612 4680 1755 4736 Isaae

206 4761 252 4814 in
286 4768 400 4818 suis
439 4765 894 4818 benedictionibus
932 4765 1264 4833 praphctavit
1293 4784 1306 4818 :
1342 4764 1493 4831 Ecce,
1548 4767 1753 4835 dicens,

206 4856 317 4907 odor
345 4855 440 4923 ﬁlii
470 4855 565 4906 mei
586 4855 716 4906 sicut
741 4846 866 4906 odor
893 4856 1026 4922 agri,
1053 4857 1133 4907 cui
1160 4856 1406 4910 benedixit
1437 4857 1572 4912 Deus
1601 4859 1751 4927 (Gen.

205 4955 357 5008 mn,
376 4944 497 5013 '27).
529 4945 736 5013 Corpus
766 4945 906 4999 enim
929 4943 1249 4999 dominicum
1279 4949 1482 5015 magnis
1511 4948 1749 5003 diversa-

176 5047 303 5098 .I'um
335 5030 586 5089 virtutum
639 5034 834 5105 fragrat
878 5037 1156 5102 odoribus,
1203 5047 1256 5090 et
1302 5040 1381 5092 sui
1414 5041 1746 5095 beneolentia

204 5122 429 5181 infirmos
458 5138 694 5196 quosque
715 5127 967 5182 vivificat.
1002 5127 1154 5182 Unde
1186 5131 1469 5197 Apostolus
1495 5146 1507 5183 :
1539 5131 1746 5197 Clu-isti,

205 5213 378 5284 inquit.
402 5217 561 5270 bonus
587 5217 713 5269 odor
732 5233 902 5271 sumus
933 5216 1058 5286 Deo,
1091 5219 1152 5271 de
1178 5219 1276 5271 vita
1299 5220 1348 5271 in
1371 5221 1540 5287 vitam,
1563 5221 1639 5274 his
1663 5223 1750 5291 qui

203 5307 311 5360 sciri
331 5307 464 5374 ﬁunt
511 5304 618 5374 (If
654 5305 773 5360 Cor.
804 5323 862 5372 tt,
899 5308 1005 5378 I5).
1064 5308 1226 5378 Cujus
1256 5320 1361 5364 tam
1409 5313 1658 5383 prmeipui
1695 5323 1750 5367 et

205 5396 405 5450 salviﬁci
432 5396 615 5451 odoris
661 5398 925 5452 suavitate
965 5398 1142 5454 illecta
1173 5399 1224 5455 in
1257 5399 1476 5456 Cantico
1505 5402 1748 5456 Cantico-

205 5494 297 5535 ratn
325 5488 390 5540 ad
419 5503 540 5542 eum
583 5487 712 5540 dicit
745 5487 982 5550 Ecclesia
1013 5507 1024 5542 :
1066 5488 1190 5543 Post
1241 5500 1289 5543 te
1327 5493 1378 5544 in
1423 5492 1626 5545 odorem
1658 5509 1751 5544 un-

205 5588 483 5637 gnatorum
521 5590 720 5633 tuorum
746 5595 998 5637 currcmus
1040 5579 1059 5652 (
1081 5582 1228 5636 Cant.
1264 5597 1311 5649 t,
1345 5582 1419 5654 ὅ).
1472 5584 1546 5639 De
1589 5584 1746 5652 hujus

1685 5747 1714 5770 υ

1859 4580 2071 4651 Opinor)
2101 4582 2294 4636 divinae
2324 4582 2615 4648 Scriptura:
2643 4585 2957 4638 auctoritate
2985 4584 3279 4651 docuimus,
3333 4585 3420 4639 Fi-

1858 4674 1983 4728 lium
2000 4668 2113 4741 Ilei,
2135 4675 2269 4728 sicut
2288 4674 2354 4729 de
2374 4674 2548 4740 Patre,
2573 4677 2809 4742 ejusdem
2833 4677 3145 4740 divinitatis,
3173 4679 3238 4730 ita
3263 4677 3422 4731 etiam

1857 4765 1924 4820 de
1955 4775 2147 4832 matre,
2175 4765 2520 4820 humanitatis
2551 4765 2748 4821 habere
2780 4776 3017 4820 naturam
3045 4784 3058 4822 :
3089 4777 3142 4821 et
3163 4768 3303 4835 quod
3335 4784 3423 4822 ros

1856 4856 2001 4921 creti,
2035 4863 2089 4909 et
2121 4871 2336 4925 germen
2368 4857 2446 4909 vel
2481 4857 2680 4910 fructus
2714 4866 2888 4922 terrzr,
2922 4871 3135 4927 pmpter
3175 4870 3424 4927 utrasque

1854 4956 2068 5001 naturas
2095 4945 2253 5001 fuerit
2279 4936 2593 5016 appellatus,
2619 4947 2811 5001 invicta
2842 4948 3189 5001 nihilominus
3219 4960 3272 5002 et
3299 4965 3419 5017 per-

1853 5037 2037 5106 spicua
2066 5037 2363 5093 assertione
2393 5038 2824 5092 monstravimus.
2863 5037 3010 5091 Nunc
3039 5037 3102 5090 ad
3136 5037 3409 5092 defensio-

1851 5142 1971 5182 nem
1996 5125 2188 5183 Leonis
2216 5128 2453 5198 epistolze
2481 5138 2535 5183 et
2573 5129 2783 5184 concilii
2806 5129 3258 5185 Chalcedonensis
3290 5133 3418 5201 styli

1853 5219 2024 5272 nostri
2046 5227 2415 5273 convertamus
2446 5218 2678 5274 officium
2714 5236 2729 5277 :
2777 5231 2831 5274 et
2857 5221 2995 5289 quod
3042 5221 3336 5275 catholicus
3368 5223 3420 5276 in

1852 5309 1930 5361 eis
1957 5317 2115 5376 atque
2158 5307 2485 5378 apostolicus
2511 5309 2770 5373 refulgeat
2808 5325 3026 5374 sensus,
3057 5313 3279 5364 cassatis
3313 5311 3422 5364 ha:-

1855 5400 2140 5454 reticorum
2164 5399 2549 5470 objrctionibus
2578 5401 2882 5472 doceamus.
2939 5403 3044 5457 Sed
3087 5404 3150 5455 ad
3185 5404 3296 5456 base
3324 5404 3419 5457 de-

1856 5491 2202 5545 monstranda
2255 5493 2358 5545 alia
2408 5492 2559 5547 nobis
2601 5488 2718 5547 sunt
2750 5494 3001 5547 ordienda
3036 5496 3308 5564 pritlt'ipia.
3355 5497 3417 5550 Et

1855 5582 1974 5636 ideo
2000 5581 2157 5650 hujus
2177 5585 2353 5652 operis
2383 5584 2594 5640 tandem
2630 5584 2728 5640 iste
2759 5585 2825 5640 sit
2853 5587 2994 5640 linis.
