3842 6226
508 303 608 359 Il9

1803 296 2028 351 \‘ICILII
2068 296 2431 353 TAPSENSIS

3659 293 3756 344 120

721 431 3726 458 _._______———_—_————_———_————————_—————

1451 515 1919 626 LIBER
2000 516 2096 639 ρ
2122 515 2424 619 ΗΑΒ
2455 515 2782 620 TUS.

741 726 1047 768 DEFENSIO
1093 723 1406 768 EPISTO‘LE
1449 719 1498 764 8ο
1546 715 1764 760 ιεοκις
1811 714 1981 756 PAPB
2030 713 2113 754 AD
2161 712 2590 758 FLAHNIA‘NUM
2635 712 3450 757 CONSTANTINOPOLITANUIH.

1968 837 2104 852 ...-

2109 838 2293 850 ...-

576 923 680 994 34
707 925 745 978 l.
775 925 996 990 Quidam
1023 939 1282 993 perversa:
1306 922 1495 977 montis
1520 920 1781 975 homines.
1806 923 1858 967 et
1874 911 2054 976 inanis
2082 915 2132 971 Α
2162 911 2229 962 tia
2262 911 2672 976 reprehensione
2700 913 2913 982 dignum
2945 912 3162 980 putasti,
3197 912 3246 964 in
3281 927 3386 981 quo
3407 912 3479 964 ait
3514 929 3527 961 :
3577 911 3752 963 Veri-0

503 1017 683 1084 gloria:
708 1017 903 1084 cupidi,
958 1019 1249 1079 nescientes,
1310 1025 1366 1067 ut
1391 1014 1517 1067 dicit
1549 1009 1848 1079 Apostolus,
1901 1017 2054 1072 neque

503 1124 614 1170 (μηδ
642 1109 936 1177 loquuntur,
961 1125 1113 1174 neque
1138 1107 1198 1160 de
1219 1106 1393 1174 quibus
1415 1105 1660 1172 aﬁirmant
1690 1099 1740 1167 (1
1766 1099 1894 1151 Tim.
1911 1112 1948 1159 I,
1969 1095 2051 1163 7):

505 1195 759 1249 habentes
788 1195 1010 1249 formam
1042 1196 1271 1262 pietatis,
1319 1193 1560 1245 virtutem
1593 1199 1768 1242 autem
1808 1183 1922 1253 ejus
1962 1184 2054 1236 ab-

507 1294 787 1353 negantes;
831 1284 1082 1351 indignati
1135 1283 1370 1337 veritatis
1417 1279 1770 1345 dogmatibus,
1803 1285 1856 1330 et
1885 1275 2055 1330 eccle-

504 1357 743 1429 siasticas
774 1377 889 1428 tidei
915 1376 1120 1441 regulas
1145 1389 1248 1428 non
1274 1373 1526 1437 ferentes,
1551 1369 1838 1424 beati-simi
1866 1366 2054 1419 Leonis

504 1465 896 1532 epistolaejuxta
926 1480 1138 1518 sensum
1165 1463 1468 1531 apostolicze
1497 1459 1795 1514 traditionis
1818 1457 2054 1511 conscri-

504 1566 624 1621 ptae.
672 1564 725 1607 et
753 1555 968 1608 decreto
1015 1554 1199 1623 synodi
1223 1551 1672 1606 Chalcedonensis
1703 1546 1882 1617 pravis
1926 1561 2054 1596 con-

502 1644 907 1698 tradictionibus
935 1643 1254 1698 obviandum
1279 1650 1610 1711 putaverunt,
1658 1637 1879 1692 nefanda
1909 1650 2052 1687 com-

504 1745 680 1789 menta
712 1734 1050 1789 borribilibus
1079 1735 1359 1788 verborum
1386 1731 1778 1786 nauseamentis
1803 1743 2052 1782 evomen-

506 1834 608 1878 tes.
633 1825 762 1891 Quae
788 1824 1032 1892 quoniam
1065 1822 1476 1892 simplicioribus
1507 1821 1801 1889 quibusque
1830 1819 2054 1871 nonnul-

501 1915 606 1967 lum
637 1915 882 1968 videntur
908 1913 1191 1967 dubietatis
1221 1914 1521 1979 scrupulum
1552 1910 1806 1974 excitare,
1855 1908 2051 1962 idcirco

499 2021 558 2057 ea
590 2005 798 2058 hortatu
826 2013 1130 2057 sanctorum
1163 2003 1402 2066 fratrum,
1457 2002 1508 2054 in
1555 1999 1815 2067 adjutorio
1845 1999 2049 2050 Domini

464 2084 467 2088 ’
503 2096 590 2150 Dei
617 2097 803 2158 nostri,
834 2095 1217 2149 consideranda
1259 2103 1316 2146 et
1358 2091 1632 2146 refutanda
1677 2091 1906 2153 suscepi.
1961 2088 2047 2140 Illa

501 2186 740 2252 primitus
762 2199 866 2239 uno
894 2183 1101 2237 diluens
1122 2184 1407 2245 volumine,
1433 2197 1549 2249 qute
1576 2182 1764 2234 Leonis
1791 2179 2048 2246 objiciun-

2157 1001 2346 1053 scilicet
2390 1012 2624 1070 Operante
2664 1005 2797 1072 quod
2832 1003 2982 1055 Verbi
3027 1013 3132 1066 est,
3163 1013 3209 1055 et
3239 1019 3391 1055 carne
3426 1015 3751 1069 eaeque-nte

2155 1089 2292 1158 quod
2314 1093 2479 1145 carnis
2501 1102 2604 1156 est;
2633 1110 2786 1146 unum
2811 1098 2996 1146 horum
3025 1103 3255 1146 coruscat
3276 1095 3571 1151 miraculis,
3599 1095 3748 1144 atina

2156 1181 2429 1232 succumbit
2458 1183 2658 1252 injuriis
2689 1182 2873 1251 (Num.
2906 1183 2980 1252 4).
3015 1185 3077 1237 Et
3109 1186 3278 1252 primo
3303 1184 3521 1253 quidem
3561 1184 3746 1234 inten-

2157 1270 2392 1325 dendum
2420 1281 2502 1325 est
2531 1273 2671 1342 quod
2706 1289 2810 1327 non
2837 1274 3052 1340 dixerit,
3090 1283 3145 1326 ut
3169 1281 3224 1326 tu
3252 1274 3496 1340 imperite
3529 1272 3750 1324 calum.

2157 1361 2348 1414 niaris:
2387 1361 2529 1415 Unus
2562 1363 2748 1416 horum
2774 1373 3020 1418 coruscat
3043 1363 3332 1425 miraculis,
3357 1371 3412 1416 et
3436 1363 3586 1416 alius
3613 1376 3744 1414 suc.

2155 1453 2354 1504 cumbit
2387 1453 2622 1522 injuriis:
2657 1469 2751 1524 per
2771 1455 2911 1524 quod
2941 1457 3055 1508 sine
3081 1455 3169 1507 illi
3207 1455 3567 1523 ambiguitate
3598 1453 3746 1506 duos

2159 1541 2431 1596 videretur
2479 1559 2824 1612 quoscunque
2875 1553 3181 1613 separatos,
3227 1547 3310 1598 vel
3344 1548 3473 1599 duas
3522 1546 3744 1612 signiti-

2154 1647 2304 1686 casse
2336 1648 2614 1701 personas,
2649 1637 2742 1689 scd
2790 1637 2894 1691 ait:
2927 1637 3098 1692 Unum
3149 1639 3336 1692 horum
3366 1651 3416 1693 et
3447 1640 3607 1692 aliud
3647 1641 3741 1690 ho-

2156 1739 2300 1785 rum,
2330 1725 2448 1791 quia
2481 1741 2666 1790 unum,
2703 1726 2754 1780 id
2788 1736 2868 1781 est
2897 1728 2997 1782 hoc.
3035 1737 3090 1782 ct
3120 1729 3268 1792 illud,
3319 1746 3423 1784 non
3466 1713 3738 1798 persona-

2153 1828 2271 1900 rum‘
2297 1814 2602 1880 diversitas,
2631 1818 2722 1870 sed
2755 1816 2966 1886 generis
2986 1818 3254 1874 distinctio
3278 1820 3719 1884 demonstratur,

2153 1901 2312 1957 Verbi
2353 1905 2559 1959 scilicet
2593 1918 2645 1960 et
2674 1908 2868 1962 carnis.

2221 1993 2306 2047 III.
2349 1994 2475 2048 Item
2505 1997 2636 2050 dixit
2666 1997 2804 2053 Leo:
2840 1998 2942 2064 Qui
2965 2001 3100 2053 enim
3125 2015 3269 2053 rerus
3290 2009 3363 2054 est
3394 2000 3556 2063 Deus,
3597 2002 3734 2051 idem

2151 2098 2292 2136 verus
2321 2095 2390 2137 est
2419 2086 2608 2149 homo;
2653 2097 2701 2141 et
2729 2090 2927 2140 nullum
2969 2099 3130 2154 potest
3176 2106 3281 2143 esse
3310 2091 3364 2142 in
3395 2093 3490 2142 hac
3525 2091 3734 2141 unitate

2149 2177 2489 2240 mendacium,
2519 2178 2637 2228 dum
2667 2178 2876 2231 invicem
2905 2188 3042 2243 sunt,
3082 2189 3129 2232 et
3171 2180 3429 2234 humilitas
3461 2180 3725 2240 hominis,

498 2285 584 2328 tur
605 2275 873 2343 epistola;
916 2274 1064 2343 cuius
1097 2275 1195 2328 hoc
1231 2273 1330 2326 sibi
1379 2278 1546 2339 primo
1585 2270 1893 2338 capitulum,
1947 2270 2043 2322 iste
2075 2263 2118 2322 Β
2146 2274 2192 2317 et
2215 2267 2431 2318 altitudo
2460 2269 2661 2319 deitutis
2691 2267 2874 2332 (Num.
2915 2267 2993 2338 Α).
3027 2269 3175 2335 Quod
3205 2280 3258 2321 tu
3289 2271 3440 2322 solita
3470 2270 3730 2336 maligni-

499 2365 678 2415 nrscio
701 2362 815 2428 quis
845 2364 1116 2432 proposuit
1143 2377 1156 2412 :
1182 2359 1437 2414 Fidelium
1465 2361 1759 2413 universitas
1787 2359 2047 2427 proﬁtetur

494 2452 694 2504 credere
711 2463 765 2504 se
788 2453 840 2503 in
863 2449 1022 2504 Deum
1054 2449 1259 2502 Patrem
1288 2450 1694 2518 omnipotentem,
1724 2457 1769 2500 et
1801 2449 1850 2498 in
1868 2447 2044 2499 .Iesunt

493 2540 745 2594 Christum
768 2538 959 2593 Filium
987 2543 1096 2612 ejus
1125 2541 1324 2592 unicum
1349 2540 1618 2592 Dominum
1648 2547 1869 2590 nostrum
1894 2535 2040 2597 (Leo.

492 2630 640 2692 epist.
669 2629 754 2693 i0,
779 2645 918 2680 num.
941 2627 1018 2694 2).
1048 2628 1178 2680 Huic
1206 2630 1437 2697 capitulo
1457 2630 1524 2682 ob
1554 2629 1602 2682 id
1637 2629 1735 2681 iste
1758 2628 2046 2680 calumnia-

493 2729 596 2785 tur,
637 2731 732 2770 cur
771 2731 873 2769 non
915 2716 1130 2777 dixerit,
1172 2719 1220 2768 in
1253 2733 1406 2768 unum
1443 2717 1599 2769 Deum
1641 2716 1868 2775 Patrem,
1909 2727 1954 2766 rt
1992 2717 2043 2765 in

490 2825 644 2860 unum
666 2808 842 2861 Iesum
867 2805 1119 2860 Christum
1143 2803 1334 2857 Fiium
1355 2807 1503 2873 ejus;
1535 2805 1680 2873 juxta
1723 2804 1914 2858 Μοωηί
1951 2804 2042 2856 de-

488 2909 691 2953 cretum
736 2897 966 2952 concilii.
1017 2896 1116 2950 Sed
1147 2897 1344 2959 Rom:e,
1396 2905 1450 2949 et
1501 2907 1781 2964 antequam
1829 2895 2038 2948 Nicmna

489 2987 722 3058 synodus
772 2986 1101 3063 conveniret,
1137 3001 1163 3036 a
1198 2985 1520 3054 temporibus
1550 2987 1910 3053 apostolorum
1946 3001 2035 3038 us-

488 3092 587 3146 que
618 3076 680 3129 ad
712 3089 874 3141 nunc,
906 3083 960 3128 et
986 3075 1084 3128 sub
1117 3076 1284 3128 beatae
1316 3075 1581 3127 memoria:
1612 3072 1921 3135 Coelesnno,
1956 3076 2039 3128 cui

489 3169 585 3221 iste
623 3174 781 3220 rectas
833 3164 952 3217 ﬁdei
993 3166 1351 3217 testimonium
1395 3161 1640 3223 reddidit,
1697 3163 1766 3214 ita
1796 3162 2039 3222 lidelibus

487 3259 783 3330 symbilum
833 3257 1089 3320 traditur;
1135 3272 1231 3309 nec
1270 3255 1681 3322 praejuilicantur
1731 3253 1908 3315 verba,
1952 3253 2040 3304 ubi

486 3363 675 3402 sensus
700 3347 977 3399 incolumis
1008 3358 1299 3413 permanet.
1327 3347 1487 3414 Magis
1511 3348 1651 3399 enim
1683 3361 1800 3402 cum
1833 3345 2038 3398 Domini

487 3441 609 3494 Jesu
641 3438 835 3490 Christi
868 3440 1130 3490 sententia
1162 3437 1270 3492 haec
1304 3436 1420 3489 fidei
1464 3437 1716 3502 professio
1755 3436 1860 3506 35
1896 3435 2036 3496 facit,

485 3531 707 3584 dicentis
731 3548 743 3582 :
771 3527 983 3582 Creditis
1013 3531 1062 3581 in
1081 3527 1320 3591 Deum,et
1343 3527 1395 3577 in
1423 3542 1500 3579 me
1519 3526 1702 3578 credite
1726 3525 1899 3594 (Joun.
1928 3539 2036 3586 xtv,

2152 2367 2255 2411 tate
2300 2360 2349 2410 in
2381 2360 2520 2412 aliud
2565 2361 2867 2423 detorsisti,
2901 2361 3084 2415 dicens
3126 2377 3246 2415 eum
3290 2363 3423 2417 duos
3453 2362 3723 2430 quosdam

2149 2460 2428 2512 separatos
2459 2450 2757 2516 induxisse,
2788 2452 3020 2504 vicissim
3069 2467 3186 2520 quae
3227 2452 3322 2504 sibi
3356 2455 3464 2505 sint
3493 2453 3720 2522 propria

2146 2548 2425 2601 onerantes
2444 2579 2458 2603 ,
2491 2539 2596 2608 36
2619 2556 2734 2592 cum
2770 2540 2858 2594 ille
2887 2541 3218 2594 altitudinem
3249 2551 3301 2596 et
3330 2543 3722 2605 humilitatem,

2147 2627 2196 2680 id
2225 2638 2306 2680 est
2333 2637 2606 2695 utramque
2637 2639 2875 2682 naturam
2903 2673 2918 2695 ,
2955 2631 3099 2684 velut
3128 2631 3232 2683 duo
3261 2634 3502 2696 quaedam
3541 2672 3556 2693 ,
3613 2648 3720 2682 non

2144 2717 2277 2769 duos
2303 2719 2577 2782 quosdam,
2607 2721 2655 2772 in
2687 2701 2790 2771 uno
2812 2720 3030 2774 Christo
3056 2730 3334 2774 manentes
3367 2720 3600 2774 voluerit
3626 2720 3718 2772 de-

2147 2818 2458 2862 moiistrare.
2494 2810 2652 2864 Miror
2675 2819 2848 2861 autem
2881 2810 3148 2878 quomodo
3170 2825 3274 2862 non
3310 2809 3410 2863 hac
3438 2811 3719 2863 existima-

2145 2899 2288 2951 tione
2317 2901 2611 2966 apostolum
2635 2915 2844 2968 qunque
2869 2900 3201 2954 accusaveris
3231 2899 3473 2966 Pau'um,
3509 2901 3636 2969 quia
3663 2910 3716 2953 et

2146 2989 2258 3056 ipse
2288 2988 2394 3042 duo
2414 2991 2658 3058 quaedam
2691 3005 2810 3044 esse
2836 2978 2970 3044 dixit
2999 2991 3048 3044 in
3083 3005 3186 3044 uno
3216 2991 3448 3054 homine,
3476 2992 3715 3045 vicissim

2144 3094 2268 3148 qua:
2294 3095 2386 3132 sua
2419 3089 2540 3133 sunt
2571 3083 2778 3149 propria
2809 3090 3118 3149 operantes,
3166 3091 3218 3134 et
3261 3092 3450 3133 contra
3481 3096 3542 3133 se
3578 3080 3711 3132 invi-

2143 3183 2258 3221 cem
2290 3169 2543 3233 nitentes,
2580 3170 2820 3236 spiritum
2848 3169 3093 3223 videlicet
3109 3177 3162 3221 et
3183 3183 3416 3222 carnem.
3437 3168 3595 3229 Caro,
3627 3169 3713 3220 in-

2142 3258 2278 3325 quit,
2307 3259 2614 3323 concupiscit
2647 3260 2885 3310 adversus
2912 3258 3177 3326 spiritum,
3210 3265 3256 3307 ct
3292 3257 3504 3323 spiritus
3529 3257 3712 3307 adver-

2141 3363 2224 3398 sus
2251 3363 2471 3399 carnem.
2512 3345 2635 3399 Iltec
2665 3347 2795 3398 enim
2830 3347 2926 3398 sibi
2966 3346 3174 3398 inuicem
3201 3327 3532 3399 adversantur
3562 3343 3708 3414 (Gal.

2143 3451 2194 3499 v,
2242 3435 2348 3504 l7).
2382 3437 2531 3489 Sicut
2558 3450 2686 3503 ergo
2730 3448 2869 3488 unus
2895 3443 2978 3488 est
3024 3432 3184 3486 homo
3216 3434 3266 3485 in
3296 3448 3401 3499 quo
3447 3443 3573 3486 sunt
3601 3431 3709 3484 duo

2145 3527 2384 3594 quaedam
2416 3525 2469 3578 in
2513 3539 2571 3578 se
2621 3525 2844 3579 invicem
2876 3525 3260 3593 permanentia,
3285 3533 3339 3578 et
3360 3537 3458 3576 sua
3480 3536 3707 3592 quaeque

489 3619 562 3688 I).
604 3617 710 3671 Nec
745 3617 896 3684 dixit,
939 3617 992 3670 in
1031 3630 1191 3669 unum
1235 3615 1396 3668 Deum
1440 3613 1668 3680 Patrem,
1720 3622 1771 3666 et
1803 3613 1852 3665 in
1882 3627 2038 3664 unum
2071 3615 2117 3675 C
2150 3617 2357 3683 pr0pria
2383 3617 2689 3681 operantia,
2722 3629 2820 3669 nec
2846 3622 3019 3679 potest
3039 3614 3172 3666 alius
3202 3614 3328 3677 dici,
3357 3613 3483 3667 dum
3511 3627 3705 3668 secun-

487 3707 743 3772 meipsum
781 3726 793 3759 :
824 3706 944 3773 quis
988 3706 1126 3760 enim
1168 3705 1369 3773 nesciat
1396 3719 1554 3757 unum
1596 3717 1714 3756 esse
1746 3691 1907 3756 Dentn
1944 3702 2041 3755 Pa-
2078 3702 2086 3712 ’

487 3807 642 3858 trem,
671 3804 725 3848 et
747 3809 905 3847 unum
931 3793 1109 3848 .lcsum
1136 3792 1404 3846 Christum
1434 3791 1621 3844 Filium
1652 3790 1767 3859 ejus
1792 3792 1813 3842 ?

561 3884 627 3938 ll.
668 3884 828 3936 Miror
851 3894 1022 3936 tamen
1056 3878 1317 3950 quomodo
1343 3881 1483 3934 hunc
1512 3880 1800 3933 locumiste
1818 3878 2040 3943 notavit,

487 3985 538 4030 et
569 3973 714 4027 illum
747 3974 1106 4041 praetermisit,
1137 3972 1224 4024 ubi
1257 3971 1392 4024 unici
1431 3970 1544 4023 Filii
1576 3970 2042 4023 commemoratio-

487 4078 605 4117 nem
645 4061 780 4114 idem
810 4061 996 4114 beatus
1023 4059 1128 4114 Leo
1161 4059 1307 4124 facit,
1339 4059 1556 4114 dicens:
1592 4058 1733 4111 Idem
1764 4076 1878 4112 vero
1909 4075 2040 4111 sem-

485 4153 666 4220 piterni
695 4153 929 4222 genitoris
959 4152 1244 4220 unigenitus
1296 4153 1628 4218 sempiternus
1652 4189 1665 4212 ,
1699 4161 1847 4202 natus
1874 4161 1946 4202 est
1979 4149 2041 4202 de

485 4242 683 4312 Spiritu
718 4252 888 4293 sancto
925 4239 1169 4308 etIMaria
1205 4239 1413 4307 Virgine
1458 4239 1597 4310 (Ep.
1648 4239 1744 4303 10,
1779 4256 1899 4291 num
1948 4240 2035 4310 ‘2).

482 4334 585 4388 Sed
618 4333 794 4388 ethoc
827 4347 1034 4401 quoque
1061 4330 1356 4385 mirandum
1383 4341 1463 4384 est
1489 4346 1582 4384 cur
1612 4345 1715 4384 non
1755 4331 1914 4384 simili
1946 4331 2042 4384 de—

480 4425 680 4478 mentia
710 4423 1078 4492 reprehendit,
1107 4423 1242 4491 quod
1275 4423 1374 4477 ait:
1412 4422 1511 4488 Qui
1544 4432 1690 4475 natus
1723 4433 1792 4474 est
1824 4423 1884 4476 de
1912 4422 2040 4490 Spi‘

482 4519 586 4571 ritu
621 4528 794 4571 sancto
824 4526 871 4570 et
904 4515 1074 4571 Maria
1119 4516 1324 4586 Virgine
1344 4556 1358 4579 ,
1389 4515 1638 4585 quoniam
1681 4515 1779 4569 hoc
1818 4515 2034 4571 verbum

485 4608 694 4662 Nicazna
741 4607 975 4676 synodus
1020 4621 1124 4663 non
1157 4604 1447 4674 posuit;et
1481 4605 1558 4674 (ut
1583 4603 1661 4658 illi
1711 4605 1902 4674 placet)
1938 4605 2036 4660 hoc

485 4701 703 4754 verbum
735 4698 970 4768 proﬁteri
1011 4698 1287 4759 debemus,
1314 4697 1452 4761 quod
1484 4697 1551 4750 ibi
1583 4698 1839 4766 scriptum
1889 4697 2036 4752 inve-

482 4791 734 4844 nerimus.
771 4787 932 4857 Impie
960 4798 1132 4842 autem
1156 4786 1505 4841 calumniatur
1538 4785 1785 4850 Leonem,
1809 4787 1945 4853 quod
1980 4788 2031 4839 in

483 4898 642 4936 unum
692 4881 899 4950 quidem
945 4890 1211 4934 auctorem
1257 4889 1312 4933 et
1337 4894 1522 4933 verum
1563 4878 1748 4931 Filium
1783 4878 1872 4932 Dei
1906 4878 2036 4933 Ver-

2144 3707 2268 3760 dum
2298 3721 2509 3760 carnem
2542 3708 2678 3775 sapit
2721 3715 2775 3759 et
2805 3704 2949 3770 facit,
2976 3716 3029 3758 et
3059 3705 3194 3758 alius
3235 3705 3358 3757 dum
3409 3705 3700 3759 secundum

2143 3798 2386 3864 Spiritum
2417 3799 2574 3860 vivit;
2605 3797 2696 3850 sed
2723 3796 2860 3851 idem
2890 3796 3000 3864 ipse
3028 3795 3109 3850 est
3142 3797 3192 3849 in
3222 3807 3466 3864 utroque,
3499 3797 3703 3851 habens

2145 3892 2196 3942 in
2221 3905 2278 3943 se
2308 3897 2605 3956 utrumque.
2640 3888 2708 3940 Ita
2732 3897 2785 3941 et
2809 3887 3071 3953 Christus,
3104 3887 3229 3940 dum
3256 3901 3417 3940 unum
3448 3887 3500 3940 in
3530 3902 3590 3941 se
3613 3886 3701 3938 ha-

2145 3982 2252 4047 bet,
2275 3982 2324 4034 in
2345 3995 2450 4049 quo
2479 3979 2772 4034 succumbit
2791 3978 3184 4033 inﬁrmitatibus
3209 3996 3222 4030 :
3251 3989 3303 4032 et
3326 3978 3467 4032 aliud
3485 4017 3502 4044 ,
3527 3978 3582 4031 in
3599 3990 3700 4045 quo

2147 4073 2318 4126 radiat
2345 4073 2608 4139 micatque
2627 4070 2929 4136 virtutibus,
2958 4069 3008 4124 id
3027 4076 3112 4124 est
3130 4083 3341 4122 carnem
3370 4078 3419 4123 et
3445 4069 3692 4129 Verbum,

2142 4175 2259 4230 quae
2287 4159 2392 4214 duo
2421 4158 2706 4228 Apostolus
2730 4161 2780 4213 in
2808 4173 2873 4214 eo
2893 4160 3241 4228 distinguens,
3276 4160 3382 4212 ait:
3418 4157 3560 4211 Nam
3584 4165 3630 4212 et
3653 4157 3696 4210 si

2142 4251 2412 4315 cruciﬁxus
2450 4258 2521 4302 est
2541 4265 2602 4302 ea:
2632 4249 2925 4316 inﬁrmitate
2949 4257 3142 4315 nostra,
3174 4248 3261 4302 sed
3289 4250 3408 4301 vivit
3431 4263 3493 4302 es
3522 4249 3696 4301 virtuts

2143 4337 2239 4392 Dei
2269 4336 2352 4408 (II
2376 4336 2492 4391 Cor.
2526 4353 2638 4402 xui,
2679 4340 2772 4407 ii);
2808 4353 2912 4392 non
2944 4339 3244 4407 bipertitus,
3274 4346 3328 4392 et
3373 4338 3512 4392 alius
3541 4349 3696 4406 atque

2141 4428 2400 4493 alius,sed
2426 4429 2561 4482 idem
2586 4428 2696 4498 ipse
2727 4442 2862 4482 unus
2889 4438 3048 4498 atque
3078 4427 3213 4482 idem
3242 4428 3582 4497 apertissime
3602 4428 3692 4481 de-

2143 4529 2483 4573 monstratur.

2214 4609 2300 4663 IV.
2344 4609 2536 4665 Verum
2567 4617 2643 4674 tu,
2674 4611 2797 4664 dum
2826 4624 2921 4678 per
2972 4609 3127 4663 unius
3157 4617 3361 4661 natura
3406 4605 3692 4676 professio-

2141 4716 2284 4764 nem,
2335 4701 2614 4756 humanam
2661 4702 2870 4755 Christo
2917 4700 3126 4754 conaris
3161 4696 3372 4754 auferre
3412 4706 3688 4758 naturam,

2141 4791 2337 4859 videris
2358 4799 2534 4845 tamen
2582 4791 2822 4843 confiteri
2865 4789 3002 4858 quod
3035 4802 3216 4858 negas.
3267 4787 3460 4840 Dixisti
3513 4787 3686 4841 enim:

2140 4883 2255 4951 Ipse
2301 4883 2462 4949 Deus,
2494 4883 2578 4949 qui
2609 4883 2659 4935 in
2689 4896 2850 4934 carne
2897 4888 3051 4933 natus
3080 4888 3193 4943 est,
3227 4878 3312 4946 qui
3353 4885 3437 4932 est
3467 4877 3686 4931 Verbum

485 4974 631 5032 bum,
663 4981 716 5024 et
748 4972 800 5022 in
826 4971 983 5023 alium
1014 4971 1383 5036 recogitatum.
1408 4977 1463 5023 et
1496 4967 1943 5037 congloriiicatum
1969 4985 2032 5025 ex
2062 4967 2116 5026 D
2145 4974 2236 5028 Dei
2262 4973 2464 5036 Patris;
2495 4973 2580 5039 qui
2610 4972 2779 5025 laetus
2810 4980 2890 5025 est
2929 4969 3408 5024 inconvertibiliter
3430 4969 3687 5036 perfectus

484 5065 642 5116 Maria
692 5062 956 5115 hominem
1005 5061 1312 5116 crediderit.
1348 5062 1458 5116 Hoc
1486 5062 1628 5115 enim
1659 5063 1729 5113 ita
1757 5076 1875 5116 eum
1906 5077 2032 5128 sen-

480 5157 613 5208 sisse
658 5153 741 5206 vel
787 5151 1028 5205 docuisse
1072 5153 1280 5219 probari
1317 5168 1420 5205 non
1465 5162 1660 5220 potest.
1695 5152 1859 5220 Magis
1889 5155 2032 5208 enim

483 5260 638 5297 unum
668 5243 1020 5308 eumdcmqne
1047 5243 1321 5297 confessus
1347 5255 1450 5307 est,
1485 5243 1574 5298 Dei
1616 5253 1668 5296 et
1695 5243 1924 5297 hominis
1954 5245 2040 5297 Fi-

485 5336 608 5386 lium
652 5333 930 5386 Dominum
980 5331 1240 5385 Christum
1272 5333 1454 5387 dicens
1486 5351 1496 5384 :
1541 5332 1682 5385 Unus
1721 5335 1850 5386 enim
1878 5336 2037 5387 idem-

481 5439 574 5490 que
599 5421 692 5475 Dei
718 5431 763 5474 et
788 5422 1002 5474 hominis
1032 5421 1193 5474 Filius
1219 5423 1404 5485 (Num.
1431 5422 1504 5492 4).
1543 5424 1604 5476 Et
1632 5423 1820 5476 iterum
1845 5443 1854 5474 :
1894 5423 2035 5476 Unus

482 5523 629 5566 ataue
670 5513 800 5564 idem
850 5514 1096 5564 mediator
1132 5509 1222 5563 Ilei
1263 5523 1308 5562 et
1347 5513 1606 5566 hominum
1638 5514 1782 5566 homo
1807 5514 2033 5567 Christus

484 5601 632 5655 ιιι-ειη
663 5599 846 5670 (Num.
876 5605 949 5668 3).
981 5601 1086 5653 Iloc
1107 5603 1263 5654 etiam
1289 5605 1572 5670 capitulum
1603 5607 1730 5658 mna
1765 5606 1939 5671 impnd
1980 5622 2037 5656 n-

2144 5063 2323 5126 Iiomo,
2365 5076 2680 5130 permanens
2709 5063 2798 5114 Dei
2843 5061 3002 5114 Filius
3043 5060 3374 5130 unigenitus;
3406 5068 3461 5112 et
3491 5057 3603 5111 Deo
3625 5039 3688 5108 si-

2141 5151 2280 5205 milis
2302 5150 2351 5205 in
2382 5151 2594 5212 virtute,
2616 5159 2669 5204 et
2698 5151 2848 5205 nobis
2871 5150 3059 5206 similis
3089 5147 3142 5203 in
3169 5145 3572 5201 inﬁrmitate.Si
3591 5145 3687 5200 Deo

2141 5241 2327 5295 similis
2352 5250 2431 5294 est
2459 5241 2509 5294 in
2535 5236 2726 5295 virtute
2745 5285 2758 5306 ,
2793 5250 2846 5295 et
2871 5241 3020 5294 nobis
3051 5241 3101 5293 in
3134 5239 3470 5298 infirmitate;
3502 5235 3682 5290 simili-

2143 5331 2268 5385 tudo
2299 5341 2475 5385 autem
2506 5331 2716 5384 deitatis
2748 5332 2796 5384 in
2843 5331 3032 5384 virtute
3075 5321 3371 5398 proprietas
3395 5335 3475 5379 est
3502 5325 3686 5379 divina

2144 5430 2364 5487 naturae,
2393 5423 2575 5488 procul
2603 5420 2762 5474 dubio
2787 5420 3073 5473 similitudo
3105 5415 3437 5470 humanitatis
3469 5415 3519 5468 in
3555 5411 3689 5470 infir-

2096 5555 2099 5557 .
2142 5515 2324 5589 mitate
2352 5514 2644 5580 proprietas
2673 5521 2752 5564 est
2776 5512 3014 5562 humanm
3037 5516 3258 5562 naturae.
3280 5506 3388 5557 Non
3408 5507 3553 5557 enim
3581 5518 3686 5572 pru-

2141 5606 2313 5657 dentis
2356 5614 2435 5657 est
2472 5605 2524 5656 iu
2567 5618 2621 5657 re
2661 5604 2818 5657 simili
2858 5601 3128 5654 dissimilia
3172 5598 3434 5650 conﬁteri.
3489 5596 3599 5650 Sed
3643 5602 3687 5647 et
