3802 6242
102 323 178 377 ill
1147 324 1418 381 CONTRA
1454 322 1913 381 EUTYCIIETEM
1954 324 2079 382 LIB.
2121 327 2205 386 IV.

3193 328 3293 382 l3!

109 453 209 492 cum
246 435 391 490 dicis:
422 436 520 504 Qui
548 435 713 491 factus
738 447 816 492 est
842 438 1316 495 inconvertibiliter
1354 440 1620 508 perfectos
1650 444 1697 500 Α
1728 442 1842 496 Dei.
1875 442 2016 498 Idem
2060 444 2199 497 Patri
2228 442 2448 513 :equalis
2480 443 2533 498 in
2580 444 2747 500 forma
2794 442 2906 507 Del,
2957 442 3092 497 idem
3134 442 3288 497 l‘ult'c

110 530 259 590 homo,
283 542 591 596 permanens
624 527 787 592 Deus;
822 541 1081 596 nostram,
1112 533 1218 585 imo
1261 533 1577 585 catholicam
1607 572 1621 597 ,

108 616 323 669 adversus
349 632 503 683 quam
532 618 737 682 niteris,
764 618 919 672 tidem
940 619 1248 674 confirmas.
1276 620 1331 675 Si
1354 619 1491 674 enim
1518 636 1623 673 non

108 714 174 755 est
198 720 465 758 conversus
494 709 545 759 in
572 721 804 771 carnem,
829 720 879 761 et
906 706 1073 761 factus
1106 720 1186 763 Cal
1218 708 1376 761 homo
1410 726 1622 776 perma-

107 812 214 850 nens
240 797 387 859 Deus.
430 802 531 854 hoc
582 802 751 867 ipsum
782 800 923 869 quod
972 801 1140 856 factus
1168 813 1246 857 est
1292 804 1466 867 homo,
1498 804 1621 871 quia

106 891 360 943 immutatio
384 890 487 945 dici
509 907 612 945 non
644 901 836 961 potest,
861 886 1375 963 assumptiodicator
1401 909 1622 949 necesse

105 988 190 1029 est:
214 992 270 1032 ac
291 980 363 1033 sic
401 979 941 1050 gentiuum‘quiddam
968 985 1069 1039 erit
1099 985 1148 1039 id
1172 986 1273 1054 3'7
1298 986 1437 1054 quod
1469 997 1577 1038 erat
1602 1027 1615 1050 ,

106 1078 148 1119 et
171 1078 403 1122 mutatum
436 1087 539 1123 non
570 1081 683 1133 est;
708 1082 756 1125 et
782 1072 830 1124 id
870 1073 1008 1140 quod
1038 1090 1140 1127 non
1181 1084 1323 1139 erat,
1347 1084 1399 1129 ct
1428 1077 1616 1128 factum

103 1164 185 1218 est,
212 1156 281 1210 vel
308 1166 668 1226 assumptum;
698 1160 821 1227 quia
851 1162 899 1212 id
924 1161 1062 1227 quod
1093 1173 1210 1216 erat
1239 1176 1343 1216 non
1385 1173 1464 1217 est
1504 1181 1619 1217 tnu-

102 1258 238 1303 tatum
267 1251 313 1303 in
338 1264 576 1311 carnem.
601 1260 655 1306 et
686 1261 860 1305 tamen
883 1251 1043 1306 habet
1070 1267 1285 1307 carnem
1305 1295 1319 1318 ,
1345 1254 1481 1308 sicut
1506 1256 1617 1323 ipse

98 1340 183 1391 ait:
210 1338 327 1392 Caro
348 1356 459 1392 mea
491 1338 602 1393 vere
626 1354 698 1393 est
723 1342 859 1395 cibus
890 1342 1065 1411 (Joan.
1086 1359 1157 1411 vr,
1178 1343 1290 1413 56);
1316 1355 1369 1399 et
1394 1346 1577 1399 Petrus
1601 1363 1613 1399 :

99 1429 251 1500 Neque
268 1447 379 1485 caro
406 1435 519 1503 ejus
540 1434 660 1485 vidit
689 1434 1060 1503 corruptionem
1093 1435 1225 1506 (Act.
1253 1451 1309 1503 tt,
1338 1435 1450 1505 51).
1487 1436 1616 1500 Ooia

96 1532 201 1585 ergo
246 1533 339 1571 non
388 1530 471 1573 est
518 1519 747 1589 idipsum
801 1521 981 1577 haberi
1010 1533 1064 1578 et
1098 1523 1294 1579 habere
1341 1523 1615 1593 (Verbum

94 1608 263 1675 quippe
290 1608 465 1674 habet,
495 1610 716 1665 habetur
740 1619 915 1666 autem
946 1613 1113 1683 caro),
1164 1614 1443 1683 perspicue
1471 1624 1525 1669 et
1551 1618 1616 1670 li-

94 1699 229 1763 quido
251 1701 620 1783 comprobatur
641 1701 911 1757 Christum
940 1703 1213 1773 utriusque
1242 1718 1361 1759 esse
1389 1715 1613 1771 naturae,

94 1804 225 1843 timus
244 1805 363 1845 vero
386 1806 649 1857 personae.

152 1880 211 1931 V.‘
244 1881 381 1936 [inde
408 1882 661 1951 quidquid
688 1882 954 1952 cupiosins
977 1893 1030 1936 et
1060 1882 1219 1938 latius
1248 1888 1495 1955 persequi
1531 1901 1622 1939 vo-

92 1967 237 2033 luisti,
281 1980 333 2023 ut
362 1987 526 2023 unutn
556 1972 867 2026 ostenderes
900 1969 1193 2038 Christum,
1227 1975 1437 2028 noveris
1459 1983 1507 2027 te
1533 1991 1621 2027 su-

92 2055 284 2117 tierfluis
336 2058 670 2112 immoratnm
726 2059 1040 2125 laboribus;
1090 2063 1307 2130 cupiens
1342 2063 1621 2119 OStendere

89 2149 205 2213 quod
230 2147 320 2214 ipsi
352 2148 559 2214 penitus
596 2163 698 2202 non
723 2164 993 2217 negamus.
1034 2151 1085 2203 In
1111 2152 1211 2204 hoc
1240 2166 1369 2204 sane
1414 2154 1621 2208 subtili-

88 2246 155 2287 ter
176 2246 225 2289 et
246 2236 401 2304 impie
430 2237 553 2291 fidei
581 2237 897 2291 Christiana:
940 2238 1187 2302 illudens,
1231 2250 1287 2291 ut
1316 2238 1434 2306 quia
1461 2240 1621 2294 Chri-

86 2335 181 2375 stus
206 2339 334 2378 unus
359 2335 467 2389 est,
500 2326 638 2390 quod
665 2326 850 2394 negari
878 2342 980 2379 non
1017 2337 1207 2395 potest,
1231 2328 1477 2381 unionem
1505 2346 1621 2395 per-

86 2426 211 2467 son
236 2414 297 2468 ad
330 2415 686 2483 prmjudicittm
717 2414 1014 2471 inﬂecteres
1065 2417 1337 2485 utriusque
1376 2427 1575 2470 natura:
1603 2459 1617 2483 ,

88 2500 194 2553 dum
218 2511 433 2571 utraque
462 2513 646 2556 natura
672 2519 778 2556 uno
794 2519 1007 2572 semper
1022 2509 1237 2557 nomine
1260 2513 1616 2572 nuncupetur.

88 2590 199 2643 Nam
227 2605 339 2645 cum
368 2592 521 2645 Jesus
546 2590 787 2645 Christus
815 2608 919 2645 non
948 2591 1127 2653 Verbi,
1160 2590 1254 2646 si'd
1278 2594 1455 2649 carnis
1497 2609 1619 2659 pro-

87 2679 234 2743 prium
266 2680 330 2733 sit
352 2694 543 2734 nomen
570 2697 583 2744 ;
609 2689 664 2735 et
694 2680 829 2734 Deus
861 2682 1129 2747 preprium
1153 2680 1335 2745 Verbi,
1365 2696 1468 2734 non
1500 2696 1619 2736 car-

86 2769 152 2819 his
198 2777 400 2822 constet
447 2783 569 2823 esse
619 2768 965 2833 vocabulum;
1025 2779 1198 2823 tamen
1248 2777 1305 2823 et
1349 2769 1575 2823 Verbum
1603 2809 1617 2833 ,

83 2866 273 2923 propter
294 2872 507 2917 carnem
533 2872 705 2923 suam,
734 2857 891 2911 homo
916 2859 1071 2913 Jesus
1092 2857 1364 2921 Christus;
1399 2866 1451 2911 et
1493 2872 1619 2911 caro

82 2956 272 3014 propter
299 2946 550 3010 Verbum.
577 2950 714 3003 Deus
736 2948 966 3002 Verbum
997 2956 1094 3001 est.
1123 2946 1318 3001 Christi
1349 2948 1488 3000 enim
1524 2939 1623 3000 ho-

83 3049 185 3087 men
212 3050 271 3088 es
303 3052 368 3090 eo
404 3036 480 3090 illi
531 3047 643 3097 est,
693 3035 831 3105 quod
882 3035 945 3088 ad
976 3048 1099 3090 eum
1152 3036 1413 3103 PrOpheta
1446 3035 1570 3089 dicit
1602 3053 1617 3089 :

83 3120 221 3176 Uaxit
247 3133 292 3177 te
332 3125 486 3187 Deus,
514 3124 650 3178 Deus
679 3135 793 3178 tuus
808 3125 917 3177 oleo
938 3125 1291 3178 exsultationis
1313 3165 1328 3187 ,
1357 3140 1463 3187 pra:
1488 3141 1607 3177 con-
1634 3139 1681 3200 ο

78 3213 267 3266 sortibus
310 3216 408 3267 tuis
437 3212 607 3281 (Psal.
640 3228 785 3278 Iuv,
817 3213 894 3282 8).
928 3213 1041 3266 Non
1072 3214 1212 3267 enim
1240 3213 1393 3267 Verbi
1422 3223 1607 3266 natura

80 3308 211 3353 uncta
242 3312 322 3356 est
342 3339 359 3366 ,
390 3317 509 3371 qua:
539 3311 816 3356 consortes
844 3300 1135 3355 secundum
1179 3316 1238 3355 se
1278 3300 1473 3355 habere
1502 3315 1606 3353 non

81 3391 242 3453 pomit.
264 3392 415 3447 Unde
436 3402 674 3461 apparet,
688 3391 753 3445 ad
772 3390 825 3462 id
838 3391 979 3462 quod
1002 3392 1161 3444 homo
1182 3390 1349 3445 factus
1366 3400 1468 3456 est,
1495 3406 1609 3459 per-

79 3477 223 3533 tinere
248 3480 543 3546 unctionis,
575 3482 624 3535 id
652 3490 734 3536 est
762 3478 957 3534 Christi
981 3479 1317 3534 vocabulum.
1350 3480 1453 3535 Sed
1485 3481 1605 3545 quia

75 3572 162 3636 iam
198 3587 287 3641 per
326 3574 681 3649 cognitionem
713 3571 989 3639 utriusque
1041 3582 1275 3638 naturas,
1309 3586 1470 3623 unum
1523 3582 1604 3624 est

75 3660 337 3717 divinitatis
353 3664 799 3731 humanitatisque
820 3664 934 3729 ejus
961 3662 1307 3725 vocabulum;
1337 3661 1608 3727 ideoApo-

73 3751 217 3804 stolas
237 3751 306 3805 ait
326 3768 341 3805 :
368 3750 481 3805 Hoc
500 3751 678 3806 sentite
697 3753 747 3803 in
769 3750 928 3812 vobis,
946 3749 1083 3819 quod
1103 3757 1147 3802 et
1169 3753 1220 3801 in
1240 3748 1438 3801 Christo
1458 3749 1603 3817 Jesu,

72 3843 170 3908 quia
196 3860 304 3895 cum
333 3845 386 3897 in
416 3844 581 3912 forma
622 3841 715 3895 Dei
759 3850 919 3903 esset,
944 3856 1045 3893 non
1071 3839 1305 3905 rapinam
1336 3839 1607 3893 arbitratus

71 3945 128 3986 est
157 3951 255 3989 esse
281 3952 336 3989 se
360 3937 601 4004 (aqualem
633 3931 777 4007 Deo;
822 3933 909 3987 sed
953 3932 1268 4001 semetipsum
1297 3930 1569 3984 exinanivit
1589 3970 1605 3996 ,

70 4025 258 4087 {oratam
282 4028 415 4081 servi
451 4025 702 4093 accipiens
728 4022 949 4092 (Philip.
994 4037 1051 4085 tt,
1083 4020 1162 4088 6).
1205 4018 1337 4074 Cum
1369 4019 1607 4089 profecto

68 4128 329 4186 antequam
366 4116 434 4170 ab
463 4115 555 4169 illo
584 4113 749 4167 forma
781 4113 922 4167 servi
951 4119 1092 4165 esset
1119 4117 1331 4178 accepta
1366 4108 1601 4163 nondum

68 4202 202 4258 fuerit
230 4205 494 4266 Christus,
526 4201 618 4256 sed
650 4200 1013 4254 tantummodo
1045 4198 1307 4259 Verbum;
1334 4195 1385 4249 id
1406 4203 1490 4249 est
1510 4210 1617 4249 ειη-⁷

68 4302 253 4359 tequam
275 4300 422 4347 esset
452 4290 634 4353 homo,
662 4288 890 4342 nondum
915 4294 1032 4341 erat
1048 4286 1227 4349 homo,
1252 4285 1346 4339 sed
1378 4293 1605 4339 tantum-

67 4381 203 4434 modo
226 4382 401 4436 Deus:
430 4379 667 4433 nondum
696 4385 811 4431 erat
840 4375 1102 4436 Christus,
1126 4381 1408 4440 antequam
1439 4372 1605 4425 nostri

66 4470 256 4525 habitus
288 4467 641 4525 similitudine
668 4465 827 4518 homo
851 4472 995 4519 esset
1040 4462 1315 4523 inventus;
1343 4467 1399 4513 et
1427 4469 1601 4513 tamen

62 4560 281 4615 Christus
310 4570 399 4614 est
424 4559 480 4612 in
505 4556 676 4611 forma
708 4553 832 4619 Dei,
857 4552 1100 4605 Christus
1138 4550 1189 4603 in
1228 4548 1397 4602 forma
1427 4550 1599 4612 servi;

63 4648 281 4706 Christus
308 4647 533 4717 aqualis
558 4644 718 4710 Patri,
744 4643 989 4699 Christus
1012 4640 1234 4695 inferior
1258 4638 1441 4701 Patre;
1463 4637 1601 4691 idem

64 4738 200 4803 Dens,
229 4736 376 4793 idem
406 4736 595 4791 homo:
622 4733 764 4789 unde
790 4738 999 4786 constat
1034 4740 1087 4784 et
1126 4729 1461 4783 divinitatem
1504 4727 1602 4780 hu-

61 4828 331 4890 manitatis,
366 4834 420 4880 et
442 4825 548 4894 38
576 4822 953 4876 humanitatem
973 4817 1265 4872 divinitatis
1289 4814 1483 4869 habere
1508 4830 1603 4867 vo-

59 4916 313 4977 cabulum;
345 4913 403 4967 id
424 4922 508 4968 est
536 4912 762 4966 Verbum
784 4909 885 4963 dici
911 4922 1126 4963 carnem
1148 4946 1162 4970 ,
1192 4916 1243 4959 et
1271 4919 1483 4957 carnem
1501 4904 1602 4957 dici

62 5005 314 5061 Verbum:
346 5019 454 5058 non
484 5005 604 5073 quia
635 5004 686 5056 in
712 5017 771 5057 se
801 5010 1084 5068 utrumque
1114 5007 1372 5051 mutatum
1394 4996 1481 5059 sit,
1507 4996 1599 5048 sed

59 5102 162 5166 quia
186 5108 475 5166 utrumque
494 5111 596 5149 una
626 5108 873 5163 persona,
903 5091 953 5145 id
984 5100 1065 5145 est
1091 5103 1229 5143 unus
1249 5087 1491 5141 Christus
1513 5086 1602 5139 sit.

60 5187 114 5241 Et
135 5189 250 5243 ideo
271 5196 426 5243 recte
449 5184 716 5240 credimus
747 5191 800 5237 et
825 5179 1172 5252 praedicamus
1198 5190 1317 5232 cum
1349 5173 1605 5243 Apostolo

60 5278 201 5331 Deum
246 5275 556 5345 cruciﬁxum
581 5282 628 5327 et
672 5278 930 5325 mortuum
968 5267 1017 5337 (ί
1046 5267 1166 5321 Cor.
1203 5282 1243 5332 t,
1284 5264 1393 5334 25).
1427 5263 1481 5316 In
1507 5264 1605 5315 ltu-

60 5385 195 5424 tnana
222 5382 437 5436 natura,
468 5382 585 5438 quas
624 5380 689 5422 ex
729 5364 863 5420 uniti
888 5362 1043 5418 Verbi
1070 5359 1361 5423 consortio,
1395 5357 1606 5412 deitatis

62 5462 272 5523 possidet
302 5474 525 5514 nomen.
545 5458 662 5527 Ipse
688 5456 847 5526 igitur
860 5468 995 5509 unus
1020 5452 1267 5521 idemque
1294 5449 1384 5503 Dei
1415 5446 1601 5513 Filius,

64 5552 300 5607 Dominus
327 5538 489 5606 J’esus
519 5532 783 5627 Christus,
812 5556 866 5601 et
906 5553 1149 5599 mortuus
1178 5547 1260 5596 est
1303 5538 1596 5594 secundum

64 5640 263 5700 turmam
290 5642 458 5704 senti,
488 5647 542 5695 et
560 5654 666 5695 non
681 5651 763 5695 est
792 5645 1031 5693 mortuus
1054 5629 1347 5688 secundum
1377 5628 1600 5682 formam

1732 538 1906 591 tuinor
1934 538 1985 591 itt
2016 538 2180 591 forma
2210 537 2372 592 servi.

1799 630 1888 683 Vl.
1929 630 2058 694 Quae
2084 644 2203 683 eum
2237 629 2306 683 ita
2336 630 2463 692 sint,
2492 612 2743 699 quidquid
2775 629 2841 682 de
2870 636 3089 695 utraque
3118 627 3281 679 forma

1725 721 2016 775 secundum
2050 719 2124 773 tui
2169 734 2358 774 sensus
2389 721 2702 786 pravitatem
2741 719 3009 783 disputare
3041 717 3280 778 voluisti,

1726 812 1942 865 noveris
1992 810 2089 864 ista
2119 811 2449 878 expositione
2488 808 2706 863 eassari.
2739 810 2847 875 Qua
2884 823 3012 863 sane
3061 809 3279 872 imperi-

1725 904 1818 966 tia,
1847 902 1928 956 vel
1954 901 2127 969 potius
2154 901 2445 962 dementia,
2470 899 2828 969 evangelii-unt
2849 898 3073 950 volneris
3098 898 3281 949 immu-

1724 1006 1838 1049 tare
1864 1009 2187 1057 sermonem,
2218 994 2353 1047 scias
2380 992 2531 1047 nobis
2564 1008 2666 1045 non
2696 978 2814 1045 esse
2848 992 3101 1058 ignotum.
3127 990 3275 1055 Quod

1722 1088 1860 1142 enim
1891 1088 1960 1140 ibi
1986 1087 2175 1155 legitur
2206 1086 2271 1139 de
2300 1083 2533 1148 Christo,
2563 1086 2681 1152 quia
2713 1086 2852 1136 inter
2882 1083 3015 1135 duos
3041 1082 3275 1134 latrones

1721 1182 2002 1235 crucifixus
2032 1192 2106 1233 est
2128 1221 2142 1243 ,
2168 1195 2231 1233 ex
2265 1178 2533 1246 propheta:
2567 1176 2897 1237 testimonio,
2932 1173 3181 1226 dicentis:
3215 1172 3277 1223 Et

1724 1274 1856 1325 inter
1894 1274 2092 1340 iniquos
2120 1271 2385 1340 deputatus
2414 1279 2484 1321 est
2513 1266 2665 1337 (Isai.
2688 1281 2804 1327 LIII,
2841 1263 2951 1330 is),
2976 1275 3029 1315 to
3058 1262 3235 1315 dixisti
3262 1279 3274 1313 :

1726 1363 1783 1414 lit
1835 1363 1972 1416 inter
2024 1370 2256 1414 mortuos
2310 1359 2591 1426 deputatus
2635 1354 3021 1421 est.-D’enique
3061 1354 3156 1405 ista
3190 1362 3275 1404 tua

1721 1462 1842 1506 sunt
1874 1452 2066 1506 verba:
2096 1451 2246 1514 Vitta,
2275 1450 2723 1517 inquis,datorent
2755 1456 2806 1498 et
2830 1461 2920 1513 per
2944 1443 3115 1496 omnia
3141 1459 3279 1494 ania-

1722 1556 1886 1598 torem
1919 1542 2145 1595 hominis
2189 1542 2347 1595 Deum
2372 1584 2386 1606 ,
2437 1540 2525 1608 qtti
2558 1540 2694 1593 inter
2719 1550 2953 1590 mortuos
2994 1536 3276 1604 deputatus

1719 1643 1833 1697 est,
1870 1643 1923 1687 et
1962 1634 2307 1700 corruptione
2348 1640 2401 1685 et
2444 1638 2615 1684 morte
2665 1644 2925 1695 nunquam
2958 1627 3126 1680 victus
3157 1618 3276 1689 est;
3332 1663 3341 1669 -

1719 1722 1844 1789 quin
1873 1724 1921 1775 in
1950 1722 2152 1776 inferno
2174 1720 2451 1775 descendit
2476 1730 2531 1771 ut
2554 1720 2814 1772 obnoxius
2834 1724 3027 1769 nostrae
3052 1723 3276 1776 naturae,

1654 1801 1701 1859 Β
1728 1813 1841 1865 sine
1870 1805 2101 1881 peccato.
2132 1811 2287 1865 Vides
2311 1821 2565 1879 quantum
2596 1807 2855 1876 sacritegii
2909 1806 3097 1860 haheat
3128 1806 3279 1857 unius

1726 1914 1926 1957 tantum
1954 1904 2222 1957 confessio
2273 1914 2495 1955 naturm.
2528 1900 2686 1953 Vides
2730 1898 2781 1950 in
2815 1913 2930 1963 quas
2960 1911 3054 1949 vos
3091 1895 3278 1961 impie-

1725 1998 1844 2049 tatis
1875 1997 2096 2063 abrupta
2127 1993 2415 2062 prmeipitet
2449 1993 2654 2044 novitas
2687 1991 2782 2042 ista
2827 1986 3120 2041 doctrinm?
3150 1986 3278 2050 Quia

1722 2088 1863 2141 enim
1896 2086 1974 2140 sic
1996 2086 2154 2139 vultis
2176 2083 2342 2138 videri
2372 2082 2537 2136 Deum
2570 2082 2920 2145 incarnatum,
2950 2086 3004 2130 ut
3030 2075 3155 2129 nihil
3190 2074 3280 2127 ha-

1723 2178 1840 2230 heat
1873 2175 2115 2228 humanae
2156 2183 2388 2237 natum;
2420 2181 2585 2226 mlum
2615 2169 2756 2239 quod
2801 2176 2917 2233 est,
2946 2166 3157 2221 deitatis
3188 2182 3280 2219 na-

1723 2278 1837 2321 tura
1868 2267 1968 2321 sit:
2004 2264 2097 2318 Dei
2145 2276 2275 2318 vero
2325 2270 2597 2321 naturam,
2652 2274 2769 2327 qua:
2819 2256 3132 2310 immortalis
3158 2266 3279 2317 est,

1722 2358 1960 2411 scientes
2004 2353 2137 2407 mori
2168 2368 2273 2406 non
2308 2366 2488 2417 posse,
2522 2365 2617 2403 nec
2643 2349 2690 2401 ei
2732 2348 2939 2413 penitus
2971 2345 3154 2400 mortis
3186 2359 3279 2399 no-

1722 2467 1841 2505 men
1872 2461 2187 2513 congruere,
2210 2446 2448 2512 elegistis
2466 2459 2493 2495 a
2512 2442 2612 2495 fide
2635 2439 2922 2508 apostolica
2954 2437 3276 2501 exorbitare,

1722 2528 1945 2597 dicendo
1975 2540 2133 2592 Deum
2164 2538 2301 2590 inter
2330 2544 2568 2588 mut-tuos
2602 2532 2943 2599 deputatum;
2974 2542 3126 2595 quam
3157 2541 3277 2580 eum

1725 2638 1872 2691 fateri
1904 2632 2192 2688 secundum
2249 2629 2518 2682 hominem
2572 2628 2860 2679 martuum.
2912 2623 3037 2675 Nam
3090 2620 3276 2672 Filium

1723 2728 1815 2781 Dei
1863 2725 2152 2781 secundum
2198 2722 2465 2774 hominem
2499 2728 2761 2772 mortuom
2794 2713 3076 2779 Apostolus
3101 2712 3275 2771 docet,

1721 2819 1903 2871 dicens
1934 2815 1998 2867 ad
2041 2814 2345 2866 Romanos:
2394 2810 2537 2861 Sicut
2575 2823 2663 2875 per
2707 2803 3090 2857 inobedientiam
3128 2800 3277 2851 unius

1724 2907 1938 2959 hominis
1972 2915 2252 2975 pecratores
2290 2898 2547 2953 constituti
2586 2906 2699 2950 sunt
2730 2895 2894 2956 multi,
2926 2893 2997 2943 ita
3030 2908 3115 2958 per
3146 2890 3275 2941 obs-

1723 2998 1964 3051 dieutiam
1978 2994 2127 3048 unius
2148 2992 2384 3053 hon‘tinis,
2400 2988 2528 3057 justi
2552 2985 2916 3039 constituentur
2936 2981 3080 3032 multi
3100 2979 3271 3049 (Rom.

1722 3106 1786 3152 ν,
1818 3089 1925 3157 19).
1956 3087 2099 3139 Ilanc
2126 3093 2297 3135 autem
2329 3078 2686 3134 obedientiam
2720 3074 2904 3127 mortis
2929 3085 3046 3125 esse
3073 3110 3086 3132 ,
3112 3084 3268 3137 quam

1715 3198 1809 3253 pro
1828 3179 1978 3234 nobis
2002 3178 2051 3230 in
2072 3187 2266 3229 nasute
2280 3185 2479 3226 natura:
2494 3169 2715 3223 veritate
2727 3164 2977 3233 suscepit,
2995 3166 3106 3230 ipse
3125 3160 3273 3212 nihil-

1708 3249 1917 3328 ominus
1940 3270 2093 3324 docet
2110 3264 2389 3333 Apostolus
2410 3260 2591 3315 dicens
2614 3258 2679 3311 de
2693 3258 2795 3327 39
2808 3254 3048 3308 Christo:
3084 3249 3269 3302 Factus

1640 3377 1650 3382 '
1709 3363 1940 3417 obediens
1962 3374 2119 3427 usque
2146 3356 2213 3407 ad
2236 3362 2471 3417 mortem,
2506 3357 2711 3402 mortem
2731 3356 2899 3399 autent
2925 3343 3087 3395 crucis
3114 3339 3239 3406 (Phi
3249 3369 3268 3379 -

1710 3458 1801 3525 lip.
1835 3469 1893 3515 tt,
1921 3452 1995 3521 8).
2027 3452 2089 3504 Et
2115 3449 2336 3501 iterum:
2366 3441 2690 3496 Reconciliati
2709 3452 2879 3489 sumus
2901 3433 3005 3486 Deo
3030 3449 3115 3501 per
3135 3446 3269 3483 moro

1710 3519 1807 3598 tem
1830 3519 1965 3595 Filii
1987 3543 2095 3610 ejus
2125 3536 2297 3607 (Rom.
2330 3549 2381 3595 ν,
2408 3532 2515 3599 10).
2547 3529 2611 3583 Ει
2640 3527 2704 3581 ad
2739 3523 3090 3610 Corinthios:
3137 3519 3262 3573 Tra-

1708 3636 1840 3696 didi,
1864 3608 2058 3699 inquit,
2088 3629 2221 3680 vobis
2250 3624 2384 3685 quod
2413 3631 2455 3673 et
2479 3622 2687 3686 accepi:
2715 3616 2834 3682 quia
2860 3608 3009 3665 Iesus
3038 3609 3269 3662 Christus

1709 3734 1934 3777 mortuus
1950 3729 2040 3787 est,
2066 3718 2340 3773 secundum
2370 3711 2661 3776 Scripturas
2690 3705 2741 3775 (1
2771 3702 2887 3757 Cor.
2918 3717 3015 3760 xv,
3041 3700 3117 3767 3).

1778 3814 1891 3867 Vll.
1919 3814 2032 3877 Quo
2065 3823 2191 3876 ergo
2238 3814 2379 3860 metu
2429 3798 2816 3860 formidaveris,
2870 3795 3033 3847 Deum
3086 3790 3266 3843 dicere

1710 3917 1998 3966 mortuum,
2028 3916 2130 3955 non
2158 3906 2238 3952 est
2258 3896 2408 3949 nobis
2436 3894 2694 3961 ignotum.
2745 3886 2967 3940 Noveris
3008 3892 3178 3935 tamen
3217 3890 3266 3931 te

1708 4006 1888 4053 contra
1918 4004 2059 4048 tuam
2089 3988 2469 4061 professionem
2494 3984 2691 4046 venire,
2711 3979 2834 4033 dum
2861 3976 2991 4029 dicis
3018 3974 3084 4028 de
3112 3971 3267 4024 Chri-

1710 4268 1826 4328 fuit,
1874 4272 2106 4317 nostram
2151 4257 2388 4326 profecto
2426 4265 2661 4307 naturain
2695 4246 2910 4308 habuit,
2963 4251 3054 4297 aut
3082 4243 3124 4295 si
3158 4257 3260 4293 non

1712 4356 1915 4417 habuit,
1938 4350 2158 4406 ostende
2188 4347 2324 4400 unde
2352 4342 2611 4397 obnoxius
2643 4341 2760 4392 fuit.
2794 4337 2958 4389 Nemo
2997 4334 3136 4387 enim
3171 4331 3262 4383 dc-

1712 4448 1799 4500 bet
1821 4442 2017 4511 aliquid
2044 4441 2089 4494 ei
2116 4455 2144 4493 a
2174 4452 2277 4507 quo
2306 4435 2431 4489 nihil
2457 4433 2681 4496 accepit.
2737 4428 2839 4483 Sed
2890 4436 2941 4479 et
2982 4439 3100 4478 cum
3130 4421 3263 4474 dicis

1712 4538 1762 4591 ln
1795 4532 2135 4602 sequentibus
2154 4570 2169 4594 ,
2222 4528 2289 4582 de
2318 4526 2528 4579 Christo
2554 4533 2824 4589 exponens
2850 4516 3095 4571 Jeremiaa
3121 4514 3266 4567 testi-

1712 4625 1978 4678 monium:
2006 4620 2068 4673 Et
2090 4613 2495 4672 cumhominibus
2516 4619 2832 4663 conversatus
2849 4619 2919 4660 est
2936 4605 3081 4675 (Bar.
3101 4620 3134 4664 ι.
3151 4602 3262 4667 38).

1711 4714 2010 4770 Secundum
2038 4712 2316 4763 humanam
2339 4705 2556 4757 formam
2581 4699 2824 4762 ex‘Adam
2852 4712 3005 4751 servo
3032 4710 3145 4757 suo,
3165 4693 3266 4747 tuis

1713 4805 2055 4859 nihilominus
2086 4795 2497 4867 professionibus
2546 4790 2863 4845 adversaris.
2920 4786 3265 4853 Apertissime

1711 4896 1852 4950 enim
1902 4890 2179 4946 declarasti
2224 4887 2513 4941 secundum
2563 4883 2804 4933 humana,-
2837 4890 3033 4931 naturm
3064 4889 3264 4926 assuto-

1708 4990 1960 5054 ptionetn,
1996 4982 2158 5034 Deum
2216 4979 2348 5030 inter
2399 4975 2638 5027 homines
2683 4978 3073 5046 cunvetsattnn:
3121 4964 3264 5017 Sient

1706 5078 1845 5130 enim
1879 5074 1972 5128 Dei
2002 5073 2190 5136 forma,
2226 5070 2275 5122 in
2300 5082 2399 5135 qua
2438 5076 2520 5120 est
2549 5064 2717 5117 Filius
2748 5061 2961 5139 :eqqalis
2992 5058 3155 5118 Patri,
3188 5056 3265 5105 ni-

1708 5170 1781 5224 hil
1810 5165 2050 5223 estaliud
2080 5177 2234 5233 quam
2268 5160 2355 5213 Dei
2387 5166 2614 5219 natura;
2662 5154 2728 5207 ita
2762 5152 2901 5206 servi
2930 5150 3097 5202 forma
3130 5145 3257 5198 nihil

1706 5268 1789 5317 est
1836 5258 1976 5312 aliud
2021 5269 2178 5325 quam
2224 5252 2448 5304 humana
2477 5256 2687 5307 natura,
2729 5244 2779 5296 in
2808 5255 2907 5309 qua
2938 5249 3021 5292 est
3050 5235 3266 5290 inferior

1710 5352 1884 5405 Patre.
1911 5346 2138 5403 Attende
2168 5344 2323 5412 igitur
2348 5341 2453 5393 vim
2481 5338 2607 5392 dicti
2642 5338 2736 5399 tui,
2767 5345 2818 5387 et
2846 5334 2935 5385 tibi
2969 5331 3137 5397 magis
3168 5326 3263 5395 ἰρμί

1711 5457 1866 5513 quam
1909 5439 2062 5494 nobis
2099 5434 2317 5490 credito.
2360 5429 2544 5485 Dixisti
2571 5430 2709 5481 enim
2739 5441 2802 5479 ex
2836 5423 3000 5476 Adam
3045 5423 3265 5471 fortnam

1708 5533 1847 5588 servi
1879 5529 2147 5591 habuisse,
2180 5525 2304 5577 licet
2327 5519 2561 5575 nolueris
2597 5518 2776 5571 dicere
2805 5514 3092 5579 accepisse,
3123 5506 3264 5576 quod

1711 5622 1994 5691 Apostolus
2042 5619 2159 5670 ait:
2194 5613 2526 5680 Sentctipsum
2576 5606 2847 5662 ea‘ittanivit
2899 5605 3113 5673 formam
3142 5598 3265 5653 servi
