3802 6242
147 428 220 484 iis
1091 449 1096 453 ·
1178 426 1446 484 CONTRA
1481 423 1946 484 EUTYCHETEM
1989 429 2115 484 LIB.
2155 430 2241 486 IV.

3227 432 3324 488 126

141 541 1039 615 tam,quet_'ncallensastrisquaasivit
1061 543 1189 596 cura
1209 543 1654 614 magorum:quid
1684 547 1923 610 Atatem
1978 543 2231 599 Ecclesia:
2280 544 2633 613 introducitis,
2688 547 2782 615 qui
2831 546 2882 601 in
2944 561 3052 602 uno
3110 537 3321 601 Christo

141 632 313 689 conaris
324 633 386 687 ad
397 631 866 688 divisionisvitium
884 631 1172 698 reﬂectere,
1191 647 1305 701 quae
1316 631 1380 686 de
1395 645 1499 686 uno
1511 632 1657 685 Chri-

141 724 272 778 stoad
287 723 786 778 demonstrationem
808 723 946 779 dicta
967 733 1087 777 sunt
1116 725 1387 791 utriusque
1414 723 1656 777 naturae?

142 817 253 884 Quid
273 832 328 871 ea
347 815 692 885 reprehendis
711 818 952 887 quteipse
968 816 1115 871 fateri
1140 815 1469 892 convinceris
1486 814 1510 867 τ
1525 814 1654 867 Nam

144 911 196 963 ita
208 907 521 976 culpabiliter
535 908 769 964 Leonem
797 906 974 962 altaris
991 923 1004 960 :
1022 907 1145 973 Cur,
1164 906 1360 975 inquis,
1381 921 1481 958 non
1493 904 1654 973 conﬁ-

142 1000 239 1053 teris
250 999 580 1054 Denmventm
601 1000 846 1069 infantem
856 1009 1029 1053 natum
1046 998 1244 1068 propter
1264 1015 1376 1065 nos,
1392 1007 1437 1050 et
1455 1009 1658 1065 perma-

141 1087 550 1143 uentemsimiliter
563 1088 747 1155 Deum,
772 1099 818 1142 et
831 1089 1164 1142 inuolumehta
1187 1087 1353 1140 carnis
1380 1084 1657 1153 suscepisse

141 1187 301 1232 nostra
311 1187 506 1234 natura:
519 1188 724 1247 prapter
739 1195 828 1232 nos
847 1180 869 1233 ?
885 1177 972 1233 Sic
992 1178 1123 1232 enim
1144 1175 1286 1231 nobis
1298 1174 1478 1230 similis
1493 1173 1657 1243 factus

141 1278 198 1324 est
217 1287 298 1342 per
323 1273 488 1325 omnia
515 1271 625 1345 sine
646 1279 863 1341 peccato.
889 1271 1041 1335 Ecce,
1071 1267 1209 1338 quod
1235 1265 1429 1336 ubique
1455 1264 1654 1333 arguis,

141 1361 254 1428 quod
282 1361 470 1430 ubique
491 1362 801 1431 expruhras,
831 1360 971 1430 quod
1007 1360 1223 1430 impium
1249 1368 1302 1413 et
1340 1356 1657 1424 sacrilegum

143 1466 305 1519 putas;
331 1467 617 1522 oppressus
641 1451 879 1509 veritatis
899 1451 1146 1517 molibus,
1171 1449 1378 1520 cogeris
1398 1448 1656 1518 profiteri.

140 1542 183 1598 Si
207 1543 335 1598 enim
357 1543 713 1598 involumenta
733 1529 927 1598 nostra:
955 1550 1160 1597 natura
1182 1540 1434 1609 suscepit,
1465 1546 1659 1592 nostra:

141 1633 345 1703 profecto
365 1642 565 1689 natura
594 1634 866 1690 veritatem
909 1632 1105 1688 habuit.
1139 1631 1316 1701 Neque
1345 1629 1486 1686 enim
1524 1641 1658 1699 pan-

140 1739 302 1779 norum
347 1723 723 1779 involumentis
750 1763 765 1789 ,
810 1733 865 1779 et
893 1723 1116 1779 materni
1148 1721 1299 1777 laetis
1324 1721 1576 1776 alimento
1605 1719 1658 1772 in

143 1813 235 1870 Deo
254 1814 436 1870 nutriri
466 1815 683 1885 potuit,
733 1808 832 1869 nisi
862 1813 1002 1883 quod
1033 1814 1085 1868 in
1111 1813 1199 1867 illo
1227 1820 1421 1868 nestrze
1460 1819 1661 1865 natura:

1758 642 2036 704 utramque
2059 623 2298 688 naturam
2328 635 2478 689 fateri
2508 653 2609 690 non
2636 637 2812 691 vultis.
2847 636 3096 706 Repetam
3127 638 3322 699 adhuc.

1758 728 1803 781 si
1831 726 2003 789 valeo,
2031 725 2254 794 plenius.
2289 725 2472 781 Patres
2500 727 2550 779 in
2581 727 2792 782 Nieteno
2820 728 3048 782 concilio
3071 728 3320 796 proﬁten-

1759 826 1838 871 tes
1870 817 2076 870 Patrem
2126 827 2180 872 et
2212 815 2400 870 Filium
2446 819 2604 870 unius
2641 832 2761 871 esse
2798 819 3137 883 substantim,
3191 819 3322 871 duas

1759 906 1941 973 utique
1977 920 2233 974 personas
2265 905 2315 958 in
2349 907 2550 959 unitate
2581 917 2784 961 natura:
2830 908 3198 977 intelligendas
3240 922 3324 961 re-

1759 995 2095 1064 ligiosissime
2124 995 2474 1076 tradiderunt.
2511 998 2670 1065 Igitur
2700 1013 2792 1051 vos
2818 1013 2938 1053 cum
2969 1000 3164 1062 dicitis,
3194 999 3325 1052 Ver-

1759 1085 1884 1139 bum
1931 1095 1982 1138 et
2026 1100 2239 1139 carnem
2290 1077 2446 1139 unius
2493 1101 2613 1140 esse
2655 1087 2763 1158 44
2800 1088 3140 1152 substantia,
3193 1089 3324 1142 duas

1759 1176 1913 1232 nobis
1957 1177 2153 1231 Christi
2181 1192 2456 1246 personas,
2489 1181 2729 1247 duosque
2770 1179 3009 1234 Christos
3052 1180 3326 1235 inducitis.

1760 1267 1891 1335 Quia
1922 1270 2216 1323 secundum
2242 1271 2611 1325 auctoritatem
2635 1271 2842 1325 Patrum
2873 1279 3198 1334 nostrorum,
3223 1286 3321 1341 qua
3397 1257 3405 1270 ’

1760 1379 1866 1417 non
1905 1365 2007 1418 nisi
2039 1363 2178 1418 inter
2224 1363 2356 1419 duas
2407 1379 2663 1432 personas
2710 1365 2970 1418 unitatem
3018 1365 3330 1419 substantias

1759 1452 1927 1520 accipi
1957 1454 2040 1507 vel
2057 1453 2160 1508 dici
2182 1455 2443 1508 sancitum
2467 1465 2571 1517 est,
2593 1454 2642 1508 id
2668 1455 2803 1509 ratio
2820 1454 3017 1524 ﬂagitat
3038 1463 3098 1508 ut
3116 1454 3161 1507 si
3179 1453 3326 1522 juxta

1761 1545 1972 1612 impiam
2002 1553 2232 1599 vestram
2282 1546 2628 1610 sententiam,
2672 1545 2828 1599 unius
2869 1545 3180 1600 substantiae
3206 1553 3330 1598 sunt

1764 1633 1990 1688 Verbum
2017 1642 2072 1688 et
2091 1648 2236 1697 caro,
2268 1633 2386 1688 dua:
2410 1635 2517 1688 sint
2553 1633 2790 1704 profecto
2820 1649 3062 1704 persona:
3091 1632 3250 1689 Verbi
3273 1641 3330 1687 et

1761 1723 1953 1792 carnis,
1983 1727 2406 1780 communionem
2437 1725 2593 1780 unius
2623 1726 2882 1782 habentes
2911 1734 3132 1782 naturae.

1834 1816 1971 1871 XIV.
2006 1815 2206 1871 Deinde
2237 1830 2458 1872 necesse
2489 1817 2590 1871 erit
2618 1824 2679 1872 ut
2707 1826 2762 1870 et
2781 1831 2928 1880 caro,
2956 1817 3093 1871 sicut
3118 1824 3171 1871 et
3201 1814 3327 1867 νιτ-

142 1906 382 1975 proprium
411 1904 546 1972 fuit;
578 1919 677 1961 nec
704 1906 755 1960 in
782 1905 958 1974 aliquo
985 1903 1137 1959 nobis
1166 1911 1371 1976 poterat
1399 1899 1654 1966 similare,

1773 1909 1911 1971 bum,
1943 1907 1988 1960 si
2043 1907 2197 1960 unius
2225 1919 2345 1960 cum
2387 1919 2452 1960 eo
2498 1914 2581 1960 est
2615 1914 2842 1970 naturae,
2875 1905 3110 1960 increata
3161 1904 3230 1956 sit
3275 1913 3330 1955 et

142 1995 281 2051 sinon
293 1995 341 2051 id
355 1996 496 2067 quod
507 1995 607 2067 ipsi
621 1997 880 2062 sumus,in
894 1996 1065 2065 seipse
1078 1995 1378 2064 dignaretur
1388 1991 1632 2059 accipere
1642 2031 1656 2045 .
1709 2060 1712 2068 η

199 2081 303 2142 Xll.
331 2088 517 2144 Adhuc
545 2096 719 2143 autem
751 2101 866 2156 quae
892 2094 1066 2142 nostra
1098 2093 1240 2152 sunt,
1284 2086 1391 2139 imo
1417 2098 1534 2151 quae
1573 2095 1664 2137 ve-

143 2175 294 2231 ritatis
317 2186 457 2242 sunt,
487 2176 684 2232 invitus
726 2175 904 2230 fateris
933 2174 1114 2230 dicens
1146 2172 1450 2228 :‘Glariatur
1494 2178 1666 2225 nostra

144 2275 306 2322 nam
331 2267 680 2336 honori/ictuc,
713 2265 886 2322 videns
913 2281 1026 2319 eum
1057 2265 1233 2334 quiest
1263 2262 1410 2316 unius
1436 2259 1670 2315 substan—

145 2358 217 2413 tia
235 2373 343 2412 eunt
380 2355 538 2412 Patre
565 2356 836 2411 secundum
880 2343 1202 2421 divinitatem,
1234 2353 1490 2406 nobiscum
1517 2350 1671 2403 unius

148 2449 412 2505 ﬂuentia
438 2444 712 2504 secundum
740 2447 1122 2502 inenarrabilem
1149 2461 1212 2501 ea:
1256 2443 1460 2517 Virgine
1502 2443 1670 2495 incar-

147 2541 395 2605 nationem,
409 2539 659 2594 sedentem
678 2540 730 2593 in
750 2538 954 2593 dextera
979 2536 1365 2608 magniﬁcentia:
1376 2534 1453 2586 sui
1474 2531 1666 2584 Patris.

333 2631 460 2684 enim
490 2629 600 2701 ejus
641 2643 788 2683 carne
829 2643 979 2699 super
1019 2643 1214 2683 omnem
1255 2626 1456 2681 sedente
1497 2621 1672 2691 glorias

147 2723 458 2794 splenderent,
477 2721 582 2794 ω
611 2722 799 2775 diuitiis
840 2730 884 2775 et
922 2719 1168 2788 ineﬂ’abili
1197 2716 1389 2771 lumine
1415 2714 1670 2784 refulgens

148 2813 373 2882 glorietur
402 2819 587 2868 nostra
608 2821 810 2865 natura:
831 2805 1116 2879 inﬁrmitas.
1148 2808 1429 2863 Confessus
1454 2820 1512 2858 es
1534 2804 1669 2858 divi-

152 2902 526 2958 tiisdivinitatis
561 2901 696 2971 ejus,
724 2901 1081 2955 infirmitatem
1109 2909 1303 2952 nostrae
1323 2894 1669 2966 gloriﬁcatam

150 3006 250 3048 esse
276 3001 502 3056 naturae;
533 2992 682 3060 cujus
709 2989 1104 3059 glorificationis
1132 2990 1244 3056 ejus
1274 2985 1410 3040 hanc
1435 2999 1554 3039 esse
1581 2996 1668 3037 as-
1716 3059 1722 3066 '

151 3083 266 3139 seris
284 3097 494 3140 causam
514 3124 530 3148 ,
551 3082 690 3153 quod
718 3084 829 3135 haec
858 3079 1040 3135 eadem
1069 3088 1258 3134 natura
1287 3091 1380 3154 per
1416 3074 1669 3129 unitatem

153 3175 291 3232 Verbi
323 3176 575 3246 glorietur
596 3176 784 3230 sedere
810 3188 868 3228 se
894 3173 960 3227 ad
1005 3173 1277 3228 dexteram
1324 3169 1439 3224 Dei.
1475 3170 1595 3222 llaec
1629 3167 1672 3220 si

1765 1995 2048 2050 invisibilis
2068 2005 2224 2062 atque
2253 1995 2704 2049 in'eontrectabilis
2726 2002 2780 2048 et
2808 1995 2958 2048 initio
2981 2008 3201 2056 carens;
3231 1992 3322 2044 ali-

1767 2095 1846 2140 ter
1874 2086 2157 2151 euimeum
2183 2085 2361 2140 Verbo
2396 2085 2650 2140 unitatem
2677 2099 2780 2139 non
2809 2093 2980 2153 potest
3011 2084 3207 2137 habere
3236 2098 3332 2134 na-

1766 2185 1916 2230 turae.
1948 2174 2050 2229 Sed
2079 2175 2198 2244 quia
2246 2189 2462 2230 carnem
2493 2174 2579 2229 h's
2623 2173 3014 2229 conditionibus
3053 2172 3331 2240 subiacere

1765 2264 1982 2319 dubium
2004 2280 2109 2319 non
2138 2273 2259 2328 est;
2291 2265 2445 2319 unius
2474 2273 2646 2319 autem
2678 2264 2758 2335 (ut
2785 2263 2980 2332 dicitis)
3006 2278 3126 2318 cum
3159 2261 3332 2315 Verbo

1767 2344 1967 2431 naturae
2003 2364 2086 2409 est
2130 2372 2142 2406 :
2171 2354 2405 2409 Verbum
2436 2369 2564 2424 ergo
2593 2348 2717 2420 erit’,
2760 2354 3050 2410 secundum
3083 2353 3329 2420 Arianos,

1767 2445 2091 2511 creabile,et
2117 2442 2498 2501 contrectabile
2520 2455 2676 2516 atque
2703 2444 2932 2510 visibile,
2983 2455 3035 2499 et
3078 2461 3145 2500 ex
3183 2445 3335 2498 initio

1769 2533 2083 2600 subsistens,
2121 2535 2244 2605 quia
2269 2536 2430 2590 aliter
2452 2550 2572 2590 cum
2602 2550 2761 2591 carne
2793 2550 2901 2589 non
2938 2535 3129 2604 poterit
3163 2535 3334 2588 unita-

1774 2637 1878 2682 tem
1925 2627 2121 2683 habere
2168 2635 2390 2682 naturae.
2446 2628 2644 2683 Deinde
2674 2628 2717 2682 sl
2747 2627 2907 2682 Verbi
2945 2635 2998 2682 et
3025 2627 3202 2681 carnis
3233 2640 3334 2678 una

1772 2728 1959 2772 natura
1989 2727 2091 2779 est,
2122 2718 2392 2786 quomodo
2427 2732 2548 2773 cum
2591 2719 2821 2773 Verbum
2862 2717 3058 2786 ubique
3095 2719 3183 2780 sit,
3229 2733 3333 2770 non

1770 2809 1964 2879 ubique
1995 2809 2295 2864 inveniatur
2322 2817 2376 2864 et
2396 2808 2563 2863 caro?
2585 2809 2713 2862 Nam
2736 2808 2950 2878 quando
2971 2809 3024 2862 in
3055 2816 3194 2862 terra
3219 2807 3334 2870 fuit,

1773 2916 1878 2956 non
1909 2909 2023 2956 erat
2061 2901 2244 2971 utique
2274 2901 2326 2956 in
2347 2901 2508 2956 coelo.
2543 2899 2606 2957 Et
2628 2917 2768 2955 nunc
2796 2903 2921 2971 quia
2952 2903 3000 2955 in
3053 2899 3190 2956 creto
3226 2912 3335 2961 cst,

1759 3017 1879 3056 ~non
1909 3009 1992 3056 est
2018 3002 2201 3071 utique
2228 3001 2280 3056 in
2309 3009 2470 3065 terra,
2501 3008 2554 3055 et
2582 3000 2634 3054 in
2667 3008 2870 3053 tantum
2902 3013 3006 3052 non
3038 3003 3140 3062 est,
3173 3005 3230 3049 ut
3259 3011 3338 3050 ses

1774 3093 2002 3148 cundum
2025 3093 2190 3161 ipsam
2216 3091 2488 3146 Chrismm
2519 3099 2818 3158 spectemus
2839 3103 2956 3143 esse
2982 3074 3257 3141 venturmn
3277 3085 3338 3139 de

1777 3185 1933 3249 etelu,
1968 3191 2124 3253 quem
2147 3182 2438 3236 secundum
2473 3181 2702 3236 Verbum
2734 3179 3008 3233 nobiscum
3033 3190 3149 3230 esse
3171 3176 3340 3228 credi-

149 3267 442 3338 sitnplieiter
490 3270 819 3330 sentiantur,
864 3276 1009 3321 recte
1033 3269 1085 3320 et
1118 3260 1378 3319 catholice
1405 3261 1670 3315 dicuntur.
1700 3282 1746 3344 ρ
1778 3289 1894 3328 mus
1916 3275 1968 3328 in
1995 3282 2156 3327 ιριτο,
2188 3273 2349 3342 igitur
2377 3271 2669 3326 secundum
2699 3284 2809 3337 vos,
2843 3277 2935 3323 aut
2962 3268 3190 3323 verbum
3220 3280 3337 3318 cum

151 3361 314 3416 Dixisti
348 3359 502 3415 etiam
533 3358 671 3430 quod
699 3360 838 3413 sicut
875 3358 1029 3412 unius
1072 3346 1484 3410 substantizeest
1510 3349 1676 3404 Filius

149 3466 256 3506 cum
285 3450 440 3506 Patre
467 3449 753 3507 secundum
778 3449 1128 3514 divinitatem,
1163 3447 1228 3501 ita
1261 3446 1414 3498 unius
1436 3443 1677 3497 substan-

146 3544 226 3598 tia
240 3553 317 3598 est
339 3545 610 3599 nobiscum
632 3541 922 3599 secundum
948 3528 1380 3597 incarnationem.
1412 3538 1524 3603 Qua
1551 3550 1676 3605 pro-

153 3636 380 3702 iessione,
406 3647 463 3691 ut
529 3645 700 3690 tecum
740 3634 1044 3706 simpliciter
1098 3647 1277 3702 agam,
1333 3631 1593 3699 duplicem
1623 3626 1674 3681 in

152 3724 349 3782 Christo
373 3727 555 3782 fateris
582 3739 700 3781 esse
742 3732 1001 3779 naturam.
1043 3723 1172 3787 Quia
1204 3721 1248 3777 si
1277 3719 1569 3776 secundum
1597 3717 1674 3770 di-

151 3819 400 3874 vinitatem
444 3821 600 3874 unius
642 3832 759 3872 cum
806 3815 961 3878 Patre
997 3814 1329 3881 substantiae,
1371 3823 1423 3867 et
1468 3826 1674 3865 rursum

151 3911 290 3964 auius
307 3918 388 3965 est
409 3909 683 3965 nobiscum
707 3905 994 3961 secundum
1017 3903 1429 3960 incarnationem
1454 3909 1674 3962 natura,

149 4003 354 4068 geminas
395 4009 478 4057 est
524 3999 758 4069 profecto
792 4009 1012 4054 natum.
1071 3998 1124 4052 Si
1174 4010 1300 4049 vero
1353 4004 1402 4047 te
1444 3991 1678 4046 strictius

148 4094 416 4163 exagitem,
449 4101 504 4148 et
549 4106 666 4158 qua:
716 4092 881 4145 sentis
911 4090 1136 4157 pressius
1175 4085 1440 4150 ventiiem,
1481 4090 1674 4154 quanta

149 4192 194 4241 te
213 4196 495 4255 arquantur
521 4183 747 4239 absurda
781 4183 1084 4252 perspicies.

205 4272 334 4332 XIII.
360 4275 550 4331 Dixisti
569 4274 835 4331 Christum
861 4275 995 4328 sicut
1026 4287 1142 4328 cum
1173 4272 1345 4334 Patre,
1387 4271 1456 4324 ita
1486 4273 1540 4323 et
1576 4282 1675 4322 no-

147 4362 330 4419 hiscum
350 4364 602 4419 unitatem
626 4363 822 4418 habere
846 4362 1174 4424 substantiae.
1207 4375 1361 4414 unam
1396 4369 1570 4413 tamen
1599 4358 1676 4411 vis

144 4466 254 4509 ett
274 4439 468 4508 habere
489 4459 730 4507 naturam
757 4470 768 4503 :
802 4466 902 4506 una
932 4468 1055 4521 ergo
1085 4452 1182 4506 erit
1213 4461 1264 4505 et
1298 4451 1387 4505 Dei
1417 4459 1472 4506 et
1498 4458 1673 4503 nostra

145 4553 336 4599 natura.
361 4542 429 4598 Et
468 4541 592 4612 quid
621 4543 718 4597 hac
747 4541 1068 4612 professione
1097 4543 1310 4611 impium
1343 4540 1506 4610 magis
1535 4539 1675 4594 erit?

1779 3378 1937 3418 carne
1964 3378 2057 3417 sua
2085 3363 2202 3418 loco
2228 3363 2527 3417 continetur
2542 3374 2631 3416 aut
2660 3375 2784 3415 caro
2807 3374 2926 3415 cum
2948 3357 3120 3413 Verbo
3148 3356 3340 3423 ubique

1777 3464 1879 3520 est,
1912 3454 2162 3524 quoniam
2191 3467 2295 3506 una
2327 3464 2514 3506 natura
2552 3453 2877 3507 contrarium
2918 3449 3043 3519 quid
3090 3455 3144 3503 et
3173 3447 3341 3517 diver-

1776 3560 1896 3599 sum
1923 3559 2026 3599 non
2076 3543 2264 3612 recipit
2311 3544 2364 3597 in
2407 3543 2600 3612 seipsa.
2649 3542 2928 3596 Diversum
2955 3549 3036 3594 est
3082 3545 3341 3592 autemet

1778 3635 1932 3705 longe
1954 3633 2212 3689 dissimile
2239 3633 2602 3688 circumscribi
2629 3633 2746 3686 loco
2777 3643 2832 3686 et
2861 3630 3055 3699 ubique
3084 3642 3202 3682 esse
3229 3644 3240 3678 :
3287 3636 3341 3679 ct

1777 3725 1900 3794 quia
1930 3724 2160 3802 verbum
2191 3724 2389 3792 ubique
2412 3733 2511 3788 est,
2532 3737 2656 3777 caro
2679 3726 2854 3777 autem
2879 3722 2991 3790 ejus
3014 3720 3208 3790 ubique
3236 3734 3340 3772 non

1776 3823 1878 3879 est,
1904 3822 2124 3883 apparet
2154 3828 2314 3867 unum
2351 3815 2704 3882 eumdemque
2748 3813 3016 3868 Christum
3062 3813 3342 3879 utriusque

1773 3923 1895 3963 esse
1924 3917 2126 3962 natura:
2150 3924 2166 3962 :
2194 3916 2246 3963 et
2274 3922 2396 3963 esse
2412 3906 2624 3976 quidem
2650 3907 2843 3976 ubique
2868 3904 3155 3960 se’cundum
3186 3911 3343 3956 natu~

1777 4013 1890 4052 ram
1917 3997 2208 4052 divinitatis
2229 4012 2361 4066 suae,
2411 4005 2464 4051 et
2492 3998 2610 4052 loco
2644 3996 2910 4051 contineri
2933 3992 3222 4050 secundum
3253 4010 3341 4046 na-

1779 4099 1946 4144 turam
1979 4087 2320 4142 humanitatis
2341 4102 2454 4142 sua:
2480 4105 2492 4140 :
2518 4082 2754 4142 creatt'im
2787 4101 2902 4140 esse
2925 4095 2978 4140 et
3007 4086 3212 4138 initium
3238 4097 3342 4136 non

1778 4178 2003 4234 habere:
2037 4178 2194 4232 morti
2223 4178 2597 4244 succumbere,
2631 4187 2685 4231 et
2714 4175 2846 4229 mori
2871 4165 2972 4228 non
3006 4189 3188 4242 posse;
3215 4189 3342 4241 quo~

1775 4284 1892 4324 rum
1932 4282 2093 4322 unum
2137 4266 2211 4320 illi
2261 4277 2342 4321 est
2382 4281 2449 4321 ex
2481 4277 2662 4320 natura
2712 4262 2910 4330 Verbi,
2937 4279 3036 4331 qua
3071 4264 3207 4316 Deus
3236 4270 3340 4325 est,

1775 4358 1918 4413 aliud
1947 4373 2014 4412 ex
2065 4366 2251 4411 natura
2301 4357 2497 4420 carnis,
2542 4372 2648 4425 qua
2697 4355 2841 4410 idem
2891 4340 3028 4408 Deus
3059 4353 3218 4406 homo
3239 4359 3340 4405 est.

1773 4450 1934 4521 igitur
1959 4463 2094 4505 unus
2124 4448 2218 4504 Dei
2253 4446 2442 4513 Filius,
2484 4448 2728 4516 idemque
2763 4445 2994 4498 hominis
3045 4444 3217 4498 factus
3253 4444 3336 4495 Fi-

1774 4541 1894 4607 lius,
1915 4540 2074 4597 habet
2090 4540 2293 4595 initium
2320 4555 2383 4594 ex
2410 4547 2593 4592 natura
2622 4537 2798 4593 carnis
2819 4552 2950 4600 sum,
2975 4545 3027 4590 et
3057 4549 3159 4588 non
3185 4534 3342 4587 habet

145 4633 328 4688 Deinde
355 4641 408 4690 et
430 4631 642 4688 Patrum
665 4640 963 4686 nostrorum
991 4633 1302 4687 auctoritate
1328 4639 1380 4685 et
1408 4626 1672 4683 communi
1699 4641 1750 4702 ι)
1776 4633 1982 4688 initium
2022 4647 2087 4687 ex
2116 4640 2302 4685 natura
2343 4629 2631 4684 divinitatis
2672 4643 2782 4682 sua:
2816 4645 2829 4681 :
2881 4638 3092 4680 creatus
3125 4634 3206 4678 est
3249 4640 3344 4692 per

143 4723 361 4777 omnium
388 4723 680 4792 sapientum
708 4721 922 4791 judicio,
957 4736 1056 4775 non
1081 4732 1158 4776 est
1187 4720 1364 4786 unius,
1393 4720 1486 4774 sed
1530 4718 1672 4773 duo-

141 4827 268 4882 rum,
297 4814 723 4868 communionem
747 4812 981 4882 ejusdem
1005 4814 1198 4868 habere
1227 4813 1555 4868 substantias.
1597 4813 1672 4866 Ac

138 4904 284 4960 sietu
305 4903 439 4960 duos
466 4905 618 4959 nobis
667 4903 920 4975 quosdam
960 4903 1197 4959 Christos
1240 4902 1466 4968 inducis,
1510 4917 1672 4957 unum

138 4997 351 5065 tunicam
399 4996 553 5052 Patre
579 4996 731 5051 unius
766 4995 835 5050 sit
864 4995 1150 5050 secundum
1190 4994 1515 5051 divinitatem
1543 4994 1673 5049 sub-

137 5088 350 5154 stantia,
374 5088 536 5143 alium
556 5087 640 5156 qui
667 5087 937 5142 nobiscum
960 5087 1244 5142 secundum
1273 5102 1484 5143 carnem
1507 5089 1675 5142 unitu-

139 5185 236 5232 tem
255 5177 665 5233 habeatnaturte
691 5195 702 5232 :
734 5179 1002 5247 quoniam,
1029 5186 1085 5232 ut
1109 5179 1236 5247 dixi,
1270 5188 1448 5233 nostra
1495 5189 1548 5235 et
1578 5179 1675 5233 Pa-

140 5269 226 5324 tris
250 5282 352 5324 non
374 5277 458 5323 est
492 5283 592 5322 una
633 5268 944 5332 substantia,
969 5277 1023 5324 tu
1045 5278 1218 5324 autem
1242 5269 1292 5324 in
1322 5268 1536 5325 Christo
1568 5283 1673 5322 non

137 5358 208 5413 vis
233 5357 494 5429 duplicem
532 5372 652 5414 esse
695 5370 967 5425 naturam;
1020 5375 1235 5416 necesse
1263 5375 1391 5431 ergo
1439 5361 1560 5423 erit,
1592 5375 1675 5415 se-

138 5449 354 5506 cundum
381 5459 435 5506 te
457 5450 614 5505 alium
643 5465 762 5506 esse
788 5451 1051 5506 Christum
1091 5451 1181 5522 qui
1211 5464 1332 5507 cum
1379 5449 1535 5506 Patre
1581 5453 1672 5505 ha-

138 5538 246 5596 beat
273 5545 524 5598 unitatem
553 5543 877 5608 substantia,
909 5544 1066 5596 alium
1096 5545 1182 5613 qui
1209 5544 1502 5598 nobiscum.
1535 5543 1665 5608 Quia

139 5631 180 5686 si
203 5647 301 5688 non
328 5647 465 5687 unus
483 5641 730 5702 utrasque
753 5633 929 5696 habet.
961 5648 1076 5688 cum
1109 5633 1226 5688 dua:
1252 5633 1376 5697 sint,
1406 5641 1460 5687 tu
1491 5643 1665 5687 autem

141 5730 369 5794 utrasque
399 5723 593 5778 habere
628 5723 806 5798 dixisti
847 5741 859 5776 :
890 5725 994 5780 duo
1023 5724 1106 5779 hic
1136 5739 1253 5781 esse
1293 5738 1510 5780 necesse
1564 5734 1664 5787 est,

137 5813 219 5882 tiui
236 5813 466 5885 singulas
487 5815 731 5883 habeant,
760 5826 812 5873 et
860 5831 954 5886 per
982 5817 1035 5873 id
1075 5833 1167 5874 vos
1196 5815 1368 5888 potius
1396 5817 1667 5887 quaterni-

1773 4733 2016 4780 naturam
2042 4725 2218 4778 carnis
2245 4721 2350 4794 55
2371 4736 2503 4788 suae,
2534 4729 2589 4777 et
2617 4736 2724 4775 non
2761 4730 2844 4775 est
2877 4729 3089 4772 creatus
3124 4734 3217 4785 per
3250 4732 3340 4768 na-

1776 4829 1946 4872 turam
1966 4816 2262 4870 divinitatis
2291 4828 2400 4869 sua:
2426 4832 2440 4867 :
2467 4811 2920 4868 circumscribitur
2942 4811 3059 4865 loco
3079 4827 3167 4878 per
3194 4817 3342 4861 natu-

1773 4923 1885 4962 ram
1908 4907 2082 4962 carnis
2105 4919 2236 4971 suae,
2268 4913 2324 4960 et
2347 4906 2465 4959 loco
2495 4918 2600 4958 non
2625 4903 2829 4974 capitur
2851 4918 2944 4972 per
2980 4911 3219 4955 naturam
3264 4900 3340 4952 di—

1776 4998 2007 5052 vinitatis
2042 5010 2150 5052 suae
2179 5011 2194 5050 ε
2223 4995 2397 5050 minor
2415 5004 2498 5050 est
2525 4995 2683 5050 etiam
2733 4993 2934 5062 angelis
2960 5008 3054 5061 per
3098 4999 3338 5044 naturam

1777 5089 1951 5143 carnis
1976 5103 2104 5154 sum,
2130 5097 2184 5142 et
2209 5088 2431 5157 aequalis
2472 5096 2556 5141 est
2593 5084 2732 5140 Patri
2768 5085 3058 5139 secundum
3101 5093 3339 5135 naturam

1776 5177 2063 5233 divinitatis
2091 5191 2203 5232 sua:
2237 5193 2249 5230 :
2283 5185 2522 5231 mortuus
2550 5183 2634 5229 est
2654 5184 2838 5228 natura
2883 5172 3058 5227 carnis
3094 5185 3237 5239 suae,
3286 5181 3340 5224 et

1778 5284 1881 5323 non
1912 5278 1992 5324 est
2015 5277 2255 5323 mortuus
2283 5277 2472 5322 natura
2495 5265 2785 5321 divinitatis
2818 5279 2946 5318 sucu.

1850 5359 1963 5414 XV.
1989 5359 2114 5414 Haec
2135 5368 2216 5414 est
2232 5357 2364 5413 ﬁdes
2386 5367 2439 5414 et
2464 5355 2728 5412 confessio
2749 5354 3005 5434 catholica
3029 5368 3182 5423 quam
3214 5364 3340 5419 apo-

1775 5452 1895 5506 stoli
1927 5451 2278 5516 tradiderunt,
2326 5457 2587 5520 martyres
2617 5448 3022 5511 roboraverunt,
3071 5457 3123 5500 et
3155 5445 3338 5498 fideles

1775 5557 1912 5597 nunc
1961 5556 2126 5611 usque
2159 5539 2484 5595 custodiunt.
2529 5538 2676 5594 Unde
2706 5538 3038 5607 impiissime,
3082 5547 3135 5591 et
3168 5533 3334 5605 Euty-

1774 5634 1974 5689 chiante
1999 5632 2265 5687 haereseos
2295 5645 2498 5685 veneno
2535 5629 2750 5694 infecte,
2784 5627 3014 5682 Leonem
3055 5627 3218 5681 audes
3249 5640 3335 5681 re-
3383 5670 3389 5678 .

1773 5724 2123 5793 prehendere,
2154 5725 2279 5777 dum
2307 5737 2373 5776 ex
2407 5723 2714 5776 diversitate
2738 5729 3006 5789 gestorum
3038 5706 3205 5771 unius
3232 5716 3334 5770 Dn-

1775 5816 2134 5884 miniChristi,
2154 5815 2426 5872 veritatem
2458 5814 2643 5870 edocet
2668 5811 2941 5884 utriusque
2966 5809 3078 5879 ejus
3100 5823 3330 5863 natur-.13:
