3842 6226
464 333 558 387 19.7

1777 331 1835 382 Vl
1868 326 1993 380 .ll.ll
2035 323 2399 383 TAI‘SENSIS
3655 331 3764 383 ,ἐκ

464 457 518 501 ιιι
541 446 678 516 quod
703 446 791 501 ille
812 447 878 502 ad
907 448 1412 504 demonstrationem
1449 457 1788 516 utrarumque
1813 442 2031 514 protulit
2059 439 2106 499 A
2137 459 2319 513 cerpns
2351 461 2446 497 non
2479 453 2550 498 est
2578 461 2730 498 unum
2756 447 3050 511 membrum,
3085 447 3172 498 sed
3209 447 3382 497 multa.
3430 447 3512 498 Si
3550 448 3763 498 disc-rit

465 546 797 601 naturarum,
845 537 1226 605 professionem
1277 537 1618 590 culmunieris
1651 539 1872 590 duarum
1911 549 2030 587 esse

466 642 836 696 personarum.
883 629 1113 697 Denique
1141 628 1257 693 ejus
1304 631 1399 683 ista
1441 640 1565 683 Stlttl.
1595 613 1752 682 \‘étba
1784 643 1797 680 :
1834 626 2034 679 Ναιὶυὶ-

467 729 543 769 tas
596 721 762 772 carnis
803 720 1142 788 manifcslatio
1180 732 1250 773 est
1299 721 1534 773 humanm
1572 730 1811 772 naturw:
1859 726 2035 786 partus

479 809 720 880 Virginis,
768 811 949 862 diuina:
994 822 1063 863 est
1106 813 1298 864 virtutis
1337 813 1581 865 indicium
1623 811 1808 881 (Num.
1850 807 1926 877 4).
1975 809 2037 861 Et

471 901 661 955 iterum
697 919 710 954 :
745 903 856 973 Agit
891 905 1023 956 enim
1070 920 1278 971 itu-aque
1303 913 1508 967 natura,
1550 919 1659 955 cum
1688 901 2037 954 communione

470 994 702 1054 alterius,
732 993 868 1058 quod
901 995 1160 1061 praprium
1209 1005 1277 1048 est
1320 1011 1336 1046 :
1376 994 1542 1046 l'erbo
1584 994 1769 1046 scilicet
1798 1003 2036 1060 aperante

471 1083 603 1147 quod
652 1080 797 1133 Verbi
828 1092 921 1145 est,
972 1093 1016 1135 et
1066 1100 1216 1136 carne
1257 1093 1552 1150 exseqncnte
1598 1083 1732 1152 quod
1759 1083 1926 1134 carnis
1967 1091 2040 1135 est

473 1167 658 1235 (Num.
684 1171 760 1238 4).
799 1173 862 1223 Et
894 1174 1082 1225 iterum
1114 1190 1126 1225 :
1157 1173 1394 1236 Quamvis
1417 1174 1466 1225 in
1501 1173 1715 1226 Domino
1741 1172 1863 1225 Jesu
1894 1173 2036 1224 Chri-

471 1268 546 1310 slo
579 1257 670 1313 Dei
691 1271 734 1313 et
760 1263 972 1315 hominis
1001 1279 1098 1315 una
1125 1279 1335 1330 persona
1365 1264 1447 1326 sit,
1472 1264 1614 1316 aliud
1640 1274 1801 1316 tamen
1823 1275 1894 1316 est
1912 1266 2041 1316 unde

473 1352 750 1402 communis
799 1352 987 1420 injuria
1016 1361 1110 1417 est,
1138 1353 1280 1404 a’iud
1320 1355 1453 1406 unde
1483 1356 1759 1407 communis
1784 1363 1856 1406 est
1878 1356 2040 1425 gloria

474 1439 663 1504 (Num.
703 1443 780 1509 4).
807 1443 935 1508 Qua:
967 1445 1122 1496 verba
1170 1453 1224 1496 tu
1278 1445 1469 1512 iniquis
1516 1446 2040 1514 interpretationibus

475 1530 572 1583 IIOL'
603 1533 762 1586 lucido
785 1534 1128 1600 reprehendis
1155 1551 1167 1588 :
1203 1535 1328 1600 Quis
1363 1538 1566 1603 audeat,
1607 1537 1778 1605 inquis
1799 1578 1811 1600 ,
1849 1537 2040 1590 duobus

475 1624 748 1689 propositis
773 1626 1006 1677 articulis
1031 1634 1076 1678 et
1109 1627 1579 1696 signiﬁcationibus,
1611 1629 1661 1679 in
1697 1629 1894 1680 duobus
1937 1630 2041 1694 qui-

474 1712 685 1765 busdam
708 1716 1014 1778 nominibus,
1039 1733 1190 1767 unum
1223 1713 1349 1778 Deo,
1381 1726 1427 1768 et
1449 1711 1594 1768 aliud
1607 1710 1801 1770 homini
1821 1717 1870 1769 in
1891 1734 2039 1770 unam

2137 549 2265 603 pes:
2298 535 2549 598 Quoniam
2583 552 2682 589 non
2711 553 2822 588 sum
2850 553 3044 598 manus,
3087 553 3185 589 non
3227 554 3335 589 sum
3367 538 3426 590 de
3484 554 3756 603 corpore,

2137 641 2236 678 non
2263 626 2374 678 ideo
2393 641 2489 678 non
2520 635 2593 679 est
2621 626 2684 680 de
2705 644 2913 692 corpore
2935 629 2957 680 ἵ)
2979 627 3038 681 Si
3062 629 3241 680 dixerit
3259 631 3424 681 auris:
3456 629 3759 694 Quoniam

2140 730 2238 768 non
2262 733 2371 769 sum
2401 717 2596 782 oculus,
2629 734 2726 774 non
2757 734 2866 770 sum
2893 717 2956 770 de
2977 734 3209 786 corpore,
3234 726 3341 771 ’non
3372 721 3495 773 ideo
3523 737 3646 771 ηυιι
3683 731 3759 771 est

2148 806 2209 858 de
2236 809 2485 875 corpore?
2513 808 2570 861 Si
2596 818 2749 861 totum
2793 825 2976 876 corpus
3018 810 3214 874 oculus,
3245 810 3328 862 ubi
3363 820 3430 862 est
3464 813 3712 863 auditus
3741 813 3764 862 γ

2140 895 2199 950 Si
2223 907 2377 948 totum
2407 900 2630 961 auditus,
2657 899 2737 952 ubi
2764 911 2833 952 cst
2859 901 3094 952 odoratus
3123 899 3173 968 (l
3205 900 3324 953 Cor.
3353 916 3443 962 ιιι,
3485 901 3512 951 1
3539 901 3596 956 Η
3629 903 3652 950 Ῥ
3697 902 3758 954 Et

2141 987 2308 1042 infra:
2339 989 2454 1042 Non
2477 1000 2636 1059 potest
2659 993 2824 1043 dicere
2857 990 3032 1043 oculus
3051 992 3262 1043 manui:
3291 991 3460 1057 Opera
3503 1001 3610 1042 tua
3650 1009 3756 1042 non

2140 1077 2359 1148 indig'e;
2382 1089 2466 1130 aut
2490 1081 2669 1132 iterum
2693 1087 2845 1144 caput
2876 1079 3078 1134 aedibus
3095 1097 3110 1134 .·
3130 1079 3247 1131 Non
3261 1081 3376 1131 estis
3399 1079 3539 1130 mihi
3561 1096 3758 1129 ncces-

2140 1168 2260 1219 sarii
2284 1166 2445 1236 (Ibid.
2466 1168 2578 1237 9|).
2609 1169 2742 1222 Ecce
2759 1168 3044 1233 Apostolus
3073 1169 3122 1220 in
3147 1183 3250 1221 uno
3272 1169 3524 1230 homine,
3556 1169 3616 1220 in
3647 1184 3754 1220 una

2143 1271 2390 1322 persona,
2422 1257 2520 1309 alia
2549 1268 2708 1326 atque
2732 1257 2834 1310 alia
2864 1258 2991 1311 dicit
3022 1259 3196 1311 inesse
3234 1273 3415 1326 opera,
3464 1259 3759 1310 inultum-

2142 1361 2244 1416 que
2291 1361 2320 1399 a
2363 1362 2421 1400 se
2459 1348 2683 1401 invicem
2737 1349 2987 1403 diversa:
3022 1348 3114 1401 sed
3171 1348 3238 1400 ita
3301 1348 3756 1416 uniuscujusque

2144 1436 2366 1490 membri
2396 1448 2635 1505 separata
2663 1445 2714 1492 et
2733 1439 2964 1507 propria,
2991 1449 3046 1489 ut
3069 1453 3240 1491 tamen
3261 1453 3379 1490 cum
3409 1439 3526 1490 alio
3555 1454 3751 1490 mem-

2143 1528 2237 1581 bro
2269 1528 2564 1583 habeantur
2593 1533 2914 1583 communia.
2958 1530 3139 1598 Neque
3185 1531 3324 1585 enim
3365 1530 3488 1599 quia
3549 1530 3748 1584 diver-

2142 1633 2257 1672 sum
2286 1629 2368 1674 est
2390 1619 2493 1690 47
2513 1621 2679 1674 oculis
2707 1621 2904 1684 videre,
2928 1630 2980 1674 et
3008 1621 3224 1674 auribus
3239 1621 3439 1679 audire.
3467 1622 3611 1674 ideo
3637 1637 3750 1674 non

2142 1717 2226 1762 est
2257 1703 2411 1763 unius
2444 1711 2674 1764 hominis
2699 1722 2979 1779 utrumque
3007 1725 3021 1765 :
3057 1719 3144 1764 aut
3174 1711 3296 1776 quia
3333 1710 3629 1763 diversum
3661 1721 3748 1764 est

474 1818 618 1870 posse
649 1805 910 1857 convenire
939 1806 1240 1872 personam?
1280 1805 1346 1857 In
1375 1823 1474 1858 una
1505 1809 1636 1858 enim
1668 1824 1882 1873 persona
1903 1809 2044 1862 aliud

2154 1800 2308 1868 capiti
2334 1809 2386 1853 et
2410 1802 2630 1867 pedibus
2661 1801 2956 1865 ambulare,
2997 1801 3116 1855 ideo
3144 1816 3250 1854 non
3273 1805 3376 1854 est'
3401 1817 3545 1868 Opus
3591 1816 3748 1853 como

474 1901 518 1944 et
536 1916 558 1937 ιι
569 1892 677 1943 liud
697 1903 746 1945 et
765 1896 1096 1948 communiter
1119 1913 1375 1965 nunquam
1392 1897 1595 1949 dicitur.
1615 1895 1762 1951 Unde
1783 1899 2046 1964 manifeste

414 1982 421 1989 ’
473 1981 632 2041 alium
657 1981 814 2036 Deum
846 1982 1084 2050 Verbum,
1114 1987 1270 2039 alium
1292 1987 1533 2058 injurium
1561 2005 1764 2054 pas~um
1793 1989 2045 2041 hominem

476 2075 765 2128 memorasti
794 2075 1000 2128 diccns:
1030 2077 1186 2133 Aliud
1233 2088 1312 2132 est
1342 2078 1482 2131 unde
1508 2078 1811 2131 communis
1833 2089 1915 2132 est
1966 2080 2044 2132 in-

475 2163 630 2231 juria,
660 2164 798 2219 aliud
819 2167 956 2220 unde
986 2170 1284 2222 communis
1307 2176 1386 2222 est
1414 2167 1604 2235 gloria.
1637 2167 1801 2222 Nemo
1829 2171 1960 2223 enim
1993 2172 2043 2223 in

475 2271 578 2308 uno
604 2255 806 2308 homine
826 2259 1223 2311 communionem
1247 2259 1483 2326 patientis
1505 2275 1579 2312 cm
1597 2260 1673 2312 nis
1695 2261 1897 2328 accipit,
1929 2277 2043 2312 cum

474 2345 538 2397 sit
588 2361 705 2397 caro
759 2347 1034 2399 secundum
1085 2357 1317 2401 naturam
1365 2349 1533 2402 homo.
1578 2350 1854 2415 Quomodo
1900 2350 2040 2405 aliud

479 2435 708 2490 Verbum
731 2439 1103 2507 glorificatum,
1137 2441 1298 2494 alium
1344 2441 1611 2496 hominem
1652 2440 1898 2510 iniuriam
1928 2457 2045 2510 pas-

478 2539 598 2578 sum
631 2525 831 2589 dixisse
854 2528 937 2582 vel
966 2529 1197 2582 sensisse
1227 2529 1522 2583 eredemlus
1546 2539 1646 2592 est,
1681 2531 1768 2600 qui
1815 2531 1869 2584 in
1917 2533 2042 2584 sub-

476 2612 630 2683 iectis
653 2614 756 2668 ait:
781 2616 958 2684 Quem,
998 2628 1050 2670 ut
1099 2620 1373 2681 hominem,
1415 2620 1608 2672 diaboli
1645 2629 1798 2673 tentat
1838 2623 2043 2685 astutia,

477 2707 657 2768 (idem,
681 2708 809 2760 sicut
836 2708 960 2772 Deo,
982 2710 1210 2780 angelica
1241 2713 1553 2779 fanrulunlur
1585 2713 1740 2781 ofﬁcio
1758 2711 1838 2781 (Ν
1843 2730 1946 2765 um.
1966 2712 2044 2782 6)?

483 2795 746 2865 Numquid
770 2797 930 2852 dixit:
955 2800 1127 2852 Alium
1157 2800 1346 2853 diaboli
1379 2809 1534 2853 tentat
1563 2803 1767 2867 astutia,
1798 2811 1843 2855 et
1864 2803 1952 2854 alii
1977 2803 2045 2854 si-

475 2899 561 2939 cut
593 2884 700 2939 Deo
737 2889 965 2957 angelica
1009 2890 1323 2957 famulentur
1362 2892 1521 2959 o/ﬁcia
1545 2893 1570 2945 ἰ)
1597 2893 1659 2946 Et
1685 2894 1911 2946 iterum:
1938 2891 2046 2946 Im-

477 2975 733 3041 passibilis
761 2976 899 3029 Deus
922 2994 1019 3039 non
1043 2979 1342 3050 dedignatus
1371 2991 1442 3033 est
1473 2981 1622 3034 homo
1643 2999 1748 3036 esse
1773 2984 2071 3053 passibil's.-

475 3063 584 3134 136
617 3066 680 3120 Et
721 3069 906 3121 iterum
931 3087 942 3120 :
972 3070 1071 3136 Qui
1098 3073 1229 3124 enim
1258 3087 1401 3125 verus
1441 3083 1513 3126 est
1544 3071 1697 3134 Deus.
1745 3075 1877 3128 idem
1902 3091 2046 3129 verus

475 3167 547 3208 est
591 3157 740 3212 homo
789 3159 974 3230 (Num.
1004 3161 1079 3229 4).
1115 3162 1376 3232 Numquid
1423 3164 1595 3218 dixit:
1627 3166 1761 3229 alius
1793 3176 1864 3220 est
1912 3166 2047 3220 Deus

474 3245 820 3313 iinpassibilis,
852 3261 899 3302 et
927 3251 1061 3306 alius
1097 3263 1170 3306 est
1211 3255 1357 3306 homo
1391 3256 1678 3324 passibilis;
1712 3267 1799 3309 aut
1821 3257 1954 3310 alius
1975 3267 2046 3312 est

475 3351 621 3389 verus
653 3335 809 3401 Deus,
837 3350 882 3392 et
899 3342 1032 3394 alius
1053 3354 1124 3396 est
1158 3360 1300 3397 rerus
1335 3345 1525 3398 homo?
1552 3346 1653 3400 Sed
1679 3347 1767 3416 qui
1793 3363 1937 3400 verus
1976 3358 2046 3401 est

480 3427 635 3491 Deus,
665 3430 819 3496 idem,
846 3430 1033 3499 inquit,
1059 3449 1205 3486 verus
1228 3443 1298 3488 est
1327 3436 1498 3488 homo.
1518 3435 1646 3503 Qua!
1672 3451 1792 3491 cum
1821 3437 1890 3490 ita
1919 3437 2044 3502 sint,

477 3517 762 3572 inhonesto
785 3521 950 3576 uteris
973 3523 1171 3592 officio,
1201 3525 1463 3594 religiosis
1501 3527 1660 3580 dictis
1693 3526 1884 3582 callide
1914 3528 2046 3581 iusi-

477 3613 662 3677 diaris,
689 3621 745 3666 ut
783 3606 1376 3682 superiorademendo,
1403 3633 1466 3673 ac
1503 3619 1776 3687 sequentia
1809 3634 1912 3674 non
1955 3620 2044 3673 ad-

481 3701 682 3766 dendo,
714 3705 784 3757 ita
811 3705 981 3759 media
1012 3707 1197 3776 eligas,
1229 3717 1286 3760 ut
1320 3708 1479 3762 verba
1507 3709 1784 3763 sententiis
1818 3725 2044 3772 exuens,

479 3793 544 3847 de
587 3810 773 3849 eorum
800 3795 1036 3852 nuditate
1068 3813 1162 3866 pro
1197 3799 1417 3854 arbitrio
1457 3799 1628 3854 ludas.
1681 3800 1862 3854 Redde
1891 3801 2048 3868 igitur

479 3885 592 3938 suis
617 3888 792 3938 omnia
819 3887 970 3946 locis.
1003 3897 1055 3942 et
1085 3891 1294 3956 propria
1322 3891 1604 3944 sententiis
1631 3889 1935 3944 indumenta
1969 3906 2048 3945 re-

479 3976 670 4030 stituas
696 3992 712 4028 :
741 3985 795 4030 et
831 3977 936 4030 noli
969 3977 1244 4032 insidiosis
1272 3979 1545 4034 fraudibus
1581 3981 1872 4034 calumnias
1903 3983 2049 4034 inue-

479 4074 652 4129 ctere;
685 4069 905 4136 utquod
951 4069 1018 4123 ad
1056 4070 1565 4126 demonsu-atiooem
1596 4083 1936 4142 utrarumque
1965 4074 2046 4127 di-

479 4166 623 4210 ctum
661 4167 744 4212 est
773 4167 1111 4228 naturarum,
1163 4161 1228 4216 ad
1269 4156 1579 4216 ‘dualitatem
1620 4163 1820 4217 referas
1870 4178 2049 4232 perso-

481 4264 689 4304 narum.
757 4252 765 4260 ’
1158 4308 1160 4311 ,

555 4337 692 4392 XVI.
726 4339 919 4393 Verum
960 4342 1079 4409 quia
1116 4340 1248 4395 dixit
1278 4341 1328 4396 in
1371 4357 1478 4397 uno
1522 4343 1734 4398 Christo
1763 4343 1904 4398 aliud
1931 4360 2050 4402 esse

485 4428 820 4495 Verbi,a|iud
853 4432 1028 4484 carnis
1057 4432 1350 4500 proprium,
1374 4433 1450 4488 sic
1479 4435 1817 4488 tamen'utsit
1843 4443 2049 4490 utrum-

2147 1902 2326 1942 mnne.
2363 1890 2509 1943 Sicut
2539 1904 2666 1958 ergo
2686 1890 2899 1943 diversa
2926 1890 3119 1943 habent
3150 1905 3312 1958 opera
3346 1900 3510 1958 caput
3555 1901 3616 1944 et
3654 1906 3744 1958 pe-

2145 1976 2238 2030 des
2265 1977 2316 2031 in
2357 1979 2571 2033 homine
2628 1996 2750 2040 uno,
2797 1989 2850 2032 et
2880 1990 3055 2032 tamen
3107 1995 3242 2033 unus
3289 1991 3369 2033 est
3411 1983 3612 2042 homo,
3642 1996 3743 2033 nec

2145 2067 2280 2121 alius
2301 2079 2380 2122 est
2404 2069 2456 2121 iu
2484 2071 2677 2137 capite,
2711 2069 2846 2123 alios
2875 2070 2926 2122 in
2957 2068 3210 2137 pedibus:
3245 2071 3324 2124 sic
3345 2069 3567 2123 diversa
3612 2081 3739 2123 sunt

2145 2173 2305 2228 opera
2335 2160 2486 2214 Verbi
2518 2170 2571 2214 et
2599 2162 2772 2215 carnis
2795 2161 2846 2214 in
2873 2160 3114 2214 Christo:
3147 2175 3243 2213 nec
3275 2170 3448 2213 tamen
3474 2161 3632 2212 alius
3657 2170 3739 2212 est

2146 2249 2197 2303 iu
2231 2250 2423 2314 Verbo,
2457 2253 2592 2308 alius
2617 2253 2667 2306 in
2697 2267 2876 2319 carne,
2910 2252 3003 2305 sed
3037 2266 3101 2305 ex
3129 2259 3372 2321 utroque,
3397 2260 3450 2304 et
3483 2252 3542 2304 in
3580 2260 3736 2304 ntro-

2144 2357 2246 2411 quc
2273 2356 2405 2395 unus
2433 2352 2592 2411 atque
2616 2343 2748 2396 idem
2778 2351 2860 2396 est
2886 2340 3148 2397 Christus.

2220 2432 2378 2486 XVII.
2423 2423 2550 2488 Mori
2585 2443 2728 2489 certe
2750 2442 2802 2488 et
2833 2449 2932 2486 non
2961 2434 3092 2488 mori
3117 2434 3273 2503 longe
3304 2432 3593 2487 diversum
3628 2442 3729 2493 est,

2147 2533 2200 2577 et
2232 2533 2408 2578 tamen
2443 2539 2538 2578 nos
2570 2525 2665 2591 ipsi
2710 2539 2892 2578 sumus
2941 2524 3031 2594 qui
3090 2526 3366 2587 morimur,
3406 2532 3457 2577 et
3491 2539 3597 2576 nos
3631 2524 3729 2591 ipsi

2148 2629 2330 2668 sumus
2355 2615 2443 2683 qui
2475 2616 2607 2669 mori
2659 2631 2758 2669 non
2791 2611 3084 2683 possumus.
3139 2618 3224 2670 Ait
3271 2617 3413 2671 enim
3468 2615 3729 2671 Salvator

2148 2707 2419 2775 discipulis
2447 2709 2556 2762 suis
2589 2725 2601 2761 :
2642 2707 2779 2762 Tune
2807 2713 3001 2762 tradent
3031 2725 3117 2762 vos
3153 2711 3204 2762 in
3246 2709 3648 2768 tribulationem,
3680 2719 3726 2759 et

2148 2799 2482 2851 occidentvos
2513 2797 2727 2864 (Matth.
2763 2814 2911 2863 χχιιι,
2954 2798 3034 2866 9).
3086 2799 3188 2854 Sed
3213 2798 3334 2852 'vide
3364 2797 3488 2864 quid
3526 2797 3726 2851 iterum

2149 2888 2271 2943 alibi
2298 2889 2425 2942 dicit
2448 2905 2460 2944 :
2488 2888 2660 2942 Nolite
2689 2891 2860 2943 timere
2879 2906 2964 2943 eos
2998 2890 3085 2959 qui
3112 2906 3295 2957 corpus
3315 2888 3583 2956 occidunt,
3614 2893 3723 2940 uui-

2150 2995 2284 3033 mam
2301 2991 2468 3034 autem
2490 2997 2588 3034 non
2601 2991 2810 3050 possunt
2833 2982 3059 3034 occidere
3079 2974 3290 3048 (Matth.
3315 2996 3370 3044 ι,
3395 2979 3510 3048 28).
3531 2981 3725 3033 Osten-

2151 3071 2282 3125 dens
2328 3073 2379 3125 in
2421 3085 2737 3141 unoquoque
2768 3083 3005 3127 nostrum
3041 3087 3201 3126 utrum
3229 3086 3350 3126 esse
3398 3071 3632 3126 mortale
3671 3079 3722 3123 et

2075 3152 2120 3214 C
2150 3163 2288 3216 aliud
2319 3163 2638 3219 immortale.
2663 3163 2798 3220 Caro
2819 3163 3011 3232 quippe
3034 3163 3084 3218 in
3110 3165 3519 3227 nobismoritur,
3544 3163 3720 3216 auium

2149 3263 2323 3307 autem
2357 3269 2459 3308 non
2496 3255 2760 3312 moritur:
2788 3255 2928 3310 unde
2969 3265 3023 3310 et
3055 3256 3108 3310 in
3139 3255 3381 3326 symbolo
3417 3257 3599 3309 carnis
3639 3270 3720 3308 re-

2150 3345 2553 3409 surrectionem,
2612 3361 2714 3399 non
2774 3347 2963 3406 anima:
3008 3346 3352 3410 c‘onlitemur,
3406 3361 3566 3401 uuam
3605 3359 3720 3398 esse

2152 3435 2501 3490 immortalem
2533 3437 2750 3490 credere
2768 3435 3040 3504 iubemur.
3072 3435 3200 3501 Quia
3231 3451 3358 3504 ergo
3389 3435 3642 3489 Salvator
3671 3434 3720 3486 in

2151 3539 2256 3578 uno
2289 3525 2504 3579 homine
2534 3525 2638 3578 duo
2670 3526 2768 3579 ista
2799 3524 2999 3590 divisit,
3037 3515 3228 3593 q‘nibus
3256 3534 3308 3578 et
3341 3525 3714 3593 proprietatem

2150 3615 2418 3683 qualitatis
2463 3616 2766 3686 assignavit,
2809 3630 2914 3671 non
2965 3615 3084 3670 ideo
3114 3615 3376 3683 putandus
3418 3626 3499 3669 est
3557 3629 3715 3668 unum

2152 3707 2420 3760 hominem
2446 3708 2498 3761 in
2535 3708 2672 3762 duos
2694 3709 2932 3762 homines
2955 3707 3219 3762 divisisse.
3257 3708 3408 3762 Sicut
3437 3722 3565 3775 ergo
3585 3720 3714 3759 unus

2150 3809 2226 3852 esr
2259 3795 2419 3851 homo
2449 3797 2538 3865 qui
2571 3798 2796 3852 moritur
2819 3813 2881 3852 ex
2911 3812 3036 3863 uno,
3070 3805 3124 3852 et
3144 3812 3250 3852 ηοιι
3281 3797 3506 3851 moritur
3543 3813 3609 3850 ex
3644 3796 3711 3847 al-

2151 3894 2287 3952 tero,
2313 3888 2390 3942 sic
2421 3904 2554 3941 unus
2575 3897 2657 3942 est
2677 3887 2940 3954 Christus,
2970 3888 3055 3955 qui
3081 3898 3320 3941 mortuus
3345 3896 3426 3941 est
3455 3888 3504 3941 in
3534 3901 3707 3948 carne,

2149 3986 2202 4030 et
2233 3992 2336 4031 non
2367 3986 2449 4031 est
2490 3987 2730 4031 mortuus
2755 3992 2817 4032 ex
2853 3977 3044 4032 Verbo.
3084 3977 3216 4043 Quia
3243 3975 3536 4030 secundum
3558 3986 3701 4029 nato-

2151 4088 2282 4135 ram,
2313 4087 2432 4140 quae
2459 4071 2508 4125 in
2533 4086 2597 4126 eo
2627 4072 2863 4126 mortalis
2889 4070 3005 4134 fuit,
3029 4070 3162 4124 mori
3194 4070 3395 4139 potuit:
3425 4067 3705 4123 secundum

2151 4165 2292 4218 illam
2328 4173 2505 4219 autem
2533 4179 2651 4232 qua:
2678 4164 2728 4218 in
2757 4179 2822 4218 eo
2850 4164 2982 4217 mori
3023 4178 3126 4216 non
3161 4162 3348 4231 potuit,
3378 4155 3591 4230 semper
3619 4159 3708 4210 im-

2090 4269 2094 4274 ‘
2152 4258 2390 4313 mortalis
2439 4257 2747 4326 permansit.
2789 4256 2952 4327 Igitur
2999 4269 3095 4309 vos
3134 4255 3222 4320 qui
3255 4269 3375 4307 eum
3407 4268 3567 4306 unam
3600 4259 3704 4304 tan-

2136 4347 2425 4412 ,tummodo
2489 4357 2731 4402 naturam
2789 4348 3037 4400 habuisse
3080 4347 3160 4400 vel
3211 4345 3410 4398 habere
3448 4340 3700 4403 fatemini,

2155 4438 2414 4494 ostendite
2435 4439 2587 4493 nobis
2613 4438 2878 4508 quomodo
2899 4438 3035 4492 idem
3061 4435 3290 4504 potuerit
3316 4435 3448 4489 mori
3469 4474 3484 4496 ,
3517 4443 3565 4491 et
3591 4443 3703 4499 quo-

479 4535 582 4588 que
611 4534 926 4585 commune;
951 4521 998 4573 id
1029 4531 1109 4576 est
1140 4530 1272 4576 utet
1313 4538 1474 4583 mors.
1507 4523 1646 4592 quod
1679 4533 1761 4578 est
1783 4528 2050 4593 proprium
2084 4503 2133 4563 ι)
2160 4529 2319 4583 modo
2343 4528 2476 4582 idem
2509 4544 2614 4582 non
2633 4503 2870 4597 ⁷ιιοιιιιειῆι
2897 4503 3072 4582 mori.
3095 4526 3207 4580 Non
3234 4525 3374 4579 enim
3408 4533 3582 4593 potest
3609 4534 3699 4573 una

480 4609 676 4676 carnis,
711 4611 976 4678 portis-eat
1010 4612 1073 4665 ad
1101 4612 1353 4677 Verbum,
1387 4622 1440 4667 et
1480 4615 1604 4682 vita,
1638 4616 1776 4684 quod
1819 4627 1897 4670 cst
1933 4634 2054 4685 pro-

483 4703 651 4768 prium
688 4702 870 4765 Verbi,
906 4704 1167 4769 pertineat
1196 4706 1258 4759 ad
1289 4721 1530 4770 carnem,
1560 4708 1678 4771 quia
1720 4723 1782 4761 ex
1812 4709 2054 4778 utrisque

481 4791 722 4844 Christus
756 4793 853 4845 sub
887 4794 1052 4846 istens
1083 4809 1218 4847 unus
1258 4805 1343 4849 est
1375 4797 1424 4849 in
1455 4805 1679 4864 utroque
1713 4815 1724 4850 :
1757 4799 1924 4853 visum
1959 4800 2052 4854 tibi

482 4893 562 4934 est
591 4884 823 4949 objicere
852 4884 992 4952 quod
1029 4886 1078 4937 in
1113 4901 1215 4938 una
1260 4903 1485 4954 persona
1530 4889 1671 4944 aliud
1717 4899 1768 4944 et
1799 4892 1960 4956 aliud,
2001 4902 2054 4946 et

480 4973 836 5026 communiter
861 4976 961 5028 dici
997 4992 1102 5028 non
1135 4977 1317 5042 possit.
1360 4980 1490 5045 Quia
1534 4994 1710 5045 nemo,
1752 4981 1925 5049 inquis
1948 5026 1960 5045 ,
1995 4983 2044 5035 in

481 5082 588 5117 uno
623 5065 834 5118 homine
864 5068 1296 5122 communionem
1340 5073 1589 5136 patientis
1623 5075 1796 5125 carnis
1827 5074 2044 5139 accipit,

478 5170 598 5210 cum
633 5158 701 5209 sit
726 5170 848 5220 caro
877 5159 1166 5212 secundum
1200 5168 1440 5212 naturam
1487 5161 1664 5215 homo.
1702 5161 2049 5230 Requiramus

484 5250 598 5313 quis
633 5249 682 5300 iu
726 5248 824 5300 hoc
868 5251 1170 5315 apostolicis
1195 5260 1453 5320 congrue:
1479 5254 1746 5318 sensibus,
1781 5262 1954 5306 utrum
1995 5264 2047 5307 tu

483 5354 547 5389 an
580 5338 705 5400 Leo,
740 5339 825 5405 qui
857 5339 992 5391 sicut
1023 5341 1141 5395 fidei
1174 5340 1430 5412 regulam,
1453 5341 1521 5395 ita
1549 5352 1599 5394 et
1625 5343 1781 5396 verba
1814 5345 2048 5412 sequitur

485 5430 788 5494 aptismlica.
824 5431 955 5483 Dicit
995 5448 1120 5501 ergo
1157 5435 1436 5500 Apostolus
1461 5435 1524 5490 ad
1558 5435 1824 5490 Romanos
1858 5454 1870 5489 :
1907 5437 2052 5490 Sicut

487 5522 538 5572 in
563 5535 660 5570 uno
691 5536 898 5585 corpore
927 5523 1085 5574 nmlta
1112 5536 1225 5577 sunt
1256 5527 1498 5590 membra,
1527 5527 1697 5579 omnia
1719 5538 2051 5580 aulemmem-

489 5605 574 5656 bra
605 5623 698 5657 non
737 5611 962 5661 eamdem
1009 5615 1191 5667 habent
1233 5619 1575 5682 operationem
1619 5617 1792 5685 (llam.
1851 5636 1940 5680 xu.
1972 5620 2047 5687 Ιι).

488 5697 635 5757 Ωιιοά
678 5698 738 5748 ad
782 5701 1083 5757 Corinthios
1133 5707 1288 5760 latius
1315 5707 1587 5775 explicans
1623 5709 1749 5764 dicit
1783 5727 1795 5764 :
1826 5711 1958 5764 Nam
2007 5721 2052 5767 ct

2160 4631 2344 4674 natura
2378 4619 2562 4673 eadem
2588 4619 2742 4685 mori,
2770 4627 2824 4672 et
2851 4617 3038 4670 eadem
3065 4631 3167 4669 non
3201 4615 3364 4669 mori:
3394 4614 3517 4680 quia
3547 4614 3588 4666 si
3613 4613 3702 4664 im-

2160 4709 2394 4765 mortalis
2425 4717 2526 4776 est,
2554 4707 2655 4762 hoc
2686 4709 2800 4777 ipso
2825 4722 2928 4776 quo
2949 4717 3031 4760 est
3059 4706 3374 4760 immortalis
3400 4719 3509 4759 non
3547 4701 3698 4756 mori—

2159 4811 2288 4865 tur;
2321 4811 2374 4854 et
2419 4800 2462 4853 si
2514 4799 2750 4853 mortalis
2797 4805 2900 4861 est,
2933 4797 3116 4852 eadem
3165 4796 3351 4849 mortis
3406 4792 3697 4848 conditione

2161 4894 2401 4948 moritur.
2432 4891 2542 4944 Non
2575 4900 2745 4959 potest
2777 4891 2826 4943 in
2871 4904 2971 4943 una
3003 4899 3191 4942 natura
3236 4901 3356 4941 esse
3407 4895 3691 4949 utrumque.

2157 4987 2218 5038 Et
2240 4983 2359 5051 quia
2383 4983 2627 5038 Christus
2655 4981 2836 5035 habuit
2855 4990 3154 5049 utrumque,
3185 4979 3457 5047 utriusque
3478 4975 3695 5046 profecto

2152 5083 2266 5129 erat
2296 5084 2515 5137 naturae,
2566 5087 2630 5126 ex
2659 5073 2852 5142 quibus
2884 5072 2936 5124 in
2983 5084 3048 5130 co
3095 5069 3357 5122 invenitur
3386 5077 3688 5132 utrumque:

2152 5175 2241 5218 aut
2267 5165 2310 5218 si
2339 5179 2439 5217 non
2472 5163 2654 5216 habuit
2683 5169 2983 5229 utrumque,
3020 5160 3068 5213 id
3107 5169 3188 5214 est
3213 5169 3264 5212 et
3293 5161 3454 5212 vitam
3487 5169 3542 5213 et
3569 5169 3692 5209 mor-

2155 5267 2257 5311 tem
2285 5257 2335 5311 iu
2360 5257 2556 5325 seipse,
2585 5254 2677 5309 sed
2700 5264 2787 5308 aut
2809 5253 2966 5307 vitam
2997 5261 3086 5305 aut
3111 5261 3331 5305 mortem
3350 5243 3690 5304 tantummodo

2155 5348 2295 5415 (quia
2335 5347 2435 5400 alia
2480 5354 2560 5400 est
2595 5355 2778 5399 natura
2810 5344 3014 5408 mortis,
3047 5343 3146 5395 alia
3193 5353 3376 5395 natura
3421 5343 3576 5404 vitas;
3614 5348 3691 5387 τοι

2153 5438 2263 5508 hs
2286 5447 2460 5490 autem
2483 5435 2658 5490 dicTtis
2686 5435 2952 5489 Christum
2987 5433 3140 5486 unius
3184 5447 3300 5486 esse
3347 5431 3584 5496 naturae),
3623 5425 3687 5479 di-

2159 5530 2259 5580 cite
2282 5527 2579 5581 evidentius
2604 5541 2720 5594 qua:
2741 5540 2805 5578 ex
2829 5523 2912 5577 his
2937 5521 3143 5576 duabus
3169 5523 3373 5575 naturis
3417 5538 3519 5575 una
3559 5523 3601 5573 in
3635 5529 3686 5568 eo

2159 5619 2312 5672 fuerit
2340 5629 2544 5672 natura.
2570 5617 2625 5672 Si
2664 5616 2804 5679 vitaz,
2839 5614 2887 5667 id
2913 5623 2994 5668 est
3024 5612 3176 5664 Verbi
3212 5611 3353 5680 (quia
3387 5611 3604 5665 Verbum
3624 5617 3684 5658 est

2159 5711 2315 5778 vita),
2337 5727 2462 5777 ergo
2489 5709 2737 5773 Verbum,
2770 5704 2818 5759 id
2848 5714 2928 5760 est
2957 5704 3080 5768 vita,
3106 5712 3310 5757 mortua
3342 5711 3422 5757 est
3447 5705 3500 5755 in
3523 5701 3680 5767 scipsa.
