3802 6242
118 143 201 193 tifl
1134 139 1406 195 CONTRA
1444 136 1901 194 EUTYCIIETEM
1948 140 2068 192 illi.
2118 140 2201 193 IV.

3199 148 3296 199 130

109 253 200 306 Sed
224 253 326 321 quia
355 263 433 306 est
469 253 720 318 Verbum,
770 254 819 307 id
850 263 928 309 cst
958 253 1082 317 vita,
1114 254 1249 307 mori
1278 269 1381 307 non
1413 262 1583 322 potest
1610 268 1625 315 ;
1655 259 1702 314 Α
1734 261 1947 318 promer
1991 252 2127 318 quod
2175 267 2236 305 ex
2282 252 2430 304 nobis
2473 260 2552 305 est
2598 267 2718 307 vera
2767 254 3079 323 inrarnatio,
3134 256 3297 311 Deum

111 347 315 400 (.hristus
342 358 514 400 autem
547 357 787 401 mortuus
833 357 935 412 est,
971 346 1099 401 nihil
1139 346 1279 400 aliud
1332 355 1496 400 restat
1540 360 1627 400 se-

108 436 305 489 cundum
329 451 436 501 vos,
469 436 569 488 nisi
603 446 659 489 ut
681 435 943 502 Christus,
976 444 1065 489 aut
1090 435 1307 490 omnino
1339 449 1443 489 non
1475 434 1632 489 fuerit

110 533 337 585 mortuus,
364 540 519 576 unam
552 534 754 578 tantum
786 524 966 589 Verbi,
1000 523 1051 578 id
1078 533 1161 578 est
1182 525 1301 578 vita:
1319 523 1520 578 habens
1540 539 1630 577 na-

111 628 274 679 turam,
313 630 427 683 qua:
470 616 602 668 mori
651 632 752 669 non
787 616 987 684 potuit:
1020 624 1110 669 aut
1161 615 1205 670 si
1238 631 1362 670 vere
1390 625 1630 679 mortuus

109 712 195 761 est.
224 705 347 771 quod
378 698 571 772 negari
589 720 693 760 non
738 712 929 774 potest,
957 704 1143 760 mortis
1183 715 1407 770 tantum,
1466 706 1517 759 id
1548 717 1629 761 est

108 797 257 847 carnis
284 794 519 850 habuerit
546 807 805 863 naturam,
850 813 966 865 quae
1014 798 1146 851 mori
1180 799 1429 866 potuerit.
1454 799 1631 867 Agno-

114 885 230 939 scite
252 885 413 953 igitur,
446 903 479 939 o
506 888 710 950 miseri,
754 897 964 957 quanta:
1012 889 1265 957 perfidiae,
1297 899 1507 959 quantae
1534 892 1630 945 im-

108 976 291 1040 pietatis
320 979 407 1039 sit,
464 993 621 1031 unam
655 977 706 1031 in
752 978 962 1033 Christo
1013 979 1165 1035 fateri
1216 990 1480 1047 naturam,
1537 996 1631 1051 per

106 1081 238 1129 quam
262 1082 373 1118 eum
424 1080 513 1121 aut
543 1077 805 1121 mortuum
836 1070 1055 1124 credere
1101 1072 1493 1137 convincimiui,
1541 1081 1631 1126 aut

108 1154 266 1207 falsum
294 1158 356 1210 de
381 1172 444 1211 eo
475 1158 706 1225 opinari,
748 1176 849 1212 non
876 1162 942 1215 ibi
987 1176 1105 1215 eum
1137 1162 1456 1218 confitentes
1497 1166 1629 1219 mori

105 1245 331 1311 potuisse,
362 1247 442 1299 ubi
472 1250 642 1316 potuit
671 1251 826 1303 mori.

164 1335 329 1389 XVIII.
362 1338 437 1391 An
471 1336 608 1391 forte
637 1340 735 1393 ista
761 1343 938 1395 nescio
969 1356 1067 1409 qua
1100 1353 1271 1396 vestra
1327 1352 1512 1399 natura
1561 1347 1629 1399 ita

102 1438 153 1477 et
186 1422 342 1480 Verbo
370 1437 421 1479 et
455 1442 615 1483 carne
640 1440 885 1485 concreta
918 1443 996 1485 est
1027 1442 1182 1501 atque
1228 1446 1527 1503 compacta,
1577 1445 1632 1489 ut

100 1531 152 1567 ex
180 1526 386 1585 utroque
428 1519 749 1586 subsistens,
784 1532 1067 1592 utrumque
1106 1525 1372 1579 amitteret
1401 1527 1451 1579 in
1480 1536 1630 1580 utro-

1730 350 1905 393 autem
1939 343 2204 405 eumdem,
2235 351 2453 410 propter
2482 342 2618 410 quod
2648 353 2700 398 ct
2734 354 2851 413 post
2879 346 3296 401 incarnationem

1728 429 2072 481 immutabilis
2099 431 2383 494 permansit
2407 431 2523 498 ejus
2546 448 2608 484 ex
2640 433 2745 487 Deo
2769 435 2923 488 Patre
2946 439 3299 503 natura.Quis

1728 518 1796 570 ita
1826 518 2049 570 stolidus
2072 527 2123 571 et
2153 520 2324 587 exigui
2351 536 2539 574 sensus
2563 531 2745 576 contra
2774 538 2866 576 sua
2895 539 3123 593 unquam
3159 526 3296 578 mili-

1728 620 1803 665 tat
1827 613 2161 678 verbzt?Quis
2186 628 2418 681 eousque
2448 614 2702 682 insipiens
2728 614 2795 668 ita
2829 616 3041 681 labitur,
3063 626 3119 669 ttt
3139 617 3295 672 {idem

1731 719 1878 758 suam
1908 720 1969 759 ex
2006 706 2116 773 ipsa
2144 704 2456 758 defensione
2480 745 2494 768 ,
2526 721 2624 774 qua
2660 706 2918 768 vindicat,
2954 709 3180 776 arguat?
3214 709 3299 762 Di—

1728 795 1799 847 cit
1822 809 1845 846 s
1872 798 1920 845 in
1952 794 2167 862 Christo
2190 800 2346 845 unam
2377 807 2496 845 esse
2519 802 2783 859 naturam,
2808 802 2859 847 et
2884 810 3006 850 ecce
3042 797 3092 849 id
3125 796 3297 865 ipsum

1726 881 1941 948 quantis
1963 881 2236 933 destruitis
2260 880 2469 934 verbis?
2496 881 2665 935 Fateri
2694 883 2833 936 enim
2861 883 3086 937 Verbum
3114 885 3295 939 incon-

1731 971 2045 1024 vertibiliter
2076 970 2339 1024 hominem
2366 971 2579 1035 factum,
2605 982 2762 1038 atque
2790 989 2908 1029 cum
2933 990 3091 1031 carne
3116 976 3270 1029 inc‘on

1732 1059 1845 1113 fuse
1878 1062 2102 1125 ttnitum,
2147 1060 2529 1128 professionem
2564 1064 2717 1115 unius
2742 1074 2941 1120 natura:
2964 1068 3299 1135 apertissime

1731 1147 1975 1213 destruit,
2007 1162 2125 1202 cum
2156 1158 2209 1203 et
2240 1152 2406 1202 ttuitio
2434 1164 2536 1203 non
2563 1152 2738 1216 unius,
2762 1152 2853 1206 sed
2881 1153 3104 1208 duorum
3132 1157 3299 1210 solt-at

1730 1249 1869 1296 esse,
1894 1245 1946 1290 et
1973 1237 2069 1289 hac
2091 1237 2201 1305 ipsa
2228 1236 2463 1290 unitione
2490 1253 2592 1290 non
2618 1242 2807 1293 mutari
2832 1256 3001 1310 neque
3023 1246 3298 1310 confundi,

1732 1324 2085 1391 integritatem
2106 1334 2157 1378 et
2174 1326 2551 1393 proprietatem
2572 1328 2767 1381 indicet
2782 1333 3057 1397 utriusque
3076 1342 3296 1409 naturte.

1737 1410 1864 1463 ltetu
1897 1427 2015 1464 cum
2046 1411 2242 1477 dicitis,
2266 1412 2509 1466 eumdem
2545 1415 2815 1470 hominem
2848 1418 3002 1471 simul
3030 1429 3080 1473 et
3110 1410 3296 1484 Deum,

1732 1501 1855 1569 quid
1885 1502 2050 1565 aliud,
2082 1502 2183 1555 nisi
2210 1503 2258 1555 in
2284 1517 2388 1555 uno
2409 1504 2513 1555 duo
2542 1505 2780 1572 qua-dam
2804 1509 3113 1562 ostenditis?
3132 1510 3299 1566 Nemo

100 1621 205 1670 qua,
249 1619 484 1678 esselque
537 1622 780 1664 “mnum
830 1626 893 1665 ex
938 1624 1193 1681 unoque;
1227 1614 1273 1665 ,d
1318 1625 1418 1679 est,
1449 1626 1504 1669 ιη
1533 1632 1628 1671 nec
1661 1605 1705 1664 Β
1732 1607 1873 1645 enttn
1922 1594 1989 1646 de
2027 1594 2260 1660 qualibet
2308 1610 2365 1647 re
2404 1596 2653 1663 singulari
2696 1607 2841 1651 recte
2879 1600 3075 1654 dixerit
3119 1604 3296 1657 simul.

101 1700 305 1755 Verbum
329 1704 606 1758 retinuerit
633 1717 871 1761 naturam
903 1722 1072 1777 suam,
1098 1711 1474 1766 commixtione
1515 1727 1632 1767 car-

99 1792 168 1843 nis
209 1792 459 1859 humanaz,
495 1810 594 1849 nec
637 1810 760 1850 caro
814 1799 1186 1867 proprietatem
1236 1812 1437 1875 naturae
1480 1817 1625 1870 sum,

98 1883 444 1939 commixtione
472 1895 672 1941 natura:
694 1888 912 1953 divinae;
940 1900 1093 1960 atque
1122 1892 1189 1945 ita
1221 1908 1317 1947 nec
1347 1896 1506 1948 homo
1529 1910 1629 1949 nec

102 1972 219 2023 Deus
241 1974 303 2026 sit
326 1973 589 2043 Christus,
617 1988 842 2047 utroque
863 1980 996 2035 inter
1022 1992 1305 2052 utrumque
1335 1983 1627 2039 fraudatus.

97 2062 228 2127 Quod
257 2076 447 2132 quanto
468 2068 747 2137 sacrilegio
788 2073 1069 2140 cogitetur,
1115 2090 1296 2141 qttmso
1333 2075 1629 2130 reminisci-

97 2154 225 2205 miui.
254 2155 354 2209 lloc
374 2158 515 2210 enim
542 2161 695 2214 unius
719 2170 917 2216 natura:
946 2163 1203 2232 professio
1226 2167 1364 2234 cogit
1383 2168 1624 2237 intelligi.

98 2241 184 2295 Sed
212 2244 253 2297 si
283 2249 568 2301 secundum
598 2253 737 2318 quoi
760 2262 813 2306 et
842 2252 936 2320 ipsi
967 2254 1224 2321 fatemini,
1269 2258 1337 2309 ita
1379 2268 1461 2312 est
1498 2258 1626 2313 Ver-

98 2330 201 2383 bum
222 2349 336 2387 caro
356 2337 575 2401 factum,
613 2348 667 2392 ut
695 2356 797 2395 non
829 2342 983 2396 fuerit
1012 2353 1184 2399 tamen
1218 2347 1268 2399 in
1309 2361 1467 2402 carne
1514 2365 1628 2405 mtt-

99 2421 251 2473 tatutn'
274 2433 424 2492 atque
465 2442 803 2496 conversum,
838 2434 1072 2489 retinens
1120 2444 1174 2489 et
1222 2451 1326 2491 non
1377 2441 1627 2494 amittens

99 2512 440 2577 proprietatem
471 2526 672 2576 nature
708 2533 837 2585 suae,
873 2521 924 2575 in
977 2526 1236 2580 counione
1275 2511 1448 2583 carnis
1492 2544 1623 2593 suto,

98 2614 234 2665 quam
266 2603 392 2657 miro
422 2614 473 2659 et
502 2608 752 2663 ineﬂ'abiii
777 2611 931 2666 modo
960 2624 1206 2681 operatus
1253 2628 1333 2671 est
1376 2620 1428 2672 in
1469 2630 1622 2674 utero

98 2692 258 2742 matris
307 2708 414 2747 sate
446 2711 457 2747 :
487 2708 535 2749 et
574 2713 778 2765 rursus,
810 2716 933 2755 caro
963 2703 1079 2772 ejus
1132 2722 1237 2761 non
1292 2708 1488 2777 amisit,
1530 2725 1627 2766 nec

99 2779 299 2841 perdidit
342 2787 714 2853 proprietatem
766 2804 964 2847 natura;
1013 2804 1171 2863 atque
1201 2802 1411 2866 generis
1440 2803 1520 2856 sui
1571 2804 1623 2857 in

99 2872 330 2925 counione
370 2873 530 2930 Verbi
553 2878 713 2933 divini
737 2898 751 2945 ;
778 2885 896 2949 quis
923 2900 1026 2938 non
1055 2886 1227 2941 videat
1248 2888 1401 2944 istam
1424 2892 1624 2946 aduna-

100 2958 270 3014 tionem
298 2963 449 3019 Verbi
477 2978 531 3019 et
557 2970 753 3034 carnis,
774 2989 877 3027 non
904 2974 969 3028 ad
995 2976 1331 3034 abolitionem
1355 2982 1625 3052 utriusque
1653 2966 1697 3027 Ο

101 3060 292 3116 natura},
318 3055 409 3107 sed
441 3056 505 3109 ad
541 3060 783 3115 unionem
814 3064 1097 3132 singularis
1126 3070 1409 3135 profecisse
1441 3088 1624 3141 perso-

101 3140 198 3191 nat?
222 3141 345 3196 Nam
374 3160 493 3198 cum
519 3160 572 3201 et
601 3165 693 3203 vos
722 3152 909 3208 dicatis
936 3158 1087 3210 sicuti
1114 3168 1165 3212 et
1188 3175 1313 3215 vere
1341 3140 1624 3218 dicendum

100 3240 181 3292 est,
209 3236 443 3289 eumdem
468 3238 758 3305 perfectum
790 3242 974 3309 Deum,
1009 3247 1297 3314 perfectum
1332 3251 1622 3319 hominem,

100 3322 315 3377 eumdem
342 3341 521 3381 verum
555 3327 741 3395 Deum,
772 3347 954 3388 verum
1002 3337 1267 3395 hominem
1295 3359 1307 3404 ;
1358 3346 1497 3399 unde
1526 3348 1625 3401 erit

101 3411 339 3473 perfectus
365 3426 416 3471 et
446 3433 603 3473 verus
632 3423 683 3474 in
717 3408 938 3494 utroque
986 3428 1081 3482 nisi
1115 3446 1206 3497 per
1248 3436 1524 3490 veritatem
1574 3450 1626 3492 et

99 3506 446 3569 proprietatem
471 3510 743 3580 utriusque
768 3524 967 3569 natura:
988 3519 1008 3569 ?
1032 3519 1134 3574 Sed
1161 3538 1225 3577 ne
1247 3524 1355 3594 49
1385 3536 1627 3595 putemur

98 3592 380 3650 «alumniari
405 3601 571 3664 vobis,
607 3602 833 3659 dicendo
858 3624 948 3663 vos
980 3610 1048 3664 ita
1084 3616 1322 3681 credere,
1355 3619 1491 3673 sicut
1519 3619 1625 3674 for-

100 3692 215 3737 tasse
241 3701 342 3740 non
370 3691 611 3760 creditis,
644 3697 802 3751 verba
834 3708 1003 3755 vestra
1039 3719 1310 3772 ponamus,
1349 3710 1540 3778 quibus
1580 3716 1623 3769 si

98 3772 286 3835 pudoris
338 3778 536 3845 aliquid
580 3785 784 3851 geritis,
835 3790 1083 3847 resistere
1120 3810 1223 3848 non
1272 3772 1495 3855 debetis.
1551 3804 1623 3858 Ita

96 3860 213 3915 enim
248 3865 299 3917 in
324 3882 388 3921 eo
416 3869 573 3936 libro,
599 3887 751 3941 quem
772 3889 952 3932 contra
982 3880 1409 3944 Chalcedonense
1448 3896 1625 3948 conci-

96 3951 199 4005 lium
240 3971 391 4011 mssa
438 3960 619 4017 labore
646 3968 963 4034 confecistis,
1004 3973 1225 4029 habetur
1271 3996 1619 4048 expressum:

95 4040 167 4092 Sic
184 4049 306 4097 enim
326 4051 412 4116 qui
436 4066 500 4101 ex.
528 4051 694 4106 Maria
720 4070 866 4111 natus
891 4069 964 4112 est
992 4061 1243 4131 Salvator,
1276 4069 1625 4128 inconvertibi-

96 4135 512 4200 littrincarnatus.
547 4160 660 4197 cum
701 4160 822 4202 esset
858 4150 1011 4220 Deus,
1050 4157 1215 4223 {actus
1257 4172 1329 4215 est
1367 4166 1536 4231 homo,
1578 4178 1624 4220 et

93 4226 227 4279 dictus
249 4241 319 4282 est
340 4234 487 4316 ﬁlius
510 4234 744 4294 hominis.
765 4242 851 4307 qui
870 4251 943 4296 est
982 4258 1096 4301 ante
1120 4254 1305 4304 sa'cula
1335 4254 1469 4307 Deus
1503 4257 1622 4311 Ver-

94 4315 205 4382 bum,
244 4321 573 4379 immutabilis
594 4344 891 4393 permanens
933 4336 984 4389 in
1028 4347 1208 4394 natura
1241 4343 1350 4398 Dei.
1409 4348 1551 4401 Unde
1575 4366 1620 4403 et

92 4418 201 4458 unus
224 4406 391 4463 Filius
426 4412 538 4477 Dei,
565 4416 617 4469 in
658 4434 757 4471 una
788 4438 1003 4490 persona
1030 4428 1177 4497 digne
1201 4434 1377 4500 pieque
1401 4447 1471 4489 est
1504 4457 1622 4492 con-

90 4493 304 4559 ﬁtcndm.
337 4502 465 4557 Sine
488 4509 620 4559 enim
650 4509 752 4563 Deo
788 4512 948 4567 Verbo
970 4532 1227 4590 segregata
1247 4529 1413 4581 carnis
1439 4540 1621 4585 natura

90 4601 169 4637 non
188 4592 408 4646 subsistit
428 4595 481 4648 in
510 4596 738 4667 Virgine,
756 4612 800 4655 et
822 4605 892 4657 ita
909 4606 1307 4667 inenarrabiliter
1329 4619 1523 4672 unitum
1550 4632 1622 4675 est

91 4685 207 4735 rami
236 4687 374 4743 Deus
404 4690 647 4759 Verbum,
674 4706 729 4748 ut
755 4700 1067 4755 incarnatum
1098 4715 1142 4757 et
1179 4723 1299 4762 caro
1331 4712 1623 4769 immutabi-

90 4772 183 4823 liter
204 4776 392 4842 factum
418 4796 527 4834 vere
569 4794 613 4835 et
653 4786 912 4854 inconfuse
956 4796 1202 4863 perfectus
1243 4800 1382 4864 ﬁeret
1428 4803 1617 4861 homo:

89 4866 200 4915 unde
226 4884 337 4921 cum
380 4869 638 4925 hominem
664 4878 813 4929 simul
839 4888 882 4932 et
917 4881 1072 4935 Deum
1113 4890 1425 4953 conﬁtemur,
1458 4894 1620 4949 hami-

88 4968 179 5004 m‘m
206 4962 406 5025 quidem
424 4967 642 5033 propter
662 4971 794 5035 quod
819 4988 880 5024 ra:
906 4975 1045 5028 nobis
1069 4988 1137 5030 est
1166 4998 1281 5032 vera
1303 4985 1620 5053 ineat-natio;

92 5045 226 5100 Deum
254 5066 416 5109 autem
450 5061 677 5111 eumdem
705 5075 907 5131 preptrr
930 5066 1285 5125 immutabilem
1316 5077 1446 5146 ejus,
1472 5082 1621 5133 etiam

88 5148 176 5201 post
192 5140 602 5212 incarnationem,
621 5166 679 5201 ea:
700 5148 805 5202 Deo
831 5152 981 5206 Patre
1004 5168 1256 5212 naturam.

147 5228 268 5283 XlX.
310 5234 450 5289 Ecce
478 5237 651 5290 dicitis
686 5239 907 5295 Verbum
948 5244 1415 5309 inconvertibiliter
1446 5256 1619 5313 incar-

88 5327 240 5371 natum
267 5334 318 5374 et
352 5327 621 5379 hominem
652 5329 862 5392 factum,
886 5333 1058 5388 dicitis
1080 5338 1306 5394 Verbum
1332 5347 1476 5399 carni
1507 5350 1619 5402 uni-

91 5416 197 5471 tum,
224 5416 393 5469 dicitis
428 5418 700 5472 inconfuse
731 5420 991 5477 hominem
1024 5428 1234 5493 factum,
1268 5432 1443 5487 dicitis
1472 5432 1622 5491 euin-

90 5496 186 5551 dctu
233 5504 503 5562 hominem
541 5509 699 5583 simul
748 5522 797 5567 et
848 5516 1005 5570 lli-um
1044 5536 1056 5568 :
1100 5518 1366 5576 hominem
1406 5527 1613 5594 quidem

1735 1684 1861 1737 Item
1898 1701 2018 1738 cum
2048 1686 2244 1751 dicitis,
2278 1686 2345 1740 ob
2377 1687 2477 1741 hoc
2506 1686 2734 1742 Verbum
2775 1690 3041 1745 hominem
3084 1706 3298 1763 pr0pter

1731 1774 1846 1842 ejus
1877 1790 1938 1828 ex
1974 1776 2127 1828 nobis
2161 1792 2342 1829 veram
2374 1779 2815 1836 incarnationem.
2849 1781 2911 1834 Et
2930 1783 2997 1835 ob
3030 1783 3146 1849 hoc,
3183 1800 3298 1838 rur-

1731 1881 1823 1919 sus
1854 1883 2035 1921 verum
2068 1869 2253 1933 Deum,
2284 1878 2502 1937 prepter
2533 1871 2949 1928 immutationem
2980 1877 3171 1931 divinae
3196 1878 3299 1949 50

1730 1970 1793 2009 ex
1823 1956 1977 2010 Patre
2006 1966 2236 2021 natura,
2278 1958 2436 2012 etiam
2471 1973 2587 2029 post
2619 1961 3036 2021 incarnationem
3059 1971 3299 2037 geminas

1731 2045 1971 2111 profecto
2016 2046 2269 2114 integras,
2318 2047 2646 2115 immutatus,
2692 2051 2998 2107 inconfusas
3041 2056 3200 2111 Verbi
3244 2070 3297 2113 ct

1729 2135 1903 2187 carnis
1928 2133 2161 2186 fatemini
2182 2148 2302 2187 esse
2327 2145 2559 2190 naturas.
2588 2138 2717 2203 Quia
2745 2142 2788 2192 si
2808 2140 2966 2195 Verbi
2987 2155 3167 2197 natura
3194 2162 3297 2200 non

1729 2231 1810 2274 est
1843 2231 2039 2275 mutata
2078 2237 2252 2289 neque
2279 2223 2494 2277 confusa
2534 2226 2584 2278 in
2617 2242 2797 2290 carne,
2826 2240 2879 2284 et
2910 2246 3093 2287 rursus
3123 2239 3297 2293 carnis

1728 2324 1915 2363 natura
1938 2326 2041 2363 non
2065 2320 2143 2364 est
2168 2321 2364 2366 mutata
2394 2326 2492 2368 ne'c
2514 2319 2732 2370 confusa
2756 2320 2806 2373 in
2833 2320 3024 2388 Verbo,
3041 2325 3131 2378 scd
3155 2335 3297 2382 tenet

1731 2410 1951 2469 utraque
1990 2402 2247 2469 integram
2288 2412 2340 2456 et
2370 2403 2732 2474 incorruptam
2766 2411 3003 2465 veritatis
3027 2427 3136 2466 sine
3170 2431 3296 2483 pro-

1731 2494 2029 2561 prietatem,
2064 2506 2166 2545 non
2196 2502 2417 2559 possunt
2444 2504 2667 2566 utraque
2694 2498 2797 2553 dici
2831 2516 3011 2555 unum.
3039 2504 3091 2557 Si
3118 2519 3294 2561 antem

1729 2583 1992 2643 dicuntur,
2024 2583 2262 2649 sequitur
2289 2584 2429 2638 illico
2456 2594 2511 2637 ut
2536 2592 2924 2655 corruptionem
2954 2594 3033 2646 sui
3064 2595 3297 2661 pertule-

1731 2672 1856 2735 rint,
1904 2678 1957 2723 et
1996 2679 2210 2723 mutatas
2253 2670 2361 2724 sint
2408 2672 2459 2725 in
2508 2673 2560 2726 id
2604 2677 2745 2741 quod
2794 2678 2862 2731 ita
2914 2695 3076 2734 unum
3121 2684 3210 2750 sit,
3242 2695 3296 2740 ut

1729 2769 2012 2826 utrumque
2034 2771 2152 2810 esse
2178 2772 2283 2811 non
2316 2759 2498 2826 possit.
2527 2761 2676 2827 Quod
2699 2778 2817 2817 cum
2847 2769 3033 2821 merito
3060 2768 3292 2838 fugiatis,

1729 2848 1847 2914 quia
1882 2856 1963 2901 est
1998 2846 2212 2914 impium
2247 2856 2298 2900 et
2327 2848 2661 2918 detestabile,
2695 2867 2792 2906 cur
2824 2869 2926 2907 uno
2957 2857 3119 2911 verbo
3148 2859 3199 2912 in
3242 2861 3291 2914 id

1730 2934 1981 3002 inciditis,
2014 2938 2153 3004 quod
2196 2938 2375 2991 multis
2402 2938 2742 2993 detestatnini
2777 2943 2985 2999 verbis?
3013 2946 3119 3001 Cur
3148 2948 3293 3017 piuttt

1729 3037 1779 3076 et
1812 3025 2126 3078 catholicum
2160 3040 2373 3080 sensum
2399 3068 2413 3093 ,
2445 3043 2601 3097 quem
2648 3030 2712 3084 de
2739 3032 2895 3086 Verbi
2928 3034 3296 3095 immutatione

1728 3129 1777 3169 et
1801 3118 1976 3169 carnis
2010 3118 2124 3185 ejus
2155 3121 2371 3174 veritate
2404 3126 2611 3188 tenetis,
2652 3127 2748 3179 hac
2786 3144 2887 3182 una
2927 3130 3139 3187 infanda
3174 3151 3294 3209 pro-

1730 3210 1958 3265 fessione
2004 3212 2320 3267 destruitis?
2365 3214 2594 3274 Credite,
2637 3220 2795 3287 igitur
2836 3224 2984 3277 vobis
3034 3225 3193 3293 ipsis,
3238 3239 3292 3282 et

1728 3315 1847 3354 cum
1870 3303 2178 3358 orthodoxis
2198 3306 2307 3371 pari
2333 3307 2669 3363 confessione
2692 3310 2953 3377 fatemini,
2974 3313 3137 3370 Deum‘
3166 3317 3291 3373 Ver-

1728 3393 1849 3447 bum
1884 3394 1953 3447 ita
1983 3394 2033 3447 in
2061 3408 2213 3451 utero
2242 3396 2518 3466 virginali,
2560 3402 2705 3454 Cilrlli
2745 3416 2853 3456 sum
2893 3405 3119 3471 unitum,
3149 3410 3288 3477 quod

1728 3491 1811 3535 est
1831 3497 1956 3537 caro
1988 3484 2204 3548 factum,
2239 3495 2295 3539 ut
2321 3488 2596 3556 ipse‘unus
2623 3492 2691 3545 sit
2734 3492 2784 3546 in
2816 3502 3057 3564 utroque,
3089 3498 3291 3553 habens

1730 3570 1779 3622 in
1811 3571 1987 3639 seipse
2010 3583 2309 3643 utrumque,
2334 3587 2387 3629 et
2415 3588 2654 3632 naturam
2686 3581 2863 3649 Verbi,
2889 3600 2989 3653 qua
3023 3587 3077 3639 Οι
3098 3604 3158 3642 us
3187 3601 3289 3654 eet,

1728 3670 1779 3711 et
1806 3670 2044 3715 naturam
2074 3664 2249 3717 carnis
2270 3708 2283 3733 ,
2325 3681 2425 3735 qua
2459 3668 2597 3723 idem
2629 3669 2767 3725 Deus
2800 3672 2956 3728 homo
2988 3685 3087 3730 est.
3122 3679 3289 3733 Aliter

1728 3753 1869 3804 enim
1912 3762 2056 3808 stare
2087 3769 2188 3809 non
2223 3760 2416 3824 poterit
2454 3761 2592 3828 quod
2635 3762 2910 3817 nobiscum
2948 3768 3183 3834 creditis,
3220 3770 3289 3824 i=a

1728 3853 1845 3893 eum
1877 3843 2072 3896 factum
2106 3844 2269 3899 fuisse
2298 3849 2437 3915 quod
2475 3864 2576 3902 non
2607 3861 2747 3917 erat,
2800 3863 2854 3907 ut
2885 3872 2987 3909 non
3025 3859 3291 3915 amitteret

1727 3934 1863 4000 quod
1896 3944 2026 3987 erat.
2062 3936 2209 4000 Quod
2238 3947 2351 3989 crat
2385 3950 2588 4002 autem,
2627 3953 2677 3994 et
2708 3946 2846 4010 quod
2870 3962 2983 3998 non
3017 3956 3152 4012 erat,
3187 3966 3289 4003 non

1727 4030 1809 4073 est
1849 4024 2001 4076 Unius
2029 4035 2267 4076 natura}:
2302 4041 2363 4079 ac
2399 4042 2494 4093 per
2526 4029 2622 4080 ho’e
2660 4029 2748 4082 Dei
2786 4031 2948 4086 Filius
2981 4048 3179 4089 naturae
3206 4050 3285 4091 est

1729 4111 2001 4181 utriusque
2022 4154 2034 4175 ,
2085 4128 2185 4166 non
2216 4116 2505 4167 amittendo
2538 4132 2829 4187 utrumque.
2869 4124 2998 4187 Quia
3032 4124 3169 4179 sicut
3198 4129 3287 4182 Dei

1729 4199 1803 4253 Fil
1832 4218 1890 4254 us
1921 4202 2024 4253 (Ηίὶ
2052 4220 2155 4255 nun
2192 4214 2383 4271 potest,
2418 4207 2516 4259 nisi
2545 4222 2609 4258 ex
2638 4210 2857 4264 veritate
2886 4222 3100 4267 natura:
3136 4216 3285 4269 Verbi

1653 4330 1702 4389 Β
1731 4305 1843 4354 qua:
1872 4291 1942 4341 illi
1965 4301 2042 4343 est
2066 4307 2125 4343 ex
2163 4292 2267 4345 Deo
2292 4292 2479 4355 Putre;
2505 4296 2575 4346 ita
2606 4296 2742 4348 idem
2771 4296 2908 4350 filius
2932 4300 3159 4354 hominis
3183 4305 3285 4358 diri

1728 4393 1828 4428 non
1866 4387 2056 4444 potest,
2098 4380 2195 4432 nisi
2236 4394 2297 4433 ex
2338 4384 2557 4437 veritate
2588 4393 2789 4439 natura:
2819 4390 2994 4444 carnis
3020 4433 3034 4457 ,
3066 4405 3182 4461 qua:
3212 4395 3285 4450 illi

1726 4476 1805 4517 est
1834 4483 1895 4519 ex
1922 4468 2135 4521 homine
2166 4484 2351 4523 tttatre.
2641 4534 2646 4539 η

1800 4557 1912 4612 XX.
1940 4559 2072 4623 Quid
2090 4562 2185 4613 sibi
2213 4572 2383 4614 autent
2411 4565 2535 4617 velit
2559 4576 2698 4619 tanta
2726 4570 3069 4635 professionis
3096 4588 3287 4633 vestrtc

1729 4656 1973 4710 varietas,
2015 4658 2068 4699 ut
2107 4650 2242 4715 quod
2276 4666 2373 4703 una
2418 4669 2571 4707 manu
2616 4659 2908 4728 tedifit‘atis,
2952 4669 3049 4718 alia
3093 4668 3284 4723 iterum

1728 4734 2029 4800 destruutis,
2066 4752 2167 4787 non
2200 4737 2455 4807 intelligo,
2487 4743 2583 4795 nisi
2616 4748 2734 4813 quia
2767 4755 3039 4809 veritatem
3071 4762 3279 4828 religio-

1726 4826 1803 4876 nis
1828 4826 2222 4880 ntendueiorutn
2248 4830 2377 4882 lucis
2407 4832 2635 4897 t‘iUdlliS,
2655 4842 2793 4893 aliud
2820 4862 2928 4909 ore,
2958 4850 3098 4902 aliud
3122 4826 3284 4907 conte

1722 4922 2009 4977 gestantes.
2044 4916 2170 4967 Nam
2195 4918 2280 4984 qui
2313 4920 2465 4984 paulo
2488 4931 2607 4975 ante
2632 4924 2722 4979 Dei
2753 4931 2975 4986 Verbum
3009 4937 3285 4995 inconver-

1725 5002 1870 5056 tibile
1893 5005 2013 5058 fassi
2049 5007 2283 5075 fueratis,
2309 5026 2494 5064 rursus
2517 5016 2564 5066 id
2611 5022 2792 5075 nescio
2819 5042 2914 5092 qua
2939 5036 3283 5090 ci.nversioue

1727 5104 1980 5148 mutatum
2021 5112 2259 5153 asserere
2290 5103 2467 5155 vultis.
2503 5107 2573 5158 Ita
2616 5112 2755 5165 enim
2789 5117 2852 5170 de
2882 5120 2995 5185 ipso
3025 5124 3237 5183 dixistis
3268 5149 3280 5182 :

1734 5179 1916 5235 Valens
1951 5184 2042 5237 Dei
2085 5186 2297 5240 Verbum
2328 5192 2543 5247 liberare
2578 5198 2838 5255 hominum
2881 5226 3037 5274 genus
3059 5255 3071 5275 ,
3116 5230 3286 5283 utpote

1723 5281 1918 5323 creator
1946 5277 2025 5326 sui
2052 5278 2296 5345 ﬁgmenti,
2330 5284 2647 5351 semetipsum
2676 5293 3015 5362 replasmavit,
3049 5277 3285 5358 incarna-

1723 5374 1801 5412 tus
1831 5366 1891 5417 de
1920 5380 2089 5421 nostra
2118 5374 2410 5424 substantia.
2458 5378 2586 5439 Quis
2618 5390 2718 5435 tam
2751 5386 2990 5443 nefandm
3020 5396 3285 5461 opinionis

1725 5451 1974 5508 latentem
2020 5476 2119 5512 non
2160 5466 2379 5528 asticiat
2419 5467 2627 5533 dolum,
2666 5476 2769 5526 into
2810 5482 2974 5549 magis
3005 5497 3285 5552 apertum?
3364 5512 3369 5516 ·

1729 5542 1931 5611 Ergone
1961 5548 2050 5603 Dei
2081 5549 2304 5605 Vetbunt
2333 5555 2431 5623 51
2466 5558 2695 5627 seipsunt
2730 5542 3153 5633 tt'plas‘mavihcj
3184 5596 3286 5635 ειμι,
