3802 6242
113 179 181 232 153

1087 161 1365 218 CONTRA
1399 159 1865 217 EUTYCIIETEM
1908 157 2035 215 LIB.
2074 159 2135 215 V.

3176 158 3248 209 51

107 299 192 345 runt
211 286 261 339 de
282 282 426 338 Verbo
452 289 565 335 nite
591 278 649 348 (Ι
672 276 825 333 Joau.
861 278 921 347 ι).
982 278 1247 345 Quantum
1285 292 1384 346 ego
1414 276 1467 331 in
1498 276 1579 332 Itis
1607 290 1657 347 Α
1682 282 1803 350 quid
1829 279 2048 343 erimus;
2076 257 2190 329 cum
2219 284 2387 329 autem
2411 275 2723 343 apparuerit,
2753 271 2943 327 similes
2970 273 3014 327 ei
3038 276 3245 335 eri-mus,

106 378 232 433 verbis
277 372 536 442 intelligere
593 372 742 439 potui
794 369 909 425 hoc-
948 367 1079 424 mihi
1130 369 1383 430 videmini
1437 367 1579 423 velle

105 479 297 531 astruere,
320 462 443 533 quod
472 460 748 515 Trinitatis
788 469 1001 527 natura,
1026 460 1281 528 quoniam
1310 467 1393 513 cst
1413 456 1579 513 Verbi

105 569 255 620 natura,
273 569 371 625 qua:
406 551 676 609 invisibilis
729 566 941 621 semper
1010 559 1067 625 et
1126 549 1619 605 incontrectabilis

103 655 323 717 permanet.
359 645 405 701 in
431 646 535 714 ipsa
585 657 646 697 se
676 642 909 700 Verbum
961 641 1050 695 Dei
1083 641 1292 717 visibile
1317 649 1371 697 ct
1398 641 1581 711 palpa-

104 712 176 795 bile
196 712 580 807 prebuerit,nou
611 734 664 788 in
693 744 881 788 natura
930 712 1135 797 carnis;
1178 746 1344 802 quam
1398 729 1502 786 sibi
1530 731 1581 785 in

100 844 211 884 utero
231 828 387 887 matris
409 824 773 892 umvit.Quod
799 826 847 878 ai
894 823 969 877 ita
1011 831 1114 888 cst,
1140 822 1269 892 quid
1315 812 1416 877 bac
1460 836 1583 892 pro-

101 915 657 990 iessioneﬁimpium,
693 914 822 984 quid
876 914 1195 983 sacrilegum
1270 913 1394 977 erit,
1443 911 1587 966 unde

100 1019 317 1065 costarum
338 1005 645 1087 perﬁdiarxet
692 1004 1007 1059 temeritatis
1060 1003 1392 1057 detestantes
1436 1016 1588 1056 erro-

100 1117 198 1166 rem,
214 1099 401 1155 Joannis
425 1097 644 1165 apostoli
670 1097 856 1162 verba,
884 1110 1003 1171 qua:
1030 1094 1118 1149 isti
1138 1094 1210 1148 ad
1234 1092 1586 1164 patrocinium

96 1190 434 1261 pravitatissute
478 1186 709 1256 pessime
761 1186 1074 1251 abutuntur,
1122 1199 1226 1238 non
1281 1184 1387 1239 alio
1429 1196 1587 1252 quam

99 1283 276 1349 ejusdem
302 1279 505 1349 apostoli
559 1293 718 1334 sensu
774 1285 1063 1330 tractamus
1086 1312 1101 1341 ,
1163 1274 1590 1343 constringentes

94 1375 202 1442 prius
228 1382 272 1426 et
295 1377 605 1425 coarctantes
634 1369 858 1425 istorum
888 1367 1239 1436 imperitiam,
1274 1376 1334 1420 ut
1362 1380 1587 1434 respon-

95 1464 232 1528 deant,
255 1461 495 1530 quotuodo
520 1460 567 1516 si
594 1459 647 1514 in
670 1471 859 1514 natura
886 1458 1184 1512 divinitatis
1212 1469 1323 1511 suae
1366 1457 1507 1510 visus
1537 1464 1591 1510 et

96 1554 280 1622 palpatus
302 1560 375 1607 est
403 1551 489 1607 Dei
515 1550 705 1619 Filius,
737 1564 897 1620 quare
922 1564 1048 1603 eum
1066 1548 1175 1607 soli
1245 1548 1468 1617 apostoli
1510 1547 1591 1600 vi-

96 1647 197 1698 disse
214 1653 257 1697 et
276 1642 507 1712 impacato
534 1640 786 1696 credendi
817 1649 973 1706 sunt;
1002 1654 1123 1694 cum
1154 1640 1266 1709 pari
1308 1638 1513 1692 visione
1534 1644 1593 1692 et

1678 371 1800 441 quia
1823 370 2100 423 uidebimus
2130 384 2246 421 eum
2298 366 2446 420 sicuti
2480 376 2553 420 est
2579 366 2641 437 (ι
2672 365 2831 420 Joan.
2852 381 2946 435 .ttt,
2972 366 3050 437 2).
3099 369 3253 421 Certe

1681 462 2010 531 palpaverat,
2039 469 2185 514 certe
2224 458 2430 514 viderat
2473 472 2614 513 eum.
2666 457 2805 526 Quid
2841 471 2904 513 se
2949 456 3109 526 igitur
3160 473 3255 526 pro

1684 567 1876 623 magno
1897 548 2238 608 beatitudinis
2259 565 2481 607 munere
2510 551 2747 606 visurum
2798 561 3078 620 praeoptat,
3107 560 3161 605 et
3185 550 3255 604 ibi

1686 655 1850 700 totam
1896 646 1977 698 sui
2010 643 2212 697 laboris
2239 642 2889 707 mercedem-constituit,
2948 642 3137 699 sieum
3182 645 3259 696 vi-

1680 735 1845 789 deat?
1877 734 2011 805 (Non
2040 734 2183 789 enim
2212 734 2287 787 ait
2312 734 2543 796 uidimus,
2566 732 2659 787 sed
2684 733 2956 787 videbimus
2976 750 3088 786 cum
3114 735 3262 790 sicuti

1686 834 1757 878 est
1785 839 1803 877 .'
1829 838 1931 878 nec
1950 824 2022 877 ait
2043 824 2305 893 apparuit.
2333 823 2425 876 sed
2473 838 2589 875 cum
2640 821 2954 892 apparuerit)
3000 823 3101 877 nisi
3141 822 3262 893 quia

1687 914 1852 971 Filius
1872 929 1978 970 non
2009 913 2251 983 apparuit
2273 913 2428 968 sicuti
2449 923 2552 976 est,
2586 913 2680 967 sed
2729 912 2886 968 sicuti
2936 912 3102 969 factus
3146 926 3261 981 est,
3320 896 3325 902 ’

1687 1017 1739 1063 et
1769 1007 1890 1062 ideo
1919 1023 2023 1062 non
2050 1015 2133 1060 est
2156 1006 2299 1065 visus
2340 1004 2394 1059 in
2414 1006 2517 1059 hoc
2540 1005 2733 1058 sarculo
2760 1005 2916 1059 siculi
2940 1015 3043 1071 est,
3072 1007 3163 1060 sed
3194 1006 3265 1060 si-

1687 1098 1795 1153 cuti
1826 1097 1996 1151 factus
2024 1104 2126 1162 est,
2154 1095 2411 1151 videndus
2436 1096 2488 1149 in
2517 1095 2696 1149 iuturo
2723 1095 2879 1149 sicuti
2898 1105 3000 1149 est.
3032 1094 3265 1149 Creden-

1688 1189 1927 1259 doergo.
1974 1204 2078 1242 non
2109 1186 2361 1255 videndo,
2406 1185 2484 1240 ait
2535 1172 2824 1249 Apostolus
2860 1185 3057 1240 vid:sse
3109 1201 3168 1239 se
3217 1186 3267 1238 id

1689 1279 1829 1350 quod
1864 1280 1929 1335 ab
1953 1279 2107 1333 initio
2135 1285 2239 1333 est.
2279 1277 2421 1332 Vidit
2449 1292 2541 1345 per
2570 1276 2689 1337 lldci
2734 1277 3007 1346 speculum
3061 1277 3112 1331 in
3136 1277 3267 1331 ami-

1690 1383 1891 1444 gmate,
1922 1373 2133 1427 visurus
2184 1368 2512 1424 manifestius
2548 1368 2744 1437 rcjecto
2766 1368 3052 1439 velamine,
3080 1369 3145 1422 de
3166 1384 3269 1435 qua

1692 1465 1911 1519 visionis
1938 1462 2369 1518 manifestatione
2394 1477 2510 1531 qua:
2540 1462 2666 1515 solis
2696 1460 3268 1526 ﬁtlelibusreservatur,

1694 1557 1808 1626 ipse
1838 1555 2093 1609 Dominus
2132 1554 2187 1608 in
2233 1552 2519 1622 Evangelia
2544 1552 2755 1606 dicebat
2797 1568 2811 1605 :
2845 1552 2948 1617 Qui
2977 1551 3143 1621 diligit
3196 1567 3272 1603 mc

1694 1648 1987 1716 diiigetura
2015 1645 2170 1698 Patre
2220 1659 2352 1709 meo,
2385 1627 2432 1695 et
2489 1658 2579 1716 ego
2634 1644 2890 1695 ostendam
2938 1643 2986 1694 ei
3024 1643 3272 1712 tmet'psttm

95 1741 273 1803 pa'patu,
295 1735 477 1789 milites
496 1736 708 1803 quoque
730 1731 962 1801 quicum
1002 1730 1405 1793 cruciﬁxeruut,
1459 1744 1589 1783 con—
1622 1713 1668 1772 Β
1697 1713 1877 1807 (loco.
1910 1750 2020 1798 xrv,
2048 1732 2161 1803 21),
2196 1732 2252 1788 Si
2280 1713 2525 1787 videbant
2556 1747 2674 1786 eum
2706 1730 2952 1797 apostoli,
3011 1733 3274 1800 quomodo

96 1826 729 1882 treuaveriutetvideriut:
760 1838 813 1879 et
833 1840 929 1893 per
973 1824 1074 1878 hoc
1125 1824 1334 1878 Patrem
1384 1836 1594 1891 quoque

96 1921 234 1976 ridere
247 1928 536 1991 potuerunt;
562 1920 687 1990 quia
713 1920 830 1989 ipse
849 1922 959 1973 ait:
993 1918 1092 1985 Qui
1133 1933 1213 1972 nte
1264 1918 1418 1985 uidet,
1461 1916 1594 1969 uidet

94 2024 125 2067 et
147 2012 312 2067 Putrem
342 2011 509 2082 (Joan.
544 2028 649 2079 stv,
680 2013 778 2080 9)?
808 2013 943 2080 Quid
982 2012 1085 2066 hac
1127 2010 1459 2081 profesSione
1497 2011 1596 2063 im-

93 2105 200 2172 pium
217 2104 335 2157 erit?
358 2104 559 2159 Deinde
571 2103 705 2173 quid
728 2117 950 2159 necesse
973 2102 1073 2157 fuit
1093 2102 1351 2173 Apostolo
1376 2102 1554 2156 dicere
1577 2116 1595 2157 :

95 2194 204 2259 Quod
228 2196 416 2251 vidium
442 2196 827 2261 mnuntiamus,
852 2210 975 2250 cum
1006 2208 1192 2249 omnes
1240 2193 1322 2248 11ιὶ
1350 2193 1440 2263 qui
1473 2202 1599 2246 tunc

94 2290 278 2354 aderant,
328 2291 448 2343 etin
504 2303 626 2344 eum
667 2270 1026 2357 crediderant,
1075 2287 1326 2341 similiter
1371 2285 1601 2339 viderint

93 2385 208 2439 eunti
231 2386 361 2451 Quod
410 2399 527 2440 cum
554 2385 627 2439 ita
670 2384 875 2439 sentire
921 2382 1210 2439 absurdum
1268 2390 1322 2435 et
1368 2378 1601 2433 vanitate

98 2476 262 2544 plenum
284 2475 365 2541 sit,
392 2476 653 2545 spiritalia
683 2474 921 2544 Apostoli
960 2474 1119 2528 verba
1147 2470 1461 2540 spiritaliter
1508 2468 1603 2525 ad-

94 2576 327 2633 vertimus,
357 2569 541 2637 quibus
558 2583 618 2622 se
638 2581 743 2621 non
769 2565 934 2621 oculis
960 2574 1014 2619 et
1030 2563 1272 2618 manibus
1292 2560 1568 2631 corporeis
1583 2601 1598 2626 ,

97 2657 414 2713 scdiuterioris
444 2656 675 2712 heminis
699 2657 957 2711 membris
986 2655 1203 2719 vidisse,
1255 2660 1311 2707 et
1360 2651 1604 2722 palpasse

96 2746 270 2808 Verbum
289 2749 373 2804 Dei
400 2748 648 2803 tesitatur.
680 2747 813 2813 Quia
844 2745 1036 2817 quibus
1060 2744 1275 2799 naribus
1327 2744 1461 2797 odor
1489 2742 1604 2810 ejus

95 2840 301 2906 hauritur,
324 2852 373 2895 et
398 2857 498 2910 quo
528 2854 626 2894 ore
649 2839 886 2893 suavitas
908 2823 1301 2905 ejusgustatur,
1320 2832 1446 2901 ipsis
1470 2845 1602 2886 ocu-

93 2934 139 2985 lis
159 2944 201 2988 et
233 2934 427 2988 auribus
442 2947 500 2988 et
522 2932 767 2987 manibus
791 2938 1171 2985 contrectatur.
1215 2928 1448 2995 Denique
1475 2923 1608 2977 dicit

95 3025 256 3077 adeum
296 3025 525 3079 Ecclesia
555 3041 567 3076 :
597 3023 930 3094 Unguentum
973 3019 1191 3086 e/fusum
1233 3032 1412 3070 nomen
1466 3026 1606 3067 tuum

91 3112 223 3183 (Cant.
246 3131 277 3181 t,
305 3116 356 3185 ἓ)
383 3131 402 3181 ;
432 3124 486 3169 et
514 3130 530 3168 :
561 3113 685 3167 Post
712 3122 762 3166 te
791 3114 844 3165 in
868 3112 1071 3164 odorem
1108 3117 1477 3178 unguentorum
1500 3115 1609 3158 tuo-

96 3220 177 3257 rutu
196 3223 428 3260 curentur
454 3207 631 3275 (Cant.
652 3220 689 3268 ι,
720 3203 796 3273 ὅ).
823 3202 892 3256 Et
920 3200 1142 3255 Paulus:
1174 3197 1379 3259 Christi,
1402 3196 1607 3275 inquit,

93 3302 210 3353 tonus
222 3301 331 3353 odor
345 3270 518 3353 sumus
542 3295 637 3368 (ΙΙ
653 3270 771 3351 Cor.
798 3310 858 3360 ιι,
884 3292 993 3360 15).
1013 3293 1077 3346 Et
1108 3290 1270 3344 David
1294 3270 1535 3342 :Guatate
1560 3296 1610 3340 et

94 3393 213 3445 ridete
239 3393 457 3461 quoniam
472 3391 657 3445 suavis
686 3396 759 3448 est
808 3385 1055 3439 Dominus
1112 3380 1279 3452 (Psal.
1316 3392 1500 3440 xum,
1531 3375 1608 3445 9).

91 3482 271 3539 Credere
293 3500 411 3555 ergo
447 3485 500 3538 in
534 3482 727 3536 Filium
752 3479 866 3537 Dei.
898 3478 999 3531 hoc
1043 3487 1125 3530 est
1177 3474 1376 3539 videre,
1404 3475 1502 3524 hoc
1530 3478 1613 3523 est

93 3576 252 3642 audire,
282 3578 374 3631 hoc
424 3583 509 3631 est
571 3571 807 3647 odorari,
865 3569 965 3623 hoc
1014 3578 1097 3621 est
1121 3574 1353 3635 gustare,
1380 3561 1480 3615 hoc
1532 3568 1614 3614 est

84 3677 363 3723 contrectare
401 3683 545 3722 cum.
579 3665 635 3719 lu
666 3671 805 3716 tactu
832 3670 1006 3714 autem
1041 3656 1259 3711 lirtnitas
1286 3651 1613 3707 credulitatis

89 3760 461 3824 insutmtnr,cui
514 3757 696 3813 sensui
750 3758 855 3823 prie
889 3750 1096 3806 caeteris
1150 3747 1394 3803 sensibus
1446 3745 1645 3813 major.

84 3850 186 3903 fides
208 3852 468 3904 habeatur.
493 3849 630 3902 Nam
663 3857 715 3900 et
744 3846 880 3899 oculi
909 3843 1301 3912 phantasmate,
1354 3847 1409 3891 et
1455 3849 1614 3889 aures

86 3942 311 3995 metulacio
338 3956 478 4010 smpc
505 3939 781 3994 falluntur.
816 3936 926 3989 Hoc
952 3948 1081 4003 ergo
1124 3946 1285 3987 sensu
1329 3922 1615 3999 Apostolus

84 4032 137 4083 ita
159 4048 259 4087 eum
287 4036 546 4103 tetigerat,
597 4030 650 4084 id
702 4038 785 4084 est
838 4031 905 4082 ita
971 4030 1023 4081 in
1078 4042 1198 4080 eum
1248 4021 1614 4077 luudatissime

83 4122 349 4186 crediderat,
383 4136 436 4175 ut
457 4134 734 4188 nunquam
760 4119 828 4172 de
854 4133 919 4172 eo
969 4124 1154 4185 posset
1200 4113 1485 4183 aliquando
1510 4110 1614 4164 du-

80 4212 229 4265 bitare.
257 4214 315 4265 Et
362 4214 482 4267 ideo
504 4214 623 4265 ait:
658 4210 804 4274 Quod
857 4208 1017 4262 ocuiis
1065 4206 1253 4259 nostris
1292 4205 1525 4267 vidimus,
1568 4211 1615 4254 et

80 4317 223 4357 melius
253 4315 432 4358 nostra
456 4303 798 4373 palpaverunt
822 4298 873 4372 (1
899 4298 1059 4352 Joan.
1090 4313 1131 4365 ι,
1166 4297 1241 4367 1).
1292 4296 1421 4350 Nam
1469 4292 1616 4348 vitle-

1695 1829 1766 1885 ob
1791 1828 2091 1883 dilectionis
2143 1828 2411 1890 meritum,
2454 1836 2786 1878 ostensurum
2817 1837 2877 1877 se
2898 1823 2976 1876 eis
3007 1824 3059 1874 in
3100 1823 3274 1875 futuro

1697 1921 2067 1990 pollicebatur,
2095 1918 2196 1970 nisi
2220 1920 2342 1989 quia
2363 1914 2609 1969 videbant
2631 1926 2683 1969 ct
2715 1931 2818 1967 non
2842 1913 3092 1967 videbant
3119 1915 3274 1967 eum?

1698 2012 1963 2068 Videbant
1991 2025 2110 2066 cum
2137 1994 2290 2064 sicuti
2322 2008 2489 2061 lactus
2517 2016 2621 2069 est,
2654 2017 2704 2059 ct
2727 2021 2835 2059 non
2860 2004 3110 2059 videbant
3153 2020 3275 2058 cum

1698 2102 1853 2157 sicuti
1882 2099 2301 2157 est.Credebant
2322 2107 2494 2151 tamen
2526 2097 2681 2150 sicuti
2711 2105 2813 2160 est,
2870 2103 2924 2150 et
2983 2094 3102 2147 ideo
3126 2094 3274 2146 vide-

1701 2192 1831 2247 bant
1859 2207 1978 2247 eum
2012 2189 2170 2246 Sicuti
2192 2198 2291 2244 est.
2333 2189 2534 2243 Merces
2559 2189 2699 2242 enim
2758 2186 3086 2241 credulitatis
3112 2186 3278 2239 mani-

1700 2284 1911 2339 festatio
1931 2290 2012 2338 est
2041 2281 2277 2335 visionis.
2311 2280 2369 2334 Si
2397 2290 2575 2333 autem
2601 2277 2722 2331 huic
2763 2276 3082 2345 expositioni
3113 2275 3277 2328 obsti-

1703 2378 1979 2431 natissime
2011 2374 2263 2428 resistere
2286 2371 2466 2437 vultis,
2516 2381 2819 2424 asserentes
2844 2367 3071 2421 Verbum
3100 2365 3163 2418 in‘
3184 2378 3279 2418 sua

1704 2480 1892 2521 natura
1918 2463 2277 2534 apostolorum
2308 2459 2551 2516 manibus
2582 2467 2994 2523 contrectatam,
3024 2456 3143 2509 date
3186 2469 3280 2508 no-

1703 2558 1785 2612 bis
1832 2556 1987 2624 hujus
2044 2552 2408 2631 intelligentia
2462 2551 2718 2619 integram
2775 2549 3057 2603 verborum
3095 2560 3280 2600 conse-

1704 2650 2009 2718 quentiam:
2042 2662 2146 2701 non
2173 2646 2315 2699 enim
2369 2645 2444 2697 ait
2470 2642 2804 2712 Apostolus:
2862 2639 2925 2693 Et
2968 2656 3148 2693 manus
3190 2656 3280 2691 no-

1705 2749 1823 2794 strce
1852 2746 2183 2791 tractaverunt
2218 2732 2437 2788 Verbum
2472 2734 2604 2796 vitae,
2653 2732 2746 2784 sed
2794 2737 3153 2795 tractaverunt,
3207 2728 3281 2781 in-

1707 2831 1843 2899 quit,
1866 2829 1928 2881 de
1945 2827 2111 2881 Verbo
2138 2827 2249 2879 vita:
2276 2823 2326 2895 (1
2350 2823 2504 2878 Joan.
2526 2839 2563 2888 ι,
2588 2823 2662 2891 1).
2695 2812 2807 2874 Non
2827 2835 2953 2888 ergo
2975 2819 3167 2888 ipsum,
3190 2818 3281 2872 sed

1707 2922 1775 2976 de
1797 2921 1913 2989 ipso
1934 2926 2292 2973 tractaverunt
2309 2934 2320 2968 :
2337 2915 2473 2984 quod
2492 2930 2596 2968 non
2620 2914 2684 2967 ad
2708 2913 3175 2967 contrectationetn
3192 2912 3281 2964 vi-

1712 3013 1881 3069 sibilis
1920 3019 2111 3076 tactus,
2140 3010 2235 3064 sed
2284 3007 2349 3063 ad
2378 3007 2863 3063 contrectationcm.
2887 3004 3080 3057 mentis
3133 2991 3283 3057 inve-

1634 3065 1679 3127 C
1716 3103 1858 3159 nitur
1880 3100 2307 3156 manifestissime
2336 3098 2625 3168 pertinere.
2650 3094 2851 3150 Deinde
2879 3094 3112 3162 nunquid
3162 3108 3285 3159 apo-

1712 3194 1833 3249 stoli
1862 3193 1915 3246 in
1938 3190 2041 3246 hoc
2077 3191 2238 3244 totius
2265 3187 2386 3242 ﬁdei
2444 3188 2816 3241 auctoritatem
2870 3183 3285 3243 constituebant,

1716 3294 1772 3340 ut
1795 3284 2157 3352 crederemus,
2190 3295 2283 3336 eos
2312 3277 2408 3334 Dei
2431 3277 2661 3333 Verbum
2707 3274 3003 3331 visibilibus
3044 3272 3286 3330 manibus

1713 3385 2096 3442 contrectasse,
2128 3372 2273 3427 unde
2301 3379 2577 3438 correptus
2608 3377 2691 3423 est
2719 3359 2910 3421 dubius
2939 3364 3029 3419 ille
3057 3364 3286 3430 discipu-

1717 3466 1824 3533 lus,
1859 3467 1949 3535 qui
1974 3465 2069 3519 tali
2096 3463 2259 3518 voluit
2320 3460 2686 3529 experimento
2748 3456 3027 3511 Dominum
3081 3452 3287 3522 perten-

1715 3560 1863 3614 tare?
1893 3566 1983 3612 aut
2006 3556 2270 3627 quomodo
2286 3567 2403 3608 cum
2429 3553 2507 3607 eis
2524 3546 2867 3619 hujusgratia:
2879 3546 3183 3600 societatem
3199 3544 3288 3596 ha-

1715 3653 1847 3708 bere
1869 3664 2153 3721 possumus
2170 3692 2185 3715 ,
2210 3662 2314 3701 non
2339 3644 2580 3700 valentes
2603 3641 2817 3711 palpare
2838 3638 3130 3697 Christum.
3153 3637 3288 3689 sicut

1714 3743 1793 3798 illi
1826 3740 2209 3811 palpoveruntt
2235 3737 2405 3803 Quod,
2434 3734 2623 3804 inquit.
2656 3733 2871 3785 vidimus
2905 3738 2949 3782 et
2980 3728 3288 3789 audiuimus,

1715 3836 2078 3888 annuntiamus
2103 3831 2261 3897 vobis,
2291 3838 2345 3881 ut
2374 3836 2419 3880 et
2449 3841 2532 3880 vos
2562 3824 2845 3878 societatem
2876 3822 3097 3873 habeatis
3143 3816 3285 3871 nobi-

1716 3942 1857 3980 scum
1884 3924 1937 3995 (1
1960 3923 2113 3978 Joan.
2143 3938 2179 3989 ι,
2206 3922 2284 3990 5).
2311 3919 2550 3974 Societas
2578 3924 2754 3969 autem
2785 3929 2901 3967 cum
2925 3914 3022 3975 eis,
3044 3896 3164 3963 hinc
3189 3910 3289 3964 erit

1716 4019 1894 4081 nobis,
1918 4017 1964 4071 si
1996 4016 2102 4085 56
2121 4011 2583 4073 credamussicut
2619 4017 2673 4061 et
2711 4006 2811 4069 illi,
2842 4005 2893 4057 in
2937 4003 3126 4055 Filium
3167 4000 3284 4062 Dei,

1715 4125 1872 4181 quem
1891 4108 2179 4164 secundum
2204 4103 2532 4158 divinitatem
2558 4099 2661 4154 tlde
2688 4098 2862 4152 cordis
2886 4095 3285 4155 intellexerunt,

1717 4214 1771 4256 et
1792 4199 2083 4256 secundum
2114 4194 2490 4250 humanitatem
2542 4186 2811 4257 corporeis
2858 4185 3023 4239 oiulis
3071 4198 3290 4249 ηερωε-

1720 4302 1861 4345 runt.
1895 4291 1956 4342 Et
1978 4286 2226 4358 quoniam
2251 4284 2494 4338 omnibus
2524 4279 2746 4347 objectis
2769 4286 2867 4329 ate
2890 4284 3073 4328 contra
3101 4274 3291 4327 Leonis

80 4404 173 4447 runt
198 4396 357 4465 utique
374 4404 428 4449 et
458 4368 935 4450 contrectaverunt
956 4392 1113 4445 etiam
1138 4389 1398 4444 increduli
1421 4386 1611 4440 Filium
1647 4425 1692 4485 ο
1717 4382 1999 4452 epistulam
2038 4378 2305 4449 capitulis,
2327 4372 2668 4441 compote-Illi.
2695 4377 2753 4421 ιιι
2788 4368 3041 4428 πυῖιτυνι
3069 4379 3291 4430 restim“

80 4483 92 4485 μ
808 4484 811 4485 ,
1016 4483 1025 4485 _
1126 4484 1133 4485 ,
1394 4484 1417 4485 η
1750 4476 1761 4485 .
2090 4473 2099 4482 -
2310 4477 2348 4485 ,.
2402 4462 2632 4485 εμ-..ε---..
2677 4459 3020 4485 ...η-...ιιιηηηη
3069 4454 3289 4485 ..ηιηιισιι

78 4483 165 4549 Dei,
186 4502 268 4554 per
296 4499 542 4555 naturam
566 4487 748 4539 carnis
766 4484 913 4552 ejus;
937 4483 1031 4537 sed
1057 4484 1157 4537 soli
1185 4484 1423 4552 Apostoli
1444 4493 1610 4549 agno-

78 4590 228 4634 verunt
260 4594 314 4637 et
348 4594 599 4638 naturam
633 4579 922 4634 d.viuitatis
963 4580 1098 4645 ejus.

132 4672 293 4728 XXlll.
320 4677 473 4742 Quod
501 4685 563 4728 ut
588 4672 800 4727 noveris
818 4670 1111 4740 apostolum
1125 4667 1612 4729 Joannem,tactum

76 4763 137 4814 vel
170 4764 415 4819 visionem
460 4779 562 4833 pro
597 4762 795 4816 mentis
849 4758 1165 4814 credulitate
1216 4752 1614 4823 posuisse,audi

73 4852 168 4915 quid
182 4854 228 4908 in
253 4851 903 4926 55seqncntbnsdicat:
931 4846 1131 4914 Frtioli,
1153 4847 1364 4899 necdum
1377 4844 1617 4913 apparuit

1718 4476 1871 4530 sione
1896 4473 2248 4537 occurrimus,
2299 4477 2353 4521 et
2402 4462 2635 4519 inanium
2674 4459 3021 4529 qumstionum
3069 4454 3291 4509 nebulas

1718 4566 1917 4637 [ιιιςὶάο
1940 4564 2178 4620 veritatis
2217 4562 2413 4616 lumine
2467 4554 2851 4624 eﬂngavimns;
2902 4563 3039 4602 nunc
3102 4557 3154 4599 et
3201 4547 3289 4597 illa

1719 4656 2013 4719 videamus,
2044 4667 2161 4720 quae
2183 4658 2365 4705 contra
2397 4646 2678 4701 concilium
2702 4639 3133 4693 Chalcedonense
3165 4649 3291 4687 con-

1721 4746 2012 4802 tumeliosis
2044 4744 2260 4798 vocibus
2283 4739 2609 4799 anhelastis;
2651 4747 2874 4803 quorum
2916 4730 3287 4784 refutationem

1719 4842 1825 4896 alio
1856 4841 2124 4896 ordiemur
2147 4836 2318 4891 initio.

81 4976 2623 5026 Why”

1017 5079 1488 5189 LIBER
1580 5066 2330 5202 QUINTUS.

916 5285 1226 5329 DEFENSIO
1270 5284 1545 5327 DECRETI
1592 5279 1823 5323 SYNODI
1871 5270 2438 5319 CUALCEDONENSIS.

135 5481 176 5531 l.
202 5479 376 5533 Sciens
404 5480 593 5533 beatus
610 5470 888 5544 apostolus
916 5468 1111 5523 Paulus
1137 5466 1366 5537 profana
1387 5471 1441 5517 et
1468 5464 1624 5517 noxia

80 5567 253 5627 lethal'ts
287 5570 543 5628 doetrinm
573 5566 815 5625 instituta
844 5576 1004 5632 posse
1052 5561 1165 5617 veri
1216 5558 1395 5622 specie
1441 5556 1622 5609 olmm.

1648 5390 1929 5406 ——_I-.

1736 5460 1876 5513 brari
1908 5467 1961 5511 et
1983 5455 2268 5509 latentibus
2292 5451 2608 5504 intrinsecus
2629 5441 2781 5503 dolis,
2799 5447 2982 5508 arguta
3015 5436 3123 5491 vcrl
3144 5450 3300 5488 ctum

1736 5548 2017 5619 superﬁcie
2043 5587 2058 5613 ,
2119 5542 2438 5613 serpentium
2481 5530 2823 5605 grassationis
2864 5529 3007 5583 virus
3060 5524 3293 5581 obduci:
