3802 6242
517 222 615 276 155

1814 207 2037 264 VlGlLll
2078 204 2438 260 TAPSENSIS

3622 213 3720 265 135

505 348 604 388 nec
663 331 815 387 facile
864 331 1251 387 venenilcrutn
1293 324 1539 395 poculum
1577 322 1748 376 mellis
1793 319 2075 374 dulcedine
2103 320 2154 377 Α
2181 330 2478 385 quanquam
2524 314 2590 369 de
2629 314 2975 369 conciliorum
3011 314 3237 370 diversis
3275 316 3625 371 sanctionibus
3666 330 3721 371 et

506 423 727 478 oblitum
754 422 867 476 sive
902 421 1240 490 permixtum,
1274 416 1327 469 in
1357 417 1471 483 ipso
1511 415 1680 482 primo
1731 408 1946 464 libantis
1976 423 2070 476 gu-

509 524 593 567 stu
646 513 830 567 sentiri
859 520 1015 579 atque
1042 508 1295 571 discerni,
1328 519 1574 574 magnum
1619 501 1772 556 nobis
1806 508 1860 554 et
1895 499 2075 566 singu-

512 603 622 656 lare
654 600 958 669 indaganda:
985 598 1189 652 fraudis
1230 596 1489 649 indicium
1528 592 1762 651 dedit,ut
1803 605 1865 643 ex
1895 590 2075 655 cujus-

516 707 616 761 qne
679 691 908 745 doctoris
966 704 1173 743 morum
1199 686 1475 755 qualitate,
1502 683 1756 736 doctrina:
1801 680 2079 732 sinceritas

513 781 842 848 exploretur.
866 777 1102 847 Namque
1128 788 1183 831 ut
1215 774 1351 829 facili
1405 782 1459 827 et
1500 779 1738 840 prompta
1776 767 2079 836 sagacitatis

514 855 827 933 attentione,
864 869 1138 923 sceleratae
1160 866 1419 919 doctrinm
1479 860 1745 931 prmstigia
1785 857 2083 925 deprehen-

517 957 645 1010 dere
671 958 961 1021 valeamus,
986 959 1218 1024 ipsorum
1258 955 1409 1007 nobis
1429 960 1699 1021 auctorum
1721 948 1842 1001 vitia
1865 947 2089 1015 probro-

517 1050 593 1100 sis
623 1056 677 1100 et
705 1048 932 1115 indign's
957 1048 1279 1112 voluptatum
1331 1040 1566 1095 moribus
1616 1036 1965 1107 perpetranda
1991 1037 2084 1090 de-

516 1139 707 1207 pinxit,
765 1140 943 1192 dicens
982 1155 996 1190 :
1038 1136 1101 1188 In
1153 1134 1433 1188 novissimis
1486 1133 1789 1201 temporibus
1832 1128 2088 1181 instabunt

521 1235 745 1296 tempora
763 1228 1067 1293 periculosa,
1124 1236 1169 1276 et
1200 1232 1343 1275 erunt
1383 1223 1607 1275 homines
1636 1223 1823 1287 seipsos
1841 1228 2087 1280 amantes,

499 1319 715 1386 cupidi,
740 1319 954 1388 superbi,
982 1316 1280 1384 blasphemi,
1334 1314 1623 1383 parentibus
1670 1328 1770 1363 non
1791 1311 2088 1377 olndientes,

515 1408 721 1475 ingrati,
763 1408 976 1471 scelesti,
1020 1406 1219 1474 perﬁdi,
1252 1405 1357 1457 sine
1383 1406 1500 1471 ﬁde,
1533 1404 1637 1454 sine
1658 1400 1863 1466 a/fectu,
1915 1396 2091 1450 crimi-

516 1505 741 1564 natores,
774 1512 947 1562 pacem
970 1513 1072 1548 non
1102 1495 1439 1548 custodientes
1469 1491 1547 1561 (ll
1611 1490 1746 1543 Tim;
1784 1504 1865 1557 ιιι,
1907 1487 1981 1556 l),
2039 1499 2094 1542 et

521 1594 729 1639 caetera.
764 1585 880 1639 Non
910 1597 992 1640 est
1017 1602 1145 1654 ergo
1194 1587 1515 1652 ambiguum,
1577 1597 1640 1636 ex
1687 1581 1955 1648 impietate
1988 1578 2093 1631 ba:-

2175 407 2447 459 nominum
2475 405 2720 474 religiose
2740 405 2936 460 additis
2972 406 3317 474 novitatibus,
3346 406 3641 475 plenissime
3665 414 3716 463 in

2177 496 2254 549 eis
2302 496 2449 549 libris
2502 510 2636 563 quos
2694 495 2950 551 adversus
2991 497 3302 561 Sabellium,
3354 496 3627 552 Pbotinum
3672 510 3727 553 et

2179 585 2389 652 Arium,
2425 586 2525 639 sub
2554 585 2767 639 nomine
2794 586 3092 649 Athanasii,
3136 598 3383 655 tanquam
3432 587 3475 641 si
3506 602 3725 656 prasen-

2183 684 2259 729 tes
2291 676 2795 745 cuttt_-pra:settt.bus
2835 685 3055 745 agerent
3085 677 3195 746 (ubi
3238 679 3400 732 etiam
3441 677 3725 747 Cognitorit

2183 780 2415 835 persona
2466 766 2682 821 videtur
2731 766 2967 835 inducta)
3014 769 3468 835 conscripsimus,
3510 786 3537 822 a
3583 774 3731 824 nobis

2186 858 2343 913 fuerit
2392 871 2736 926 expressum;
2777 866 2949 912 tamen
2995 869 3048 913 et
3079 874 3218 913 nunc
3258 874 3520 929 perpauca
3560 863 3733 916 studio

2188 948 2464 1003 brevitatis
2490 946 2795 1013 inserimus,
2827 962 2891 1002 ex
2914 949 3100 1016 quibus
3130 950 3260 1004 istos
3284 950 3485 1005 clareat
3516 955 3731 1007 nimium

2188 1040 2465 1107 imperitos
2494 1048 2547 1093 et
2587 1040 2902 1093 temerarios
2942 1055 3079 1107 esse,
3121 1042 3207 1109 qui
3250 1044 3508 1107 nesciant,
3546 1048 3735 1101 multas

2191 1130 2310 1184 fidei
2348 1130 2772 1197 constitutiones,
2816 1140 2931 1199 post
2962 1130 3228 1185 Nicmnam
3270 1135 3528 1203 synodum
3554 1150 3733 1189 centra

2190 1233 2448 1273 novorum
2493 1220 2857 1273 haereticorum
2898 1220 3110 1276 insanas
3148 1226 3473 1291 eruptiones,
3510 1228 3735 1283 diversis

2193 1309 2244 1363 in
2273 1309 2403 1363 locis
2428 1319 2777 1378 congregatos
2803 1310 3081 1379 episcopos
3103 1314 3351 1368 edidisse.

2263 1398 2346 1454 ιιι.
2380 1399 2445 1452 Ει
2474 1401 2649 1468 primo
2678 1401 2890 1466 quidem
2935 1404 3071 1470 apud
3107 1406 3480 1460 Alexandriam
3510 1411 3734 1463 Athana-

2192 1490 2324 1556 sius,
2354 1490 2633 1555 Eusebius,
2666 1490 2877 1546 Lucifer
2904 1508 2998 1562 per
3028 1496 3276 1566 legatum,
3306 1507 3363 1553 et
3382 1502 3626 1569 aliquanti
3653 1509 3736 1571 qui

2195 1597 2363 1652 nuper
2416 1582 2483 1637 de
2542 1583 2734 1637 exsilio
2792 1583 3003 1641 fuerant
3054 1588 3294 1652 reducti,
3347 1596 3736 1659 convenientis,

526 1675 705 1729 retice:
731 1677 1006 1745 pravitatis
1025 1678 1123 1745 57
1155 1674 1499 1736 descendere,
1525 1672 1829 1741 parentibus
1853 1685 1956 1723 non
1970 1669 2101 1725 obc-
2134 1670 2179 1729 B
2205 1667 2504 1742 quanquam
2531 1684 2711 1729 essent
2740 1691 2965 1730 numero
2995 1680 3166 1745 pauci,
3195 1682 3288 1735 sed
3320 1686 3520 1738 meritis
3548 1690 3736 1755 magni,

468 1786 479 1805 ι
523 1766 658 1831 dire,
703 1768 1023 1836 eosdemque
1058 1766 1204 1819 falsis
1240 1766 1664 1819 criminatiomnn
1705 1762 1896 1831 jaculis
1934 1775 2093 1829 appec

528 1867 660 1911 tere.
687 1856 818 1911 llinc
849 1857 987 1911 enim
1025 1855 1152 1909 tales
1199 1855 1429 1924 perfidos
1464 1862 1517 1906 ct
1563 1854 1678 1906 sine
1728 1851 1850 1914 fide,
1884 1858 2097 1917 aposto-

533 1949 665 2002 licus
688 1963 863 2001 sermo
896 1950 1119 2014 notavit,
1144 1947 1284 2013 quod
1314 1944 1620 2012 parentibus
1659 1959 1761 1995 non
1790 1941 1960 1995 solum
1992 1940 2100 1993 ino-

536 2038 834 2102 bcdientes,
863 2052 1044 2090 verum
1072 2038 1230 2089 etiam
1283 2033 1528 2089 acerrimi
1564 2048 1747 2087 eorum
1801 2032 2099 2084 criminato—

529 2140 614 2180 res
645 2127 894 2179 existant.
920 2125 1048 2191 Quae
1088 2124 1205 2176 cum
1262 2123 1335 2175 ita
1373 2123 1501 2185 sint,
1554 2121 1681 2175 nulli
1715 2120 1819 2174 erit
1865 2122 2098 2186 profecto

530 2216 859 2282 ambiguum,
901 2214 1031 2268 istos
1060 2214 1336 2266 haereticos
1365 2225 1505 2275 esse,
1528 2212 1617 2279 qui
1649 2210 1817 2264 sancti
1847 2226 1909 2264 ac
1942 2222 2101 2264 vene-

534 2318 589 2355 ra
601 2303 669 2354 hil
693 2318 717 2356 s
740 2300 1407 2355 conciliiChalcedonensis
1430 2300 1643 2353 decreta
1669 2309 1919 2366 respuunt
1944 2307 2101 2364 atque

539 2402 905 2456 contemnunt,
947 2398 1321 2459 tantorumque
1347 2390 1556 2443 Patrum
1606 2390 1866 2457 religiosis
1909 2388 2102 2440 consti—

536 2480 824 2533 tutionibus
855 2480 1037 2533 audaci
1083 2480 1377 2532 temeritate
1422 2480 1673 2531 resistunt
1717 2494 1743 2529 a
1774 2476 1873 2529 fide
1898 2490 1989 2531 eos
2011 2490 2101 2529 ca-

539 2572 731 2625 tholica
759 2572 1060 2625 declinasse
1090 2586 1181 2624 ore
1203 2571 1461 2637 sacrilego
1484 2569 1843 2622 criminantes.

609 2662 669 2714 ll.
706 2661 771 2715 Et
800 2662 973 2729 primo
1005 2660 1218 2729 quidem
1242 2675 1334 2714 eos
1362 2662 1425 2713 de
1448 2661 1691 2728 personis
1722 2673 1861 2715 nunc
1890 2657 1955 2712 de
1977 2672 2105 2712 con-

539 2754 661 2807 cilio
686 2753 890 2821 ejectis,
925 2753 1226 2819 iterumque
1252 2762 1370 2820 post
1393 2735 1688 2819 temporum
1720 2749 1882 2805 interi
1896 2750 1997 2802 alla
2023 2761 2106 2801 re-

540 2843 707 2911 ceptis
748 2852 1018 2895 accusant.
1050 2841 1210 2907 Quasi
1241 2856 1367 2894 vero
1411 2855 1516 2893 non
1556 2841 1626 2893 sit
1667 2838 2022 2892 Christianum
2051 2844 2108 2891 et

542 2933 915 3003 apostolicum,
965 2948 1084 2986 eum
1118 2931 1202 2999 qui
1245 2930 1485 2985 fortassis
1525 2931 1594 2985 ob
1631 2927 1988 2983 contentionis
2031 2927 2105 2980 ti-

2196 1752 2559 1828 pleniSSimam
2595 1773 2778 1816 contra
2806 1763 3187 1833 Macedoniam,
3209 1769 3275 1823 de
3306 1771 3483 1826 Sancti
3520 1752 3741 1843 Spiritus
3799 1786 3802 1801 ‘

2196 1851 2390 1908 deitate
2429 1853 2783 1909 confessionis
2820 1856 3077 1925 regulam'
3102 1863 3556 1929 conscripserunt;
3599 1867 3738 1935 ejus-

2201 1939 2324 1995 dem
2356 1957 2501 2011 eum,
2535 1946 2684 2011 cujus
2715 1945 2870 2000 Pater
2897 1958 2949 2001 et
2980 1947 3161 2015 Filius,
3191 1955 3497 2008 subst'ntie
3534 1957 3739 2013 demou-

2197 2040 2428 2088 strantes
2458 2050 2471 2085 :
2499 2044 2681 2088 contra
2721 2052 2853 2105 quos
2885 2037 2991 2105 ille,
3026 2039 3163 2094 sicut
3189 2051 3243 2094 et
3282 2043 3365 2096 isti
3398 2042 3608 2113 faciunt,
3654 2048 3737 2100 Ni-

2200 2122 2332 2174 caeni
2379 2123 2587 2177 concilii
2628 2127 2942 2180 auctoritate
2983 2128 3268 2195 nitebatur,
3317 2142 3559 2187 aSserens‘
3594 2150 3685 2190 eos
3716 2151 3737 2189 ι

2202 2209 2414 2264 Patrum
2442 2215 2720 2268 sententiis
2745 2208 3059 2283 declinasse;
3102 2232 3237 2271 nova
3284 2229 3356 2283 et,
3384 2232 3442 2275 ut
3481 2224 3587 2290 ipse
3614 2225 3736 2279 dice

2203 2300 2311 2364 bat,
2355 2301 2510 2370 itnpia
2550 2303 2615 2358 de
2658 2304 2856 2372 Spiritu
2887 2306 3082 2362 Sancto
3136 2310 3487 2377 decernendo,
3521 2329 3633 2381 qua:
3674 2316 3736 2367 ibi

2204 2405 2412 2448 cOnstat
2453 2395 2639 2449 tradita
2672 2412 2775 2451 non
2810 2397 2994 2453 fuisse.
3028 2400 3139 2465 Qua
3184 2402 3471 2470 impietatis
3512 2411 3738 2473 prtscri-

2210 2486 2408 2553 ptione,
2445 2486 2768 2554 Apollinaris
2804 2494 3014 2557 quoque
3043 2489 3110 2543 de
3151 2490 3407 2547 incarnati
3449 2476 3599 2549 Verbi

2204 2576 2338 2629 sima
2369 2580 2797 2645 interpretatione
2827 2594 3005 2634 contra
3037 2582 3327 2638 Ecclesiam
3369 2590 3549 2643 utitur.
3598 2591 3738 2644 Deni-

2206 2683 2309 2735 que
2344 2668 2600 2723 adversus
2638 2670 2945 2739 sacrilegam
2991 2673 3163 2742 impia:
3191 2676 3530 2743 professionis
3578 2686 3741 2735 uniu-

2207 2770 2333 2828 tem,
2365 2776 2486 2831 qute
2518 2776 2609 2828 per
2630 2763 2833 2829 Usium,
2866 2764 3154 2830 Valentem,
3188 2767 3451 2824 Ursatium
3481 2780 3532 2826 et
3552 2772 3739 2828 Gerasi.

2209 2853 2377 2917 ninm,
2424 2863 2753 2922 caeterosque
2793 2854 2983 2908 similis
3020 2857 3294 2925 pravitatis
3334 2862 3470 2926 apud
3507 2862 3742 2916 Sirmium

2211 2942 2417 2996 fuerant
2442 2943 2765 3011 conscripta,
2796 2945 3025 3020 universi
3054 2946 3351 3003 Orientalis
3381 2952 3609 3020 episcopi
3630 2968 3741 3006 con-

543 3031 672 3078 tium
712 3025 777 3078 de
818 3024 1044 3077 concilio
1074 3021 1247 3077 fuerat
1292 3024 1514 3091 (-jcctus,
1567 3022 1762 3076 debere
1806 3022 1998 3075 iterum
2036 3019 2103 3071 ob

2212 3035 2499 3099 venientes,
2524 3034 2678 3099 alias,
2718 3034 2768 3089 id
2801 3018 2885 3091 est
2914 3037 3191 3103 duodecim
3214 3017 3590 3098 sententiarum
3622 3047 3744 3099 dell-

546 3121 691 3185 pacis
718 3126 769 3169 et
799 3115 1099 3167 concordia:
1128 3115 1350 3182 gratiam
1379 3111 1561 3181 recipi.
1593 3110 1702 3165 Hac
1729 3111 1870 3165 enim
1900 3109 2106 3163 ratione

546 3217 793 3276 poterunt
825 3218 889 3259 et
910 3206 1129 3259 Paulum
1170 3205 1465 3274 apostolum
1501 3217 1774 3269 accusare,
1807 3202 1947 3272 quod
1977 3202 2105 3256 dum

544 3296 828 3363 luannem,
857 3297 945 3365 qui
986 3296 1389 3365 cognominatus
1407 3303 1508 3355 ,est
1533 3294 1762 3356 Marcus,
1793 3294 1858 3346 de
1886 3305 1985 3345 suo
2012 3306 2106 3346 co-

546 3391 732 3443 mitatu
758 3390 1061 3455 abiecisset,
1096 3391 1163 3439 ita
1197 3397 1251 3439 ut
1277 3400 1373 3440 nec
1396 3386 1599 3455 roganti
1630 3384 1884 3438 Barnabas
1905 3385 2110 3453 acquie-

546 3491 742 3543 sceret,
786 3480 901 3547 pari
930 3493 1052 3533 eum
1093 3480 1349 3531 societate
1379 3476 1431 3529 in
1462 3474 1760 3529 ministerio
1788 3472 1936 3527 verbi
1974 3476 2111 3527 asci-

546 3586 697 3625 scere
720 3570 1085 3639 (quamobrem
1120 3571 1255 3621 inter
1286 3576 1460 3624 tantus
1486 3577 1540 3621 et
1570 3577 1675 3621 tam
1703 3568 1946 3637 egregios
1969 3569 2110 3621 viros

549 3663 669 3716 talis
700 3666 972 3716 contentio
1000 3673 1115 3714 orta
1138 3670 1243 3726 est,
1275 3671 1331 3713 ut
1364 3660 1699 3715 discederent
1718 3660 1786 3714 ab
1827 3660 2107 3730 invicem);

550 3767 736 3805 rursus
775 3761 949 3805 autem
995 3752 1190 3805 Paulus
1229 3753 1475 3805 eumdem
1524 3751 1780 3820 Marcum,
1816 3766 1975 3821 quem
2016 3751 2113 3805 du-

552 3842 677 3895 dum
721 3840 1011 3908 abjecerat,
1061 3842 1290 3908 ret‘epil,
1328 3841 1568 3895 scribens
1606 3841 1888 3895 Timotheo
1923 3858 1938 3894 ξ
1970 3840 2115 3893 Μαν-

550 3949 663 3985 cum
692 3947 911 3996 assume,
955 3940 1001 3983 et
1028 3930 1196 3982 adduc
1225 3940 1423 3992 tecum;
1452 3940 1523 3983 est
1552 3932 1685 3984 enim
1726 3932 1848 3984 mihi
1888 3930 2027 3984 utilis
2061 3933 2139 4001 in,

555 4024 830 4076 ministerio
878 4020 961 4091 (II
993 4021 1125 4073 Tim.
1160 4036 1232 4083 tv,
1274 4025 1379 4090 tl).
1418 4023 1491 4076 Ita
1532 4038 1659 4091 ergo
1701 4032 1754 4076 et
1798 4023 1876 4077 illi
1907 4023 2112 4087 Patres,

556 4128 690 4182 quos
720 4114 915 4165 dudum
949 4113 1191 4165 fortassis
1212 4113 1279 4164 de
1307 4112 1534 4166 concilio
1563 4116 1631 4167 ob
1661 4113 1891 4181 aliquam
1921 4129 2112 4167 noxam

560 4206 1128 4275 ejeceranthuoniam
1165 4206 1414 4259 Salomon
1445 4206 1519 4259 ait
1544 4223 1556 4258 :
1580 4203 1723 4272 Ejice
1749 4206 2115 4257 contentissum

555 4300 618 4350 de
643 4300 877 4360 concilio,
902 4308 1083 4350 etcum
1112 4315 1169 4350 eo
1192 4300 1326 4350 vadit
1356 4300 1609 4351 contentio
1637 4302 1751 4369 ejus
1777 4296 1954 4369 [Ρτου.
1983 4284 2112 4365 xxtt,

2211 3126 2441 3178 nitiones
2477 3124 2774 3189 ediderunt,
2806 3142 2924 3194 quae
2955 3127 3163 3184 Nicaeno
3193 3133 3419 3185 concilio
3445 3149 3545 3187 non
3581 3138 3743 3189 conti-

2211 3227 2422 3271 nentur.
2450 3218 2580 3271 ltem
2616 3219 2751 3284 apud
2794 3218 3065 3273 Sardicam
3108 3224 3342 3276 omnium
3374 3227 3745 3291 prminciarum

2210 3312 2444 3366 Orientis
2466 3313 2703 3381 episcopi
2730 3316 3056 3383 congregati,
3084 3315 3135 3369 id
3171 3326 3253 3370 est
3280 3317 3569 3382 Thebaida,
3597 3318 3746 3373 Pal:-

2210 3390 2370 3463 stina,
2404 3400 2674 3467 Phoenice,
2708 3402 3102 3469 Mesortotamia,
3138 3405 3389 3474 A‘ngpto,
3421 3410 3623 3473 Arabia,
3656 3410 3745 3477 Sy-
3800 3470 3802 3473 ι

2210 3494 2311 3556 ria,
2348 3492 2556 3557 Cilicia,
2596 3492 2947 3562 Cappadocia,
2982 3496 3166 3562 Ponto,
3211 3497 3584 3568 Paphlagonia,
3613 3499 3746 3553 Gala.

2219 3584 2312 3646 tia,
2357 3582 2623 3652 Bithynia,
2675 3584 3035 3652 Hellesponto,
3080 3587 3222 3649 Asia,
3260 3585 3503 3658 Phrygiis
3540 3590 3744 3645 duabus.
3800 3598 3802 3631 ι

2214 3673 2439 3736 Pisidia;
2462 3673 2749 3742 Cycladum
2778 3674 3088 3737 insularum,
3110 3674 3439 3746 Pamphylia,
3463 3676 3635 3743 Caria,
3664 3679 3747 3745 Ly-
3800 3710 3802 3745 i

2215 3764 2344 3829 dia;
2391 3764 2635 3833 Europae,
2675 3765 2921 3831 Thracia,
2959 3765 3308 3831 Emitnonto,
3350 3769 3537 3839 Mysia,
3565 3770 3744 3822 Panno-

2215 3856 2317 3909 niis
2344 3856 2450 3926 59
2479 3856 2703 3910 duabus.
2739 3855 2905 3922 lianc,
2952 3857 3213 3926 inquiunt,
3247 3861 3567 3926 exposuimus
3592 3858 3743 3926 ﬁdem.

2216 3944 2272 4000 In
2299 3961 2400 4015 qua
2426 3948 2758 4012 reperiuntur
2784 3957 2985 4012 septem
3014 3947 3377 4001 definitionum
3410 3948 3631 4013 capitula
3672 3948 3744 4001 NL-

2217 4050 2381 4091 ca‘nae
2407 4037 2722 4103 expositimti
2750 4036 3039 4101 addidisse,
3072 4052 3185 4106 qua:
3216 4038 3290 4090 illi
3324 4037 3603 4105 negabant,
3628 4053 3743 4089 con-

2220 4140 2299 4183 tra
2330 4144 2464 4197 quos
2503 4129 2785 4182 concilium
2826 4127 2997 4184 fut-rat
3033 4138 3430 4197 congregatum.
3471 4129 3611 4182 illius
3640 4143 3743 4180 vero

2219 4220 2473 4273 catholici
2496 4218 2707 4273 Concilii
2730 4218 2868 4286 apud
2896 4217 3147 4273 Sirmium
3183 4229 3366 4273 contra
3396 4218 3665 4272 Photinum
3690 4232 3744 4269 cx

2222 4315 2334 4362 toto
2360 4307 2578 4361 Oriente
2606 4307 2929 4375 congregati,
2964 4308 3084 4375 quis
3114 4306 3339 4362 sufﬁciat
3366 4308 3570 4378 multipl
3592 4321 3671 4361 ces
3698 4308 3745 4357 ti.

564 4386 699 4461 10]),
733 4388 922 4441 iterum
951 4402 1045 4442 eos
1083 4387 1474 4442 etuendatlores
1500 4365 1675 4441 factos
1695 4391 1747 4442 in
1779 4365 1925 4457 pacis
1951 4391 2103 4459 grati:

2222 4398 2306 4455 dei
2337 4399 2636 4454 sanctiones
2674 4398 3149 4470 comprehendere,
3182 4415 3297 4468 quat
3339 4400 3479 4467 apud
3506 4400 3743 4454 Nicaeam

565 4488 898 4545 receperunt.
934 4478 987 4533 Si
1013 4488 1190 4532 tamen
1220 4480 1289 4531 ita
1333 4489 1435 4547 est,
1465 4478 1548 4533 vel
1581 4494 1765 4533 verum
1802 4488 1905 4548 est,
1938 4488 1995 4533 ut
2033 4480 2119 4534 isti

563 4566 822 4636 petulanti
863 4569 1146 4635 supercilio
1188 4567 1536 4623 contendunt.
1569 4568 1768 4624 Deinde
1815 4571 1916 4623 alia
1964 4585 2117 4632 nova,

562 4673 719 4726 quam
748 4674 865 4725 qua:
900 4658 1126 4711 concilio
1153 4657 1365 4711 Niceno
1396 4666 1588 4712 statuta
1620 4658 1852 4723 fuerant,
1894 4659 2117 4713 Chalce-

564 4750 851 4804 donensem
876 4750 1136 4817 synodum
1160 4747 1461 4801 decrevisse
1476 4750 1856 4812 criminantur;
1882 4749 2123 4803 nescien-

567 4850 644 4893 tes
678 4840 910 4909 regulam
960 4848 1010 4890 et
1041 4836 1476 4890 consuetudinem
1508 4838 1855 4890 conciliorum
1896 4839 2117 4891 catholi-

564 4945 769 4991 corum,
794 4929 868 4981 sic
897 4943 1028 4981 nova
1055 4927 1439 4997 posterioribus
1464 4928 1720 4990 conciliis,
1756 4938 1911 4995 prout
1938 4941 2121 4981 neces-

563 5021 693 5074 sitas
732 5021 1117 5087 emergentium
1170 5019 1538 5071 hmreticorttm
1580 5022 1856 5088 esegerit,
1913 5020 2121 5073 sancire

565 5116 778 5167 decreta
806 5130 820 5176 ;
844 5120 901 5163 ut
932 5123 1102 5163 tamen
1130 5112 1324 5165 invicta
1350 5119 1598 5165 maneant
1618 5125 1737 5178 quae
1755 5109 1952 5163 dudum
1983 5108 2120 5162 anti-

565 5202 834 5273 quioribus
862 5201 1102 5255 conciliis
1142 5208 1324 5255 contra
1354 5208 1561 5254 veteres
1593 5185 1873 5254 haereticos
1914 5198 2120 5252 fuerant

568 5292 917 5362 promulgata.
948 5290 1076 5344 Nam
1098 5291 1143 5344 si
1169 5298 1284 5358 post
1312 5290 1510 5344 Nicmni
1533 5290 1742 5345 concilii
1766 5299 1959 5344 statuta
1993 5288 2119 5341 nihil

568 5384 790 5451 amplius
819 5383 938 5436 licet
970 5383 1230 5449 recipere,
1256 5396 1355 5447 qua
1379 5382 1694 5435 auctoritate
1716 5380 1970 5448 Spiritum
1992 5394 2117 5434 san-

567 5484 708 5528 ctum
738 5474 895 5527 unius
922 5473 1027 5542 58
1052 5486 1171 5526 cum
1204 5470 1356 5525 Patre
1378 5472 1691 5526 substantiae
1718 5472 2006 5526 audeamus
2031 5487 2118 5525 as-

573 5572 765 5629 serere,
799 5565 935 5633 quod
968 5566 1034 5619 ibi
1065 5568 1275 5617 constat
1312 5564 1523 5639 omnino
1558 5564 1771 5617 tacitum
1814 5561 2017 5619 fuisse?
2051 5564 2117 5619 Et

2224 4488 2505 4558 synodum,
2538 4488 2660 4556 quia
2706 4488 2824 4543 talis
2849 4489 2926 4543 rei
2958 4490 3245 4544 necessitas
3276 4490 3419 4543 nulla
3449 4494 3633 4552 luerat,
3660 4505 3687 4541 ιι
3719 4504 3743 4539 n

2223 4586 2346 4633 sunt
2368 4580 2584 4633 omnino
2620 4579 2844 4642 sancita,
2877 4593 2995 4649 qua
3024 4578 3199 4634 nullus
3227 4578 3462 4634 ﬁdelium
3506 4579 3655 4633 audet
3680 4592 3744 4631 re.

2222 4681 2433 4732 spuere.
2460 4675 2550 4720 aut
2573 4676 2849 4720 cunctatur
2869 4669 3127 4733 recipere,
3156 4670 3199 4722 si
3230 4685 3332 4723 non
3359 4671 3475 4724 vult
3499 4686 3616 4725 utut
3633 4668 3744 4727 Pho-

2227 4757 2338 4810 tino
2366 4755 2715 4809 anathematis
2751 4770 2936 4809 eorum
2962 4760 3236 4811 sententiae
3259 4758 3570 4826 subiacere!

2302 4848 2389 4902 IV.
2428 4847 2528 4901 Sed
2560 4848 2667 4914 jam
2711 4847 2835 4900 illud
2878 4848 3171 4911 videamus,
3201 4863 3331 4917 quas
3366 4848 3453 4902 isti
3484 4851 3553 4903 de
3577 4846 3744 4901 duabus

2232 4938 2438 4990 naturis
2462 4934 2685 4988 afferant
2705 4936 3048 5003 quaestiones,
3068 4952 3287 5002 quarum
3313 4951 3568 5005 nusquam
3588 4938 3646 4988 ab
3664 4952 3741 4985 suo

2232 5028 2387 5096 siquis
2428 5027 2678 5081 Ecclesia:
2703 5027 3093 5098 stractatoribus
3126 5028 3312 5081 factam
3342 5038 3585 5083 asserunt
3621 5041 3743 5079 meu-

2230 5120 2448 5180 tionem,
2482 5118 2574 5176 sed
2606 5132 2634 5168 a
2678 5117 2930 5182 Diodoro,
2967 5127 3019 5172 et
3046 5116 3345 5178 Theodoro.
3384 5128 3437 5171 ct
3462 5118 3632 5172 Leone
3653 5116 3739 5179 eui.

2228 5212 2403 5277 scopis
2433 5208 2571 5261 velut
2598 5221 2789 5267 novum
2813 5206 3000 5274 dogma
3026 5205 3077 5259 fu
3101 5222 3185 5261 sse
3210 5206 3497 5270 inventum,
3530 5221 3614 5276 per
3630 5200 3741 5273 qod

2228 5296 2485 5352 .lndaismi
2528 5295 2684 5348 simul
2734 5306 2783 5348 et
2812 5295 3119 5363 gentilitatis
3158 5311 3306 5351 error
3350 5296 3511 5351 fuerit
3544 5296 3743 5351 introdu-

2227 5401 2365 5452 ctus,
2394 5388 2516 5442 dnm
2549 5388 2601 5441 in
2625 5389 2837 5443 Christo
2866 5389 3058 5456 aliquid
3081 5403 3197 5444 esse
3221 5397 3456 5443 creatum
3479 5387 3742 5453 factumqu

2226 5478 2409 5533 suadet
2442 5478 2703 5532 confiteri.
2733 5476 2778 5530 Ο
2810 5478 3039 5547 imperiti
3075 5487 3127 5533 et
3171 5479 3313 5532 omni
3341 5479 3576 5534 veritatis
3596 5482 3743 5533 sacris
3766 5486 3795 5509 ιλ

2227 5576 2406 5623 mento
2428 5568 2624 5635 ignari!
2682 5567 2889 5635 Ergone
2920 5582 3174 5634 nusquam
3207 5566 3405 5632 antiqui
3439 5567 3612 5622 Patres
3630 5562 3739 5619 dar
3768 5562 3795 5615 1%

3482 5729 3802 6242 Α
