3842 6226
88 244 177 296 157
1172 237 1431 292 CONTRA
1475 234 1932 295 EUTYCIIETEM
1976 242 2099 296 LIB.
2146 243 2202 294 V.

3207 237 3305 291 13$

82 368 192 406 ium
226 353 278 402 in
313 349 522 405 Cltristc
559 358 872 403 naturarum
913 348 1104 401 faciunt
1150 350 1508 402 mentionem?
1541 349 1637 402 Lc-
1667 351 1716 409 Α
1743 359 1976 404 strautur
2005 369 2121 406 esse
2165 367 2425 420 personm.
2460 353 2563 406 Aut
2589 353 2633 405 si
2661 361 2768 406 tres
2794 359 2935 405 'sunt
2973 367 3209 421 personm
3244 367 3298 410 et

82 443 199 508 gite,
228 456 262 492 ο
293 439 494 501 miseri,
523 438 649 506 quid
681 437 1018 498 Athanasius,
1048 437 1293 499 llilarius,
1330 438 1563 490 Joannes
1588 446 1641 490 ct

83 529 398 582 Ambrosius
424 528 793 590 conlessorcs;
824 525 945 594 quid
967 526 1309 593 Theophilus,
1332 526 1641 594 Gregorius,

85 619 329 678 Basilius,
372 617 598 686 Cyrillus
644 625 697 670 et.
727 617 1046 685 Augustinus
1094 617 1161 669 de
1194 617 1398 669 duabus
1440 617 1645 668 naturis

91 708 415 768 edisseram;
458 716 513 760 et
547 704 756 759 tandem
784 705 851 760 ab
893 705 1213 774 Apollinaris
1248 715 1300 759 et
1338 703 1644 774 Eutychetis

92 811 270 849 errore
321 796 899 864 desinite:sequentes
945 797 1187 860 egregios
1231 804 1283 848 et
1323 796 1645 848 clarissimos

88 889 242 952 viros,
287 897 348 941 et
380 889 431 940 in
476 887 578 940 lide
608 888 866 942 catholica
899 889 1062 939 totius
1088 886 1268 940 mundi
1290 887 1491 953 judicio
1520 901 1646 955 pro-

91 978 409 1041 batissimos,
441 993 666 1044 quorum
708 977 1001 1030 sententias
1028 990 1252 1031 necesse
1282 991 1377 1030 nos
1405 976 1525 1041 erit,
1558 977 1645 1030 ubi

87 1078 441 1133 opportunum
486 1067 808 1132 videbimus,
860 1075 1166 1122 annectere.
1203 1067 1353 1122 Nunc
1395 1068 1524 1122 illud
1565 1076 1648 1122 est

89 1159 270 1211 divinis
328 1157 661 1210 edocendum
721 1157 1074 1220 testimoniis,
1123 1164 1177 1210 et
1234 1166 1471 1210 creatum
1528 1171 1648 1211 esse

91 1251 356 1302 Christum
386 1249 674 1302 secundum
699 1249 972 1302 veritatem
1001 1248 1242 1302 humanae
1271 1248 1384 1318 ejus
1423 1259 1659 1327 natura},

90 1349 137 1391 et
172 1340 421 1391 eumdem
473 1353 595 1391 esse
642 1337 888 1392 infectum
939 1339 1230 1395 secundum
1276 1340 1648 1407 proprietatem

94 1433 434 1484 nihilominus
455 1431 651 1483 divinze
682 1431 797 1498 ejus
824 1436 1047 1484 natura).
1075 1431 1177 1485 Sed
1202 1446 1363 1484 unum
1389 1431 1525 1498 quod
1559 1430 1648 1483 isti

91 1523 377 1574 difﬁtemur
429 1535 778 1589 properemus
814 1521 1116 1574 OSIendere.
1172 1521 1356 1574 Petrus
1413 1535 1538 1588 ergo
1593 1520 1646 1573 in

94 1610 299 1662 Actibus
331 1610 697 1676 apostolorum
743 1610 812 1662 ita
842 1609 1013 1662 dicit:
1049 1610 1332 1662 Certissime
1374 1611 1498 1662 sciat
1539 1625 1651 1661 om-

1747 456 1845 493 una
1883 453 2087 507 natura,
2122 443 2308 496 falsum
2340 452 2420 496 est
2460 443 2597 509 quod
2634 442 2835 506 dicunt,
2875 457 3296 509 unamquamqnn

1744 545 2028 598 personam
2088 532 2353 600 propriam
2401 533 2594 584 habere
2650 540 2909 583 naturam.
2958 532 3082 584 Nam
3131 546 3294 596 usque

1744 619 1875 673 adeo
1905 620 2120 685 falsum,
2153 630 2208 673 ut
2250 635 2367 675 cum
2404 623 2454 673 in
2493 621 2704 673 homine
2733 622 2832 672 alia
2862 621 2926 672 sit
2968 631 3150 673 natura
3183 625 3296 670 ani-

1745 725 1867 774 mae,
1894 710 1993 762 alia
2019 711 2278 776 corporis,
2313 724 2414 762 una
2455 718 2631 762 tamen
2658 710 2725 760 sit
2751 709 2976 760 hominis
3005 710 3296 771 eademque

1747 813 1994 866 persona.
2025 797 2174 852 L'nde
2203 800 2557 851 necessarium
2582 798 2760 866 judico
2789 799 2873 850 hic
2913 798 3064 865 paulo
3090 797 3192 866 ει
3224 801 3296 848 la-

1748 888 1851 942 tius
1880 902 2165 964 propagare
2190 903 2510 948 sermonem,
2545 902 2641 941 nec
2665 887 2950 940 constricta
2989 887 3063 940 uti
3092 890 3298 954 penitus

1747 977 2026 1043 brevitate,
2060 989 2115 1030 ut
2156 992 2242 1030 res
2279 978 2577 1031 necessarie
2616 977 2930 1042 aperiendas
2967 993 3298 1045 nequaquam

1749 1068 1859 1137 ipsa
1887 1067 2160 1121 brevitatis
2185 1067 2420 1134 angustia
2447 1066 2793 1120 involvamus.

1818 1156 1906 1208 Vl.
1948 1155 2321 1225 Superioribus
2361 1155 2508 1208 libris
2533 1153 2878 1218 sufﬁcienter,
2911 1163 3158 1223 quantum
3187 1156 3298 1222 opi-

1749 1260 1867 1310 nor,
1897 1245 1963 1300 de
1990 1246 2192 1298 duabus
2221 1245 2415 1299 Christi
2458 1247 2658 1298 naturis
2703 1245 3032 1314 disputantes
3063 1247 3299 1300 ostendi-

1750 1350 1890 1399 mus,
1936 1333 2380 1401 quemadinoduiu
2429 1336 2588 1387 rectis
2634 1334 3300 1400 catholicaeprofessionis

1751 1424 1907 1478 lineis
1948 1420 2219 1477 Nestorius
2246 1432 2299 1476 et
2332 1423 2594 1492 Eutychos
2636 1424 2699 1474 ad
2740 1425 3060 1490 impietatem
3094 1425 3173 1478 sui
3202 1425 3298 1478 do-

1751 1513 1942 1582 gmatis
1967 1513 2264 1576 abutentes,
2294 1511 2636 1585 densissimas
2677 1514 2877 1566 erroris
2907 1513 3157 1578 caligines
3183 1515 3301 1567 nni-

1756 1617 1907 1656 verso
1949 1602 2266 1655 obduxerint
2295 1601 2520 1654 Orienti.
2563 1601 2626 1655 At
2658 1601 2774 1668 quia
2825 1605 2874 1654 in
2926 1600 3150 1655 Domino
3179 1603 3301 1655 Jesu

93 1701 162 1750 ais
187 1699 371 1752 donius
404 1698 588 1762 Israel,
617 1701 735 1768 quia
759 1708 806 1752 et
834 1697 1102 1751 Dominum
1127 1701 1294 1764 illum,
1320 1710 1364 1752 et
1393 1698 1648 1754 Christum
1678 1694 1724 1752 Β
1751 1693 1962 1746 Clll'islo
2003 1691 2162 1746 Verbi
2211 1701 2264 1747 ει
2313 1693 2487 1745 carnis
2528 1707 2627 1745 υηει
2669 1707 2889 1759 ρρτεοηει
2934 1702 3034 1760 es"
3083 1693 3304 1760 dumque

97 1787 220 1839 Deus
247 1789 389 1858 fecit,
423 1788 557 1840 hunc
580 1787 752 1840 Jesum
778 1804 924 1856 quem
949 1803 1032 1840 vos
1071 1789 1393 1854 cruciﬁxistis
1424 1788 1558 1856 (Act.
1586 1803 1645 1854 tt,

94 1878 194 1943 56).
222 1877 352 1930 Item
380 1877 575 1930 Paulus
600 1878 661 1928 ad
689 1877 954 1932 Romanos
979 1894 990 1927 :
1026 1877 1102 1930 De
1128 1877 1282 1943 Filio,
1310 1879 1498 1946 inquit,
1529 1895 1645 1945 suo,

97 1970 170 2030 qui
197 1971 365 2035 [actus
411 1978 484 2021 est
535 1969 578 2020 ei
615 1983 676 2020 ea:
704 1970 889 2022 semine
932 1969 1094 2022 David
1134 1972 1408 2022 secundum
1450 1987 1648 2023 carnem

100 2056 259 2112 (Rom.
289 2073 328 2123 ι,
361 2057 438 2126 5).
475 2057 605 2110 Item
650 2057 713 2110 ad
747 2057 959 2111 Galatas
990 2075 1001 2109 :
1034 2056 1159 2111 Cum
1184 2070 1349 2112 autem
1388 2060 1518 2111 venit
1541 2061 1648 2128 ple-

100 2145 262 2198 nitudo
295 2157 596 2214 temporum,
621 2147 752 2198 misit
780 2145 914 2200 Deus
938 2146 1128 2200 Filium
1158 2163 1300 2200 suum
1327 2150 1514 2215 factum
1544 2149 1650 2218 60

101 2251 152 2286 ex
186 2236 395 2289 muliere
439 2236 581 2304 (Gal.
613 2252 683 2302 ιν,
713 2235 790 2304 4).
818 2236 943 2290 Item
986 2237 1050 2290 ad
1091 2237 1340 2296 llebrtnos
1369 2254 1379 2288 :
1407 2237 1647 2291 Conside-

104 2336 201 2376 rate
239 2328 524 2393 apostolum
569 2335 615 2378 et
660 2327 945 2393 pontiﬁcem
976 2327 1299 2390 confessionis
1337 2337 1522 2379 nostra:
1561 2326 1649 2380 Je-

105 2429 223 2472 siun,
264 2417 352 2479 qui
377 2416 544 2480 fidelis
581 2424 652 2468 est
711 2417 755 2466 ei
785 2417 869 2482 qui
904 2417 1019 2482 fecit
1067 2415 1211 2467 illum
1240 2415 1424 2484 (Hebr.
1464 2432 1540 2481 ιιι,
1577 2417 1646 2486 ι).

106 2502 220 2555 Item
254 2505 323 2557 ibi
354 2523 364 2556 :
407 2505 594 2569 Tanto,
626 2507 816 2574 inquit,
844 2507 1019 2558 melior
1037 2507 1230 2576 angelis
1254 2509 1436 2575 factus,
1461 2519 1649 2577 quanto

109 2594 412 2648 excellentius
451 2612 561 2664 prie
596 2596 698 2648 illis
741 2611 917 2648 nomen
959 2598 1146 2664 accepit
1171 2596 1351 2667 (Hebr.
1394 2615 1430 2656 I.
1464 2598 1543 2667 4).
1583 2600 1650 2654 Ει

110 2678 207 2743 ipse
242 2695 334 2747 per
363 2675 548 2734 Isaiam
583 2682 748 2735 Filius
776 2697 789 2732 :
824 2681 889 2734 Et
919 2698 1065 2745 nunc,
1094 2683 1282 2751 inquit,
1317 2685 1436 2735 dicit
1469 2684 1647 2736 Domi—

115 2784 219 2833 nus,
242 2774 459 2835 {mutans
490 2786 569 2823 me
596 2786 658 2822 ex
693 2781 832 2823 utero
861 2787 1054 2824 servum
1088 2773 1182 2823 sibi
1213 2772 1362 2839 (Isai.
1398 2789 1540 2836 ηις,
1571 2771 1647 2842 5).

114 2853 199 2906 Per
236 2856 570 2911 Salomonem
621 2859 778 2912 etiam
833 2868 1066 2912 creatum
1118 2874 1175 2912 se
1226 2862 1323 2913 hoc
1375 2863 1530 2913 modo
1575 2871 1650 2915 te-

116 2952 303 2997 statur:
339 2945 585 2999 Dominus
632 2949 816 3000 creavit
872 2963 947 2999 me
998 2948 1142 3000 initio
1206 2950 1396 3000 viarum
1443 2967 1649 3002 suarum

1753 1791 1975 1846 naturze,
2002 1798 2096 1852 per
2117 1797 2176 1836 ea
2205 1797 2323 1848 quae
2349 1779 2529 1850 negari
2559 1797 2660 1833 non
2692 1792 2927 1849 possunt,
2955 1783 3192 1850 neganda
3225 1785 3304 1837 in-

1753 1872 2029 1926 troducere
2051 1872 2214 1924 moliti
2249 1881 2389 1925 sunt.
2420 1871 2693 1924 Nestorius
2717 1872 2856 1925 enim
2889 1875 3164 1927 occasione
3185 1888 3304 1939 pro-

1752 1961 1996 2016 fessionis
2025 1963 2242 2014 duarum
2280 1971 2607 2024 naturarum,
2635 1962 2766 2015 duas
2791 1964 2938 2016 uisus
2966 1971 3047 2017 est
3076 1963 3124 2016 in
3148 1964 3304 2016 Chri-

1752 2061 1835 2104 sto
1859 2066 2113 2121 personas
2158 2051 2462 2104 ostendere.
2499 2051 2762 2120 Eutyches
2802 2063 2974 2106 autem
3007 2055 3159 2108 unius
3195 2071 3305 2123 per.

1751 2156 1895 2194 sonat
1925 2140 2222 2209 patrocinio
2264 2140 2490 2204 lulcitus,
2527 2155 2681 2193 unam
2710 2143 3053 2208 eamdi-mque
3072 2141 3226 2198 Verbi
3254 2154 3306 2199 et

1751 2229 1926 2283 carnis
1949 2229 2189 2282 tleliravit
2219 2242 2337 2281 esse
2369 2238 2604 2281 naturam
2637 2246 2648 2279 :
2677 2239 2729 2281 et
2758 2230 2823 2281 ita
2856 2244 3076 2298 uterque
3111 2237 3304 2286 verita-

1751 2329 1853 2373 tem
1894 2322 2151 2390 religiosm
2187 2321 2532 2388 professionis
2562 2321 2625 2373 ad
2660 2321 2980 2389 impietatem
3030 2324 3108 2376 sui
3141 2327 3306 2378 traxit

1750 2414 1950 2466 erroris
1983 2411 1999 2464 ε’
2026 2414 2112 2479 qui
2151 2414 2192 2466 si
2223 2414 2401 2466 divino
2431 2423 2704 2468 uterentur
2735 2414 3054 2482 magisterio,
3085 2425 3138 2469 et
3165 2433 3304 2484 pra:-

1752 2507 1865 2558 vios
1905 2505 1956 2557 in
2001 2506 2112 2558 suis
2137 2504 2393 2558 doctrinis
2433 2513 2781 2571 sequerentur
2823 2503 3109 2571 apostolos.
3143 2521 3306 2574 agno-

1751 2603 1962 2649 scerent
2005 2595 2183 2664 utique
2226 2603 2279 2648 et
2308 2595 2440 2648 duas
2485 2595 2535 2646 in
2581 2609 2682 2646 una
2721 2608 2942 2661 persona
2989 2604 3221 2656 naturas,
3253 2605 3306 2650 et

1753 2700 1907 2736 unam
1933 2685 1981 2736 in
2013 2683 2216 2736 duabus
2237 2685 2438 2736 naturis
2470 2697 2623 2750 posse
2650 2695 2770 2735 esse
2800 2697 3098 2750 personam.
3131 2685 3305 2754 Siqui-

1752 2775 1870 2827 dem
1912 2774 2088 2842 negari
2139 2790 2240 2827 non
2283 2783 2470 2840 potest,
2506 2782 2562 2826 ut
2603 2777 2841 2840 superius
2871 2775 3001 2844 dixi,
3036 2777 3301 2830 hominem

1752 2878 1817 2915 ex
1852 2862 2053 2915 duabus
2096 2870 2340 2916 constare
2383 2862 2602 2927 naturis,
2637 2862 2825 2914 anim:e
2864 2863 3068 2916 scilicet
3106 2871 3160 2917 et
3187 2879 3307 2918 car-

1754 2950 1855 3002 nis.
1889 2949 2054 3003 Nemo
2086 2959 2258 3003 tamen
2290 2951 2384 3003 nisi
2417 2951 2689 3018 insipiens,
2718 2963 2770 3005 et
2795 2952 2954 3005 totius
2978 2953 3198 3007 rationis
3216 2970 3307 3008 cx-

118 3031 275 3096 (Prov.
307 3051 415 3096 vni,
447 3036 561 3105 2‘2).
596 3037 746 3101 Quod
793 3037 1082 3091 secundum
1117 3038 1458 3094 humanitatis
1502 3051 1650 3094 natu-
1679 3036 1724 3099 C
1756 3052 1895 3106 pers,
1930 3047 2074 3091 recte
2104 3037 2370 3090 hominem
2403 3037 2592 3092 dixerit
2618 3039 2748 3092 duas
2787 3039 2979 3094 habere
3010 3056 3264 3108 personas
3291 3060 3303 3094 :

119 3136 235 3184 ram,
261 3139 412 3193 quam
441 3127 492 3179 in
521 3128 771 3192 temporis
795 3127 1120 3195 plenitudine
1141 3139 1486 3194 suscepturus
1515 3141 1649 3196 erat,

121 3213 389 3282 auticipans
433 3220 750 3284 praelocutus
790 3226 888 3271 est.
929 3217 1059 3270 Cum
1101 3234 1226 3286 ergo
1256 3220 1454 3273 clareat
1497 3219 1653 3274 Chri-

123 3311 241 3356 stum
284 3315 518 3360 creatum
568 3309 647 3360 vel
701 3308 892 3360 factum
935 3323 1052 3362 esse
1090 3309 1376 3364 secundum
1422 3311 1471 3364 id
1509 3313 1650 3380 quod

128 3391 261 3446 homo
283 3394 525 3463 dignatus
555 3407 634 3450 est
665 3397 798 3461 fieri,
841 3407 931 3450 aut
958 3399 1239 3451 concedite
1281 3399 1378 3452 hoc
1411 3400 1653 3454 humanm

127 3485 219 3548 ejus
247 3496 464 3549 natura',
506 3497 595 3541 aut
635 3489 679 3541 si
709 3489 1004 3542 concedere
1038 3504 1140 3540 non
1181 3490 1355 3554 vultis,
1411 3499 1651 3544 naturam

128 3573 385 3630 divinitatis
410 3586 640 3630 creatam
671 3593 788 3632 esse
813 3573 1141 3631 allirmabitis
1177 3595 1189 3630 :
1221 3594 1281 3631 ac
1306 3580 1379 3632 sic
1403 3595 1496 3632 vos
1522 3595 1648 3633 cum

129 3663 310 3718 Arianis
376 3666 454 3719 vel
485 3682 602 3719 cum
645 3666 884 3734 gentibus
917 3667 1300 3720 convincemini
1354 3677 1651 3722 creaturam

131 3759 340 3810 venerari
370 3767 423 3811 et
451 3761 647 3813 colere.

191 3844 244 3898 V.
268 3846 389 3900 Item
421 3849 483 3900 ad
516 3849 890 3902 destruendam
919 3849 1189 3917 utriusque
1219 3860 1415 3903 natura:
1446 3850 1649 3917 proles-

133 3933 304 3990 sinnem
337 3939 439 3991 isto
471 3939 618 4008 quasi
663 3939 948 3992 iuevitabili
991 3939 1281 4006 gloriantur
1321 3941 1648 4009 syllogismo,

131 4036 399 4081 asserentes
427 4045 529 4081 non
557 4043 675 4083 esse
707 4038 948 4082 naturam
985 4045 1102 4097 qute
1132 4046 1232 4083 non
1261 4032 1525 4098 propriam
1560 4031 1652 4084 ha-

137 4112 237 4167 beat
280 4133 577 4184 personam,
622 4134 794 4185 neque
839 4133 1023 4172 rursus
1063 4133 1338 4186 personam
1383 4136 1499 4188 qua:
1547 4135 1649 4173 nou

135 4208 366 4269 propriam
418 4209 605 4262 habeat
641 4219 900 4263 naturam.
950 4209 1057 4263 Hoc
1099 4211 1217 4262 ideo
1247 4213 1546 4275 intendunt,
1598 4223 1653 4266 ut

136 4295 233 4357 quia
262 4297 392 4350 duas
418 4297 682 4352 Christum
715 4302 1023 4367 prolitemur
1058 4299 1250 4353 habere
1280 4312 1517 4364 naturas,
1550 4317 1649 4356 una

133 4394 281 4437 autem
303 4403 524 4457 qumque
553 4397 734 4441 natura
764 4391 1031 4458 propriam
1051 4389 1333 4443 secundum
1369 4391 1508 4458 ipsos
1528 4405 1653 4445 cono

135 4483 219 4526 s'at
259 4477 450 4532 habere
491 4493 798 4546 personam,
843 4494 1060 4533 necesse
1108 4479 1194 4543 sit,
1234 4480 1380 4547 juxta
1428 4482 1647 4535 duarum

137 4567 481 4625 prolessionem
514 4579 842 4632 naturarum,
870 4570 1002 4622 duas
1024 4569 1292 4623 Christum
1319 4571 1511 4624 habere
1533 4586 1651 4640 per-

135 4664 283 4708 sonas.
307 4657 412 4711 Nec
443 4668 616 4710 tamen
643 4659 900 4727 exemplis
931 4659 1191 4725 aliquibus
1221 4660 1316 4727 ipsi
1346 4659 1430 4713 isti
1458 4659 1650 4716 docere

138 4755 440 4810 curaverunt,
488 4765 916 4818 unamquamque
955 4759 1193 4802 naturam
1244 4753 1508 4818 prepriam
1561 4751 1651 4804 lia-

138 4831 238 4886 bere
259 4851 526 4902 personam
551 4855 565 4901 ;
599 4839 690 4892 sed
716 4839 1079 4892 tantummodo
1103 4841 1441 4906 quaestionem
1468 4840 1646 4894 inten—

139 4919 292 4977 dentes
316 4929 637 4980 transierunt
665 4927 730 4980 ad
769 4928 884 4990 hoc,
921 4937 976 4979 ut
997 4937 1049 4980 et
1076 4929 1282 4981 veritati
1329 4930 1545 4983 nebulas
1574 4930 1650 4983 of-

139 5005 405 5075 funderent,
444 5022 500 5066 et
530 5015 820 5079 periculum
861 5013 1232 5079 disputationis
1267 5016 1476 5069 silentio
1516 5031 1647 5084 prte-

140 5096 341 5152 Ierirent.
378 5102 478 5156 Sed
503 5102 697 5164 videte,
730 5103 974 5165 obsecro,
1004 5106 1268 5170 quomodo
1288 5105 1409 5158 dum
1437 5107 1649 5173 laqueos

141 5180 396 5252 innectunt,
438 5190 829 5244 inextritabiles
855 5190 953 5258 ipsi
981 5191 1324 5259 qumstiouum
1372 5194 1536 5247 nodos
1569 5195 1650 5246 in-

143 5286 337 5332 currunt.
387 5281 763 5350 Respondeant
806 5281 962 5348 igitur
997 5282 1226 5344 Ar'anis,
1270 5284 1553 5350 quomodo,
1605 5283 1648 5337 si

142 5375 423 5435 unaquaque
477 5377 662 5421 natura
711 5371 975 5436 propriam
1026 5368 1184 5423 habet
1225 5384 1544 5438 personam,
1597 5379 1650 5425 et

142 5465 424 5522 unaquaque
465 5472 690 5523 persona
735 5459 1001 5525 propriam
1043 5458 1200 5512 hahct
1246 5467 1510 5524 naturam,
1543 5475 1647 5513 non

141 5543 222 5590 lies
245 5545 334 5596 sint
374 5546 422 5596 in
455 5545 709 5597 Trinitate
753 5555 974 5610 naturae,
1010 5548 1152 5602 sicut
1202 5557 1253 5602 et
1283 5557 1391 5604 tres
1423 5548 1649 5603 demon-

372 5637 633 5695 pATIOL.
684 5635 870 5694 LXII.

1756 3136 1844 3180 aut
1872 3129 1989 3195 quia
2030 3140 2211 3180 rursus
2239 3142 2340 3178 una
2371 3136 2452 3179 est
2486 3127 2712 3180 hominis
2741 3143 2983 3196 persona,
3024 3141 3165 3183 recte
3194 3131 3304 3196 opi-

1756 3229 1907 3272 natus
1934 3218 2002 3271 sit
2025 3232 2176 3271 unam
2207 3233 2324 3272 esse
2353 3221 2527 3270 carnis
2569 3219 2862 3285 animasque
2900 3230 3161 3273 naturam.
3190 3220 3303 3274 Non

1754 3323 1872 3363 esse
1899 3318 2073 3363 autem
2106 3309 2260 3362 unius
2304 3321 2504 3362 natura:
2533 3324 2726 3376 corpus
2748 3319 2802 3363 et
2828 3313 3078 3375 animam,
3119 3313 3306 3366 Salva-

1758 3409 1838 3452 tor
1877 3399 1927 3453 in
1979 3399 2260 3466 Evangelio
2299 3399 2499 3462 docuit,
2543 3399 2760 3452 dicens:
2794 3399 2966 3452 Nolite
3010 3392 3182 3454 timere
3222 3419 3306 3455 eos

1754 3487 1841 3556 qui
1864 3488 2097 3540 occidunt
2123 3505 2326 3554 corpus,
2359 3489 2582 3540 animam
2604 3498 2766 3540 autem
2799 3505 2897 3540 non
2930 3500 3138 3555 possunt
3166 3492 3302 3542 oeci-

1757 3578 1875 3630 dere
1912 3576 2121 3647 (Mattli.
2162 3594 2215 3642 χ,
2242 3579 2356 3644 98).
2404 3577 2536 3642 Quid
2582 3591 2708 3646 ergo
2756 3578 3066 3641 inauditum,
3113 3580 3236 3646 quid
3275 3595 3304 3633 a

1758 3666 2041 3734 Scripturis
2063 3667 2334 3720 canonicis
2357 3667 2583 3720 alienum
2617 3675 2668 3719 et
2697 3667 3059 3735 peregrinum;
3091 3677 3142 3721 ut
3172 3670 3307 3721 sicut

1755 3756 2020 3810 credimus
2047 3765 2096 3810 et
2120 3758 2422 3823 experimur
2451 3761 2609 3808 unu’m
2641 3764 2757 3809 eSSe
2777 3757 3039 3812 hominem
3076 3759 3307 3815 animam

1755 3847 2116 3902 rationabilem
2151 3855 2203 3898 et
2249 3861 2482 3910 carnem,
2537 3849 2606 3898 ita
2650 3847 2925 3900 credamus
2980 3864 3139 3902 unum
3188 3866 3306 3906 esse

1755 3936 2020 3988 Christum
2055 3933 2214 3988 Deum
2258 3945 2307 3986 et
2357 3932 2644 3997 hominem,
2687 3935 2821 3988 sicut
2861 3937 3083 4002 apostoli
3113 3939 3307 3994 docue-

1758 4032 1900 4088 runt,
1931 4031 1985 4077 et
2009 4024 2141 4076 sicut
2167 4023 2316 4075 nobis
2345 4023 2442 4075 viri
2466 4024 2740 4089 apostolici
2765 4024 3134 4079 tradiderunt?

1828 4112 1934 4164 Vll.
1989 4113 2051 4164 Et
2083 4113 2202 4177 quia
2247 4127 2383 4165 nunc
2426 4111 2576 4165 nobis
2620 4115 2839 4167 intentio
2873 4124 3054 4168 contra
3090 4131 3181 4172 eos
3228 4131 3306 4173 est

1759 4199 2002 4263 maxime,
2051 4201 2136 4268 qui
2182 4215 2416 4252 errorem
2459 4202 2612 4254 unius
2654 4213 2853 4257 naturae
2897 4221 2972 4260 se:
2993 4215 3182 4268 tantes,
3214 4210 3309 4262 de-

1759 4301 1903 4342 creto
1944 4289 2152 4342 concilii
2185 4288 2631 4343 Chalcedonensis
2663 4293 2912 4358 pertinaci
2951 4295 3308 4352 obstinatione

1759 4383 2026 4444 resistunt,
2059 4378 2391 4433 commodum
2415 4392 2538 4449 puto
2560 4383 2623 4433 ad
2654 4397 2836 4436 eorum
2872 4385 3054 4440 inanes
3096 4399 3308 4442 contra-

1755 4469 2104 4522 dictiunculas
2161 4469 2458 4539 vitreasque
2501 4473 2795 4525 sententias
2831 4475 3068 4528 veritatis
3117 4477 3307 4531 malleo

1753 4558 2091 4622 obterendas,
2123 4559 2188 4612 de
2211 4560 2438 4612 humana
2464 4560 2580 4613 Filii
2604 4562 2693 4615 Dei
2719 4571 2930 4628 natura,
2951 4580 3105 4633 quam
3129 4567 3232 4638 62
3253 4569 3306 4623 in

1754 4664 1819 4703 eo
1845 4649 2016 4701 modis
2046 4648 2290 4703 omnibus
2327 4660 2539 4720 negant,
2581 4666 2745 4718 pauca
2787 4665 3048 4722 repetere,
3075 4666 3129 4711 et
3153 4675 3306 4727 quam

1757 4756 1858 4792 non
1891 4738 2324 4803 sintChristiani,
2357 4752 2456 4796 eta
2499 4755 2593 4808 spe
2633 4742 2816 4798 salutis
2856 4755 3068 4800 aeterna:
3099 4751 3307 4816 penitus

1755 4831 1912 4884 alieni
1938 4831 2321 4885 demonstrare.
2375 4830 2570 4898 Regula
2601 4844 2680 4885 est
2704 4834 2821 4888 lidei
2843 4835 3116 4890 catholica:
3143 4855 3305 4891 unum

1755 4919 2103 4988 eumdemquc
2150 4919 2425 4973 Dominum
2477 4920 2653 4975 Jesum
2703 4922 2996 4991 Christum,
3045 4927 3179 4980 sicut
3218 4945 3306 4983 ve-

1756 5025 1870 5062 rum
1900 5010 2082 5072 Deum,
2111 5011 2179 5062 ita
2213 5024 2395 5063 verum
2421 5009 2685 5063 hominem
2713 5013 2972 5076 conliteri,
3005 5030 3162 5067 unum
3189 5032 3306 5073 esse

1755 5116 1820 5154 ex
1850 5110 2093 5168 utroque,
2120 5116 2220 5153 non
2247 5100 2379 5154 duos
2409 5101 2458 5152 in
2483 5110 2796 5169 utrumque;
2828 5104 2996 5171 ipsum
3025 5105 3140 5159 sine
3169 5116 3307 5160 tem-

1757 5206 1882 5258 pore
1913 5200 2088 5244 uatum
2133 5190 2199 5244 de
2228 5191 2400 5254 Patre,
2432 5180 2600 5258 ipsum
2648 5208 2710 5245 ex
2744 5203 2980 5260 tempore
3024 5205 3201 5250 natum
3243 5200 3306 5251 de

1756 5280 2102 5347 Virginezita
2151 5289 2204 5332 ut
2245 5291 2463 5348 utraque
2508 5282 2753 5335 nativitas
2801 5284 2875 5335 sic
2917 5298 3074 5337 unum
3133 5296 3304 5344 teneat

1755 5370 2044 5434 Christum,
2095 5380 2150 5422 ut
2198 5371 2248 5422 in
2277 5370 2420 5422 nullo
2450 5371 2528 5422 sui
2572 5370 2850 5436 pertulerit
2886 5371 3300 5442 detrimentum;

1759 5459 1992 5524 mtincns
2024 5460 2074 5511 in
2099 5473 2156 5513 se
2183 5457 2322 5526 quod
2354 5467 2435 5511 est
2463 5459 2540 5510 sui
2571 5461 2781 5527 generis
2813 5461 3102 5527 proprium,
3135 5462 3184 5514 id
3223 5477 3301 5520 est

1760 5559 1814 5601 ut
1850 5558 1903 5602 et
1933 5548 2090 5601 Verbi
2121 5557 2305 5601 natura
2339 5563 2440 5601 non
2477 5556 2769 5602 mutaretur
2800 5549 2848 5601 in
2888 5563 3066 5611 carne,
3099 5559 3150 5602 et
3188 5567 3302 5606 car.-

2995 5636 3026 5694 5
