3842 6226
551 265 647 317 159

1832 279 2054 333 Villii."
2096 281 2457 340 TAPSENSIS

3643 263 3790 357 ἰιίι

549 393 628 430 ns
670 389 853 432 natura
899 397 999 433 non
1032 383 1216 437 fuisset
1263 383 1315 437 in
1370 385 1541 440 Verbo
1586 398 1916 454 consumpta.
1970 391 2098 444 Ilinc
2131 402 2176 454 Α
2211 407 2422 463 propter
2449 409 2685 452 naturam
2713 399 2890 467 Verbi,
2933 418 3048 471 qum
3077 408 3208 460 mori
3241 424 3343 461 non
3405 419 3596 476 potest.
3641 415 3787 467 Item

549 471 798 521 Dominus
837 471 991 524 Jcsus
1021 473 1259 526 Christus
1286 475 1422 529 idem
1451 491 1605 530 verus
1633 486 1715 530 est
1759 478 1915 543 Deus,
1957 479 2090 532 idem

549 573 701 612 verus
731 569 813 613 est
840 561 1017 625 homo,
1057 577 1118 615 ex
1167 561 1373 618 duabus
1401 565 1734 620 ineliabiliter
1762 566 1812 620 in
1852 566 2094 636 virginali

546 651 662 700 alvo
703 650 864 702 unitis
912 653 963 703 in
1007 668 1107 705 una
1152 668 1374 720 persona
1425 657 1628 709 naturis
1676 657 2094 727 existenszquze

540 747 755 801 nutnrre,
783 741 1028 806 quoniam
1053 741 1103 794 in
1128 743 1212 794 illa
1239 743 1460 795 mirabili
1483 745 1741 798 counione
1767 761 1870 798 non
1900 758 2018 800 sunt
2043 751 2092 802 in

540 841 602 878 co
634 827 867 892 abolita),
891 829 955 882 ad
991 830 1451 884 demonstrandam
1483 842 1826 902 utrarumque
1858 836 2093 902 proprie-

542 919 663 969 tatis
688 920 1024 985 exstantiam,
1056 921 1106 973 in
1129 935 1232 974 uno
1260 921 1437 988 seipso
1466 925 1740 1000 utriusque
1767 938 1856 978 res
1889 925 2093 979 locutus

537 1019 620 1060 est
667 1019 825 1076 atque
881 1011 1026 1078 egit:
1062 1026 1163 1063 non
1214 1025 1372 1064 voces
1422 1012 1686 1079 dividens,
1734 1029 1837 1068 non
1876 1014 2092 1071 aii'ectus

537 1099 792 1165 partiens,
835 1115 940 1154 non
983 1111 1128 1169 gesta
1177 1115 1502 1166 secernens;
1543 1103 1637 1156 sed
1680 1103 1794 1172 ipse
1837 1119 1991 1168 unus,
2037 1105 2088 1158 in

535 1189 820 1256 seipsoque
866 1190 963 1243 sibi
1008 1206 1072 1244 ex
1120 1200 1344 1260 utroque
1389 1201 1442 1246 et
1478 1192 1528 1245 in
1568 1201 1848 1262 utrumque
1896 1211 2092 1251 conve-

535 1283 706 1348 niens,
739 1294 790 1335 et
816 1284 955 1351 quod
990 1285 1257 1352 proprium
1289 1285 1458 1339 fuerat
1479 1285 1702 1354 loquens
1725 1296 1778 1341 et
1807 1302 2086 1357 peragens.

535 1371 595 1423 Et
649 1380 703 1422 ut
746 1372 885 1438 quod
938 1372 1163 1427 dicimus
1219 1375 1427 1443 planum
1485 1376 1606 1440 iiat,
1658 1376 1838 1446 aliquo
1881 1387 2090 1434 utamur

529 1460 798 1527 exemplo.
830 1460 987 1516 Verbi
1009 1463 1177 1532 gratia
1208 1480 1222 1517 :
1269 1479 1367 1533 ego
1398 1464 1510 1533 ipse
1530 1480 1645 1519 sum
1674 1466 1953 1535 qui_oculis
1973 1483 2090 1522 cor-

529 1552 705 1616 poreis
759 1550 936 1604 album
988 1551 1221 1605 colorem
1273 1553 1545 1620 nigrumve
1585 1553 1850 1617 discerno,
1890 1565 1944 1608 et
1988 1569 2088 1623 ego

528 1639 641 1705 ipse
682 1654 799 1692 sum
848 1654 1030 1692 rursus
1057 1641 1145 1707 qui
1192 1641 1386 1693 malum
1430 1641 1742 1709 iniquitatis,
1793 1649 1844 1695 et
1869 1641 2086 1709 justitia:

2196 494 2416 552 propter
2467 486 2728 540 ineffabile
2787 492 3099 558 mysterium
3152 496 3361 550 unionis
3416 509 3794 564 utrartzsz-e

2197 579 2523 636 naturarum,
2555 576 2853 628 counnnnis
2885 577 2936 628 in
2962 576 3076 644 ipso
3105 577 3199 632 fuit
3229 584 3527 637 mortalitas
3557 589 3782 639 carnis.

2195 655 2351 710 Verbi
2379 671 2600 726 natura,
2632 678 2748 730 quae
2773 669 2902 718 mori
2936 683 3039 720 non
3071 670 3267 736 potuit;
3300 679 3355 725 et
3376 678 3700 730 communis
3729 679 3786 728 in

2194 745 2309 812 ipso
2349 759 2429 801 est
2480 751 2847 807 immortalitas
2887 757 3067 824 Verhi,
3120 768 3320 816 natura
3366 743 3583 828 carnis,
3649 783 3787 832 qn:

2195 839 2350 891 morti
2379 842 2676 897 succubuit.
2704 845 2841 915 Ergo
2867 849 3004 902 sicut
3029 848 3108 904 illi
3146 857 3276 906 mori
3303 865 3356 908 et
3386 869 3493 908 non
3523 859 3670 910 mori
3705 875 3780 911 ex

2195 931 2432 998 utrisque
2460 937 2660 988 naturis
2689 945 2772 992 est
2821 942 3111 1008 proprium,
3157 943 3226 998 ita
3254 959 3540 1002 commune
3566 961 3662 1003 est
3724 952 3780 1002 in

2193 1015 2307 1107 ipso
2334 1022 2573 1090 utrisque
2619 1027 2844 1097 naturis,
2891 1031 3029 1099 quod
3083 1033 3292 1088 illarum
3339 1047 3424 1092 cst
3451 1042 3778 1107 propriam.

2193 1106 2259 1160 Et
2283 1108 2362 1178 (ut
2388 1115 2615 1182 exempli
2671 1119 2840 1191 gratia
2869 1120 3118 1191 dixerim)
3169 1126 3441 1195 proprium
3491 1106 3626 1184 mihi
3687 1143 3781 1184 est

2191 1208 2369 1254 notam
2403 1201 2584 1260 livoris
2612 1208 2868 1279 cujusque
2895 1212 3132 1268 verberis
3176 1227 3386 1283 gestare
3427 1218 3480 1272 in
3526 1235 3775 1290 corpore

2191 1303 2330 1354 meo,
2355 1305 2451 1360 per
2483 1305 2724 1352 naturam
2767 1303 2938 1356 carnis
2991 1319 3154 1368 mem;
3183 1317 3236 1360 et
3292 1310 3563 1377 proprium
3624 1313 3773 1364 mihi

2189 1386 2270 1430 est
2291 1377 2427 1432 banc
2447 1383 2686 1437 eamdem
2727 1398 2902 1440 notam
2933 1405 3037 1442 non
3077 1402 3284 1458 gestare
3314 1408 3366 1447 III
3395 1395 3587 1463 spiritu
3636 1413 3773 1451 meo

2189 1480 2284 1534 per
2334 1479 2574 1525 naturam
2630 1477 2819 1530 anima:
2849 1493 3002 1533 mea.
3036 1481 3162 1535 Item
3213 1484 3482 1552 proprium
3509 1487 3648 1540 mihi
3682 1500 3773 1540 est

2189 1553 2392 1657 plagam
2423 1561 2592 1628 verbi,
2619 1563 2726 1634 64
2773 1565 2824 1618 id
2853 1577 2935 1621 est
2980 1583 3280 1624 sermonem
3318 1573 3510 1628 durum
3539 1584 3769 1644 gestare

2189 1662 2242 1698 tn
2271 1658 2450 1704 mente
2479 1667 2593 1705 mea
2627 1670 2719 1722 per
2744 1666 2983 1710 naturam
3008 1660 3201 1713 anima:
3221 1676 3353 1717 mete
3371 1679 3387 1728 ;
3407 1668 3768 1733 etproprium

527 1731 723 1783 bonum
754 1728 946 1784 mentis
974 1730 1158 1783 obtutu
1189 1730 1443 1798 dijudico,
1469 1745 1566 1785 nec
1591 1739 1764 1784 tamen
1799 1732 1920 1786 ideo
1945 1732 2079 1785 alius
2113 1739 2157 1799 Β
2186 1735 2317 1790 mihi
2343 1746 2426 1791 est
2453 1741 2693 1796 eamdem
2720 1744 2928 1813 plagam
2956 1761 3059 1799 non
3086 1753 3366 1816 portarein
3633 1770 3768 1810 meo

524 1828 679 1886 atque
702 1820 832 1873 alius
857 1835 999 1884 sum,
1025 1820 1149 1888 quia
1177 1829 1461 1888 utrumque
1489 1820 1618 1872 mihi
1649 1830 1730 1872 est
1758 1834 1820 1872 ex
1846 1821 2074 1873 diverso.

523 1909 639 1962 Non
667 1910 807 1963 enim
835 1910 964 1976 ipsis
994 1911 1162 1964 oculis
1207 1910 1358 1963 video
1386 1908 1579 1962 variari
1608 1910 1838 1973 colores,
1883 1910 2079 1978 quibus

522 1999 678 2054 video
705 2001 898 2053 variari
929 2014 1223 2062 sermones,
1268 2009 1322 2053 et
1361 2009 1538 2052 tamen
1563 2013 1661 2067 ego
1705 2013 1821 2051 sum
1851 2000 1965 2067 ipse
1987 1999 2076 2068 qui

521 2105 585 2142 ex
637 2099 857 2157 utroque
897 2104 1037 2158 ago:
1069 2097 1352 2157 utrumque
1393 2102 1566 2141 meum
1612 2097 1713 2154 est,
1754 2103 1857 2141 non
1896 2088 2078 2142 videre

520 2182 777 2247 justitiam
810 2181 907 2234 nisi
937 2180 1100 2234 oculis
1132 2180 1344 2245 mentis,
1373 2186 1427 2233 et
1452 2193 1627 2232 meum
1655 2186 1737 2231 est
1765 2193 1867 2230 non
1899 2177 2077 2230 videre

520 2273 730 2323 colores
761 2270 859 2323 nisi
888 2271 1056 2323 oculis
1089 2271 1303 2323 carnis:
1336 2283 1510 2322 meum
1533 2277 1614 2321 est
1643 2284 1746 2319 non
1778 2267 1957 2320 videre
1983 2281 2077 2319 vo-

520 2375 634 2411 rem
667 2360 856 2426 oculis,
889 2369 942 2413 et
965 2374 1139 2413 meum
1173 2367 1256 2413 est
1277 2375 1380 2413 non
1412 2359 1595 2413 audire
1623 2357 1802 2411 lumen
1824 2358 2073 2419 auribus;

521 2467 640 2503 mon
667 2472 694 2501 ιι
729 2461 810 2503 est
839 2466 939 2502 nou
964 2451 996 2504 d
1022 2465 1274 2504 scernerc
1307 2449 1520 2503 naribus
1549 2457 1784 2516 gustum,
1817 2457 1871 2501 et
1901 2461 2075 2500 meum

520 2553 599 2594 est
643 2543 813 2610 palato
846 2557 952 2604 non~
983 2541 1259 2610 percipere
1301 2540 1578 2594 odoratum
1608 2556 1621 2590 :
1648 2549 1701 2593 et
1743 2553 1862 2592 cum
1909 2546 2076 2592 totum

520 2648 691 2685 meum
723 2633 791 2684 sit
815 2633 864 2684 in
902 2632 1128 2698 mcipso,
1158 2631 1208 2684 id
1251 2638 1335 2684 est
1370 2629 1579 2694 videre,
1607 2627 1810 2693 audire,
1839 2625 2075 2691 odorari,

521 2735 755 2790 gustare,
797 2732 1030 2775 attamen
1071 2720 1213 2774 aliud
1256 2730 1338 2774 est
1367 2720 1497 2774 mihi
1541 2719 1679 2773 unde
1703 2720 1881 2783 video,
1932 2718 2075 2772 aliud

520 2811 656 2863 unde
671 2811 850 2872 audLo,
881 2809 1022 2862 aliud
1055 2808 1192 2861 unde
1216 2818 1372 2876 gusto
1394 2807 1690 2877 odoresque
1717 2807 1964 2862 discerno
1987 2824 2000 2860 :
2023 2816 2078 2863 et

520 2916 634 2955 cum
663 2901 730 2953 sit
753 2902 804 2953 in
837 2916 920 2954 me
951 2910 1116 2953 totum
1146 2899 1375 2967 quodam
1425 2899 1634 2967 privato
1659 2900 1780 2968 jure
1804 2900 2076 2955 diversum

519 3000 674 3060 atque
698 2992 946 3057 divisum,
973 3006 1070 3058 ego
1102 3000 1278 3042 tamen
1309 2991 1423 3056 ipse
1445 2988 1606 3044 dividi
1633 2997 1686 3044 et
1709 2991 1946 3056 separari
1971 3006 2076 3045 non

2184 1839 2278 1893 per
2308 1836 2548 1884 naturam
2574 1833 2751 1887 carnis
2781 1850 2932 1890 meae.
2959 1835 3025 1890 Et
3051 1854 3172 1893 cum
3211 1840 3280 1893 sit
3302 1841 3431 1895 mibi
3461 1851 3766 1912 utrumque

2181 1919 2478 1986 proprium;
2507 1930 2560 1975 et
2586 1925 2794 1992 corpori
2825 1933 2881 1980 et
2903 1927 3098 2006 animae
3150 1942 3283 1983 mea
3309 1937 3599 2002 utrumque
3624 1935 3761 1987 alle-

2179 2018 2336 2065 num;
2365 2007 2488 2074 quia
2515 2023 2613 2063 nec
2659 2024 2851 2080 corpus
2899 2013 3091 2068 durum
3144 2015 3392 2072 lzetumve
3443 2034 3760 2074 sermone

2179 2093 2461 2163 intelligit,
2495 2111 2592 2150 nec
2619 2101 2792 2153 anima
2819 2100 3012 2172 flagelli
3038 2105 3253 2160 vulnere
3281 2107 3484 2161 livescit
3513 2127 3527 2160 :
3552 2118 3762 2163 utr-nm-

2180 2198 2285 2252 que
2313 2196 2489 2240 tamen
2516 2202 2800 2245 commune
2816 2201 2898 2245 est
2927 2194 2976 2246 in
3005 2195 3228 2262 meipso,
3253 2206 3307 2250 et
3333 2197 3526 2251 anima:
3549 2207 3606 2252 et
3631 2215 3759 2252 cor-

2181 2273 2296 2340 pori
2323 2289 2472 2339 meo;
2506 2277 2626 2344 quia
2654 2293 2752 2334 nec
2777 2281 2952 2334 anima
2995 2291 3152 2336 extra
3180 2298 3374 2351 corpus
3424 2286 3476 2339 id
3505 2288 3654 2354 quod
3705 2291 3755 2342 ei

2178 2365 2381 2417 sentire
2423 2367 2695 2433 proprium
2745 2367 2918 2422 fuerat
2949 2372 3147 2433 sensit;
3202 2386 3300 2426 nec
3343 2387 3544 2442 corpus
3599 2389 3757 2429 extra

2178 2451 2369 2505 anima:
2399 2456 2724 2510 consortium
2768 2461 3035 2528 plagarum
3069 2462 3262 2515 indicia
3312 2464 3563 2532 gestavit.
3594 2466 3756 2530 Quod

2179 2556 2309 2611 ergo
2332 2544 2600 2613 proprium
2632 2547 2760 2600 mihi
2788 2559 2867 2603 est
2893 2551 2944 2601 in
2973 2550 3214 2619 singulis,
3261 2560 3317 2606 et
3344 2554 3577 2607 alienum
3605 2567 3693 2609 est
3725 2570 3754 2608 a

2186 2632 2428 2699 singulis,
2453 2633 2504 2686 id
2534 2649 2815 2692 commune
2837 2648 2920 2692 est
2949 2639 3001 2693 in
3050 2645 3252 2708 meipso
3303 2643 3552 2712 singulis,
3607 2648 3754 2714 quod

2181 2721 2448 2788 proprium
2469 2731 2550 2776 est
2577 2723 2819 2793 singulis,
2872 2735 2925 2780 et
2958 2735 3131 2781 tamen
3161 2745 3260 2796 ego
3290 2729 3404 2798 ipse
3457 2747 3597 2786 unus
3631 2749 3752 2787 sunt

2179 2807 2230 2862 in
2280 2810 2540 2879 utrisque,
2566 2821 2622 2867 et
2662 2813 2713 2868 in
2738 2815 2944 2884 meipso
3001 2819 3390 2886 communibus,
3423 2830 3476 2875 et
3502 2835 3607 2891 ego
3639 2825 3755 2891 ipse

2181 2914 2316 2954 unus
2339 2917 2454 2955 sum
2482 2903 2534 2956 in
2563 2904 2783 2973 singulis
2812 2905 3153 2975 mibimetipsi
3207 2910 3461 2975 propriis.

2250 2977 2342 3044 lx.
2383 2989 2510 3056 Qum
2530 3005 2650 3045 cum
2675 2994 2743 3046 ita
2770 2994 2899 3058 sint,
2921 2995 3091 3048 series
3121 2995 3275 3050 nobis
3293 2995 3594 3051 divinarum
3629 3013 3752 3068 per-

519 3094 755 3148 pessum.
809 3079 882 3132 Ita
931 3092 1057 3144 ergo
1093 3087 1148 3132 ct
1173 3078 1280 3148 63
1305 3077 1548 3133 Christus
1589 3080 1704 3146 ipse
1741 3094 1878 3134 unus
1921 3090 2080 3148 atque
2105 3081 2152 3142 C
2183 3079 2441 3132 currenda
2458 3088 2536 3134 est
2565 3080 2884 3148 litterarum,
2907 3089 2963 3136 et
3004 3081 3229 3150 plurima
3281 3086 3586 3139 testimonia
3617 3102 3753 3140 eoo-

523 3168 660 3221 idem
691 3176 772 3221 est
797 3176 850 3221 et
873 3177 1086 3221 creatus
1122 3175 1177 3220 et
1207 3180 1310 3220 non
1336 3175 1550 3220 creatus
1575 3183 1589 3231 ;
1616 3167 1815 3221 habens
1839 3168 2070 3233 initium,

523 3271 571 3312 et
604 3259 748 3311 initio
771 3272 986 3321 carens;
1020 3268 1176 3310 aetate
1210 3265 1372 3327 atque
1406 3258 1674 3312 intellectu
1699 3258 2000 3326 proﬁciens,
2023 3268 2077 3312 et

523 3349 882 3416 intelligentia:
940 3351 1214 3411 {l‘lzillSjue
1278 3357 1559 3414 augmenta
1614 3361 1718 3400 non
1785 3347 2075 3416 recipiens;

522 3448 748 3491 mortem
806 3437 1125 3504 perpetiens,
1175 3444 1226 3490 et
1272 3436 1462 3488 mortis
1501 3435 1706 3504 legibus
1745 3451 1849 3489 non
1900 3436 2077 3504 subja-

527 3545 688 3590 cens;
713 3527 946 3581 honores
992 3526 1060 3580 ob
1100 3527 1348 3580 meritum
1384 3525 1675 3593 accipiens,
1725 3535 1778 3579 et
1808 3526 1951 3578 nullo
1979 3527 2075 3580 ho-

521 3635 652 3673 nore
703 3619 942 3685 indigens
975 3635 985 3667 :
1017 3624 1070 3669 et
1106 3630 1225 3671 cum
1275 3616 1388 3669 hanc
1427 3617 1604 3669 omnia
1634 3616 1841 3670 diversa
1883 3619 1990 3671 sint
2020 3617 2072 3671 in

521 3711 715 3778 seipsa,
751 3711 914 3776 ipsius
948 3719 1121 3762 tamen
1143 3717 1266 3777 sunt
1298 3709 1540 3776 propria;
1568 3719 1622 3762 et
1640 3709 1771 3771 ideo
1797 3725 1976 3776 voces,
1999 3709 2074 3763 af-

525 3801 693 3853 lectus
715 3808 767 3852 et
791 3809 938 3866 gesta
971 3797 1179 3864 utrique
1207 3799 1282 3851 rei
1308 3783 1657 3865 congruentia
1687 3797 1738 3851 in
1767 3799 1946 3866 seipse
1968 3814 2072 3852 non

520 3888 728 3949 dividit,
775 3887 894 3951 quia
935 3886 1100 3954 ipsius
1147 3894 1231 3938 est
1260 3893 1545 3954 utrumque
1585 3887 1725 3956 quod
1764 3887 1951 3948 habet:
1981 3889 2074 3942 sed

522 3994 680 4032 unum
721 3978 795 4030 illi
832 3986 915 4030 est
951 3993 1013 4028 ex
1055 3983 1239 4028 natura
1275 3975 1459 4041 Verbi,
1490 3992 1645 4044 quam
1695 3978 1835 4031 Deus
1865 3995 2075 4046 perma-

525 4082 656 4122 nens
686 4081 786 4119 non
836 4066 1032 4127 amisit,
1075 4074 1126 4116 et
1153 4063 1292 4116 aliud
1323 4065 1400 4117 illi
1440 4073 1522 4118 est
1557 4080 1624 4119 ex
1661 4074 1846 4119 natura
1876 4069 2071 4130 carnis,

520 4171 675 4228 quam
711 4155 869 4206 homo
902 4152 1066 4204 fat-tus
1102 4153 1371 4221 accepit...

594 4248 724 4301 Vill.
768 4245 952 4299 Adhuc
979 4244 1218 4296 dicamus
1248 4244 1594 4309 manifestius,
1630 4253 1845 4314 propter
1871 4261 1962 4300 eos
1987 4251 2074 4314 qui

523 4356 618 4408 per
645 4338 961 4405 imperitiam
993 4350 1211 4399 sensus,
1247 4343 1551 4388 naturarum
1598 4337 1969 4403 proprietatem
2023 4347 2075 4390 et

2178 3168 2430 3234 gerenda,
2460 3169 2649 3237 quibus
2688 3169 3102 3238 demonstretur,
3138 3185 3295 3240 quam
3325 3174 3398 3227 sit
3423 3175 3650 3242 impium
3695 3187 3750 3230 et

2177 3256 2510 3324 sacrilegum,
2535 3270 2596 3311 ea
2625 3272 2746 3328 quae
2774 3268 2900 3313 sunt
2955 3261 3170 3328 prepria
3199 3262 3378 3315 carnis
3426 3261 3631 3317 Christi
3682 3265 3748 3316 ad

2183 3351 2382 3398 naturae
2435 3345 2590 3401 Verbi
2642 3347 3017 3416 proprietatem
3059 3347 3298 3415 referre;
3350 3359 3405 3404 et
3448 3365 3568 3419 qua:
3621 3363 3747 3404 sunt

2180 3436 2389 3502 propria
2422 3436 2598 3501 Verbi,
2636 3437 2702 3492 ad
2761 3441 3137 3507 proprietatem
3189 3449 3391 3493 natura:
3427 3441 3609 3494 carnis
3659 3457 3746 3494 as-

2178 3524 2418 3579 cribere:
2472 3534 2522 3580 et
2547 3541 2703 3595 quam
2747 3527 2817 3581 sit
2864 3529 3206 3581 nibilominus
3249 3529 3492 3596 impium,
3522 3543 3588 3582 ea
3619 3545 3742 3598 qua:

2177 3621 2303 3666 sunt
2344 3615 2554 3682 propria
2597 3615 2800 3679 carnis,
2851 3631 2950 3684 per
2994 3616 3358 3682 exceptionem
3401 3618 3741 3684 proprietatis

2177 3703 2414 3757 alienare
2437 3717 2465 3755 a
2497 3701 2712 3768 Verbo;
2735 3713 2788 3757 et
2814 3719 2932 3772 qua
2957 3715 3078 3758 sunt
3115 3704 3324 3773 propria
3353 3704 3511 3759 Verbi
3548 3707 3738 3760 eidem

2177 3793 2503 3859 exceptionis
2532 3792 2647 3861 lege
2669 3793 2904 3846 alienare
2931 3808 2961 3845 a
2983 3808 3143 3846 carne
3168 3809 3183 3856 ;
3207 3808 3326 3846 cum
3344 3794 3413 3847 sit
3431 3795 3510 3847 eis
3533 3806 3738 3846 utrum-

2177 3896 2280 3951 que
2301 3883 2350 3936 in
2375 3883 2584 3935 (,bristo
2611 3897 2918 3947 commune,
2948 3890 3002 3936 et
3050 3882 3292 3937 Christus
3329 3885 3398 3935 sit
3434 3893 3738 3950 utrumque.

2179 3974 2243 4027 Et
2261 3971 2504 4041 quoniam
2535 3972 2688 4025 unius
2715 3981 2921 4027 natura
2954 3972 3289 4041 professores
3327 3973 3425 4027 hac
3469 3972 3569 4025 sibi
3608 3988 3734 4026 eon-

2179 4062 2407 4115 fessione
2434 4060 2798 4124 blandiuntur,
2828 4061 3110 4114 dicentes:
3143 4059 3278 4126 Quid
3305 4061 3633 4128 impossible
3651 4071 3735 4114 ant

2180 4154 2563 4207 inconveniens
2585 4152 2684 4206 fuit
2707 4153 2996 4220 dignationi
3036 4150 3154 4205 Filii
3206 4152 3321 4213 Dei,
3354 4162 3411 4204 nt
3439 4152 3492 4204 in
3544 4161 3730 4204 natura

2177 4242 2468 4295 divinitatis
2498 4255 2630 4306 sua',
2655 4242 2723 4294 ob
2753 4249 2949 4294 no-trte
2973 4241 3155 4294 salutis
3175 4240 3594 4308 redemptionem
3615 4253 3732 4308 qua:

2178 4332 2340 4385 vellet
2365 4330 2575 4399 indigna
2599 4340 2654 4385 et
2681 4331 2898 4384 humilia
2922 4330 3237 4393 sustineret,
3269 4345 3364 4399 per
3411 4347 3528 4399 qua:
3565 4331 3729 4395 magis

523 4429 968 4487 communionem,
1027 4424 1469 4492 quemadmodum
1509 4424 1714 4478 dicatur
1772 4426 1822 4478 in
1870 4424 2078 4478 Christo
2107 4423 2155 4481 D
2180 4419 2490 4486 ampliorem
2516 4419 2665 4472 “Obis
2685 4419 2750 4471 ad
2780 4433 2838 4474 Se
2876 4418 3196 4488 diligendum
3223 4419 3454 4473 caritatis
3477 4421 3730 4472 excitam

531 4541 632 4576 nun
662 4519 1037 4584 intelligentos,
1078 4517 1331 4583 objiciunt
1379 4526 1431 4569 et
1459 4517 1718 4585 relugiunt
1739 4519 1851 4570 hmo
1877 4517 2076 4570 omnia.

527 4616 801 4670 Diversum
827 4620 904 4663 est
935 4619 1092 4675 atque
1115 4608 1364 4673 al‘ennm,
1403 4609 1608 4661 initium
1641 4625 1743 4662 non
1774 4610 1986 4676 habere,
2027 4622 2079 4664 et

531 4721 591 4755 cs
628 4702 775 4753 initio
803 4699 1126 4759 snb~istcrc,
1163 4698 1317 4761 mori,
1357 4707 1410 4748 et
1457 4699 1588 4749 mori
1635 4713 1736 4750 non
1785 4714 1981 4767 posse:
2025 4713 2077 4755 et

528 4805 700 4844 ιειιιιριι
733 4793 867 4843 sicut
888 4789 982 4856 ipsi
1028 4788 1241 4842 Christo
1261 4789 1528 4856 pr0printu
1557 4799 1635 4842 est
1667 4797 1959 4859 utrumque,
2005 4793 2075 4844 ita

531 4901 630 4936 mn
652 4882 768 4949 ipsi,
796 4881 883 4932 sed
914 4881 964 4932 in
995 4881 1109 4946 ipso
1131 4888 1211 4931 cst
1235 4889 1512 4946 utrumque
1536 4894 1832 4932 Commune.
1854 4882 1906 4933 Si
1934 4882 2073 4934 enim

527 4975 786 5030 iiii-amns,
815 4967 930 5034 quia
961 4968 1058 5035 ipsi
1091 4977 1171 5020 est
1204 4980 1501 5031 commune,
1537 4982 1621 5018 net
1636 4981 1750 5018 esse
1777 4976 1857 5019 est
1884 4977 1938 5018 ut
1965 4969 2077 5020 cxi-

529 5070 680 5128 gatnr
717 5073 742 5109 a
803 5055 952 5108 nobis
983 5056 1108 5108 dare
1135 5065 1188 5107 et
1219 5054 1501 5108 ostendere
1528 5054 1712 5114 alium,
1740 5067 1856 5106 cum
1893 5069 1996 5121 quo
2027 5055 2074 5108 ci

525 5165 548 5201 s
575 5161 590 5200 t
619 5155 714 5198 llUt:
743 5148 910 5212 ipsun.
934 5157 1208 5195 commune
1233 5159 1246 5206 ;
1279 5157 1394 5210 qua:
1429 5141 1767 5208 professionis
1790 5142 2075 5195 necessitas

527 5238 577 5288 in
619 5234 845 5286 Nestorii
884 5230 1049 5296 vergit
1079 5231 1291 5296 impiutn
1344 5230 1554 5296 dogma.
1607 5227 1788 5281 Melius
1830 5230 1985 5296 igitur
2021 5240 2075 5283 ct

525 5323 785 5373 c.uholicc
808 5319 1050 5378 dicimus,
1078 5318 1126 5368 iu
1151 5320 1262 5384 ipso
1280 5329 1330 5371 et
1358 5333 1461 5370 non
1491 5317 1588 5384 ipsi
1616 5331 1733 5369 esse
1769 5331 2068 5371 commune.

527 5413 588 5462 iit
608 5411 791 5461 melius
819 5409 939 5474 ipsi,
964 5418 1016 5460 et
1047 5423 1147 5458 non
1173 5408 1224 5459 in
1248 5409 1360 5474 ipso
1390 5408 1610 5461 dicimus
1635 5408 1901 5476 proprium
1932 5423 2068 5461 esse.

526 5500 659 5564 Ergo
683 5499 945 5562 proprium
979 5509 1058 5550 est
1081 5498 1151 5550 illi
1185 5499 1339 5561 mori,
1373 5507 1584 5564 propter
1615 5508 1851 5551 naturam
1869 5498 2066 5561 carnis,

529 5606 643 5652 qiu-
679 5589 910 5637 mortalis
940 5599 1049 5649 est;
1081 5599 1129 5640 et
1178 5587 1444 5653 [imprium
1495 5599 1573 5638 cst
1626 5588 1698 5639 illi
1756 5601 1859 5638 non
1917 5589 2068 5647 mori,

2183 4507 2449 4570 allectum,
2481 4522 2540 4560 ea
2573 4522 2670 4575 pro
2700 4508 2852 4562 nobis
2874 4509 2924 4559 in
2946 4519 3133 4560 natura
3162 4521 3253 4561 sua
3279 4507 3578 4574 perpetiens
3617 4522 3726 4574 qum:

2182 4597 2228 4646 ei
2257 4598 2540 4663 probantur
2566 4610 2684 4649 esse
2705 4596 2918 4662 indigna
2943 4597 2965 4649 2
2996 4597 3320 4664 Exigendurn
3349 4597 3416 4649 ab
3434 4597 3512 4650 eis
3534 4606 3620 4650 est
3639 4610 3727 4650 cur

2183 4685 2227 4737 is
2257 4685 2342 4748 qui
2372 4693 2539 4737 morte
2563 4698 2656 4737 sua
2685 4694 3052 4752 perempturus
3077 4694 3190 4738 erat
3216 4691 3464 4747 mortem,
3491 4684 3635 4738 sicut
3674 4695 3723 4738 et

2181 4775 2436 4843 propheta
2463 4776 2798 4841 prmdixerat,
2823 4775 3003 4829 dicens
3031 4791 3046 4828 :
3091 4773 3194 4827 Ero
3220 4790 3353 4827 mors
3377 4783 3483 4838 tua,
3535 4790 3564 4825 ο
3596 4791 3720 4826 non

2181 4864 2353 4934 (Osee,
2383 4879 2496 4926 snt,
2523 4864 2607 4934 14)
2635 4882 2647 4916 :
2675 4864 2719 4917 si
2747 4865 2845 4918 hoc
2867 4865 2913 4918 ei
2946 4863 3196 4932 possibile
3224 4863 3339 4926 fuit,
3360 4864 3413 4916 id
3434 4873 3514 4916 est
3544 4864 3598 4914 in
3639 4879 3698 4916 Ita

2181 4963 2295 5006 tura
2325 4967 2414 5005 sua
2447 4954 2599 5014 mori,
2631 4954 2754 5022 quid
2783 4954 2830 5007 ei
2849 4965 2981 5020 opus
3026 4961 3144 5007 erat
3191 4952 3256 5006 de
3291 4953 3500 5020 Virgine
3531 4953 3676 5005 nasci
3703 4953 3722 5002 ἲ

2180 5045 2281 5099 Sed
2315 5046 2493 5111 utique
2521 5047 2569 5096 in
2603 5045 2702 5098 hoc
2725 5053 2807 5098 est
2833 5043 3140 5097 admiranda
3170 5043 3286 5112 ejus
3321 5043 3643 5110 benignitas,
3673 5043 3717 5092 in

2183 5133 2281 5186 hoc
2310 5147 2524 5199 magnus
2544 5148 2666 5199 erga
2695 5147 2790 5186 nos
2815 5132 3028 5200 pietatis
3061 5131 3176 5199 ejus
3223 5132 3614 5185 demonsuatur
3657 5133 3718 5181 at.

2181 5223 2366 5284 fectus,
2392 5223 2496 5292 65
2524 5230 2581 5274 ut
2609 5222 2726 5290 quia
2750 5236 2892 5273 mors
2911 5222 3024 5288 ejus
3063 5220 3216 5273 nobis
3267 5221 3440 5274 fuerat
3480 5235 3718 5274 necessa-

2183 5314 2281 5377 ria,
2316 5313 2427 5380 ipse
2449 5325 2621 5366 autem
2653 5315 2702 5365 in
2731 5321 2917 5364 natura
2945 5328 3036 5364 sua
3069 5311 3203 5364 mori
3231 5325 3334 5364 non
3366 5320 3592 5378 poterat,
3619 5311 3715 5371 du:-

2181 5412 2331 5456 natus
2352 5413 2432 5455 est
2454 5411 2689 5455 naturam
2714 5412 2946 5456 nostram
2976 5415 3266 5466 assumere,
3296 5402 3349 5452 in
3382 5415 3483 5469 qua
3518 5415 3612 5468 pro
3634 5413 3712 5450 no-

2180 5494 2259 5547 bis
2290 5493 2421 5546 mori
2451 5493 2721 5560 potuisset,
2752 5493 2890 5561 quod
2924 5491 3093 5545 fuerat
3113 5505 3346 5544 necessm

2258 5583 2319 5635 Χ.
2365 5583 2466 5638 Sed
2497 5581 2845 5637 concedamus
2874 5583 2952 5635 cis
3001 5591 3179 5636 contra
3234 5581 3390 5634 totius
3431 5579 3702 5648 Scriptor:
