3842 6226
44 273 111 321 ιιι
1089 273 1351 325 (IllNTlH
1397 271 1846 328 lillTYlillETEM
1890 273 2011 327 Lill.
2061 277 2118 326 \'.

3103 285 3194 336 ll?

38 386 155 433 ltili-nt
177 390 223 433 et
244 378 413 431 cathol
436 393 563 432 cam
602 383 902 449 veri'atem,
934 394 989 435 ut
1018 385 1066 434 in
1096 394 1280 436 natura
1327 399 1421 434 sua
1456 399 1549 449 pro
1579 387 1624 442 Α
1654 386 1871 457 posuerit
1914 401 2005 452 pro
2022 399 2223 454 peccato
2242 390 2461 442 animum
2490 409 2651 456 suam,
2685 396 2861 448 ridebit
2892 412 3053 450 semen
3086 400 3199 450 loti-

38 473 154 524 nobis
170 468 287 520 mori
309 470 571 536 dignatus
592 472 662 524 sit
685 472 849 540 (quod
871 480 950 525 est
966 472 1181 525 omnino
1201 473 1555 541 impossibile)

38 570 74 608 rt
98 570 256 609 clunes
291 556 545 610 humanm
603 558 901 627 fragilitatis
933 562 1207 628 pertulerit
1248 563 1550 628 passiones;

39 645 242 710 numquid
266 655 319 699 et
342 647 654 700 honoribus
695 648 961 702 snblimari
1001 660 1052 702 et
1082 650 1353 718 dignitatis
1379 650 1554 717 prole--

43 739 180 789 ctihus
199 737 368 804 augeri
398 745 603 788 natura
629 738 743 804 ejus
768 739 1050 808 indigebat,
1075 749 1131 792 ut
1161 740 1468 794 humilitatis
1503 753 1557 795 et

39 830 305 881 (dedicatus:
331 844 393 879 ac
418 829 625 881 mortis
666 830 852 881 merito
898 830 1200 883 sublimium
1246 832 1552 883 meritorum

38 925 197 969 teneret
224 914 520 981 fastigium,
559 926 615 969 et
644 926 953 981 potestatem
990 918 1112 971 cadi
1151 933 1212 972 ac
1240 929 1392 972 terra:
1442 935 1554 972 me-

38 1021 198 1055 reretur
225 1006 509 1071 accipere,
576 1014 822 1073 tanquam
856 1008 941 1074 qui
999 1017 1150 1061 antea
1191 1023 1293 1061 non
1329 1008 1556 1061 habuit?

38 1098 93 1146 An
118 1093 233 1145 fune
257 1096 539 1161 negabunt
570 1096 793 1149 Domino
818 1098 942 1151 Jesu
972 1098 1182 1151 Christo
1217 1099 1286 1151 ob
1308 1100 1552 1155 meritum

38 1185 250 1251 passionis
277 1194 331 1237 et
361 1185 567 1241 mortis
594 1187 707 1239 ham
723 1190 898 1241 omnia
924 1190 1082 1243 luisse
1110 1188 1557 1259 collata?chant

38 1273 300 1337 Apostolum
338 1274 625 1328 dicentem
678 1276 744 1329 de
785 1278 940 1344 ipso:
983 1278 1282 1331 IIumiliarit
1337 1282 1556 1347 seipsnm

38 1364 158 1424 farti“
179 1363 407 1417 obediens
438 1381 607 1433 usque
634 1367 701 1419 ad
728 1378 949 1433 mortem,
982 1378 1191 1422 mortem
1227 1379 1397 1424 autent
1445 1386 1553 1423 cru-

38 1452 82 1501 eis
104 1466 119 1501 :
144 1463 334 1515 propter
363 1454 509 1520 quod
533 1466 585 1508 et
618 1455 749 1509 Deus
788 1457 934 1509 illum
976 1460 1233 1524 exaltabit,
1264 1469 1311 1511 et
1351 1461 1552 1512 donavit

37 1543 89 1593 illi
104 1559 259 1596 nomen
277 1545 416 1613 quod
445 1556 526 1605 cst
555 1563 709 1615 super
752 1565 895 1602 omne
932 1566 1132 1616 nomen,
1164 1561 1220 1604 ut
1258 1552 1309 1604 in
1357 1553 1556 1605 nomine

37 1630 125 1682 less
146 1648 275 1684 omne
294 1650 428 1703 genu
442 1638 685 1702 flectatur
703 1639 992 1702 ralestium,
1010 1641 1313 1693 terrestrium
1336 1650 1380 1694 et
1402 1643 1558 1710 infer-

1655 488 1866 540 ga'vum,
1895 484 1939 526 et
1960 478 2188 530 voluntas
2207 478 2408 533 Domini
2434 485 2484 534 in
2507 501 2657 537 manu
2689 489 2796 555 ejus
2822 490 2901 539 dir
2913 491 3083 558 'getur,
3112 508 3203 558 pro

1656 574 1714 611 eo
1738 564 1872 628 quod
1895 564 2133 617 laboravit
2163 567 2330 621 anima
2355 573 2481 639 ejus.
2527 572 2718 627 Videbit
2747 578 2904 630 lucem
2931 588 2977 631 et
3004 593 3204 634 satura-

1657 649 1788 702 bitur
1807 655 2032 723 seientia,
2045 658 2329 725 justiﬁcare
2342 663 2537 729 justum
2560 665 2679 719 bene
2697 669 2984 722 servientem
3010 675 3201 737 multis,

1656 752 1701 795 et
1720 744 2005 813 iniquitates
2025 766 2196 803 eorum
2226 751 2333 819 ipse
2357 748 2569 820 portabit
2590 773 2606 809 :
2629 770 2888 828 propterea
2910 763 3017 828 ipse
3036 766 3201 831 possi-

1656 832 1790 886 debit
1814 837 2075 906 multos,“
2104 841 2310 907 fortium
2334 843 2439 910 ipse
2459 844 2642 898 dividet
2664 850 2844 915 spolia,
2876 869 2968 919 pro
2997 871 3054 906 eo
3070 856 3201 921 quod

1656 924 1861 978 tradidit
1883 926 1935 977 in
1961 937 2117 981 morte
2143 932 2357 983 animam
2380 951 2540 1000 suant,
2566 946 2612 988 et
2633 955 2743 989 cum
2764 946 3016 997 sceleratis
3046 948 3201 1015 depu-

1657 1019 1790 1066 tatus
1810 1026 1899 1079 est,
1920 1025 1965 1068 et
1987 1028 2188 1083 peccata
2204 1021 2475 1073 multorum
2510 1026 2641 1091 tulit,
2674 1039 2718 1080 et
2743 1047 2832 1096 pro
2864 1041 3199 1103 transgresso-

1656 1103 1792 1157 ribus
1810 1106 2001 1173 rogavit
2022 1104 2171 1174 (Isai.
2198 1124 2305 1177 LIII,
2340 1111 2445 1179 10).
2481 1112 2610 1167 Vide
2634 1132 2825 1185 quanta
2854 1138 2970 1175 cum
2995 1127 3063 1176 ob
3094 1144 3203 1180 mc-

1656 1190 1814 1244 ritum
1858 1195 2115 1259 passionis
2157 1197 2462 1266 adepturum
2503 1206 2837 1272 propheticus
2883 1227 3058 1265 sermo
3110 1219 3201 1269 (lc.-

1656 1281 1858 1336 scribit.
1886 1282 2104 1350 Videbit,
2130 1288 2312 1355 inquit,
2333 1308 2495 1345 semen
2514 1296 3198 1371 longamum,videbitlncem,

1656 1381 1701 1422 et
1743 1376 2048 1427 saturabitur
2090 1379 2322 1443 scientia;
2357 1386 2621 1448 possidebit
2665 1391 2862 1456 multos,
2908 1406 2954 1447 et
2998 1400 3201 1464 fortium

1656 1459 1839 1513 dividet
1856 1465 2033 1530 spolia.
2054 1468 2179 1529 Qua:
2205 1471 2377 1522 omnia
2395 1474 2441 1525 ei
2464 1476 2754 1531 secundum
2779 1459 3017 1537 naturam
3047 1488 3199 1543 Verbi

1658 1562 1759 1601 non
1789 1558 2072 1608 conivenire
2099 1566 2244 1623 puto,
2262 1559 2398 1628 quod
2420 1565 2741 1630 superﬂuum
2769 1581 2851 1625 est
2874 1574 3203 1632 demonstra-

1657 1653 1735 1709 re,
1786 1655 1905 1695 cum
1954 1658 2012 1697 se
2056 1645 2165 1714 ipsa
2197 1664 2369 1703 rerum
2400 1652 2663 1709 evidentia
2719 1661 3032 1720 manilestet.
3074 1668 3202 1723 Item

37 1738 172 1772 tierunt
197 1721 419 1790 (Philip.
444 1740 505 1790 ιι,
532 1727 614 1793 8).
648 1726 713 1779 Et
738 1727 900 1781 David
926 1747 940 1782 :
971 1728 1048 1782 De
1097 1740 1335 1795 torrente,
1361 1732 1552 1800 inquit,
1588 1729 1633 1788 B
1659 1731 1796 1798 quod
1826 1742 2135 1801 potestatem
2163 1739 2281 1793 eaali
2318 1749 2369 1794 et
2402 1750 2574 1809 terrae,
2603 1755 2655 1801 et
2679 1747 3038 1810 hmreditatem
3069 1721 3199 1827 gen;

38 1808 149 1860 invia
176 1810 318 1875 bibit,
345 1824 636 1881 propterea
681 1818 923 1870 exultavit
967 1828 1121 1885 caput
1149 1818 1317 1890 (Psal.
1345 1836 1450 1885 cu,
1474 1823 1551 1891 7).

38 1895 94 1949 De
119 1908 332 1954 torrente
360 1901 413 1954 in
438 1904 555 1967 via,
588 1904 638 1957 id
662 1912 746 1958 est
789 1907 855 1960 de
876 1906 1035 1962 ﬂuvio
1071 1911 1253 1965 mortis
1280 1910 1550 1975 humanm;

42 1998 278 2054 propterea
301 1992 564 2047 exaltavit
583 2003 756 2062 caput,
780 1998 901 2064 quia
932 2007 1155 2051 mortem
1201 2002 1449 2066 gustavit.
1493 2003 1554 2054 Et

38 2078 185 2144 ipsein
207 2081 498 2150 Evangelia
532 2100 547 2137 :
575 2083 872 2152 PrOpterea,
898 2087 1079 2157 inquit,
1107 2090 1273 2159 diligit
1293 2107 1370 2143 me
1398 2091 1555 2145 Pater

39 2183 142 2220 mens
165 2188 182 2221 :
215 2174 451 2238 quoniam
487 2169 715 2227 animum
749 2192 909 2228 meam
944 2194 1077 2247 pono
1115 2196 1207 2246 pro
1236 2182 1405 2235 ovibus
1434 2185 1553 2237 meis

41 2254 180 2320 (loca.
196 2276 248 2327 ι,
267 2259 380 2329 17).
408 2262 556 2328 Quid
582 2264 737 2332 igitur
755 2267 904 2319 vobis
925 2268 1167 2321 videtur?
1187 2269 1378 2324 Natura
1394 2271 1551 2326 Verbi

38 2347 151 2398 exsul
196 2358 244 2401 et
292 2365 459 2405 vacua
512 2355 897 2421 magnitudinis
942 2365 996 2409 et
1039 2358 1219 2425 gloria:
1266 2359 1553 2415 honoribus

38 2434 128 2497 luit,
148 2448 226 2490 aut
262 2438 592 2507 imperfectae
622 2453 711 2496 aut
738 2446 944 2514 exiguae
968 2447 1267 2504 dilectionis
1289 2452 1424 2518 apud
1459 2452 1553 2504 Pa-

40 2533 141 2578 trem
167 2528 211 2581 in
242 2534 543 2587 sternitate
574 2535 821 2589 manebat
849 2552 862 2589 :
892 2545 945 2592 et
983 2538 1182 2593 idcirco
1229 2542 1349 2594 talia
1373 2544 1553 2598 subire

40 2618 257 2684 qiiasivit,
292 2634 386 2687 per
414 2638 540 2688 quae
589 2628 855 2692 acceptior
883 2637 938 2681 et
982 2628 1346 2684 honorabilior
1389 2644 1547 2699 esset,

44 2710 169 2767 atque
195 2707 656 2765 excellentioribus
688 2714 889 2767 meritis
928 2717 1185 2771 emineret
1217 2719 1241 2771 τ
1270 2719 1548 2789 Exaltauit,

43 2790 194 2856 inquit,
212 2812 337 2862 aut,
361 2809 407 2851 et
426 2799 638 2853 donarit
659 2802 737 2855 illi
760 2820 937 2857 nomen
975 2807 1111 2873 quod
1140 2817 1213 2860 est
1240 2825 1388 2879 super
1409 2823 1551 2863 omne

47 2894 184 2934 nomen
204 2883 408 2956 (Philip.
434 2904 493 2956 ιι,
524 2890 606 2958 9).
649 2892 853 2959 Ergone
880 2893 1111 2948 Verbum
1138 2898 1202 2949 ad
1234 2898 1358 2952 illud
1387 2914 1446 2951 us
1468 2916 1550 2965 ;ue

50 2980 213 3038 tempus
235 2992 332 3031 non
361 2980 556 3036 habuit
577 2997 769 3037 nomen
792 2988 931 3053 quod
956 2997 1036 3040 est
1062 3001 1224 3055 super
1270 3005 1428 3046 omne
1451 3009 1547 3045 no-

1657 1822 1807 1887 tium,
1836 1832 1890 1878 et
1911 1828 2293 1895 subiectionem
2318 1834 2678 1891 universorum
2706 1856 2769 1895 ex
2799 1852 3031 1915 tempore
3057 1870 3201 1908 accc-

1652 1913 1810 1980 perit,
1840 1925 1888 1967 et
1917 1916 2030 1983 ipse
2051 1917 2116 1971 de
2143 1920 2319 1990 seipse
2345 1925 2396 1977 in
2425 1926 2810 1997 Evangeliis,et
2834 1913 3102 2009 prophetm
3124 1946 3199 2000 lo-

1652 2013 1903 2068 quuntur.
1919 2005 2175 2075 Numquid
2197 2026 2322 2081 ergo
2349 2028 2658 2082 potestatem
2676 2034 2730 2080 et
2753 2005 3042 2086 dominium
3058 2050 3199 2090 crea-

1652 2097 1783 2144 tura:
1803 2106 1928 2154 sure,
1946 2105 2124 2164 utpote
2144 2104 2374 2158 omnium
2392 2111 2633 2167 conditor
2650 2117 2754 2186 67
2773 2134 2875 2175 non
2907 2123 3117 2201 haheat,
3142 2143 3198 2183 ut

1652 2181 1973 2247 temporibus
2001 2188 2301 2246 novissimis
2325 2194 2437 2250 haec
2464 2203 2636 2255 omnia
2665 2181 2899 2265 muneris
2918 2195 3086 2281 gratia.
3105 2236 3197 2289 po-

1653 2269 1872 2323 tiretur?
1904 2273 2039 2328 Dicit
2065 2292 2191 2347 ergo
2219 2294 2336 2348 post
2373 2295 2812 2351 resurrectionem
2843 2269 3030 2358 suam:
3064 2269 3197 2365 D'ata

1650 2366 1721 2409 est
1747 2360 1868 2413 mihi
1895 2365 2056 2417 omnis
2079 2378 2299 2436 potestas
2327 2374 2379 2427 in
2398 2376 2523 2430 caelo
2548 2391 2595 2433 et
2624 2382 2674 2436 in
2705 2393 2837 2441 terra
2854 2390 3064 2459 (Matth.
3100 2415 3192 2465 xx,

1656 2444 1740 2465 ,οἱ
1791 2447 1831 2465 Α
1880 2463 1892 2465 4
2059 2462 2067 2465 ,
2354 2462 2382 2465 η

1654 2444 1762 2511 18).
1789 2447 1954 2513 Quam
1985 2462 2294 2519 potestatem
2314 2462 2440 2517 olim
2465 2465 2618 2522 Pater
2644 2444 2953 2539 promiserat
2972 2444 3192 2544 dicens

1651 2531 1865 2589 Postulo
1893 2554 1925 2591 a
1949 2556 2046 2609 me,
2076 2553 2123 2597 et
2153 2547 2283 2601 dabo
2304 2551 2391 2603 tibi
2409 2567 2577 2622 gentes
2601 2531 2938 2622 birrcditatem
2968 2582 3125 2640 tuam,
3151 2590 3195 2632 tt

1652 2713 1955 2780 petitionem
1986 2720 2103 2777 Filii
2134 2734 2184 2779 et
2212 2726 2541 2796 largitionem
2574 2713 2742 2795 Patris
2762 2788 2776 2811 ,
2808 2713 3194 2825 tempore‘pas-

1650 2804 1813 2860 sionis
1859 2810 2128 2878 expletam
2165 2815 2324 2872 luisse
2366 2823 2620 2891 prOpbeta
2660 2831 2819 2889 Isaias
2860 2804 3102 2909 testatur:
3131 2864 3195 2905 ex

1652 2911 1872 2961 persona
1906 2899 2073 2956 Patris
2097 2904 2164 2957 ita
2186 2911 2495 2967 nuntimtis.
2526 2916 2616 2972 Sic
2645 2923 2784 2988 dicit,
2813 2928 2999 2999 inquit,

1651 3001 1743 3040 nus
1767 3004 1785 3041 :
1809 2988 2053 3059 Tempore
2079 3007 2283 3068 accepto
2308 3006 2542 3061 exaudiui
2561 3017 2630 3077 te,
2648 3023 2695 3065 et
2720 3016 2770 3068 in
2795 2988 3071 3080 die-salutis
3098 3048 3194 3083 au-

2198 3060 2207 3068 ’
2502 3060 2505 3061 ⁷
2585 3060 2599 3063 “
2617 3060 2630 3077 1
2649 3060 2691 3065 ’-
2721 3060 2769 3068 ν’
2795 3060 2874 3072 νυν
2895 3060 3071 3080 Insula.
3098 3060 3194 3083 uu-

53 3067 467 3125 meInsedmeruit
485 3073 740 3142 aperimus
787 3078 923 3143 quod
962 3088 1143 3130 natura
1174 3096 1275 3133 non
1335 3082 1548 3136 habuit?
1575 3060 1621 3120 (ἶ
1654 3077 1862 3132 πὶιίαιιιε
1888 3096 1995 3133 sum
2026 3085 2119 3150 tui,
2150 3096 2194 3138 et
2220 3088 2464 3156 plasmavi
2490 3105 2554 3162 te,
2586 3108 2631 3151 et
2652 3101 2767 3156 dedi
2793 3110 2908 3161 tein
2930 3120 3197 3173 ιεειαοηεη.

54 3148 77 3173 In
98 3167 145 3173 .,..
170 3154 222 3173 ,Δ
247 3155 284 3173 II
320 3159 332 3173 ι
566 3161 608 3173 nn
691 3172 694 3173 ,
791 3165 802 3173 .
920 3167 932 3173 -
1109 3166 1137 3173 ._
1392 3172 1395 3173 ,
1910 3172 1913 3173 ,

54 3148 147 3202 llrtn
168 3154 222 3206 ad
247 3155 492 3214 llebraos
519 3179 532 3213 :
565 3161 747 3227 Tanto,
790 3165 977 3232 inquit,
1025 3166 1200 3219 melior
1234 3172 1425 3239 angelis
1465 3176 1545 3239 fa-

54 3248 164 3301 ctus,
197 3255 366 3307 quanto
407 3250 739 3303 excellentius
803 3270 911 3319 prae
962 3255 1065 3307 illis
1119 3273 1299 3310 nomen
1355 3261 1545 3327 acrepit

57 3324 193 3384 lllebr.
232 3348 271 3397 t,
304 3334 379 3404 ὅ).
413 3337 549 3403 Quis
594 3338 645 3392 in
682 3348 876 3394 tantam
915 3343 1199 3410 impietatis
1241 3324 1542 3414 voraginem

58 3427 223 3478 Pfﬂmat
244 3422 265 3473 l
284 3426 405 3489 Quis
428 3442 670 3496 eousque
690 3433 936 3485 amentia:
966 3435 1104 3487 nube
1125 3446 1354 3491 emeatus
1392 3438 1443 3491 in
1494 3440 1542 3492 id

60 3500 234 3571 decidat,
254 3522 305 3562 ut
355 3515 607 3580 Opinetur
634 3515 901 3572 Christum
944 3523 1232 3575 secundum
1261 3525 1546 3580 divinitatis

61 3602 246 3649 naturain
277 3602 545 3658 meliorem
580 3608 778 3674 angelis
802 3608 1040 3664 factum?
1070 3627 1240 3682 neque
1266 3616 1405 3669 enim
1439 3619 1547 3687 66

62 3683 215 3746 angelis
232 3687 388 3743 divina
420 3703 601 3760 potest
624 3696 737 3763 ejus
764 3701 987 3754 conferri
1020 3711 1111 3755 aut
1129 3707 1429 3773 comparari
1454 3722 1545 3759 na-

62 3773 391 3840 lum:quorum
412 3784 567 3849 quasi
621 3786 904 3841 collatione
958 3792 1254 3858 reperiatur
1283 3795 1545 3848 excellen-

65 3852 140 3906 tior
154 3870 282 3928 atque
307 3869 506 3933 melior,
538 3885 659 3924 cum
686 3874 755 3925 sit
781 3876 1024 3930 omnibus
1054 3881 1254 3934 naturis
1281 3882 1545 3952 incompa-

65 3944 248 4001 rabiliter
263 3962 607 4019 prastantior.
641 3962 742 4016 Sed
767 3973 821 4018 et
847 3967 983 4031 quod
1008 3968 1112 4020 ait:
1142 3968 1323 4023 Melior
1357 3944 1544 4041 angelis

65 4031 201 4101 lactus,
219 4050 461 4109 posterius
490 4051 601 4103 vult
626 4052 839 4122 intelligi
870 4057 919 4109 id
948 4059 1083 4126 quod
1114 4062 1300 4114 melius
1344 4079 1539 4127 prmce-

64 4122 240 4218 duilium
261 4139 534 4195 collatione
568 4142 761 4198 factum
781 4158 881 4201 est.
912 4122 1062 4214 Quod
1085 4152 1208 4219 quid
1261 4122 1402 4207 aliud
1442 4160 1542 4209 erit

65 4212 135 4263 nisi
157 4215 346 4278 humana
366 4230 478 4296 ejus
502 4236 729 4286 natura?
756 4236 953 4291 Nomen
976 4255 1182 4308 quoque
1211 4259 1325 4295 cum
1352 4246 1539 4300 melius

68 4309 272 4369 “cepisse
312 4314 582 4383 describit,
624 4324 763 4389 quod
794 4327 1010 4380 omnino
1051 4330 1115 4381 ad
1158 4330 1386 4384 divinam
1428 4335 1538 4398 ejus

64 4399 134 4437 “0"
159 4406 299 4458 Potest
321 4406 496 4461 referri
529 4419 791 4466 naturam.
821 4417 946 4480 Quis
967 4417 1106 4469 enim
1138 4432 1337 4472 natura:
1365 4422 1406 4473 Τ
1412 4422 1534 4475 ιὶιιί-
1572 4403 1622 4461 D

67 4478 153 4527 tatis
168 4489 372 4550 superior
397 4505 449 4548 et
477 4499 669 4551 melior
695 4504 859 4567 potuit
891 4503 1135 4571 inveniri,
1163 4508 1247 4573 qui
1276 4510 1321 4559 ei
1345 4510 1532 4563 melius

65 4570 209 4663 pectis
243 4592 415 4637 nomen
446 4596 501 4641 et
530 4588 683 4643 daret
710 4602 764 4643 et
802 4593 1115 4661 ituponere',
1146 4598 1392 4663 quoniam
1424 4618 1532 4654 Inc-

70 4650 204 4711 linmm
230 4678 298 4718 est
324 4671 661 4729 inferioribus
689 4679 900 4733 nomina
935 4668 1220 4750 impertire.
1251 4688 1378 4751 Quis
1407 4704 1533 4758 ergo

69 4754 137 4793 lNlll
161 4750 303 4808 videat
332 4759 433 4816 ha-c
481 4766 533 4817 in
577 4766 667 4820 Dei
700 4768 833 4821 Filio
862 4782 1058 4826 natura:
1081 4777 1254 4829 Carnis
1282 4780 1394 4844 ejus
1414 4795 1533 4833 cui-

70 4840 224 4900 tmcre,
250 4853 522 4904 secundum
552 4870 707 4922 quam
731 4867 783 4910 et
806 4860 1063 4915 esaltatus
1091 4874 1189 4925 est,
1224 4876 1277 4918 et
1305 4867 1533 4920 Iunium-

72 4928 138 4981 ειη.
168 4939 207 4978 et
229 4937 438 4997 melioris
475 4945 704 4998 nominis
751 4947 1055 5014 dignitatem
1087 4955 1309 5021 adeptus
1348 4969 1446 5021 «ἐκ,
1492 4961 1533 5011 ίε

71 5012 384 5084 ἢιιὶςυειιιιιιυιη
427 5044 675 5089 naturam
708 5037 860 5093 Verbi
895 5040 1080 5096 horum
1119 5044 1241 5097 nihil
1274 5048 1407 5116 eguit
1439 5050 1534 5102 ali-

69 5107 109 5158 qtt
122 5106 241 5158 unlo?

345 5338 357 5361 ,
384 5305 646 5363 passionis
675 5308 788 5372 ejus
815 5313 1002 5366 merito
1031 5318 1308 5383 acquisita,
1335 5322 1526 5387 quibus

340 5394 634 5459 apparebit,
662 5414 761 5449 non
794 5416 944 5467 posse
972 5406 1040 5466 ci,
1076 5410 1361 5461 secundum
1386 5415 1521 5479 quod

74 5462 194 5560 :“Wa
220 5468 329 5528 Deus
371 5494 470 5546 est,
520 5486 615 5537 scd
648 5490 931 5544 setundum
977 5495 1116 5560 quod
1152 5507 1331 5549 natura
1368 5500 1522 5553 humo

72 5548 263 5611 lmine“
286 5576 575 5628 εοηνρυίγρ,
618 5576 747 5630 Dicit
775 5596 898 5647 ergo
934 5581 1098 5638 Isaias
1131 5590 1385 5654 propheta
1414 5609 1425 5643 :
1462 5594 1519 5644 Si

73 5360 144 5413 “"3"
161 5379 315 5437 CTarius

1645 3175 1750 3219 tum
1783 3172 2029 3237 gentium,
2070 3186 2121 3227 ut
2151 3181 2473 3237 constitueres
2502 3194 2681 3253 terras,
2710 3203 2759 3246 et
2785 3201 3064 3264 possideres
3094 3210 3198 3262 Ita:~

1644 3262 1881 3316 reditatrs
1915 3264 2157 3335 desertas,
2189 3271 2470 3339 diceresque
2502 3279 2577 3332 Itis
2605 3284 2689 3347 qui
2724 3262 3016 3351 iuvvinculis
3038 3310 3194 3353 sunt:

1647 3350 1794 3406 Exite
1813 3370 1831 3407 :
1856 3366 1903 3408 et
1946 3359 2029 3423 qui
2066 3360 2116 3412 in
2163 3364 2406 3419 tenebris:
2432 3357 2736 3429 llevJumini
2763 3378 2915 3447 (Isai.
2943 3401 3085 3458 ms,
3118 3392 3150 3445 8
3160 3404 3194 3455 t.

1648 3439 1775 3492 Item
1815 3441 1929 3511 ipse
1976 3445 2140 3501 Filius
2182 3450 2231 3503 in
2274 3454 2459 3507 eodem
2492 3462 2742 3528 propheta
2770 3439 2788 3519 ἐ
2821 3468 2887 3522 Et
2917 3439 3194 3533 nuncilirit

1649 3528 1914 3597 Dominus,
1936 3537 2159 3601 formas
2178 3555 2253 3590 me
2267 3557 2328 3594 ea:
2353 3554 2496 3597 utero
2521 3567 2710 3604 seri-um
2736 3557 2848 3619 sibi,
2881 3575 2930 3612 ut
2963 3565 3194 3622 reducam

1645 3620 1801 3675 Jacob
1830 3625 1895 3677 ad
1929 3641 2038 3677 eunt
2054 3643 2071 3688 ;
2098 3639 2140 3680 et
2166 3632 2475 3700 glori/iectus
2499 3656 2605 3692 sum
2628 3644 2678 3697 in
2710 3650 2867 3703 oculis
2894 3651 3116 3725 Domini,
3146 3674 3193 3715 et

1650 3710 1782 3764 Deus
1808 3713 1969 3780 factus
1994 3726 2065 3769 est
2096 3719 2339 3784 fortitudo
2364 3741 2492 3778 mea.
2531 3729 2595 3781 Et
2623 3733 2790 3789 dixit:
2825 3740 3066 3811 Magnum
3100 3710 3193 3803 ibi

1647 3812 1717 3855 rst
1745 3813 1798 3855 ut
1830 3806 1899 3857 sis
1928 3809 2050 3859 mihi
2082 3826 2249 3863 servus
2286 3816 2354 3865 ad
2394 3822 2705 3878 suscitandas
2742 3806 3112 3904 tt'ibustacob,
3150 3854 3194 3895 et

1647 3892 1972 3957 dispertiones
2002 3895 2164 3951 Israel
2210 3917 2494 3973 congreges.
2527 3908 2655 3964 Ecce
2681 3918 2828 3981 posui
2877 3932 2921 3973 te
2962 3926 3011 3977 in
3043 3892 3193 3982 teita-

1646 3992 1866 4035 mentum
1889 3988 2081 4052 generis
2103 3991 2152 4041 in
2177 3993 2335 4045 lucem
2356 4001 2595 4063 gentium,
2616 4015 2664 4055 ut
2691 4008 2758 4061 sis
2783 4012 2921 4066 salus
2952 4031 3104 4085 usque
3126 4025 3193 4074 ad

1646 4079 1918 4125 extremum
1960 4085 2107 4130 terra:
2137 4078 2284 4145 (Isai.
2334 4099 2474 4151 sus,
2505 4088 2580 4156 5).
2627 4093 2750 4159 Quis
2792 4100 2860 4155 ita
2891 4078 3112 4166 stolidus
3140 4121 3192 4166 et

1647 4162 1837 4214 mentis
1875 4164 1981 4216 erit
2028 4167 2250 4232 alienus,
2298 4182 2351 4226 ut
2382 4190 2485 4229 non
2519 4180 2709 4253 videat,
2745 4203 2847 4242 non
2892 4162 3189 4267 intelligat,

1648 4249 1861 4303 formari
1889 4269 1949 4306 ex
1982 4267 2150 4321 utero,
2173 4271 2223 4311 et
2253 4265 2443 4319 mereri
2469 4282 2678 4325 servum
2707 4276 2843 4344 ﬁeri,
2875 4291 2929 4335 et
2952 4249 3191 4355 tempore,

1646 4347 2220 4413 opportunocsaudiri,
2268 4360 2423 4419 atque
2467 4358 2716 4416 auxilium
2746 4378 2986 4432 spectare
3016 4347 3189 4438 pater-

1650 4445 1793 4494 nunt,
1835 4442 1887 4483 ct
1916 4448 1979 4487 co
2003 4433 2199 4489 .lort:tri
2234 4438 2284 4491 in
2319 4440 2561 4509 Domino,
2585 4457 2638 4502 et
2666 4458 3051 4519 possessionem
3084 4474 3186 4517 ter-

1638 4533 1809 4571 rarum
1834 4535 1899 4573 ex
1937 4536 2169 4590 tempore
2198 4528 2457 4596 accipere,
2490 4536 2553 4586 ad
2583 4548 2821 4596 naturam
2843 4548 3016 4603 carnis
3031 4551 3187 4606 Chri-

1634 4608 1698 4658 sti
1733 4611 1942 4674 proprie
1965 4614 2269 4677 pertinere?

1709 4696 1820 4749 Xll.
1853 4698 2035 4753 Adnue
2064 4713 2259 4767 autem.
2285 4709 2327 4761 si
2354 4713 2583 4767 otiosum
2616 4732 2718 4770 nun
2741 4730 2842 4785 est,
2871 4737 3035 4790 pauca
3067 4746 3187 4796 prn-

1637 4787 1875 4854 lerimus,
1905 4807 2020 4859 qua:
2051 4798 2256 4862 penitus
2285 4802 2347 4853 ad
2376 4804 2663 4861 divinitatis
2693 4812 2806 4877 ejus
2838 4787 2941 4869 non
2972 4787 3188 4886 possunt

1638 4877 1824 4933 referri
1874 4892 2128 4937 naturam.
2177 4889 2264 4941 Sic
2308 4890 2462 4957 igitur
2495 4896 2559 4947 de
2597 4912 2660 4949 eo
2705 4901 2854 4954 Pater
2882 4920 2973 4971 per
3000 4907 3182 4960 lsaizun

1641 4965 1669 5016 ll
1694 4971 1869 5035 quitur
1900 4988 1912 5022 :
1942 4970 2068 5023 Ecce
2114 4991 2280 5029 seruus
2324 4995 2460 5034 meus
2480 5023 2494 5046 ,
2524 4988 2795 5052 su~cipiam
2834 5008 2982 5045 eum:
3006 5001 3182 5048 electus

1640 5076 1794 5127 uicus,
1819 5063 2115 5129 complacuit
2144 5067 2235 5117 sibi
2265 5069 2313 5120 in
2343 5070 2432 5122 illo
2461 5075 2630 5125 anima
2658 5094 2765 5130 mea
2785 5095 2802 5130 .·
2823 5082 2939 5133 dedi
2955 5085 3185 5151 spiritum

1639 5164 1799 5200 meum
1843 5167 1990 5219 super
2036 5170 2168 5215 cum,
2192 5156 2445 5224 judicium
2490 5165 2713 5230 gentibus
2752 5171 2974 5236 proferre
3022 5172 3179 5238 (Isai.

1637 5256 1762 5306 xui,
1797 5241 1876 5310 l).
1927 5243 2041 5310 lpse
2084 5241 2293 5315 quoque
2320 5250 2385 5304 de
2416 5255 2590 5324 seipso
2638 5260 2909 5317 similiter:
2938 5266 3176 5334 Spiritus,

1638 5334 1822 5399 inquit,
1878 5335 2078 5386 Domini
2132 5355 2282 5405 super
2325 5357 2438 5394 me:
2481 5357 2681 5410 propter
2720 5354 2852 5413 quod
2896 5358 3036 5405 unxit
3085 5374 3179 5416 me,

1631 5421 1967 5486 rvuugclizare
2016 5428 2314 5489 pauperibus
2364 5431 2495 5482 misit
2546 5450 2620 5485 me
2670 5437 2823 5501 (Luc.
2852 5456 2919 5500 tv,
2956 5442 3070 5509 l8).
3120 5446 3181 5497 lit

1632 5508 1789 5559 David
1819 5508 1879 5559 ml
1908 5511 2149 5564 cuuulent
2178 5530 2190 5563 :
2216 5513 2507 5581 Propterea,
2544 5523 2739 5590 inquit,
2773 5528 2913 5579 unrit
2946 5540 2991 5581 te
3023 5529 3174 5595 Deus,

1633 5596 1763 5645 Dm..-
1812 5609 1942 5656 tuus,
1976 5602 2079 5652 oleo
2110 5605 2457 5657 msultationis
2493 5626 2595 5673 pi‘rt'
2626 5618 2933 5670 consulibus
2966 5621 3079 5671 luis.
3119 5621 3177 5673 Ιζι
