3842 6226
583 280 672 332 H75

1873 283 2091 339 VIGILII
2131 283 2497 340 TAPSENSIS

3700 288 3819 340 Nil

576 406 636 442 et
669 405 887 458 persona
917 390 1084 445 Patris
1153 392 1305 445 I’osui
1334 393 1641 462 adjutorium
1677 411 1826 461 super
1857 407 2127 461 potentem,
2158 403 2200 457 Α
2230 396 2296 451 de
2321 398 2434 465 ipso
2464 398 2627 451 dicit:
2661 397 2721 450 Et
2750 398 2885 451 dabit
2911 399 2985 450 illi
3014 397 3252 450 Dominus
3275 396 3408 450 Deus
3436 397 3612 450 sedem
3640 394 3786 447 (tant
3818 432 3819 459 η

2230 488 2384 553 patris
2414 487 2508 551 sui,
2540 497 2585 539 et
2612 487 2832 554 regnabit
2859 489 2910 539 in
2939 489 3087 540 domo
3113 486 3286 548 Iacob,
3315 498 3360 540 et
3386 489 3531 555 regni
3563 489 3676 557 ejus
3702 504 3784 536 m
3818 518 3819 521 η

576 490 620 531 et
643 482 853 532 exaltari
876 482 1081 534 clettum
1105 485 1164 534 tle
1192 486 1377 543 pnpttlo
1401 501 1505 538 meo
1533 484 1702 555 (Psal.
1728 503 1981 551 Lxxxvttt,
2006 490 2119 558 20).

578 567 636 617 Ιίι
657 566 841 621 Petrus
854 568 919 622 tle
936 570 1047 635 ipso
1063 587 1073 622 :
1092 570 1350 638 L'tpttletn,
1369 573 1553 640 inquit,
1569 573 1631 625 ab
1655 574 1935 628 hominibus
1952 594 2125 645 repro—

577 655 769 717 tratum,
789 673 817 706 lt
844 655 947 708 Deo
968 667 1131 709 autem
1159 660 1360 711 electum
1383 670 1426 713 et
1447 663 1717 729 pretiosum
1737 663 1787 731 (I
1814 662 1952 717 Petr.
1971 665 2119 735 ΠΛ).

577 740 838 807 Numquid
866 742 952 795 Dei
990 743 1150 797 Filius
1178 760 1238 797 ex
1270 762 1330 800 ra
1361 756 1539 800 natura
1575 749 1683 818 68
1718 766 1817 819 qua
1855 751 1992 804 Deus
2019 762 2121 817 est,

574 838 623 878 et
660 842 763 879 non
792 842 857 881 ex
904 829 988 881 illa
1035 832 1208 897 potius
1246 847 1344 898 qua
1388 832 1546 886 homo
1588 839 1754 889 Iactus
1797 848 1898 901 est,
1927 839 2126 892 electus

576 917 768 979 poterit
795 916 1078 982 appellari;
1113 927 1167 970 ut
1211 918 1330 971 inde
1362 928 1542 972 natura
1572 920 1864 977 divinitatis
1906 925 2128 993 eligere-

577 1015 692 1065 tur,
724 1020 840 1071 qua)
869 1019 969 1057 una
999 1016 1079 1059 est
1108 1014 1161 1058 et
1187 1022 1301 1073 qua:
1332 1007 1381 1058 in
1417 1008 1652 1074 pluribus
1684 1025 1786 1063 non
1828 1021 1998 1078 potest
2038 1013 2130 1066 de-

577 1092 783 1158 putari?
818 1092 949 1145 Dicit
974 1094 1111 1146 enim
1146 1094 1375 1147 Ecclesia
1415 1096 1465 1148 in
1507 1095 1725 1152 Cantica
1751 1100 2085 1157 Canticorum
2115 1119 2126 1153 :

580 1179 863 1234 Fratruelis
892 1199 1051 1245 meus,
1082 1184 1267 1236 electus
1299 1187 1358 1236 tle
1385 1186 1614 1250 pluribus
1641 1186 1812 1256 (Cant.
1838 1203 1889 1251 v,
1924 1189 2032 1253 10).
2067 1189 2133 1242 Ει

577 1272 732 1321 I'atcr
756 1288 768 1321 :
790 1269 1025 1322 I'Ixaltavi
1044 1273 1251 1323 electum
1274 1273 1339 1325 de
1359 1275 1547 1341 populo
1566 1291 1671 1327 meo
1692 1276 1857 1343 (Psal.
1879 1293 2129 1343 Lxxxvm,

574 1358 685 1420 Em).
724 1359 889 1411 Dicite
929 1359 1117 1425 igitur,
1146 1376 1177 1410 o
1209 1375 1301 1414 vos
1342 1362 1497 1416 unius
1541 1372 1741 1416 natura:
1779 1365 2129 1431 professores,

575 1462 693 1497 t‘ttttt
738 1460 836 1498 una
875 1446 943 1498 sit
975 1447 1062 1499 Dei
1105 1458 1311 1514 natura,
1342 1450 1604 1517 quomodo
1641 1452 1724 1505 vel
1764 1452 1902 1505 unde
1930 1452 2135 1506 dicatur

573 1533 779 1585 electa?
822 1534 938 1600 quis
982 1533 1068 1586 illa
1119 1536 1360 1602 superior
1402 1539 1572 1605 potuit
1615 1552 1729 1591 eam
1779 1538 1847 1593 de
1900 1540 2135 1606 pluribus

574 1622 805 1689 eligere?
834 1624 911 1675 An
944 1622 1078 1676 forte
1106 1624 1214 1691 ipsa
1241 1623 1307 1678 de
1330 1626 1505 1678 medio
1534 1628 1711 1695 populi
1737 1643 1858 1682 sese
1884 1628 2062 1696 eli-git,
2083 1636 2138 1681 et

2227 576 2322 627 erit
2347 575 2461 641 ﬁnis
2479 575 2623 645 (Luc.
2649 589 2688 637 ι,
2711 576 2819 643 52).
2846 577 2923 629 Ad
2956 576 3119 628 David
3142 591 3348 643 quoque
3368 576 3467 629 ista
3488 583 3626 628 sunt
3647 576 3784 627 verto

2230 660 2399 713 Patris
2446 661 2511 714 de
2556 662 2811 727 ipsozbe
2840 665 3007 729 fructu
3060 663 3242 716 rentris
3288 663 3361 714 tui
3414 677 3610 729 ponam
3654 677 3787 726 super

2229 755 2394 805 sedem
2431 764 2572 806 tuam
2611 754 2778 822 (Psal.
2824 771 3005 817 cum,
3041 756 3145 822 Il).
3192 757 3318 809 Item
3361 772 3376 807 :
3416 753 3483 807 Et
3533 770 3719 821 ροιιαηι
3744 756 3787 805 in

2229 841 2465 892 statutum
2494 840 2667 893 saeculi
2694 842 2860 894 sedem
2888 844 3019 909 ejus,
3046 854 3094 894 et
3120 842 3357 895 thronum
3383 844 3499 912 ejus
3530 844 3667 895 sicut
3694 844 3787 893 dies

2230 929 2339 980 caeli
2370 926 2553 997 (Psal.
2592 945 2852 995 Lxxxvm,
2889 930 3010 1000 30).
3062 929 3125 983 Et
3171 931 3567 1001 primogenitum
3619 945 3789 996 ροπσιιι

2230 1015 2402 1077 illum,
2444 1017 2694 1070 excelsum
2732 1035 2839 1088 pra:
2872 1019 3067 1090 regibus
3120 1030 3264 1073 terra
3323 1019 3506 1089 (Psal.
3546 1034 3788 1077 uuvut.

2230 1101 2346 1170 28).
2390 1102 2515 1157 Item
2542 1120 2556 1156 :
2581 1104 2764 1158 Manus
2818 1107 2949 1159 enim
2995 1124 3107 1160 mea
3144 1108 3477 1161 auxiliabitur
3518 1108 3589 1170 ei,
3613 1117 3661 1159 et
3691 1108 3790 1159 bra.

2233 1191 2400 1242 citium
2429 1208 2594 1244 meum
2622 1195 2924 1263 confurtabit
2953 1211 3062 1247 eum
3086 1195 3257 1263 (Psal.
3287 1213 3548 1263 unum,
3578 1197 3691 1264 22).
3734 1196 3790 1249 Et

2234 1296 2417 1348 ponam
2438 1281 2489 1332 in
2514 1284 2639 1334 mari
2667 1299 2871 1335 manum
2901 1285 3028 1352 ejus,
3058 1292 3102 1337 et
3134 1286 3185 1337 in
3213 1286 3508 1353 ﬂuminibus
3541 1286 3791 1337 dexteram

2233 1372 2344 1437 ejus
2370 1367 2539 1436 (Psal.
2566 1386 2822 1438 anvnt,
2840 1373 2950 1437 26).
2980 1372 3047 1425 Et
3069 1375 3405 1428 dominabitur
3434 1392 3465 1428 a
3491 1376 3630 1428 mari
3652 1392 3792 1441 «sane

2235 1458 2301 1507 ad
2335 1473 2492 1520 mare,
2522 1470 2566 1512 et
2605 1477 2635 1511 a
2670 1462 2883 1525 [lumine
2927 1478 3079 1529 usque
3106 1463 3174 1513 ad
3216 1463 3453 1517 terminos
3482 1464 3623 1517 orbis
3658 1473 3793 1515 terra

2238 1544 2407 1612 (Psal.
2439 1562 2581 1611 Lm,
2609 1549 2688 1614 8).
2724 1550 2783 1602 Et
2820 1550 2983 1604 David
3014 1551 3078 1605 de
3108 1553 3223 1619 ipso
3248 1552 3315 1606 ad
3351 1553 3563 1607 Patrem
3589 1568 3605 1605 :
3631 1552 3793 1605 Gloria

2237 1642 2284 1682 et
2333 1632 2522 1687 honore
2565 1638 2819 1690 coronasti
2869 1654 3016 1699 eum,
3058 1647 3103 1691 et
3148 1641 3451 1692 constituisti
3494 1657 3615 1693 earn
3660 1656 3791 1705 super

574 1724 870 1777 quanquam
897 1724 1052 1763 nemo
1078 1712 1307 1778 seipsum
1329 1711 1485 1781 eligat
1505 1724 1558 1767 et
1578 1726 1757 1781 aperte
1777 1716 1932 1784 hujus
1952 1718 2136 1770 electio
2169 1742 2212 1801 Β
2242 1736 2393 1787 opera
2436 1737 2676 1775 manuum
2718 1736 2936 1777 tuarum.
2986 1725 3169 1780 Omnia
3195 1729 3452 1795 subjecisti
3479 1731 3572 1782 sub
3601 1729 3792 1797 pedibus

575 1815 603 1849 ιι
638 1800 675 1849 l)
711 1815 743 1849 ο
777 1799 906 1851 facta
931 1814 1047 1852 esse
1075 1800 1300 1864 dicatur,
1325 1810 1502 1866 tamen
1529 1803 1572 1857 si
1601 1804 1711 1871 ipsa
1743 1820 1802 1858 se
1837 1806 2136 1860 novissimis

578 1892 906 1957 temporibus
950 1892 1136 1961 elegit,
1186 1894 1233 1944 in
1274 1895 1416 1946 omni
1460 1894 1552 1948 illo
1588 1894 1849 1962 superiori
1900 1907 2138 1962 tempore

576 1986 778 2037 itu-crta
811 1983 902 2035 fuit
933 1996 986 2037 et
1025 1984 1312 2052 incognita,
1345 1986 1521 2052 populi
1558 1995 1611 2039 et
1645 1987 1909 2040 sociorum
1950 1988 2135 2042 coniu-

576 2074 727 2125 siune
754 2076 1027 2138 permixta,
1063 2074 1125 2125 de
1156 2088 1381 2141 quorum
1410 2074 1681 2128 consortio
1709 2075 1829 2142 eligi
1868 2084 1921 2128 et
1955 2085 2139 2130 sancto

579 2162 776 2227 Spiritu
808 2163 926 2229 ungi
967 2162 1349 2229 meruit?Quia
1398 2162 1557 2215 David
1607 2163 1716 2215 ait:
1745 2161 1903 2216 Unxit
1946 2175 1992 2216 te
2033 2179 2139 2233 prte

578 2249 892 2300 consortibus
923 2251 1018 2302 tuis
1042 2249 1207 2317 (Psal.
1239 2266 1383 2315 thv,
1409 2251 1485 2317 8).
1530 2252 1755 2318 Eligitur
1783 2267 1929 2321 ergo,
1961 2263 2014 2308 et
2045 2271 2139 2307 un-

576 2342 749 2403 gitur,
779 2351 830 2392 et
876 2354 1033 2406 super
1075 2354 1134 2393 se
1184 2341 1338 2394 habet
1382 2341 1633 2409 Spiritum
1681 2352 1919 2396 sanctqu
1963 2344 2139 2398 divina

582 2438 792 2482 natura.
833 2429 977 2493 Dedi,
1004 2430 1193 2498 inquit,
1229 2431 1477 2496 Spiritum
1518 2449 1680 2485 meum
1717 2450 1869 2504 super
1898 2452 2007 2488 eum
2037 2435 2138 2505 (Is.

582 2533 712 2578 χιιι,
742 2519 814 2585 1).
845 2519 904 2569 Et
930 2518 1041 2584 ipse
1065 2517 1227 2571 Filius
1254 2537 1263 2570 :
1292 2518 1535 2585 Spiritus,
1559 2511 1747 2588 inquit.
1772 2520 1977 2575 Domini
1994 2541 2142 2589 super

581 2622 678 2664 utr,
711 2615 908 2673 propter
933 2608 1066 2672 quod
1096 2609 1238 2658 unxit
1268 2624 1342 2658 me
1371 2608 1519 2677 (Luc.
1548 2624 1616 2671 tv,
1654 2610 1756 2678 I8).
1787 2610 1849 2663 Et
1877 2613 2142 2678 quomodo

579 2695 796 2762 aqualis
824 2704 903 2747 est
935 2694 1062 2746 Filio
1095 2695 1324 2762 Spiritus
1359 2706 1594 2763 sanctus,
1619 2712 1737 2752 cum
1779 2714 1940 2767 super
1970 2701 2138 2768 ipsum

581 2796 700 2834 esse
751 2781 1117 2835 describatur?
1165 2783 1297 2847 Dicit
1346 2795 1518 2839 autem
1566 2785 1631 2838 de
1675 2786 1793 2854 ipso
1844 2788 2002 2842 Isaias
2032 2806 2046 2844 :
2075 2788 2139 2841 Et

581 2870 851 2935 requiescet
874 2887 1021 2939 super
1045 2886 1156 2922 eum
1199 2870 1420 2940 Spiritus
1451 2871 1683 2937 Domini,
1706 2886 1749 2925 et
1782 2875 1999 2944 implebit
2028 2894 2141 2931 eum

583 2958 804 3029 Spiritus
828 2962 1087 3029 sapientitv
1119 2961 1270 3030 (lsai.
1304 2977 1375 3023 XI,
1399 2962 1481 3030 2),
1530 2962 1592 3015 Et
1617 2963 1794 3017 Lucas
1823 2964 1875 3017 in
1907 2965 2142 3034 Evange-

583 3050 654 3103 Iio
680 3068 690 3099 :
718 3049 853 3103 Puer
889 3060 1050 3102 autem
1094 3051 1358 3113 crescebat,
1389 3061 1433 3103 et
1462 3051 1859 3120 confortabatur,
1890 3062 1936 3105 et
1965 3054 2139 3122 intple-
2168 3081 2214 3141 ρ

580 3142 728 3191 batur
770 3138 1013 3206 sapientia
1061 3137 1206 3206 (an.
1255 3152 1293 3200 ι,
1348 3138 1446 3201 80;
1501 3154 1555 3202 tt,
1613 3137 1725 3207 52).
1777 3138 1922 3195 Unde
1953 3144 2145 3197 'mani—

580 3228 771 3279 [υδιιιηι
805 3236 882 3279 est
917 3225 1103 3278 Filium
1135 3224 1224 3277 Dei
1258 3239 1361 3278 non
1394 3226 1683 3279 secundum
1713 3235 1950 3280 naturam
1985 3229 2139 3284 Verbi

580 3315 699 3381 eligi
733 3316 798 3365 (Ιιε
830 3313 1091 3380 pluribus,
1115 3321 1206 3365 aut
1233 3315 1540 3379 confortari,
1570 3324 1658 3369 aut
1698 3316 1905 3377 impleri
1935 3319 2142 3385 sapien-

582 3403 672 3455 tia.
703 3403 816 3455 Non
848 3402 988 3456 enim
1018 3410 1216 3453 natura:
1245 3400 1399 3454 Verbi
1431 3410 1513 3455 est
1540 3401 1850 3467 confortari,
1882 3419 1999 3457 cum
2031 3406 2138 3474 ipsa

583 3491 649 3544 sit
687 3491 887 3551 virtus;
918 3503 1014 3542 nec
1054 3488 1327 3542 crescendi
1372 3498 1652 3556 augmenta
1693 3491 1994 3557 suscipere,
2020 3507 2139 3547 cum

584 3577 813 3645 perfecta
837 3580 903 3631 sit
924 3578 975 3631 in
1001 3577 1204 3645 seipsa;
1236 3591 1330 3629 nec
1353 3578 1607 3644 sapientia
1636 3577 1863 3645 impleri,
1886 3591 2004 3631 cum
2032 3580 2140 3649 ipsa

584 3668 799 3735 impleat
838 3665 1041 3730 omnia;
1074 3679 1169 3719 nec
1213 3664 1326 3731 ejus
1361 3673 1443 3718 est
1478 3664 1637 3732 eligi,
1668 3679 1785 3717 eum
1827 3664 1940 3733 ipsa
1980 3667 2142 3734 magis

495 3769 503 3779 '
584 3756 761 3823 eligat,
788 3764 840 3807 et
871 3754 1009 3807 unde
1037 3754 1261 3820 eligatur
1287 3767 1391 3804 non
1432 3751 1644 3807 habeat.
1678 3752 1808 3818 Quia
1840 3768 1967 3822 ergo
1996 3756 2139 3808 verbi

585 3852 787 3896 natura:
827 3843 924 3895 ista
971 3857 1072 3894 non
1118 3841 1438 3894 conveniunt
1474 3842 1524 3894 in
1568 3840 1814 3905 Christo,
1842 3843 1985 3896 carni
2027 3844 2143 3910 ejus

586 3940 877 3999 rnngrttattt
912 3945 1128 3989 necesse
1157 3939 1258 3993 εει,
1283 3928 1571 3982 secundum
1613 3944 1769 3997 quam
1797 3930 1916 3995 jure
1951 3930 2142 3983 dicitur

586 4034 773 4072 servus
811 4019 1031 4081 electus,
1056 4018 1175 4083 jure
1220 4015 1568 4078 confortatus,
1595 4008 1714 4085 jure
1753 4017 2011 4083 sapientia
2043 4016 2139 4069 im-

588 4111 780 4174 pletus,
806 4108 925 4174 jure
962 4106 1228 4169 crevisse,
1253 4105 1372 4173 jure
1412 4106 1663 4174 Spiritum
1704 4117 1942 4160 sanctum
1984 4122 2143 4174 super

587 4212 643 4247 sit
674 4196 887 4247 littltcrc.

660 4282 795 4335 XIII.
844 4280 991 4346 Quod
1044 4289 1100 4331 ut
1143 4278 1318 4332 adhuc
1365 4278 1664 4333 evidentius
1716 4279 1931 4339 clareat,
1981 4294 2141 4348 pauca

587 4370 978 4423 subnectcmus.
1029 4367 1160 4418 Dicit
1207 4366 1274 4419 de
1320 4380 1384 4420 eo
1428 4366 1586 4419 Isaias
1622 4384 1632 4417 :
1673 4364 1973 4432 Priusquam
2018 4368 2143 4419 sciat

590 4474 712 4524 puer
765 4472 995 4521 respuere
1047 4453 1233 4505 malum
1282 4464 1328 4505 et
1374 4454 1557 4522 eligere
1607 4456 1788 4506 bonum
1824 4470 1842 4507 :
1879 4466 2142 4524 antequam
2173 4425 2223 4485 Β

591 4553 857 4611 cognoscat
880 4558 1001 4612 puer
1029 4557 1207 4594 vocare
1238 4551 1426 4606 patrem
1451 4551 1537 4593 aut
1563 4550 1790 4603 matrem,
1816 4542 2023 4610 accipiet
2053 4544 2145 4597 vir-

592 4647 743 4688 tutem
771 4635 1001 4686 Damasci
1029 4643 1075 4685 et
1105 4633 1267 4699 spolia
1292 4631 1540 4683 Samaria:
1570 4630 1721 4697 (Isai.
1748 4632 1954 4701 vm,4).
1984 4634 2143 4688 Num-

591 4723 715 4789 quid
746 4723 855 4790 69
890 4735 1126 4773 naturam
1170 4720 1319 4772 Verbi
1355 4728 1510 4772 tanta:
1550 4720 1804 4773 audemus
1835 4721 2143 4788 ignorantiae

592 4813 871 4872 subicere,
911 4812 992 4862 cui
1044 4824 1139 4863 nec
1184 4810 1485 4877 praeterita,
1526 4822 1622 4862 nec
1674 4808 1841 4860 futura
1888 4807 2145 4863 habentur

593 4901 830 4953 occulta?
878 4900 935 4949 Iit
990 4908 1171 4950 terum
1223 4896 1606 4951 Lucas:Jesus
1643 4908 1808 4950 autem
1859 4900 2147 4967 proﬁciebat

593 4998 761 5049 a'tttte,
792 4997 836 5038 ct
884 4987 1146 5048 sapientia,
1182 4995 1229 5038 et
1274 4988 1436 5055 gratia
1488 4986 1627 5052 apud
1659 4985 1818 5037 Deum
1847 4994 1893 5037 et
1921 4987 2147 5041 homines

597 5076 743 5145 (an.
778 5091 832 5139 ιι,
865 5074 973 5142 5'2).
1008 5074 1062 5127 Si
1095 5073 1246 5127 Verbi
1277 5076 1326 5127 in
1357 5089 1422 5128 eo
1453 5075 1760 5142 proﬁciebat
1789 5085 1994 5138 natura,
2018 5091 2144 5145 ergo

597 5168 862 5222 mutabilis
886 5168 1017 5220 facta
1040 5175 1120 5219 est
1144 5181 1234 5228 per
1258 5167 1546 5233 proiectum
1564 5184 1577 5218 :
1594 5167 1733 5234 quod
1760 5168 1899 5220 enim
1921 5168 2145 5234 prolicit,

596 5264 828 5309 mutatur
863 5256 911 5306 in
960 5254 1167 5307 melius.
1216 5254 1287 5307 De
1333 5265 1591 5323 potestate
1640 5268 1848 5323 quoque
1888 5264 1941 5308 et
1983 5257 2147 5321 gloria

600 5342 743 5409 regni
774 5352 823 5395 ct
858 5341 1035 5409 judicii
1084 5341 1413 5406 auctoritate,
1454 5356 1610 5408 quam
1656 5356 1722 5395 ex
1782 5349 2041 5409 tempore,
2079 5344 2147 5396 ιι)

602 5439 842 5486 meritum
876 5434 1154 5500 passionis,
1182 5432 1468 5487 secundum
1515 5444 1754 5488 naturam
1785 5435 1960 5493 carnis
1997 5448 2150 5488 acce-

604 5526 694 5589 pit,
720 5524 945 5577 bretitcr
971 5523 1140 5591 aliqua
1161 5524 1418 5578 dicamus.
1442 5523 1654 5579 Gabriel
1686 5524 1739 5579 in
1765 5523 2045 5592 Evangelia
2077 5523 2147 5577 ita

2240 1809 2349 1875 ejus
2395 1808 2564 1875 (Psal.
2597 1826 2707 1877 vut,
2747 1813 2821 1882 6).
2870 1813 2994 1868 Item
3020 1832 3035 1869 :
3061 1813 3284 1869 Posuisti
3321 1834 3475 1883 super
3515 1829 3670 1886 caput
3696 1820 3791 1886 (jus

2238 1908 2472 1947 coronam
2516 1897 2579 1950 de
2624 1899 2794 1965 lapide
2831 1902 3068 1970 pretioso.
3126 1901 3292 1955 Vitam
3338 1904 3502 1970 petiit,
3532 1915 3581 1957 et
3624 1905 3791 1957 dedisti

2237 1985 2282 2035 ei
2311 1984 2675 2052 longitudinem
2714 1990 2907 2040 dierum
2937 1990 2988 2041 in
3013 1992 3252 2043 arculum
3290 1994 3465 2046 steculi
3495 1991 3676 2062 (Psal.
3707 2008 3781 2043 ιι.

2239 2073 2316 2142 4).
2347 2075 2507 2129 Juxta
2539 2077 2668 2132 illud
2694 2076 2873 2131 Isaim:
2902 2077 2961 2129 Si
2986 2064 3253 2130 tradiderit
3274 2079 3325 2131 in
3349 2090 3558 2131 mortem
3588 2080 3789 2131 animant

2240 2176 2403 2227 suam,
2434 2165 2615 2217 videbit
2644 2181 2809 2219 semen
2836 2166 3115 2234 longtevum
3155 2166 3307 2232 (Isoi.
3340 2183 3451 2229 LIII,
3485 2169 3594 2235 I0).
3629 2168 3742 2219 Item
3768 2188 3776 2216 ;

2243 2248 2459 2318 Propter
2480 2252 2754 2315 veritatem,
2778 2262 2823 2306 et
2851 2246 3295 2316 mansuetudinem,
3328 2265 3372 2305 et
3394 2257 3652 2322 justitiam
3681 2270 3781 2319 pra-

2240 2340 2356 2392 cede
2382 2349 2427 2392 et
2456 2357 2610 2410 regna
2649 2340 2820 2411 (Psal.
2853 2356 2992 2404 xuv,
3034 2342 3109 2408 5).
3150 2342 3209 2393 Et
3251 2341 3432 2394 Daniel
3460 2360 3473 2392 :
3501 2340 3615 2409 Ipsi
3652 2343 3779 2392 datu

2240 2436 2312 2479 est
2340 2428 2669 2497 principatus,
2698 2428 2860 2480 honor
2895 2437 2943 2481 et
2985 2444 3191 2495 regnum
3224 2426 3383 2495 (Dan.
3416 2443 3506 2491 ιιι,
3544 2429 3650 2495 14).
3676 2430 3783 2493 Qua!

2241 2514 2416 2567 omnia
2445 2530 2539 2568 cur
2562 2516 2823 2583 acceperit
2854 2530 2956 2567 non
2986 2524 3208 2567 tacetur.
3248 2516 3377 2568 Nam
3410 2516 3525 2583 ipse
3555 2518 3781 2569 meritum

2247 2611 2406 2654 tanta:
2434 2603 2703 2671 dignitatis
2749 2613 2978 2671 accepta:
3005 2606 3405 2665 demonstrans,
3434 2605 3543 2657 ait:
3580 2603 3782 2657 Vincenti

2242 2698 2289 2740 et
2318 2692 2533 2743 serranti
2560 2707 2711 2762 opera
2750 2708 2858 2744 mea
2895 2708 3048 2758 usque
3088 2699 3135 2743 tn
3183 2694 3329 2758 ﬁnem
3358 2693 3487 2744 dabo
3515 2704 3781 2761 potestatem

2244 2792 2392 2845 super
2432 2788 2598 2847 gentes
2623 2794 2642 2831 :
2676 2788 2720 2832 et
2781 2787 2913 2848 reget
2954 2795 3039 2831 eas
3082 2782 3132 2830 in
3171 2781 3310 2850 virga
3363 2780 3553 2843 ferrea,
3587 2783 3709 2832 sicut
3746 2790 3779 2830 ιε

2241 2883 2330 2936 ego
2359 2869 2528 2936 accepi
2550 2884 2582 2919 a
2608 2854 2896 2921 Putreimeo
2932 2870 3114 2935 (Apoc.
3145 2885 3177 2921 II
3200 2909 3215 2932 ,
3242 2869 3451 2938 26-23).
3498 2871 3625 2924 Item
3654 2887 3666 2920 :
3699 2870 3780 2933 Qui

2244 2955 2432 3019 vicerit,
2466 2955 2595 3006 dabo
2625 2957 2667 3009 ei
2688 2956 2858 3008 sedere
2885 2973 3071 3009 mecum
3100 2958 3151 3009 in
3177 2958 3292 3010 sede
3329 2974 3459 3020 mea,
3487 2960 3614 3009 sicut
3640 2969 3681 3008 et
3704 2974 3776 3023 ego

2242 3041 2356 3102 vici,
2379 3052 2424 3092 et
2451 3044 2557 3094 sedi
2584 3059 2693 3095 cum
2737 3042 2890 3096 Patre
2915 3059 3023 3095 meo
3066 3045 3116 3096 in
3148 3045 3267 3097 sede
3310 3046 3470 3113 ipsius
3500 3046 3676 3113 (Apoc.
3712 3060 3776 3103 ut,

2243 3127 2355 3196 21).
2388 3128 2480 3182 Cui
2521 3130 2750 3183 victoriae
2789 3132 2958 3184 omnis
2998 3130 3251 3185 oculorum
3283 3132 3549 3186 esercitus
3585 3140 3777 3184 attesta-

2245 3229 2344 3279 tur,
2378 3218 2561 3272 dicens
2588 3237 2600 3270 :
2637 3218 2827 3285 Dignus
2847 3228 2916 3272 est
2946 3219 3117 3287 Agnus
3144 3220 3232 3287 qui
3260 3220 3451 3271 occisus
3482 3231 3554 3272 est
3578 3223 3777 3285 accipere

2242 3306 2476 3373 gloriam,
2509 3318 2552 3358 et
2582 3306 2837 3370 honorem,
2866 3315 2913 3359 et
2935 3308 3253 3375 sapientiam,
3283 3315 3326 3359 et
3358 3308 3712 3376 fortitudinem,
3738 3317 3777 3357 τι

2242 3406 2526 3462 potestatem
2558 3398 2735 3465 (Apoc.
2767 3413 2814 3459 ν,
2848 3397 2957 3464 I2).
3006 3396 3125 3449 Ilaec
3151 3397 3219 3451 de
3246 3399 3392 3465 regni
3420 3402 3587 3471 gloria
3616 3409 3667 3454 et
3692 3414 3773 3466 po-

2245 3496 2450 3549 testate,
2481 3501 2636 3553 qnam
2664 3501 2727 3537 ex
2758 3493 2993 3551 tempore
3040 3486 3112 3538 ob
3140 3488 3384 3538 meritum
3416 3490 3669 3555 passionis
3695 3487 3773 3539 Dei

2244 3573 2403 3626 Filius
2451 3574 2741 3626 secundum
2797 3584 3033 3626 naturam
3065 3574 3240 3625 catnis
3270 3588 3379 3626 sua:
3423 3577 3641 3641 accepit,
3669 3588 3770 3627 cum

2242 3662 2347 3730 70
2374 3662 2660 3715 secundum
2708 3661 2858 3714 Verbi
2903 3670 3139 3714 naturam
3187 3661 3315 3714 nihil
3352 3666 3557 3730 eguerit
3584 3664 3771 3721 horum,

2245 3750 2472 3804 breviter
2492 3750 2800 3803 dixerimus.
2826 3748 2971 3807 Nunc.
2998 3751 3062 3803 de
3086 3749 3268 3816 judicii
3291 3753 3600 3805 auctoritate
3625 3753 3770 3803 multo

2246 3838 2457 3890 brevius
2484 3838 2741 3891 dicamus.
2771 3838 3079 3905 Quanquam
3116 3838 3166 3891 in
3203 3838 3330 3893 sede
3354 3841 3501 3908 regni
3530 3856 3629 3893 non
3654 3836 3771 3891 aliud

2243 3940 2397 3992 quam
2427 3924 2626 3978 Judieis
2652 3926 2933 3978 auctoritas
2955 3925 3431 3979 demonStraretur.

2313 4012 2447 4065 XIV.
2481 4012 2744 4080 Pr0plteta
2784 4027 2909 4079 ergo
2940 4014 3017 4066 sic
3047 4014 3113 4067 de
3150 4014 3263 4080 ipso
3289 4013 3355 4066 ad
3388 4013 3592 4069 Patrem
3627 4012 3769 4078 loqui.

2246 4109 2328 4153 tur
2354 4116 2367 4152 :
2394 4099 2549 4163 Deus,
2583 4100 2832 4167 judicium
2876 4110 3013 4151 tuum
3034 4100 3139 4168 regi
3182 4100 3267 4165 da,
3289 4109 3337 4153 et
3372 4102 3620 4170 justitiam
3652 4110 3765 4151 tuam

2244 4188 2351 4254 [ilio
2375 4186 2501 4256 regis
2524 4186 2687 4254 (Psal.
2718 4203 2865 4249 uxr,
2893 4187 2965 4255 I).
2996 4186 3063 4240 Et
3088 4187 3198 4253 ipse
3224 4205 3236 4239 :
3269 4186 3393 4241 Cum
3417 4205 3648 4257 accepero
3668 4197 3766 4238 tentv

2246 4290 2356 4343 pus,
2396 4290 2487 4342 ego
2518 4276 2747 4346 justitias
2783 4276 3028 4345 jndicabo
3072 4274 3242 4346 (Psal.
3295 4292 3472 4342 Lutv,
3514 4278 3593 4340 ὅ).
3639 4276 3690 4328 Et
3725 4276 3764 4324 in

2246 4362 2533 4430 Evangelio
2560 4380 2573 4415 :
2600 4362 2923 4426 Potestatem,
2954 4364 3141 4432 inquit,
3165 4364 3302 4417 dedit
3353 4366 3400 4417 ei
3436 4366 3677 4435 judicium
3698 4362 3763 4429 [a-

2246 4455 2430 4518 ciendi,
2462 4456 2696 4523 quoniam
2733 4452 2900 4507 Filius
2939 4455 3154 4507 hominis
3172 4466 3245 4507 est
3269 4454 3449 4525 (Joan.
3481 4471 3532 4516 ν,
3562 4456 3663 4522 27).
3684 4452 3765 4505 Ilo—

2248 4559 2360 4596 rutn
2414 4558 2683 4596 sacrorum
2737 4544 3066 4610 eloquiorum
3124 4544 3391 4597 meliorem
3431 4544 3760 4613 interpretem.

2246 4645 2399 4700 quam
2450 4630 2622 4697 ipsum
2680 4630 2956 4683 Dominum
3003 4645 3106 4684 non
3149 4630 3483 4696 invenimus,
3514 4633 3600 4701 qui
3642 4627 3763 4683 nobis

2248 4729 2510 4773 tantorum
2542 4718 2797 4772 h0norum
2828 4718 3039 4772 sibimet
3059 4718 3369 4772 collaturum
3395 4734 3584 4775 causas
3607 4728 3652 4773 et
3676 4729 3759 4768 tne-

2247 4812 2403 4862 ritum
2437 4807 2609 4860 valeat
2648 4821 2908 4861 reserare.
2941 4806 3127 4860 Cesset
3162 4806 3334 4862 omnis
3379 4808 3617 4862 humana
3642 4816 3762 4871 argu-
3818 4816 3819 4819 ‘

2251 4898 2587 4953 mentationis
2615 4896 2899 4958 calliditas,
2926 4911 3021 4950 nec
3048 4911 3107 4949 se
3134 4897 3324 4949 audeat
3353 4898 3595 4965 imperita
3615 4891 3759 4965 peritia

2250 4991 2384 5042 ultra
2442 4987 2653 5041 modum
2702 4986 2891 5039 divina:
2936 4984 3283 5052 expositionis
3327 4986 3631 5039 extendere.
3669 4981 3759 5045 Ipse

2251 5077 2341 5130 Dei
2392 5074 2559 5128 Filius
2599 5088 2751 5127 sacro
2794 5072 3079 5126 divinitat’s
3118 5086 3210 5125 ore
3254 5072 3559 5138 perdoccat,
3590 5084 3669 5125 cur
3698 5062 3758 5115 vel

2250 5163 2536 5218 secundum
2580 5160 2701 5230 quid
2743 5161 2902 5213 tantis
2943 5160 3096 5212 fuerit
3127 5175 3154 5211 a
3184 5159 3337 5213 Patre
3364 5161 3662 5214 sublimatus
3688 5153 3758 5204 lto-

2250 5251 2485 5312 noribus,
2514 5251 2600 5317 qui
2632 5250 2708 5303 sic
2730 5249 3031 5311 incarnatus
3063 5246 3219 5299 homo
3251 5248 3418 5301 factus
3445 5257 3547 5308 est,
3579 5257 3627 5300 ut
3647 5244 3689 5297 io
3720 5237 3756 5289 id

2249 5343 2386 5415 quod
2438 5353 2552 5398 crat
2603 5340 2997 5396 immutabiliter
3054 5356 3388 5409 permanens,
3434 5342 3565 5396 nihil
3614 5346 3754 5394 eorum

2249 5435 2516 5489 amitteret
2564 5450 2680 5501 qua:
2732 5434 2875 5502 prius
2907 5433 3164 5488 habebat.
3220 5434 3369 5488 Dicat
3423 5451 3572 5505 ergo,
3602 5447 3677 5488 cur
3707 5438 3753 5476 εἰ

2253 5531 2486 5591 tempore
2516 5532 2827 5592 potestatem
2858 5522 3141 5593 acceperit,
3170 5524 3257 5593 qui
3302 5539 3516 5595 semper
3554 5519 3751 5580 habebat
