3842 6226
70 290 155 345 ἱλὸ
1168 228 1435 337 CONTRA
1476 280 1630 337 Ευτῖ

1734 279 1936 333 Il-l'l'EM
1979 279 2100 332 LIB.
2147 277 2211 331 ν.

3179 273 3275 328 HG

66 403 122 455 L‘t
145 411 461 471 potestatem,
489 399 682 468 inquit,
712 399 848 451 dedit
873 398 917 451 ei
953 394 1199 464 iudicium
1237 395 1480 464 faciendi,
1503 411 1624 462 quo-
1654 398 1699 454 Α
1732 392 1919 443 inimici
1955 377 2222 468 essemus,
2269 380 2578 443 reconciliati
2635 404 2803 443 sumus
2855 386 2960 441 Deo
3010 402 3096 455 per
3144 401 3277 438 mor-

64 492 184 541 nium
220 490 361 557 [ilius
410 486 637 541 hominis
669 496 741 542 est
778 485 988 554 (lbid.).
1024 484 1155 548 Quid
1195 483 1371 552 igitur,
1405 484 1624 537 Dum’ne

64 578 176 632 lesu
193 576 438 641 Christe,
468 576 606 629 alius
635 585 688 629 et
712 574 849 628 alius
877 571 1027 626 nobis
1056 571 1353 640 apparebis,
1375 587 1497 625 cum
1515 588 1623 624 nos

66 680 112 721 te
148 680 304 720 unum
340 665 707 733 eamdemque
756 663 944 717 Filium
983 660 1075 714 Dei
1111 669 1165 714 et
1198 660 1360 713 ﬁlium
1392 659 1624 713 hominis

69 757 345 813 fateamur?
375 758 492 813 Cur
522 758 699 825 itaque
728 772 831 809 non
862 755 1040 810 dixisti
1066 772 1078 807 :
1105 754 1171 808 Et
1213 763 1501 824 potestatem
1538 755 1624 805 de-

68 853 131 901 dit
152 850 213 911 ei,
242 850 500 917 quoniam
534 845 703 901 Filius
735 846 828 900 Dei
856 848 962 901 est?
989 845 1158 911 Unus,
1190 846 1377 914 inquit,
1407 854 1460 901 et
1485 844 1624 899 idem

68 954 193 1005 sum,
215 953 316 994 nec
344 938 521 993 dividi
547 953 783 1007 possum.
830 937 932 993 Sed
971 952 1137 1007 quare
1177 938 1265 991 vel
1301 937 1440 991 unde
1476 952 1626 991 acceo

70 1030 245 1097 peritu,
272 1029 424 1095 quod
471 1043 681 1097 semper
723 1027 903 1089 habui.
932 1027 1071 1080 volui
1115 1027 1498 1080 demonstrare.
1529 1025 1626 1081 Se-

69 1118 283 1172 cundum
342 1126 597 1171 naturam
641 1118 813 1183 enim,
859 1131 963 1185 qua
1006 1116 1144 1169 Deus
1194 1114 1423 1169 Verbum
1475 1129 1623 1179 sum,

74 1209 185 1262 nihil
226 1209 386 1271 egui,
432 1208 573 1262 nihil
614 1208 828 1277 accepi,
868 1206 1114 1276 quoniam
1154 1205 1319 1260 Filius
1363 1206 1454 1259 Dei
1484 1220 1624 1271 sum,

72 1306 117 1351 et
161 1296 209 1349 in
256 1299 363 1351 hoc
417 1305 578 1351 natus
633 1295 1101 1351 sumzsecundum
1154 1302 1396 1349 naturam
1451 1302 1625 1349 autem

73 1387 254 1451 carnis,
284 1401 396 1455 qua
447 1386 591 1441 Deus
642 1386 867 1441 Verbum
915 1386 1216 1439 incarnatus
1265 1385 1423 1438 homo
1462 1383 1629 1438 factus

73 1490 195 1537 sum,
218 1483 271 1530 et
299 1478 454 1545 egui,
480 1486 532 1530 et
563 1476 764 1545 accepi,
789 1474 1037 1546 quoniam
1068 1474 1206 1530 ﬁlius
1236 1474 1467 1530 hominis
1486 1489 1628 1539 sum,

76 1577 116 1621 el
140 1566 200 1621 ad
228 1567 331 1621 hoc
361 1576 531 1622 natus
560 1582 701 1621 sum.

136 1655 241 1709 XV.
276 1655 345 1710 Et
380 1671 690 1725 quanquam
723 1657 835 1711 lucc
863 1656 1194 1721 suilecerint,
1227 1670 1322 1725 pro
1350 1654 1430 1711 sui
1460 1650 1625 1708 ﬁrmi-

1728 493 1823 534 tem
1872 480 1993 534 Filii
2035 484 2146 550 ejus
2197 464 2376 549 (Rom.
2421 496 2477 544 ν,
2520 479 2641 548 10).
2694 479 2758 532 Et
2794 480 2979 533 iterum
3007 494 3019 529 :
3046 477 3274 539 Solvcns,

1730 574 1917 640 inquit,
1946 573 2231 624 inimicitias
2260 573 2311 624 in
2346 589 2492 626 carne
2520 588 2614 625 sua
2643 569 2855 641 (Ephes.
2889 586 2944 635 ll,
2980 571 3094 636 li):
3120 583 3277 635 quam

1726 676 1941 716 carnem
1989 663 2159 715 nostri
2204 663 2440 731 generis,
2489 672 2789 728 nostraeque
2835 670 3033 713 natura:
3084 659 3277 719 fuisse,

1730 753 1864 806 idem
1912 761 2133 807 testatur
2170 753 2234 807 ad
2275 753 2524 806 llebraaos
2570 754 2673 821 72
2712 752 3016 819 Apostolus,
3052 750 3231 803 dicens
3264 765 3275 799 :

1729 841 1942 896 Decebat
1982 844 2113 894 enim
2159 823 2271 895 eum
2318 851 2518 909 prapter
2560 857 2701 908 quem
2726 843 2916 903 omnia,
2946 850 2991 893 et
3021 855 3108 906 per
3133 854 3278 906 quem

1728 933 1917 997 omnia,
1947 931 2131 1001 multos
2177 931 2310 999 ﬁlios
2356 931 2422 997 ad
2464 932 2677 1001 gloriam
2717 932 3062 993 adducentem,
3089 930 3276 998 princi-

1728 1037 1838 1088 pem
1859 1022 2038 1075 salutis
2057 1036 2230 1072 eorum
2258 1036 2345 1086 per
2366 1022 2647 1088 passionem
2669 1019 2799 1087 ﬁeri.
2828 1019 2924 1083 Qui
2944 1020 3074 1071 enim
3094 1021 3278 1070 sancti-

1729 1112 1864 1176 ﬁcat,
1887 1121 1933 1163 et
1960 1110 2046 1179 qui
2070 1110 2466 1176 sanctificantur,
2490 1124 2657 1161 omnes
2683 1125 2745 1162 es
2766 1124 2864 1161 uno
2886 1124 2903 1160 :
2924 1119 3123 1178 propter
3146 1107 3278 1176 quod

1729 1216 1827 1253 non
1865 1200 2197 1269 confunditur
2234 1201 2412 1269 fratres
2452 1216 2532 1253 eos
2578 1216 2784 1264 vocare,
2812 1200 2980 1252 dicens
3004 1216 3022 1252 :
3046 1198 3279 1251 Narrabo

1730 1306 1910 1342 nomen
1948 1300 2088 1341 tuum
2131 1288 2374 1355 fratribus
2419 1291 2540 1343 meis
2569 1288 2749 1359 (Hebr.
2782 1304 2832 1353 tl,
2872 1289 2977 1356 tO).
3007 1289 3105 1356 Qui
3135 1289 3278 1342 enim

1731 1377 2044 1439 sanctiﬁcat,
2074 1379 2123 1431 id
2169 1386 2251 1431 cst
2295 1378 2570 1441 Christus;
2602 1389 2655 1433 et
2679 1379 2765 1447 qui
2794 1380 3205 1439 sanctilicantur,
3231 1376 3279 1428 id

1731 1479 1811 1523 est
1839 1468 2017 1522 ﬁJelt-s
2037 1508 2051 1530 ,
2081 1482 2297 1533 omnes,
2324 1468 2513 1536 inquit,
2543 1484 2608 1523 ex
2650 1483 2776 1521 uno.
2810 1468 2883 1522 Es
2934 1484 3060 1532 uno,
3091 1467 3278 1528 inquit,

1732 1559 1922 1613 habent
1957 1568 2011 1611 ut
2039 1559 2144 1612 sint
2174 1559 2394 1631 fratres,
2416 1560 2530 1624 Quo
2560 1573 2686 1624 uno,
2719 1559 2817 1611 nisi
2850 1566 3041 1610 nostra:
3080 1566 3279 1608 natura:

1732 1655 1956 1723 genere?
2001 1668 2103 1709 non
2152 1655 2290 1708 enim
2335 1670 2397 1708 ex
2440 1653 2674 1721 utrisque
2716 1652 2913 1706 naturis
2943 1650 3129 1703 fratres
3159 1657 3276 1701 sunt

79 1753 173 1798 tale
190 1744 420 1809 roboris,
436 1745 508 1799 ad
528 1745 1030 1801 demonstrationem
1054 1746 1104 1799 in
1126 1745 1334 1801 Christo
1353 1743 1623 1811 utriusqne
1658 1736 1700 1807 Β
1725 1745 1951 1811 Christi,
1982 1745 2161 1800 ﬁdeles
2205 1746 2350 1814 ejus;
2383 1744 2472 1798 sed
2518 1759 2583 1797 ex
2630 1758 2761 1807 una,
2789 1743 2839 1796 id
2882 1751 2965 1798 est
3011 1741 3232 1792 humana
3265 1753 3277 1788 ε

78 1846 282 1900 natura,
316 1844 503 1889 tamen
540 1844 601 1889 ut
640 1836 805 1904 magis
850 1834 1119 1905 magisque
1149 1832 1386 1888 veritatis
1412 1833 1626 1888 claritas

79 1926 349 1989 elucescat,
376 1924 515 1978 libet
542 1924 700 1977 etiam
728 1924 874 1978 illum
900 1923 1141 1993 Apostoli
1172 1932 1399 1977 tractare
1427 1936 1627 1976 sermo-

81 2027 185 2064 nem
228 2028 334 2081 quo
392 2029 494 2079 pro
541 2013 692 2067 nobis
737 2012 1006 2067 Christum
1055 2012 1396 2067 mediatorem
1439 2011 1629 2065 asserit

83 2101 255 2155 fictum
287 2100 345 2170 (ι
379 2100 517 2155 Tim.
541 2118 597 2164 ιι,
630 2102 708 2171 5).
732 2088 880 2169 Quod
910 2102 1168 2166 ofﬁcium,
1192 2102 1291 2155 nisi
1316 2116 1385 2156 ex
1410 2103 1628 2155 veritate

86 2202 266 2245 natura:
296 2194 402 2263 Ὶι
437 2196 637 2256 carn‘s,
679 2209 834 2262 quam
866 2209 933 2248 ex
982 2194 1133 2247 nobis
1174 2194 1375 2254 habuit,
1410 2193 1629 2260 implere

86 2296 175 2333 non
215 2284 419 2349 potuit,
454 2283 704 2351 quoniam
749 2299 842 2351 per
888 2284 1053 2352 ipsam
1088 2285 1223 2337 inter
1257 2284 1421 2338 Deum
1450 2290 1501 2337 et
1537 2284 1631 2336 ho-

87 2371 235 2425 mines
270 2371 482 2426 medius
524 2375 783 2441 apparuit.
818 2373 882 2427 Et
915 2374 1131 2441 quia,ut
1160 2372 1446 2440 Apostolus
1476 2373 1549 2423 ait
1577 2380 1632 2425 et

86 2476 239 2513 rerum
272 2463 471 2515 veritas
499 2462 672 2524 docet,
694 2463 941 2514 mediator
970 2477 1071 2514 nou
1095 2471 1165 2517 est
1203 2462 1351 2514 unius
1383 2460 1526 2529 (Gal.
1555 2475 1628 2523 Ill,

87 2550 205 2617 20),
248 2553 451 2605 habens
496 2558 672 2605 autem
711 2550 973 2605 Christus.
999 2551 1286 2606 secundum
1332 2566 1424 2605 vos
1474 2563 1630 2604 unam

90 2650 337 2704 naturam,
373 2641 645 2695 ostendite
700 2642 837 2695 unde
884 2643 951 2695 sit
1002 2642 1209 2695 medius
1260 2644 1396 2697 inter
1435 2657 1531 2695 nos
1579 2650 1632 2696 et

93 2725 253 2779 illam:
296 2728 418 2796 quia
450 2729 521 2793 si,
552 2736 610 2780 ut
639 2728 801 2797 impie
832 2728 1037 2797 sapitis,
1066 2745 1165 2782 una
1196 2740 1279 2783 est
1306 2728 1419 2798 ejus
1449 2738 1631 2783 natura

93 2818 396 2884 mediatoris,
430 2821 487 2874 in
508 2834 574 2875 eo
600 2821 737 2890 quod
780 2830 862 2876 est
890 2837 1048 2875 unum
1078 2830 1132 2874 et
1155 2822 1417 2891 singulare
1448 2822 1633 2877 salutis

99 2920 268 2964 nostra:
304 2911 624 2978 remedium,
652 2912 989 2966 fruSIrabitur
1024 2925 1434 2967 sacramentum.
1485 2913 1633 2968 Unde

100 2998 215 3051 enim
245 3001 448 3054 medius
488 3002 610 3065 erit,
642 3002 686 3055 si
733 3011 1013 3069 utrumque
1054 3017 1155 3055 non
1197 3002 1472 3056 habuerit?
1497 3002 1629 3068 Quia

104 3088 187 3141 uisi
212 3090 362 3145 talem
400 3092 619 3148 dederis
662 3094 800 3148 inter
828 3068 990 3149 Deum
1031 3104 1085 3149 et
1127 3094 1385 3158 homines,
1428 3094 1515 3164 qui
1561 3096 1628 3147 ita
1658 3068 1702 3129 C

104 3181 157 3231 sit
194 3184 419 3246 medius,
448 3196 508 3236 ut
560 3198 626 3238 ex
669 3195 894 3253 utroque
937 3196 1217 3252 utrumque
1259 3184 1347 3249 sit,
1380 3184 1430 3238 id
1466 3191 1547 3238 est
1578 3192 1635 3237 ut

104 3280 149 3324 et
177 3273 300 3326 Deus
339 3277 411 3327 sit
463 3285 681 3342 propter
716 3275 1039 3339 divinitatis,
1082 3284 1135 3327 et
1184 3273 1321 3330 idem
1366 3273 1526 3327 homo
1566 3273 1636 3327 sit

110 3368 291 3427 propter
314 3363 661 3417 humanitatis
690 3373 950 3428 naturam,
978 3363 1201 3417 humana
1231 3361 1424 3417 divinis
1450 3374 1634 3429 quem-

110 3448 356 3503 admodum
401 3453 816 3507 reconcilientur
867 3468 973 3506 non
1026 3452 1281 3507 OStendis.
1338 3450 1468 3505 Nam
1510 3452 1631 3520 quia

113 3540 497 3607 nansgressione
525 3540 779 3605 mandati,
809 3541 1001 3593 inimici
1040 3540 1130 3593 Dei
1160 3539 1557 3602 esstiteramus,
1578 3546 1633 3591 et

112 3626 153 3676 iu
176 3630 483 3684 contrarium
521 3630 711 3682 animis
750 3630 1174 3682 discordantibus
1208 3628 1573 3695 vergebatnus,
1606 3642 1633 3678 a

114 3719 319 3781 supernis
352 3718 702 3785 declinantes,
734 3728 785 3772 et
822 3719 885 3771 ad
934 3721 1033 3771 ima
1081 3718 1386 3779 tendentes,
1417 3731 1635 3770 necesse

117 3802 256 3859 fuerat
287 3812 585 3864 interventu
625 3811 976 3864 n'tiserationis
1013 3810 1204 3863 divinm
1240 3810 1427 3863 solutis
1458 3809 1633 3860 inimi-

115 3898 244 3960 citiis,
269 3902 529 3954 contraria
571 3902 620 3954 in
660 3917 819 3955 ttnum
865 3902 1122 3964 revocari,
1152 3911 1206 3956 et
1252 3901 1494 3970 supernis
1528 3901 1628 3951 ima

116 3986 487 4057 restitui:un
526 4007 631 4043 non
670 3992 824 4047 aliter
863 3992 973 4045 ﬁeri
1007 3993 1194 4060 potuit,
1225 3994 1324 4047 nisi
1366 3994 1485 4047 talis
1515 4004 1631 4043 me-

119 4073 257 4129 diator
291 4079 563 4148 existeret,
596 4080 683 4149 qui
725 4081 792 4135 de
835 4082 1141 4137 etelestibus
1181 4083 1424 4148 veniens,
1455 4085 1634 4137 conni-

120 4172 237 4217 retur
262 4171 512 4234 terrenis,
545 4170 779 4225 retinens
807 4171 858 4223 in
889 4186 948 4226 se
980 4172 1030 4224 id
1060 4173 1197 4239 quod
1228 4183 1372 4236 erat,
1404 4185 1454 4226 et
1484 4188 1634 4227 assu-

122 4269 242 4310 meas
261 4260 306 4312 id
324 4262 461 4328 quod
492 4276 596 4315 non
624 4272 758 4316 erat.
783 4262 881 4328 Qui
912 4278 1046 4315 unus
1075 4261 1222 4316 ﬁeret
1250 4264 1299 4315 in
1325 4274 1565 4332 utroque,
1583 4273 1635 4317 et

121 4343 176 4397 ita
219 4363 305 4415 per
351 4354 625 4420 utriusque
674 4363 873 4406 natura:
926 4354 1381 4421 communionem,
1432 4354 1482 4406 in
1536 4368 1633 4406 una

1694 1892 1697 1895 ν
1728 1834 1951 1902 Pmpter
1971 1837 2104 1901 quod
2142 1852 2240 1889 non
2276 1835 2626 1906 confunditur,
2654 1835 2853 1902 inquit,
2882 1834 3061 1902 fratres
3087 1847 3167 1883 eos
3199 1846 3280 1882 ειυ-

1728 1939 1840 1976 rare
1867 1938 1888 1977 :
1915 1923 2328 1978 confunderetur
2380 1932 2555 1977 autem
2597 1922 2793 1978 fratres
2839 1935 2930 1977 eos
2978 1921 3184 1983 dicere,
3235 1920 3277 1970 si

1730 2029 1883 2067 unam
1913 2023 2113 2068 tantum
2136 2013 2480 2082 eamdemque
2502 2012 2737 2068 divinam
2765 2013 2978 2067 haberet
3006 2018 3274 2063 naturam;

1730 2118 1867 2157 nunc
1880 2113 2053 2158 autem
2071 2112 2345 2172 utramque
2359 2104 2579 2167 habens,
2598 2104 2718 2156 etin
2736 2112 2955 2170 utroque
2972 2109 3277 2155 naturarum

1727 2209 1920 2261 genere
1948 2194 2242 2249 subsistens
2260 2233 2276 2260 ,
2300 2210 2364 2247 ex
2394 2209 2497 2247 uno
2518 2209 2608 2246 eos
2638 2192 2847 2259 fratres,
2872 2207 2934 2246 ex
2964 2191 3069 2243 alio
3096 2203 3279 2243 servos

1729 2286 1976 2353 appellat.
2010 2286 2157 2342 Unde
2185 2296 2413 2350 constat,
2440 2302 2533 2354 per
2562 2287 2840 2339 humanam
2874 2294 3110 2339 naturam
3143 2283 3277 2336 incf-

1730 2376 1959 2430 fabiliter
2008 2376 2179 2432 Verbo
2226 2378 2452 2444 unitam,
2482 2376 2820 2430 mediatorctn
2873 2375 3035 2428 fuisse
3086 2375 3276 2426 factum

1733 2467 2008 2521 Dominum
2038 2467 2217 2521 .Iesum
2248 2467 2512 2522 Christum
2541 2481 2640 2520 :ae
2684 2481 2774 2534 per
2806 2466 2903 2518 hoc
2946 2465 3030 2532 qui
3071 2463 3206 2515 banc
3232 2464 3279 2516 ei

1734 2577 1991 2628 naturam,
2016 2565 2065 2618 id
2094 2574 2175 2620 est
2203 2565 2503 2627 humanam,
2534 2580 2628 2633 per
2658 2564 2809 2616 unius
2838 2571 3040 2616 natura:
3072 2561 3276 2628 profes-

1731 2655 1930 2708 sionem
1969 2655 2179 2707 auferre
2220 2653 2428 2717 nititur,
2460 2667 2615 2706 omne
2652 2650 2769 2705 ﬁdei
2802 2660 2993 2703 nostra:
3020 2659 3072 2702 et
3098 2648 3280 2700 salutis

1733 2748 2041 2817 mySIerium
2072 2761 2327 2799 evacuare
2354 2758 2590 2800 conatur.
2626 2744 2749 2796 Item
2782 2745 3020 2811 sequitur
3058 2743 3281 2809 Aposto-

1736 2836 1836 2899 lus,
1865 2836 1929 2889 ad
1975 2836 2223 2889 Hebrteos
2256 2836 2438 2889 dicens
2480 2852 2491 2885 :
2535 2834 2655 2887 Non
2694 2836 2822 2886 enim
2866 2834 3035 2885 statim
3080 2832 3282 2898 angelos

1734 2925 1969 2992 suscepit,
2001 2925 2087 2977 sed
2127 2940 2291 2977 semen
2335 2923 2569 2987 Abrabw,
2605 2924 2734 2975 unde
2773 2922 2939 2975 debuit
2991 2938 3079 2985 per
3117 2921 3283 2973 omnia

1736 3016 1978 3082 fratribus
2005 3014 2244 3079 similare,
2283 3023 2337 3066 ut
2368 3014 2644 3065 misericors
2680 3014 2817 3079 ﬁeret
2847 3021 2890 3064 et
2928 3010 3089 3078 ᾐάιιιίε
3117 3026 3282 3062 sacer-

1734 3103 1823 3155 dos
1860 3102 1912 3153 in
1958 3102 2038 3154 his
2069 3116 2180 3169 qua:
2221 3110 2335 3154 sunt
2380 3103 2445 3153 ad
2496 3101 2674 3165 Deum,
2706 3102 2771 3152 ad
2800 3100 3166 3168 deprecandum
3193 3115 3283 3166 pro

1734 3191 1927 3241 delictis
1958 3190 2150 3257 populi.
2182 3187 2245 3242 In
2276 3206 2333 3242 eo
2360 3190 2491 3243 enim
2520 3191 2569 3242 in
2598 3205 2694 3258 quo
2734 3200 2958 3257 expertus
2994 3204 3169 3257 passus
3194 3199 3283 3250 est,

1736 3290 1895 3346 potest
1921 3281 2225 3349 experientes
2254 3279 2693 3349 adjuvare(Hebr.
2724 3295 2780 3342 tt,
2812 3279 2916 3347 16).
2953 3277 3099 3343 Quod
3132 3275 3279 3342 dicit,

1738 3369 1837 3422 hoc
1862 3379 1961 3433 est,
1994 3370 2114 3437 quia
2144 3369 2382 3424 Christus
2408 3384 2508 3423 non
2540 3370 2864 3436 angelorum,
2891 3368 2981 3421 sed
3009 3368 3279 3422 hominum

1739 3469 1976 3512 naturam
2012 3474 2075 3512 ex
2115 3458 2315 3512 semine
2352 3458 2575 3511 Abrahae
2614 3459 2862 3523 suscepit,
2901 3466 2953 3509 ut
2984 3466 3161 3525 posset
3191 3470 3283 3524 per

1737 3548 2007 3599 vt-ritatcm
2031 3556 2294 3613 suscepta:
2320 3554 2521 3600 natura:
2552 3530 2916 3613 fratribusper
2945 3548 3115 3599 omnia
3144 3546 3285 3599 simi.

1741 3637 1877 3699 lare;
1925 3646 1978 3688 ut
2026 3636 2148 3689 hinc
2188 3636 2487 3689 misericors
2525 3644 2577 3688 et
2622 3633 2787 3687 ﬁdelis
2831 3633 3077 3687 sacerdos
3110 3632 3279 3696 ﬁeret,

1739 3726 1876 3794 quod
1911 3741 2012 3779 non
2059 3726 2389 3794 angelorum,
2421 3724 2515 3779 sed
2555 3725 2822 3777 hominum
2860 3720 3094 3791 suscepit
3134 3734 3284 3778 natu-

1743 3830 1873 3879 ram,
1908 3814 2223 3867 inﬁrmitatis
2265 3823 2318 3867 et
2346 3814 2637 3881 fragilitatis
2667 3814 2959 3876 consciam;
3006 3828 3095 3880 per
3126 3828 3279 3880 quam

1737 3915 1787 3957 et
1820 3905 1869 3955 in
1898 3916 1998 3970 qua
2030 3902 2287 3967 passionis
2319 3901 2649 3955 inlirmitates
2682 3910 2954 3967 expertus,
2986 3900 3285 3953 misericor-

1736 3992 1873 4046 diter
1900 4004 1949 4045 et
1981 3992 2204 4044 ﬁdeliter
2247 3991 2383 4043 Patri
2414 4006 2507 4057 pro
2534 3990 2867 4057 peccantibus
2916 3989 3234 4056 supplicaret
3262 4007 3275 4040 :

1741 4083 1874 4145 Quia
1919 4084 1969 4135 in
2010 4097 2085 4145 eo,
2116 4081 2301 4147 inquit,
2329 4082 2379 4131 in
2425 4096 2521 4146 quo
2547 4089 2777 4146 expertus
2818 4079 2989 4147 passus
3016 4088 3105 4142 est,
3128 4089 3289 4147 potest

1739 4170 2043 4237 experientes
2072 4168 2332 4236 adjuvare.
2363 4167 2495 4232 Quid
2525 4175 2603 4219 est
2635 4166 2779 4232 illttd,
2808 4166 2857 4218 in
2888 4180 2992 4234 quo
3021 4181 3203 4232 passus
3232 4177 3285 4220 et

1740 4267 1985 4323 expertus
2025 4266 2105 4310 est
2144 4256 2519 4319 inﬁrmitatem,
2564 4255 2659 4307 nisi
2702 4254 2929 4307 humana
2969 4264 3184 4318 natura,
3218 4259 3283 4307 de

1741 4362 1839 4416 qua
1880 4347 1931 4400 in
1979 4346 2265 4414 Evangelio
2308 4354 2544 4412 tempore
2585 4344 2841 4411 passimiis
2893 4359 3001 4397 suae
3040 4344 3283 4397 dicebat:

119 4435 369 4508 eademque
425 4418 651 4511 persona
670 4485 683 4507 ,
716 4452 771 4496 et
820 4444 1041 4496 humana
1091 4442 1283 4496 divinis
1306 4482 1319 4504 ,
1350 4418 1404 4497 et
1458 4444 1629 4496 divina
1670 4418 1714 4474 ί)
1741 4439 1961 4507 Spiritus
1984 4439 2179 4504 quidem
2208 4446 2483 4505 promptus,
2507 4451 2623 4487 caro
2653 4443 2821 4487 autent
2843 4435 3045 4501 infirma
3071 4433 3284 4503 (illattlt.

120 4528 309 4585 sociam
344 4533 587 4587 humanis
622 4551 636 4588 :
674 4535 819 4602 prius
861 4543 1168 4601 utrumque,
1200 4534 1315 4587 sine
1362 4536 1634 4600 utriusque

120 4617 394 4687 abolitione,
441 4625 631 4678 uniens
680 4627 732 4679 in
783 4624 989 4693 seipso;
1039 4625 1160 4679 dein
1220 4638 1403 4678 omnes
1452 4624 1634 4679 ﬁdeles

127 4705 238 4763 Patri
278 4714 615 4769 reconcilians
646 4714 772 4770 Deo.
812 4716 879 4767 Et
919 4718 1037 4784 quia
1080 4715 1521 4769 reconciliationis
1551 4731 1632 4767 sa-

124 4809 405 4865 cramentum
437 4804 829 4856 immaculatum
857 4803 1119 4871 ﬂagitabat
1151 4803 1487 4870 sacriﬁcium,
1518 4804 1634 4858 talis

127 4888 263 4939 hostia
297 4892 607 4960 requirenda
654 4890 825 4948 fuerat
858 4906 973 4960 quae
1010 4893 1079 4945 ita
1120 4893 1289 4945 media
1329 4904 1469 4946 esset
1503 4894 1637 4947 inter

127 4971 259 5031 Deum
276 4988 325 5033 et
353 4981 616 5044 homines,
648 4990 703 5034 ut
728 4991 780 5036 et
808 4982 963 5036 morti
993 4981 1357 5035 succumberet
1382 4998 1478 5049 per
1512 4983 1633 5035 illud

126 5066 239 5129 ‘lUOd
281 5069 500 5127 hominis
546 5070 795 5139 habebat,
834 5080 888 5127 et
935 5081 1156 5125 mortem
1200 5073 1493 5127 revittceret
1543 5088 1639 5141 per

126 5157 235 5220 quod
261 5159 307 5211 in
332 5175 387 5215 se
413 5162 700 5216 divinitatis
730 5163 957 5217 tenebat.

182 5247 297 5302 XVI.
334 5253 460 5307 lliuc
490 5254 775 5322 Apostolus
802 5254 873 5307 ait
900 5274 912 5307 :
938 5253 1075 5306 Nam
1115 5254 1205 5305 etsi
1250 5254 1521 5321 cruciﬁxus
1560 5264 1629 5307 est

128 5347 175 5384 ex
196 5337 461 5402 infirmitate
486 5354 675 5405 nostra,
714 5343 803 5395 sed
830 5344 943 5395 vivit
973 5358 1035 5395 ea:
1062 5344 1241 5395 virtute
1275 5341 1370 5394 Dei
1401 5340 1481 5412 (ll
1510 5340 1626 5395 Cor.

135 5436 219 5491 lin,
240 5425 307 5493 Α).
335 5430 487 5500 igitur
516 5446 610 5502 per
641 5431 776 5487 hanc
800 5432 1120 5486 oblationem
1163 5432 1348 5484 mortis
1386 5445 1494 5483 sua:
1518 5445 1635 5498 quae

134 5514 186 5568 de
206 5530 361 5575 nostro
395 5524 465 5579 illi
511 5523 706 5587 fuerat,
736 5522 1042 5578 mediatoris
1088 5521 1263 5575 ofﬁcio
1301 5535 1425 5574 usus
1455 5534 1637 5574 recon-

138 5609 297 5671 ciliavit
317 5632 404 5673 nos
437 5619 565 5686 Deo,
604 5618 739 5675 sicut
767 5619 1047 5688 Apostolus
1076 5615 1202 5671 dicit
1235 5615 1330 5669 :St'
1372 5613 1499 5666 enim
1529 5628 1640 5665 cum

1740 4545 1879 4592 xxw.
1911 4531 2031 4593 4|)?
2059 4531 2207 4597 cujus
2238 4526 2554 4581 inﬁrmitatis
2590 4526 2854 4586 conscius,
2886 4524 3117 4577 inﬁrmos
3143 4525 3278 4577 didi-

1737 4622 1807 4672 cit
1827 4619 1929 4688 73
1951 4618 2217 4685 adjuvare.
2240 4620 2403 4682 Quem
2425 4630 2639 4667 sensum
2656 4613 2821 4666 adhuc
2840 4612 2992 4666 latius
3016 4614 3283 4680 explicans

1741 4712 2023 4776 Apostolus
2068 4708 2230 4763 dicit:
2262 4706 2381 4759 Non
2432 4706 2560 4757 enim
2608 4704 2841 4756 habemus
2880 4703 3158 4770 pontificem
3202 4707 3286 4770 qui

1740 4816 1837 4850 uon
1864 4799 2015 4868 possit
2044 4797 2256 4865 compatt'
2284 4794 2655 4861 inﬁrmitatibus
2686 4792 2883 4852 nostris,
2915 4791 3001 4843 sed
3029 4799 3286 4854 expertum

1741 4906 1828 4955 per
1859 4888 2047 4940 'omnia
2101 4895 2146 4939 et
2194 4887 2247 4938 in
2290 4883 2544 4946 omnibus,
2596 4882 2860 4933 secundum
2909 4880 3286 4931 similitudinem

1741 4980 1924 5047 absque
1949 4990 2148 5046 peccato
2178 4975 2356 5047 (Hebr.
2401 4989 2470 5038 tv,
2504 4973 2609 5040 ta).
2645 4972 2771 5025 item
2804 4990 2821 5024 ε
2852 4969 2915 5023 Et
2946 4972 3071 5035 ipse,
3099 4970 3283 5036 inquit,

1740 5070 1895 5123 simili
1937 5069 2085 5120 modo
2131 5068 2182 5119 in
2221 5067 2395 5117 iisdem
2422 5064 2732 5132 passionibus
2761 5060 3055 5129 fuit(Hebr.
3096 5060 3285 5125 ",18).

1741 5160 1804 5214 Et
1843 5160 2032 5213 iterum
2065 5177 2078 5211 :
2112 5154 2176 5208 Et
2205 5169 2489 5225 quanquam
2528 5154 2591 5204 sit
2632 5150 2678 5201 F
2682 5151 2798 5203 ilius
2839 5150 2951 5209 Dti.
2978 5165 3065 5216 per
3096 5165 3151 5201 ea
3177 5164 3288 5217 quts

1740 5265 1916 5317 passus
1944 5258 2034 5311 est,
2067 5247 2246 5299 didicit
2287 5243 2469 5314 (Hebr.
2507 5259 2557 5304 ν,
2597 5242 2691 5309 8);
2720 5242 2858 5294 unde
2894 5250 2945 5294 et
2972 5241 3280 5306 compatitut

1738 5339 2126 5395 inﬁrmitatibus
2166 5336 2382 5390 nostris.
2426 5334 2644 5401 Quaeso,
2676 5333 2814 5385 unde
2852 5346 2968 5399 qua:
3008 5341 3059 5383 et
3104 5343 3286 5398 passus

1739 5441 1818 5487 est
1845 5430 2063 5485 didicit?
2093 5427 2231 5481 unde
2256 5435 2310 5481 et
2330 5424 2645 5492 compatitur
2666 5424 2688 5475 ?
2711 5422 2847 5475 unde
2876 5424 2926 5475 in
2952 5420 3136 5474 iisdem
3169 5435 3286 5486 pas-

1742 5521 1978 5576 sionibus
2027 5518 2160 5572 fuit?
2197 5516 2333 5569 unde
2382 5524 2627 5582 expertus
2674 5512 3023 5574 infirmitates,
3054 5508 3291 5565 inﬁrmos

1744 5610 1929 5665 didicit
1979 5606 2271 5673 adjuvare?
2324 5605 2472 5658 Unde
2517 5602 2802 5657 remedium
2832 5601 3023 5670 obiecit
3064 5600 3169 5654 Deo
3199 5616 3287 5668 pro
