3842 6226
621 217 716 267 Ηῗ

1920 229 2137 285 VICILII
2182 232 2544 293 'I‘AI’SENSIS

3750 264 3831 312 Is;

615 330 858 394 infirmis,
889 332 930 385 si
969 349 1072 387 non
1106 335 1280 387 habuit
1321 345 1559 389 naturam
1590 346 1783 391 nostr-.c
1813 339 2167 397 inlirmitatis?
2198 349 2242 404 Α
2273 347 2354 398 nia
2402 350 2537 414 quod
2567 351 2677 405 ait:
2714 354 2813 419 Qui
2850 358 3234 423 pra-(trstinatus
3268 373 3343 415 est
3399 362 3578 418 Fil'u:
3630 366 3822 429 Dci;nt

614 440 732 476 cmn
783 435 836 479 et
881 427 1138 495 incognita
1185 428 1411 495 experiri
1465 437 1621 497 atque
1669 429 1892 496 discere,
1922 431 2164 488 humana:

618 516 909 579 proprium,
937 531 1038 567 non
1083 514 1370 569 divinitatis
1396 518 1561 572 soleat
1586 535 1705 575 esse
1732 532 1953 576 naturae.

692 602 848 653 XVII.
877 602 1088 656 Possem
1112 606 1280 658 adlmc
1302 609 1577 675 multiplici
1603 611 2021 666 testimoniorum
2039 628 2167 667 con-

617 693 775 756 gerie,
807 692 1141 748 humanitatis
1162 695 1357 751 Christi
1390 701 1654 767 negotium
1684 702 1958 764 ventilare,
1982 713 2035 757 et
2056 719 2166 756 ma-

620 780 799 831 teriam
841 781 945 833 late
992 791 1257 850 patentem
1301 802 1627 857 nequaquam
1682 792 1918 857 angustis
1976 793 2166 848 finibus

618 870 930 933 terminare;
963 872 1059 925 nisi
1110 874 1174 927 ad
1204 876 1400 945 reliqua
1440 880 1763 947 expedienda
1790 918 1805 943 ,
1838 881 1943 935 imo
1990 884 2164 950 potius

619 959 905 1013 Icfcllenda
927 976 1043 1028 quae
1069 974 1249 1017 contra
1274 965 1552 1020 concilium
1584 968 2031 1035 Chalcedoneuse,
2060 974 2161 1027 im-

618 1048 924 1111 pudentiam
950 1053 1243 1107 temeritate
1269 1058 1562 1125 (-miscripta
1592 1069 1711 1112 sunt
1745 1060 2017 1116 festinaret
2045 1078 2163 1117 ora-

615 1136 686 1187 tio
710 1178 724 1200 ,
756 1153 874 1204 qua:
916 1140 1085 1207 qualia
1113 1142 1218 1194 sint
1248 1143 1537 1198 videamus.
1569 1146 1643 1199 Ex
1679 1147 1894 1203 decreto
1931 1153 2116 1220 synodi
2145 1169 2160 1207 :

620 1224 788 1293 Suﬂict
802 1238 877 1279 ret
900 1229 1101 1296 quidem
1130 1232 1196 1282 ad
1238 1231 1519 1299 plenariam
1545 1237 1744 1305 pietatis
1785 1240 2087 1308 agnitione»:
2113 1254 2161 1295 et

609 1316 1058 1381 conﬁrmationem,
1087 1328 1316 1372 sanctum
1342 1321 1436 1375 hoc
1460 1333 1507 1375 et
1533 1326 1755 1379 salutare
1782 1329 1962 1381 divina:
1987 1332 2162 1400 gratia:

609 1416 995 1460 sacramentum.
1022 1410 1096 1461 De
1123 1410 1276 1465 Patre
1295 1414 1446 1476 enim,
1462 1424 1507 1466 et
1531 1413 1685 1477 Filio,
1710 1428 1755 1470 et
1777 1418 1972 1488 Spiritu
1986 1432 2161 1475 sancto

608 1494 894 1560 plenissime
921 1498 1083 1562 docet,
1114 1509 1159 1551 et
1192 1499 1396 1555 Domini
1425 1506 1582 1556 nostri
1610 1507 2002 1561 incarnationem
2032 1511 2159 1576 ﬁde—

608 1581 721 1636 liter
739 1587 1124 1651 suscipientibus
1149 1592 1343 1643 emhibet
1372 1592 1544 1660 (Conc.
1582 1595 1815 1650 Chalced.
1847 1610 1945 1651 act.
1977 1599 2054 1668 5).
2105 1602 2157 1655 In

2271 440 2389 504 quia
2423 440 2784 501 pricdcstiuari
2814 445 2928 511 ejus
2950 447 3120 501 soleat
3141 463 3260 503 esse
3291 456 3572 521 proprium
3599 458 3693 521 qui
3723 475 3827 509 nos

2268 538 2424 590 quam
2453 526 2643 592 fut-rat,
2676 546 2778 584 non
2800 532 2915 598 ejus
2936 535 3024 602 qui
3046 550 3259 605 semper
3284 552 3425 603 erat,
3452 559 3631 597 unum
3657 545 3823 599 Filium

2271 615 2360 666 Dei
2389 618 2726 684 temporalem
2760 622 3240 688 prmdestinatiunis
3287 632 3543 697 nomine,
3581 648 3639 689 et
3684 638 3825 689 alium

2268 714 2523 758 internum
2551 707 2774 764 voluerit
2798 712 3050 767 indicare.
3087 717 3216 771 Nam
3236 721 3510 787 quomodo
3534 724 3831 779 beatissimi

2268 794 2450 848 Patres
2470 797 2631 850 alium
2664 810 2904 867 quartum
2939 804 3293 863 introduxisse
3316 813 3546 878 putandi
3580 826 3732 877 sunt,
3756 833 3831 884 qui

2268 883 2317 934 in
2346 889 2695 952 sequentibus
2724 889 2793 943 ita
2818 890 3035 946 dicunt?
3061 895 3348 965 Sequamur
3372 899 3602 954 Patrum
3649 917 3831 956 »θείως

2264 986 2374 1023 rum
2403 977 2695 1041 sententias,
2722 986 2773 1029 tt
2802 996 2954 1034 unum
2979 984 3303 1053 eumdemque
3330 991 3646 1056 confitentes
3671 994 3827 1045 Dom.

2265 1074 2383 1112 num
2424 1062 2598 1116 Jesum
2637 1064 2923 1136 Christum,
2950 1075 3294 1128 conuenienter
3344 1078 3637 1134 doceamus
3683 1088 3831 1149 peric-

2263 1160 2397 1201 ctum
2423 1155 2652 1206 eumdem
2673 1156 2727 1207 in
2754 1157 3034 1222 divinitate,
3065 1171 3111 1213 et
3139 1164 3417 1232 perfectum
3452 1170 3699 1222 eumdem
3727 1188 3825 1222 car-

2262 1242 2426 1294 nalem
2465 1242 2718 1299 hominem
2759 1247 2921 1302 Deum
2951 1251 3132 1319 (Conc.
3162 1256 3409 1311 Chalced.
3449 1270 3559 1313 act.
3595 1262 3674 1329 5).
3710 1266 3825 1327 Quid

2263 1334 2519 1400 apertius,
2549 1338 2674 1405 quid
2700 1339 2951 1407 lucidius,
2984 1347 3064 1399 vel
3089 1347 3155 1402 de
3182 1364 3287 1404 nuo
3312 1353 3624 1422 eodemque
3666 1357 3822 1409 Domi-

2263 1438 2331 1476 no
2356 1424 2571 1481 Christo
2599 1428 2896 1498 religiosius
2928 1436 3098 1501 potuit
3126 1438 3263 1492 dici?
3288 1442 3371 1495 rel
3400 1444 3528 1509 quid
3562 1446 3635 1497 ad
3670 1462 3710 1499 r-
3730 1450 3823 1514 pes

2262 1512 2443 1567 lendas
2470 1526 2523 1568 et
2564 1519 2773 1584 penitus
2794 1525 3147 1578 conterendas
3170 1528 3274 1597 75
3308 1539 3513 1587 temere
3543 1512 3819 1603 reprelien-

2263 1602 2497 1659 denlium
2529 1608 2821 1663 calumnias
2849 1610 3040 1666 fortius
3062 1620 3255 1680 poterit
3284 1602 3698 1679 demonstrari?

610 1675 709 1726 hoc
739 1691 831 1729 eos
863 1678 929 1729 ita
956 1683 1348 1745 reprehendunt
1376 1686 1626 1752 capitulo,
1646 1688 1784 1754 quod
1818 1699 1935 1755 post
1965 1691 2156 1759 Patris,
2191 1686 2233 1743 Β
2332 1690 2514 1748 XVIII.
2545 1696 2902 1760 Quamobrem
2926 1702 2991 1755 ad
3025 1704 3125 1756 alia
3151 1715 3485 1765 transeamus
3519 1727 3594 1766 es
3622 1715 3819 1769 decreta

605 1777 658 1819 et
689 1767 826 1834 Filii,
860 1780 912 1822 et
934 1770 1159 1839 Spiritus
1185 1776 1354 1828 sancti
1382 1777 1791 1844 confessionem,
1815 1781 1972 1835 veluti
2001 1799 2160 1851 quar-

610 1864 716 1908 tum
752 1859 931 1912 nescio
959 1876 1112 1928 quem
1162 1863 1436 1918 Dominum
1471 1868 1780 1922 tradiderint
1808 1871 2157 1926 incarnatum.

604 1943 753 2008 Quod
784 1958 976 2016 quanta
1004 1952 1287 2018 calumnia,
1320 1953 1427 2007 imo
1458 1956 1631 2023 potius
1661 1958 1919 2026 imperitia
1944 1971 2154 2015 notave-

607 2038 711 2089 rint
737 2038 909 2092 nullus
937 2056 1039 2094 non
1067 2042 1206 2096 videt
1230 2045 1548 2110 sapientum.
1592 2046 1647 2101 Si
1676 2050 1816 2101 enim
1849 2051 1918 2103 ita
1961 2060 2018 2104 ut
2044 2052 2159 2105 istis

606 2128 883 2183 verborum
906 2135 1320 2200 aucupaturibns
1347 2138 1551 2191 videtur
1580 2141 1896 2207 posuissent,
1932 2152 1985 2197 ut
2012 2144 2156 2199 dice-

602 2226 746 2271 rent:
778 2219 849 2272 De
871 2219 1027 2274 Patre
1046 2224 1199 2286 enim,
1225 2234 1270 2276 et
1299 2224 1455 2288 Filio,
1478 2240 1525 2280 et
1541 2228 1739 2295 Spiritu
1762 2241 1957 2296 sancto,
1982 2241 2027 2284 et
2048 2239 2156 2304 ejus

602 2310 998 2363 mcarnationem
1029 2314 1315 2380 plenissime
1346 2316 1519 2381 docet,
1565 2319 1823 2374 incertum
1856 2332 1969 2375 erat
2007 2326 2157 2391 cujus

599 2415 661 2450 ex
687 2399 941 2453 Trinitate
972 2401 1308 2468 incarnatio;
1336 2416 1585 2461 autcerte
1610 2408 1843 2475 Spiritus
1869 2413 2035 2466 sancti
2070 2428 2155 2480 pu-

602 2499 819 2552 t.uetur,
843 2490 993 2558 cujus
1018 2506 1257 2559 personae
1288 2510 1479 2548 nomen
1509 2496 1890 2552 incarnationis
1920 2504 2152 2570 mysteri

597 2585 1033 2637 euinmemoratio
1058 2587 1378 2654 sequebatur
1401 2604 1413 2640 :
1447 2599 1499 2643 et
1530 2589 1649 2644 ideo
1669 2590 1735 2643 ad
1761 2591 2151 2649 distinctionem

601 2688 842 2739 persona:
886 2672 1037 2738 Filii,
1065 2684 1131 2749 ut,
1166 2675 1229 2729 ad
1276 2692 1395 2731 eum
1439 2678 1817 2734 incarnationis
1844 2684 2150 2752 mysterium

602 2761 863 2825 pertinere
908 2771 1281 2826 monstrarent,
1313 2766 1429 2834 ejus
1458 2765 1651 2821 iterum
1692 2770 1792 2823 sub
1823 2770 2028 2825 Domini
2059 2787 2153 2840 ap-

601 2851 884 2918 pellatinne
932 2854 1239 2908 tocabnlum
1294 2865 1535 2923 repetere
1563 2858 1879 2912 maluerunt.
1921 2860 2070 2925 Quod
2099 2870 2153 2916 et

602 2944 883 3011 Apostolus
910 2944 961 2997 iu
987 2946 1246 3015 principio
1278 2947 1529 3015 Epistula:
1558 2948 1622 3002 ad
1656 2949 1919 3005 Romanos
1963 2951 2152 3008 fecisse

2260 1782 2446 1850 synodi
2476 1786 2726 1852 capitula.
2764 1788 2977 1860 Pr0pter
3005 1794 3093 1847 hos
3128 1797 3214 1862 qui
3236 1798 3542 1855 substantia
3586 1817 3815 1857 secretum

2258 1881 2472 1924 evertere
2496 1874 2587 1927 ins:
2603 1876 2887 1943 ctabantur,
2910 1880 3126 1935 dicentes
3155 1887 3405 1939 hominem
3432 1890 3549 1943 sine
3570 1894 3817 1944 divinitate

2257 1960 2411 2027 fuisse
2434 1975 2655 2018 creatum
2683 1984 2745 2020 ea:
2773 1970 3043 2023 venerabili
3079 1973 3287 2045 Virgine
3319 1977 3489 2031 Maria
3509 2022 3525 2045 ,
3562 1983 3813 2049 impuden-

2256 2061 2349 2113 ter,
2382 2063 2426 2105 et
2448 2054 2743 2123 uulgariter,
2778 2062 3075 2114 venerabilis
3103 2065 3359 2131 quondam
3393 2072 3633 2140 episcopi
3656 2073 3815 2142 Cyritti

2257 2139 2615 2197 Alexandrina:
2638 2145 2875 2200 Ecclesite
2896 2147 3108 2218 litteras,
3131 2162 3177 2205 et
3194 2162 3629 2223 cougruastotius
3645 2139 3806 2213 Orien-

2258 2231 2324 2281 tis
2373 2232 2613 2285 adrersus
2644 2233 2868 2291 Nestorii
2896 2245 3196 2307 amentiam,
3228 2245 3280 2296 in
3320 2246 3505 2312 quibus
3552 2252 3807 2317 manifesta

2258 2322 2499 2388 impositio
2538 2324 2661 2376 certi
2712 2334 2860 2394 atque
2889 2328 3129 2383 salutaris
3157 2334 3372 2401 symboli
3416 2336 3804 2391 dessderantitu

2254 2408 2565 2468 declaratur.
2620 2410 2902 2479 Epistulam
2956 2433 3154 2486 quoque
3200 2420 3387 2474 Leonis
3445 2426 3804 2492 archiepiscopi

2255 2498 2431 2564 prima:
2458 2499 2611 2563 sedis,
2640 2516 2751 2567 qua:
2777 2504 3025 2556 destinata
3052 2514 3096 2557 et
3126 2507 3319 2560 directa
3353 2512 3624 2565 ridebatur
3649 2516 3716 2567 ad
3739 2532 3800 2566 re-

2254 2588 2527 2641 netabilem
2553 2601 2740 2643 sancta:
2767 2596 3019 2647 memoria:
3046 2593 3369 2659 Florianunt,
3394 2604 3466 2654 ad
3494 2605 3798 2672 intercipiat-

2253 2676 2368 2729 dam
2400 2675 2691 2747 Eutychetis
2715 2682 3082 2753 malignitatem
3103 2686 3323 2757 (Concil.
3343 2688 3590 2747 Chalced.
3620 2707 3713 2747 ast.
3732 2697 3795 2760 5).

2252 2761 2674 2822 Calumniatores
2699 2770 2849 2837 hujus
2870 2775 3153 2829 venerandi
3174 2779 3406 2844 concilii,
3431 2792 3487 2834 ut
3508 2783 3614 2837 sibi
3636 2799 3796 2851 quam

2253 2867 2462 2922 euntque
2490 2857 2918 2923 reprehensionis
2945 2861 3144 2915 aditmn
3173 2866 3467 2932 penderent
3488 2912 3503 2935 ,
3540 2876 3797 2939 prasente

2252 2943 2472 3008 capituli
2502 2945 2756 3015 principia
2802 2949 3182 3005 immutarunt:
3210 2962 3265 3006 et
3311 2958 3453 3022 quod
3481 2960 3553 3012 ibi
3585 2963 3791 3028 positum

605 3036 902 3100 iuvenum;
935 3036 1041 3107 74
1069 3038 1154 3092 ubi
1186 3054 1251 3093 ne
1278 3049 1549 3106 pugnem-
1590 3041 1817 3109 spiritus
1859 3045 2027 3098 sancti
2061 3061 2149 3099 re-
2177 3024 2223 3087 Ο
2254 3043 2334 3085 est
2355 3044 2538 3087 contra
2561 3050 2653 3089 eos
2677 3038 2764 3105 qui
2789 3038 3055 3094 hominem
3077 3042 3194 3098 sine
3215 3043 3498 3103 divinitate
3528 3051 3794 3118 opinantur

594 3128 975 3182 surrectionem
1008 3129 1547 3197 prtedicare,coactus
1568 3142 1649 3186 est
1678 3140 1783 3186 tam
1813 3135 1880 3188 de
1910 3137 2148 3203 proximo

598 3217 805 3270 Domini
831 3216 1027 3271 Christi
1060 3234 1248 3273 nomen
1276 3230 1545 3286 repetere;
1581 3236 1698 3274 nam
1730 3224 1797 3276 ita
1822 3224 1979 3278 dicit:
2011 3226 2147 3278 Pau-

592 3306 669 3359 lus
689 3323 857 3359 servus
876 3307 906 3358 J
914 3324 998 3359 esu
1026 3307 1235 3373 Christi,
1257 3321 1456 3362 rocatus
1475 3312 1754 3376 apostolus,
1783 3322 2070 3382 segregatus
2094 3315 2146 3367 iu

594 3393 927 3464 Erangelium
954 3395 1084 3460 Dei,
1118 3398 1251 3463 quod
1276 3407 1391 3451 ante
1428 3400 1721 3465 promiserat
1756 3416 1841 3469 per
1880 3402 2146 3471 prophetas

592 3499 708 3536 suos
737 3484 788 3535 in
815 3483 1089 3553 Scripturis
1117 3488 1323 3548 sanctis,
1344 3487 1407 3540 de
1430 3486 1565 3540 Filio
1585 3506 1695 3552 suo,
1719 3491 1801 3557 qui
1829 3496 1993 3558 [actus
2012 3502 2081 3545 est
2102 3495 2145 3546 ei

592 3590 653 3626 ατ
685 3576 871 3628 semine
899 3575 1058 3626 David
1083 3577 1354 3626 secundum
1383 3592 1578 3628 carnem
1602 3594 1619 3641 ,-
1650 3582 1732 3647 qui
1762 3580 2145 3648 prardestiuatus

590 3675 663 3717 est
693 3663 860 3717 Filius
889 3664 983 3719 Dei
1014 3666 1064 3717 in
1093 3665 1271 3717 rirtute
1296 3668 1573 3718 secundum
1600 3670 1827 3733 spiritum
1858 3674 2145 3739 sancti/ica-

592 3754 742 3807 tionis
771 3771 831 3806 επ
859 3756 1218 3808 resurrectione
1250 3764 1563 3808 mortuorum
1584 3756 1704 3810 Iesu
1720 3759 1911 3812 Christi
1936 3759 2144 3815 Domini

590 3846 749 3897 nostri
772 3844 946 3914 (Rom.
982 3859 1017 3910 I,
1054 3844 1186 3913 1-4).
1222 3845 1355 3911 Quid
1381 3855 1484 3898 tam
1507 3848 1732 3900 vicinius
1763 3859 1816 3901 et
1845 3865 1948 3903 uno
1980 3866 2142 3920 prope

590 3948 838 3991 sermone
884 3935 1074 3988 Filium
1127 3935 1217 3988 Dei
1271 3937 1602 3989 nominavit?
1633 3936 1806 3991 Potuit
1853 3939 2030 3993 dicere
2079 3958 2142 3994 ex

590 4027 950 4079 resurrectione
978 4032 1110 4092 eius,
1150 4038 1205 4081 et
1235 4042 1336 4080 non
1368 4038 1608 4098 repetere
1637 4030 1762 4083 Jesu
1803 4028 1989 4084 Christi
2031 4032 2138 4085 Do-

581 4115 713 4167 mini
739 4116 928 4178 nostri;
957 4130 1136 4184 quem,
1167 4127 1222 4169 ut
1249 4117 1378 4182 dixi,
1412 4132 1532 4170 mox
1578 4116 1765 4172 Filium
1797 4119 1889 4174 Dei
1933 4122 2136 4188 praede-

590 4205 845 4257 stinatum
867 4206 1262 4261 nominaverat:
1293 4208 1383 4260 sed
1408 4208 1527 4275 quia
1557 4209 1943 4276 interposuerat
1968 4212 2137 4265 sancti

590 4292 819 4360 Spiritus
839 4310 1056 4361 nomen,
1087 4310 1153 4350 ne
1181 4294 1246 4350 ad
1272 4310 1391 4349 eum
1423 4299 1864 4352 resurrectionem
1893 4300 2136 4356 retulisse

2248 3122 2506 3188 genitum,
2536 3124 2621 3177 isti
2650 3126 2896 3181 dixerunt
2926 3128 3192 3185 hominem
3218 3148 3431 3201 purum.
3456 3138 3569 3203 Qua
3598 3150 3791 3192 senten-

2250 3213 2319 3264 tia
2349 3228 2452 3265 non
2478 3214 2776 3270 Ne5torium
2804 3234 2896 3273 eos
2924 3221 3203 3277 damnasse
3226 3224 3644 3292 calumniantur,
3664 3246 3790 3296 quem

2247 3302 2391 3364 adeo,
2426 3304 2694 3372 inquiunt,
2720 3317 2916 3361 constat
2943 3311 3071 3363 nihil
3094 3313 3192 3365 tale
3215 3316 3449 3378 sensisse,
3474 3328 3524 3367 ut
3551 3320 3658 3383 eius
3682 3335 3787 3370 cou-

2247 3403 2325 3444 tra
2351 3393 2568 3449 l’aulum
2600 3397 2984 3455 Samosatenum
3018 3405 3114 3456 ista
3151 3407 3251 3458 sint
3290 3408 3438 3461 verba
3467 3427 3486 3461 :
3526 3411 3617 3463 Sic
3639 3424 3787 3478 pereat

2251 3483 2444 3538 Paulus
2467 3488 2845 3556 Samosatenus,
2873 3496 2957 3562 qui
2986 3495 3173 3547 nudam
3203 3497 3345 3549 nobis
3376 3499 3681 3554 dominicam
3707 3503 3783 3553 de-

2245 3577 2408 3628 liravit
2449 3579 2830 3636 humanitatem.
2891 3585 2953 3637 Et
2997 3587 3142 3652 ideo,
3176 3588 3443 3658 inquiunt,
3473 3594 3779 3661 manifestum

2244 3675 2315 3718 est
2352 3668 2642 3722 Nestorium
2675 3688 2755 3725 eos
2784 3675 2941 3742 [uisse
2970 3688 3191 3740 secutos,
3230 3681 3380 3745 cuius
3411 3683 3600 3749 dogma
3623 3683 3782 3734 nolue-

2244 3768 2359 3810 runt
2386 3770 2557 3827 aperta
2587 3766 2826 3815 damnare
2865 3768 3123 3820 sententia.
3153 3768 3258 3823 Sed
3302 3769 3486 3823 Patres
3526 3781 3583 3824 ut
3610 3771 3780 3824 Nesto-

2245 3846 2379 3898 rium
2429 3861 2711 3917 arguerent
2761 3856 2991 3916 erroris,
3025 3856 3422 3913 evidentissime
3474 3869 3777 3928 posuerunt.

2241 3939 2510 3993 dicentes:
2542 3940 2759 4011 Pr0pter
2779 3960 2863 3996 eos
2882 3948 2968 4015 qui
2996 3947 3291 4001 substantia:
3313 3962 3556 4004 secretum
3586 3962 3777 4004 euertere

2241 4030 2643 4100 insectabantur,
2678 4034 2893 4089 dicentes
2931 4037 3181 4091 hominem
3226 4056 3412 4105 purum
3458 4060 3566 4097 esse
3603 4045 3683 4110 qui
3727 4058 3777 4094 ex

2239 4131 2414 4174 sancta
2436 4134 2585 4175 natus
2608 4134 2680 4178 est
2704 4124 2893 4179 Maria.
2923 4128 2985 4183 llt
3007 4132 3131 4197 quia
3155 4130 3431 4188 Nestorius
3459 4150 3564 4187 non
3589 4145 3775 4199 semper

2244 4228 2465 4279 purum,
2499 4216 2591 4269 sed
2618 4217 2668 4269 in
2716 4227 2866 4271 utero
2896 4228 3095 4272 tantum
3128 4222 3358 4290 Virginis
3403 4225 3673 4278 divinitate
3696 4236 3773 4272 va.

2239 4316 2394 4355 cuum
2420 4302 2581 4359 fuisse
2600 4308 3119 4373 asseruitChristum,
3133 4311 3251 4365 illos
3270 4310 3357 4367 isti
3382 4325 3591 4368 notatos
3610 4324 3765 4365 osten-

589 4385 871 4446 videretur,
897 4386 941 4438 si
973 4386 1177 4439 diceret
1205 4402 1267 4439 ex
1290 4388 1649 4440 resurrectione
1672 4391 1776 4455 ejus
1800 4407 1816 4454 ;
1847 4391 2023 4459 elegit,
2052 4407 2138 4447 se-
2167 4377 2219 4435 Ῑ)
2243 4390 2431 4446 derunt
2455 4395 2544 4461 qui
2571 4410 2780 4464 semper
2804 4414 2987 4466 purum
3012 4403 3207 4467 opinati
3246 4416 3366 4455 Sunt
3392 4403 3663 4458 Dominum
3691 4400 3766 4453 Je-

589 4475 763 4528 cuudo
790 4476 1112 4527 nominando
1138 4474 1429 4541 Christum,
1461 4478 1803 4546 tautologiam
1844 4480 2138 4547 incurrere,

590 4563 877 4617 dummodo
920 4565 1154 4633 pressius
1198 4565 1585 4619 demonstraret
1628 4568 1691 4619 ad
1739 4568 2002 4624 Christum
2057 4588 2139 4626 re-

589 4654 939 4707 surrectionis
970 4654 1279 4723 mysterium
1322 4656 1604 4722 pertinere.
1653 4657 1789 4725 Ergo
1814 4659 1857 4711 si
1892 4662 2137 4727 repetitio

590 4744 817 4797 nominis
835 4741 1031 4798 Christi
1058 4745 1189 4797 duos
1209 4743 1448 4797 Christus
1475 4745 1690 4811 indicat,
1722 4746 1891 4815 ipsum
1914 4750 2135 4816 Aposto—

591 4841 697 4891 tum
721 4846 990 4901 accusent,
1015 4839 1099 4905 qui
1122 4838 1255 4891 hanc
1281 4838 1559 4892 locutionis
1584 4840 1816 4905 regulam
1843 4841 2006 4894 dedit.
2031 4843 2133 4896 Sed

591 4942 643 4982 et
669 4943 789 4983 cum
820 4928 975 4981 dicit:
1011 4928 1083 4981 De
1107 4927 1244 4981 Filio
1271 4944 1364 4981 suo
1393 4929 1476 4990 qui
1506 4928 1667 4994 {actus
1697 4939 1768 4981 est
1797 4929 1841 4980 ei
1864 4946 1927 4983 ea:
1953 4948 2134 4984 semine

602 5019 783 5081 ttauid,
805 5026 1025 5087 possunt
1045 5018 1090 5071 ei
1116 5032 1219 5070 non
1238 5017 1507 5070 minimam
1534 5020 1770 5084 ingerere
1797 5021 2133 5087 calumniam,

590 5110 728 5178 quod
753 5110 978 5164 alterum
1009 5108 1401 5176 intelligendum
1429 5107 1724 5176 reliquerit,
1748 5110 1835 5175 qui
1859 5124 1961 5162 non
1982 5111 2053 5163 sit
2073 5126 2135 5164 ex

591 5202 793 5255 semine
821 5200 981 5252 David
1012 5198 1198 5262 factus,
1225 5200 1315 5253 sed
1346 5200 1412 5253 de
1440 5199 1609 5252 Patris
1634 5208 1783 5253 utero
1802 5200 2040 5269 genitus;
2072 5203 2135 5254 ad

591 5292 738 5359 cujus
754 5291 1170 5354 distinctionem,
1197 5291 1503 5357 spiritaliter
1524 5292 1591 5347 de
1614 5293 1768 5346 Patre
1785 5293 1983 5347 scilicet
2005 5295 2131 5357 nati,

592 5380 746 5433 alium
802 5378 1088 5432 secundum
1140 5393 1353 5432 carnem
1383 5396 1445 5434 ex
1494 5380 1653 5434 David
1701 5382 1906 5436 semine
1954 5392 2132 5435 natum

586 5470 868 5523 ostendere
899 5470 1082 5533 voluit,
1110 5471 1294 5525 dicens
1320 5488 1332 5531 :
1366 5470 1441 5525 De
1460 5472 1597 5526 Filio
1624 5490 1735 5538 suo,
1759 5476 1846 5543 qui
1875 5476 2037 5543 factus
2063 5485 2134 5527 est

592 5559 636 5608 ei
664 5573 725 5610 es
752 5560 934 5611 semine
962 5557 1143 5614 David.
1177 5561 1284 5617 lloc
1315 5562 1473 5617 etiam
1506 5565 1617 5628 pari
1651 5565 1908 5619 natabunt
1934 5567 2131 5619 calum-

2243 4497 2358 4535 sum
2386 4483 2656 4538 Christum
2688 4503 2701 4539 :
2733 4502 2795 4540 ac
2827 4504 2922 4555 per
2958 4490 3059 4544 hoc
3092 4505 3194 4543 non
3227 4490 3527 4545 Nestorium
3559 4500 3763 4544 conten—

2243 4573 2429 4627 derent
2455 4574 2667 4629 Patrum
2692 4579 2950 4632 sententia
2980 4581 3297 4646 perculsum.
3331 4580 3481 4635 Unde
3504 4581 3633 4634 nulla
3655 4576 3763 4629 mihi

2243 4662 2455 4718 videtur
2490 4667 2800 4727 necessitas,
2833 4668 3050 4721 istorum
3081 4669 3180 4722 hoc
3203 4670 3320 4723 loco
3349 4671 3586 4725 refellere
3614 4667 3758 4722 dolos.

2242 4776 2373 4829 quos
2400 4767 2608 4812 constat
2654 4770 2836 4826 aperte
2875 4758 3035 4813 fuisse
3066 4762 3333 4815 mentitos.
3365 4761 3613 4815 Sufticere
3637 4757 3756 4837 enim

2243 4852 2472 4904 arbitror
2502 4850 2563 4902 ad
2615 4858 2876 4901 tantarum
2911 4850 3168 4903 fraudium
3217 4850 3613 4912 refutationem,
3644 4848 3757 4896 hanc

2246 4940 2411 5003 ipsam
2455 4954 2639 4993 eorum
2683 4938 3183 5008 deprehensiunem.
3216 4939 3365 4994 Nunc
3392 4941 3460 4994 ad
3488 4941 3582 4993 alia
3609 4947 3755 4989 trans.

2243 5046 2355 5080 Ciltli
2365 5045 2442 5081 IIS.

2315 5116 2449 5169 XIX.
2491 5117 2685 5169 Dicunt
2720 5116 2879 5170 etiam
2923 5116 3112 5169 callide
3160 5132 3253 5171 eos
3295 5116 3481 5185 Cyrilli
3509 5126 3556 5169 et
3593 5108 3753 5167 Leonis

2241 5205 2582 5270 epistularum
2605 5206 3155 5259 commemorationem
3184 5206 3393 5270 fecisse,
3421 5220 3478 5258 ut
3505 5208 3593 5257 huc
3615 5196 3747 5251 ςιιιιιί·

2244 5295 2403 5348 litatis
2425 5305 2539 5347 astu
2577 5295 2787 5347 easdem
2826 5295 2931 5364 τε
2958 5309 3134 5346 secum
3165 5310 3460 5362 congruere
3505 5295 3745 5347 mentiren-

2240 5392 2346 5447 tur,
2386 5398 2517 5452 quas
2568 5384 2665 5446 sibi
2696 5393 2898 5437 certum
2944 5385 3014 5437 sit
3042 5385 3335 5437 contrarias
3362 5398 3483 5438 esse
3508 5402 3519 5435 :
3548 5375 3669 5448 quod
3706 5380 3747 5423 υι

2240 5472 2437 5527 docere
2460 5474 2758 5536 videantur,
2802 5474 2905 5528 duo
2934 5474 3313 5528 sententiarum
3342 5474 3524 5543 Cyrilli
3552 5472 3741 5528 interpu-

2240 5571 2371 5616 nunt
2389 5562 2613 5630 capitula
2634 5578 2646 5627 ;
2671 5543 2862 5632 quibus
2887 5563 3078 5617 Leonis
3099 5563 3233 5616 dict:-
3258 5562 3600 5623 conferentes,
3624 5556 3744 5613 Ioni-"3
