3842 6226
73 295 163 347 H9
1171 286 1436 340 CONTRA
1481 285 1924 341 EUTYCIIETEM
1965 284 2088 338 LIB.
2136 285 2191 334 V.

3170 282 3270 334 150

69 408 162 459 sibi
210 405 444 458 adversa
494 417 618 456 esse
672 402 902 454 nituntur
953 397 1251 453 omeudcre.
1286 398 1409 449 Nam
1456 398 1626 466 primo
1653 402 1700 457 Α
1728 408 1798 449 est
1828 413 1936 448 vere
1969 395 2061 449 Dei
2089 394 2288 460 Filius,
2328 404 2373 448 et
2405 410 2511 447 vere
2539 394 2756 444 hominis
2794 393 2928 460 ﬁlius
2955 391 3145 460 (Nam.
3186 393 3268 457 4).

69 495 273 562 quidem
297 496 400 548 ista
427 492 626 546 Leonis
642 490 794 545 verba
815 486 1094 558 prteieruut
1118 505 1128 538 :
1155 484 1463 555 Coeperatur
1488 488 1618 538 enim

69 599 377 649 unaqmzque
420 592 604 636 natura
656 596 766 632 cum
809 579 1153 631 communione
1199 577 1441 639 alterius,
1491 579 1620 643 quod

70 674 331 738 proprium
363 677 475 734 est;
510 669 674 723 Verbo
703 668 887 720 scilicet
919 675 1149 733 aperante
1177 666 1309 732 quod
1354 663 1500 717 Verbi
1527 673 1617 727 est,

71 775 109 816 et
130 778 280 814 carne
303 773 613 830 exsequente
647 759 782 828 quod
808 759 969 809 carnis
999 767 1069 810 est
1095 772 1113 808 :
1142 773 1295 808 unum
1330 756 1508 806 horum
1539 771 1623 808 co-

72 861 228 903 ruscat
259 851 550 912 miraculis,
578 847 720 900 aliud
757 845 1031 900 succumbit
1067 845 1307 912 injuriis(
1343 843 1506 911 Epist.
1536 843 1620 904 I0.

74 955 203 990 nam.
237 939 316 1007 4).
367 936 554 1007 Cyrilli
583 945 756 988 autem
807 945 1051 1001 tanquam
1084 934 1164 985 his
1209 931 1469 985 contraria
1526 933 1620 984 ista

74 1031 387 1080 siibncctunt
415 1043 429 1077 :
459 1026 650 1095 Siquis
678 1024 901 1086 personis
933 1022 1150 1085 duabus,
1197 1037 1285 1073 seu
1313 1021 1620 1083 substantiis,

73 1130 173 1181 qui:
196 1117 258 1166 de
289 1113 500 1166 Christo
527 1113 579 1164 in
623 1111 919 1180 euangelicis
949 1120 994 1163 et
1023 1109 1312 1175 apostolicis
1341 1109 1518 1160 litteris
1540 1110 1619 1159 di-

74 1217 155 1256 cta:
183 1211 322 1267 sunt,
357 1201 542 1254 diuidit
571 1217 744 1264 voces;
773 1210 818 1254 et
840 1200 1083 1267 quasdam
1105 1199 1303 1266 quidem
1332 1207 1384 1248 ut
1413 1197 1622 1261 homini,

73 1305 203 1346 e:tra
233 1294 331 1345 Dei
369 1292 565 1354 Patris,
594 1292 817 1345 videlicet
847 1290 1005 1343 Verbo
1033 1288 1312 1354 specialitir
1332 1303 1627 1358 cognoscen-

75 1388 132 1434 do
162 1386 389 1452 assignat
417 1401 444 1446 ;⁸
463 1385 591 1435 alias
637 1392 802 1434 autem
834 1390 887 1433 ut
920 1379 1025 1432 Deo
1072 1380 1280 1448 dignas,
1327 1380 1421 1431 soli
1449 1381 1535 1444 qui
1565 1395 1628 1430 ex

80 1472 224 1524 Patre
251 1483 351 1536 est,-
405 1472 512 1524 Deo
569 1470 747 1534 Verbo,
793 1470 1061 1522 anathema
1088 1470 1152 1521 sit
1195 1467 1376 1537 (Cyril.
1407 1485 1517 1535 cap.
1548 1466 1623 1534 4).

79 1563 227 1614 Item:
261 1562 323 1616 Si
348 1564 466 1627 quis
495 1575 594 1612 non
607 1560 873 1626 confitetur
903 1557 1103 1611 Domini
1127 1574 1349 1620 carnem,
1373 1558 1627 1624 civi/irati-

79 1662 166 1702 tem
185 1660 232 1704 et
257 1651 524 1721 propriam
544 1665 646 1728 φρ
671 1653 782 1718 ejus
803 1649 888 1715 qui
915 1664 976 1701 ea:
1010 1647 1112 1700 Deo
1141 1646 1294 1700 Patre
1315 1657 1409 1710 est,
1440 1647 1624 1710 Verbi;

1722 489 1846 542 Item
1873 505 1884 539 :
1919 488 1985 540 Ut
2011 497 2382 556 agnosceretur,
2408 487 2590 553 inquit,
2625 488 2674 537 in
2697 501 2753 537 eo
2782 487 3062 553 proprietas
3093 484 3273 534 divina:

1722 580 2047 644 humanaque
2076 587 2267 628 natus-te
2293 576 2556 628 individua
2582 590 2890 642 permanere,
2922 583 2972 624 ut
3001 590 3154 625 unum
3182 571 3273 623 Dei

1725 665 1912 718 Filium
1943 677 1988 717 et
2022 666 2234 718 Verbum
2282 667 2630 733 conﬁteamur,
2660 675 2707 718 et
2738 679 2937 717 carnem
2978 663 3160 731 (Num.
3196 665 3271 727 ει).

1725 754 1862 808 Ecce
1886 755 2164 808 indivisam
2187 753 2316 806 dixit
2339 755 2608 820 utriusque
2634 761 2829 804 naturtc
2859 752 3229 819 proprietatem
3261 769 3270 802 :

1724 858 1850 898 ecce
1879 859 2037 897 unum
2069 845 2156 897 Dei
2185 844 2375 896 Filium
2417 843 2694 898 confessus
2717 852 2796 895 est
2828 843 3054 895 Verbum
3080 852 3131 894 et
3161 857 3273 892 car-

1727 950 1865 988 nem.
1897 935 2028 986 (tum
2059 934 2287 987 secundo
2331 943 2504 986 autem
2536 933 2718 1001 Cyrilli
2765 933 3012 996 capitulo,
3055 932 3190 999 quod
3226 932 3274 982 id

1725 1025 2014 1078 consultius
2063 1036 2115 1077 et
2137 1024 2392 1078 catliolice
2417 1023 2615 1085 deﬁnit,
2641 1033 2695 1076 ut
2717 1037 2929 1076 carnem
2958 1022 3274 1074 ῡιιηιίιιὶ‹ε;ιιιι

1727 1128 1826 1163 non
1852 1115 2063 1165 alterius
2088 1113 2384 1179 cujusdam,
2409 1113 2499 1165 sed
2527 1111 2703 1174 Verbi,
2730 1127 2847 1164 esse
2868 1113 3134 1172 credatur,
3160 1127 3275 1174 qtltl:

1726 1203 1773 1254 ei
1801 1202 1929 1253 facta
1957 1211 2038 1254 est
2060 1202 2292 1268 propria,
2325 1200 2436 1253 hinc
2465 1203 2599 1255 beati
2625 1200 2817 1254 Leonis
2843 1201 3127 1254 concinunt
3157 1216 3273 1252 vcr-

1728 1295 1789 1348 ba
1815 1311 1829 1348 :
1862 1294 1980 1346 Non
2006 1296 2173 1360 enim,
2207 1294 2392 1360 inquit,
2443 1309 2679 1360 superare
2711 1308 2964 1359 possemus
2994 1294 3185 1360 peccati
3232 1301 3278 1344 et

1730 1386 1899 1437 mortis
1924 1395 2198 1448 auctorem,
2227 1385 2323 1435 nisi
2350 1392 2583 1433 notatam
2623 1393 2844 1433 nostram
2880 1383 2964 1433 ille
2985 1381 3272 1448 susciperet,

1733 1485 1776 1524 et
1807 1490 1948 1524 suam
1980 1474 2194 1541 faceret,
2219 1487 2362 1535 quens
2393 1487 2480 1523 nec
2508 1480 2760 1539 peccatum
2801 1470 3160 1532 contaminare,
3194 1485 3278 1520 ncc

1730 1577 1861 1616 mors
1890 1566 2048 1630 potuit
2071 1562 2289 1616 detinere
2311 1560 2495 1628 (Num.
2523 1561 2600 1628 ‘2).
2631 1559 2757 1614 Item
2783 1560 2832 1611 in
2862 1574 3082 1627 persona
3117 1560 3277 1622 Euty-

1729 1653 1892 1707 clieti~
1927 1671 1938 1704 :
1973 1651 2107 1703 Nam
2155 1652 2198 1703 si
2236 1666 2429 1702 crucem
2452 1689 2467 1712 ,
2497 1650 2701 1716 inquit,
2735 1648 2939 1700 Domini
2989 1664 3088 1699 non
3142 1658 3278 1711 putat

79 1742 158 1792 sed
186 1742 402 1792 alterius
427 1739 688 1808 cujusdam
719 1739 974 1808 conjuncti
1004 1739 1049 1789 ei
1088 1737 1363 1790 secundum
1407 1739 1624 1806 dignita-
1657 1754 1702 1812 Β
1729 1741 1930 1806 falsam,
1955 1750 1998 1792 et
2026 1748 2302 1807 susceptum
2335 1755 2424 1801 pro
2457 1738 2633 1788 mundi
2683 1739 2845 1789 salute
2875 1737 3176 1805 supplicium
3203 1752 3278 1786 re-

81 1838 189 1889 tem,
216 1838 462 1896 tanquam
491 1828 708 1880 divinam
734 1827 896 1879 solam
938 1825 1346 1878 inltabitationem
1375 1826 1630 1890 habentis;

84 1926 122 1968 et
150 1934 244 1969 non
274 1918 442 1987 magis
487 1917 833 1984 viviﬁcantem,
865 1927 916 1967 ut
945 1916 1072 1977 dixi,
1116 1915 1232 1980 quia
1256 1919 1388 1982 facta
1417 1924 1484 1968 est
1512 1932 1630 1980 pro-

84 2009 186 2075 pria
218 2007 373 2061 Verbi
398 2009 486 2074 qui
530 2009 694 2059 omnia
742 2008 985 2074 vivi/icat,
1032 2005 1297 2058 anathema
1337 2007 1397 2057 sit
1437 2005 1625 2074 (Cyril.

85 2114 188 2164 cap.
226 2097 329 2165 II).
364 2096 650 2165 Superiore
679 2095 908 2165 capitqu
938 2096 1165 2165 Cyrillus
1197 2095 1297 2150 hoc
1326 2096 1630 2149 cautissime

86 2194 132 2236 et
157 2185 417 2239 catholice
464 2185 713 2252 praecepit
740 2183 1034 2238 evitandum
1057 2225 1072 2250 ,
1104 2196 1170 2236 ne
1199 2184 1317 2250 quis
1359 2181 1548 2235 audeat
1579 2183 1628 2234 in

87 2277 208 2327 duas
239 2287 496 2343 personas
521 2275 802 2342 separatim
837 2273 1189 2328 subsistentes
1216 2272 1454 2327 dividere
1481 2272 1630 2326 Chri-

90 2373 247 2425 stum;
281 2373 338 2416 ut
388 2378 549 2417 unum
595 2362 804 2430 quidem
855 2362 982 2417 velit
1026 2362 1310 2418 ostendere
1363 2363 1628 2417 hominem

91 2463 225 2506 extra
254 2453 422 2508 Deum
458 2454 682 2510 Verbum
733 2455 946 2524 proprie
999 2465 1050 2508 et
1098 2455 1393 2522 specialiter
1440 2469 1631 2522 cogno-

97 2543 366 2608 scendum;
397 2544 620 2598 alterum
645 2557 770 2598 vero
797 2543 983 2609 Deum,
1007 2544 1092 2612 qui
1122 2559 1186 2597 ex
1212 2542 1365 2597 Patre
1391 2543 1456 2596 sit
1483 2544 1632 2597 intel-

94 2633 354 2701 ligendus;
408 2635 647 2689 dividens
694 2634 914 2702 singulis
969 2645 1215 2702 tanquam
1246 2649 1274 2685 a
1304 2648 1362 2688 se
1407 2634 1628 2686 invicem

97 2726 338 2788 separatis
371 2731 423 2777 et
447 2724 663 2777 allectus
703 2732 757 2777 et
785 2738 963 2777 voces.
996 2723 1144 2789 Quod
1173 2723 1261 2792 qui
1291 2723 1450 2790 impie
1491 2738 1630 2790 prro-

99 2814 391 2879 sumpserit,
424 2813 746 2867 damnationi
789 2813 1073 2866 obnoxium
1108 2815 1222 2868 fore
1251 2813 1505 2867 decernit.
1537 2812 1630 2866 Se.-

101 2901 265 2965 queuti
292 2915 422 2956 vero
450 2901 703 2970 capitulo,
736 2910 794 2955 ut
819 2915 1034 2956 carnem
1075 2902 1392 2955 dominicam
1421 2903 1632 2971 proprie

108 2988 269 3053 Verbi,
290 2991 382 3060 qui
417 3007 481 3046 ex
513 2992 618 3046 Deo
644 3001 794 3046 natus
822 3000 904 3045 est
927 3033 939 3054 ,
970 3006 1090 3046 esse
1120 2992 1414 3057 credamus,
1445 3002 1493 3046 et
1527 3006 1629 3046 non

1730 1848 1840 1883 rum
1858 1833 2014 1898 fuisse
2041 1845 2140 1882 non
2175 1831 2404 1892 dubitat,
2434 1830 2576 1896 cujus
2607 1829 2762 1880 credit
2785 1838 3016 1890 ntortem,
3042 1838 3279 1894 ignoscat

1729 1931 1774 1972 et
1801 1936 1996 1972 carnem
2022 1918 2206 1989 (Num.
2236 1919 2310 1984 5).
2341 1917 2404 1970 Et
2426 1917 2735 1985 quamplura
2761 1915 2841 1968 his
2869 1914 3056 1968 similia
3085 1931 3198 1982 qum
3229 1915 3277 1966 iu

1731 2025 1891 2062 unum
1916 2022 2237 2076 congregare
2260 2007 2523 2061 cumulum
2554 2015 2606 2060 et
2634 2005 2952 2059 laboriosum
2975 2013 3028 2058 et
3060 2019 3158 2056 non
3191 2019 3279 2056 nc-

1730 2100 2014 2154 cessarium
2040 2100 2252 2167 judico:
2300 2112 2469 2166 neque
2494 2096 2633 2150 enim
2665 2096 2970 2164 frequenter
2999 2103 3052 2148 et
3090 2094 3279 2162 smpius

1733 2194 1889 2255 dicta,
1922 2191 2013 2246 sed
2046 2200 2244 2243 tantum
2275 2190 2410 2242 dicta
2437 2188 2727 2241 sufﬁciunt.

1804 2279 1939 2332 XXI.
1965 2279 2093 2332 Item
2118 2280 2199 2332 isti
2215 2285 2497 2345 arguentes
2520 2275 2817 2328 venerabile
2831 2274 3107 2331 concilium
3126 2289 3280 2340 super

1735 2369 1920 2422 Leonis
1943 2382 2186 2436 persona,
2217 2368 2285 2420 ita
2317 2367 2489 2419 dicunt
2519 2384 2530 2417 :
2566 2366 2871 2432 ltespuentes
2899 2365 3174 2431 apostolica
3207 2377 3279 2414 te-

1732 2461 1988 2524 stimonia,
2019 2459 2237 2511 attrstati
2267 2458 2373 2524 78
2396 2456 2512 2508 estis
2559 2455 2715 2506 Leoni
2744 2463 2980 2522 tanquam
3023 2455 3138 2504 bene
3168 2469 3279 2505 sen-

1734 2550 1892 2610 tienti,
1912 2551 1995 2616 qui
2022 2548 2259 2599 adversus
2301 2547 2472 2597 divina
2505 2542 2777 2612 Evangelia
2803 2544 2952 2595 simul
2973 2550 3016 2595 et
3039 2545 3278 2609 apostoli-

1733 2655 1816 2691 cas
1844 2638 2133 2704 Scripturas
2159 2634 2511 2704 dogmatizavit
2529 2674 2542 2694 ,
2565 2634 2736 2684 dicens
2756 2648 2773 2685 :
2801 2633 2958 2683 alium
3002 2648 3150 2699 super
3183 2631 3278 2682 La-

1734 2743 1905 2778 zarum
1955 2727 2289 2792 lacrymasse,
2337 2723 2495 2774 alium
2540 2737 2654 2774 rore
2687 2722 2933 2772 Lazarum
2972 2725 3276 2781 suscitasse;

1733 2819 1889 2870 alium
1914 2815 2244 2879 crucifixum,
2269 2814 2425 2864 alium
2457 2813 2694 2864 elementa
2722 2812 2773 2863 in
2809 2824 2947 2863 nocte
2969 2813 3276 2873 immutasse,

1733 2908 1887 2959 al'nnt
1929 2906 2081 2957 clavis
2111 2904 2398 2969 conﬁxum,
2437 2911 2478 2954 et
2506 2903 2661 2953 alium
2703 2902 2926 2969 paradisi
2970 2912 3134 2967 portas
3162 2901 3281 2966 fidei

1735 2999 1942 3050 latronis
1987 2995 2282 3062 aperuisse;
2321 2993 2479 3044 alium
2535 2993 2822 3044 dicentem:
2874 2990 2981 3059 Ego
3032 3001 3076 3042 et
3128 2990 3280 3044 Pater

105 3077 304 3131 alterius
329 3079 604 3147 cujusdam
655 3088 901 3148 tanquam
951 3082 1216 3146 conjuncti
1245 3084 1292 3133 ei
1340 3081 1625 3135 secundum
1657 3092 1702 3153 ρ
1734 3105 1884 3141 unum
1909 3101 2116 3148 sumus;
2150 3085 2307 3137 alium
2333 3099 2350 3137 :
2382 3083 2532 3135 Pater
2561 3083 2724 3149 major
2753 3097 2828 3132 me
2857 3089 2947 3133 est.
2976 3081 3279 3148 Quanquam

108 3165 411 3231 dignitatem,
442 3169 493 3220 in
517 3183 623 3236 quo
649 3168 808 3222 veluti
852 3170 1185 3223 extrinsecus
1211 3169 1454 3223 divinitas
1486 3170 1624 3221 Inibi.

110 3256 303 3318 taverit,
337 3256 474 3308 sicut
520 3256 572 3308 in
605 3271 916 3324 unoquoque
966 3268 1266 3311 sanctorum
1297 3275 1309 3321 ;
1357 3267 1409 3310 et
1439 3260 1505 3311 ob
1537 3259 1633 3311 hoc

111 3357 192 3394 nos
213 3345 596 3399 viviﬁcatricem
630 3345 943 3399 dominium
977 3361 1190 3400 carnem
1223 3348 1417 3401 dobere
1447 3350 1632 3402 asserit

112 3432 370 3496 conﬁteri,
425 3433 672 3500 quoniam
733 3435 940 3502 propria
995 3434 1128 3489 facta
1186 3447 1267 3489 est
1323 3437 1634 3490 vivilieantis

116 3519 266 3574 Verbi.

175 3609 278 3663 XX.
310 3611 389 3666 Ad
417 3613 643 3680 primum
665 3626 792 3681 ergo
818 3614 993 3680 Cyrilb
1020 3614 1302 3682 capitulum
1331 3617 1425 3668 ista
1448 3616 1636 3670 Leonis

116 3712 138 3751 ε
159 3701 276 3756 llats
307 3706 630 3774 respondent
656 3716 810 3773 atque
838 3709 1172 3762 consentiunt
1220 3713 1380 3764 verba
1403 3751 1418 3776 ,
1450 3713 1636 3778 quibus

115 3792 381 3846 ostenditur
397 3795 448 3848 in
469 3794 673 3849 duabus
695 3797 932 3862 personis
953 3795 1218 3850 Christum
1243 3814 1347 3852 non
1366 3800 1634 3865 divisisse;

116 3889 159 3930 ut
180 3896 330 3936 unum
364 3885 519 3938 veluti
547 3887 869 3948 ostenderet,
893 3888 995 3955 77
1023 3897 1170 3941 extra
1221 3889 1382 3942 Deum
1411 3891 1636 3946 Verbum

117 3967 158 4019 in
180 3973 376 4040 propria
406 3988 629 4040 persona
652 3973 1052 4040 subsistentem;
1078 3977 1299 4030 alterum
1326 3993 1454 4032 vero
1477 3980 1636 4033 Deum

115 4069 243 4124 atque
265 4062 316 4114 io
343 4075 450 4115 sua!
472 4062 807 4130 proprietatis
839 4078 1062 4132 persona
1087 4078 1381 4121 manentem
1404 4109 1416 4132 ,
1450 4070 1638 4136 quibus

117 4151 242 4212 quasi
286 4153 506 4221 singulis
535 4167 796 4222 congruas
840 4154 1098 4209 divideret
1127 4171 1315 4221 voces;
1358 4161 1446 4212 sed
1479 4176 1638 4214 unum

117 4241 438 4310 eamdemque
467 4244 520 4295 iu
545 4257 650 4295 una
673 4257 892 4312 persona
910 4245 1320 4301 substantialiter
1343 4258 1638 4303 tlianentem

119 4328 304 4385 edocuit
339 4332 644 4396 Christum;
678 4343 732 4387 et
773 4335 1012 4388 eumdem
1067 4336 1361 4402 huninem,
1394 4340 1636 4393 eumdem

1736 3184 1805 3238 sit
1838 3181 2093 3232 familiare
2122 3188 2174 3231 et
2205 3178 2471 3246 proprium
2501 3175 2703 3228 cunctis
2733 3174 2781 3226 in
2810 3189 3085 3227 commune
3116 3175 3281 3227 lci-re-

1737 3271 1871 3334 ticis,
1906 3269 2080 3322 studio
2117 3266 2357 3319 falsitatis
2383 3274 2435 3317 rt
2465 3264 2874 3328 malevolentizr,
2906 3263 3281 3316 cazholicorum

1737 3363 1968 3413 virorum
1996 3357 2283 3410 sententias
2318 3358 2628 3416 immutare;
2658 3354 2830 3407 solent
2873 3363 3043 3406 tamen
3078 3354 3174 3406 hoc
3214 3353 3282 3405 ita

1736 3450 1998 3512 subtilius,
2029 3459 2081 3499 et
2113 3449 2268 3514 longo
2299 3445 2520 3510 quodam
2545 3445 2821 3497 verborum
2853 3444 2991 3495 ambi
3021 3459 3050 3494 u
3082 3443 3278 3508 facere,

1738 3552 1792 3593 ut
1820 3540 2103 3593 verisimile
2131 3537 2365 3590 videatur
2391 3535 2530 3602 quod
2573 3535 2679 3587 veri
2708 3535 2880 3601 specie
2918 3535 3280 3586 obumbratur.

1740 3630 1824 3682 Isti
1859 3644 1982 3681 vero
2012 3629 2207 3694 absque
2237 3627 2341 3678 ulla
2396 3626 2581 3677 fucatae
2627 3624 2880 3677 orationis
2926 3623 3148 3688 caligine
3177 3631 3284 3675 tam

1739 3730 1857 3771 sunt
1901 3727 2083 3784 aperto
2112 3717 2189 3768 usi
2239 3715 2533 3778 mendacio,
2559 3721 2614 3766 ut
2643 3714 2842 3767 nullum
2877 3713 3026 3766 nobis
3065 3713 3282 3764 consiti-

1738 3807 1886 3858 residi
1932 3819 2025 3858 eos
2072 3806 2302 3857 laborem
2334 3803 2662 3870 reliquerint,
2691 3803 2812 3855 dum
2847 3803 3060 3869 proprio
3100 3819 3155 3854 se
3189 3805 3283 3868 ipsi

1741 3894 2010 3948 mendacio
2057 3892 2442 3959 superaverint.
2501 3891 2691 3944 Leonis
2729 3892 2868 3944 enim
2922 3907 3037 3957 quae
3085 3891 3285 3943 nefario

1741 3986 1931 4039 IIII'IIliB
1978 3985 2179 4037 incestu
2227 3982 2423 4035 violare
2468 3982 2643 4035 conati
2669 3991 2791 4034 sunt
2822 3981 2918 4033 ista
2963 3991 3082 4034 sunt
3129 3983 3285 4034 verba

1744 4075 1927 4140 (Num.
1959 4073 2014 4139 4)
2039 4089 2053 4125 ;
2081 4072 2247 4135 Sicut,
2275 4071 2460 4137 inquit,
2494 4079 2546 4122 ut
2577 4070 2734 4122 multa
2758 4081 3068 4136 pra'teream,
3095 4087 3190 4122 non
3218 4083 3285 4122 cst

1739 4165 1964 4230 ejusdem
1993 4171 2186 4214 natura:
2213 4165 2333 4229 flere
2361 4161 2690 4212 miserationis
2713 4158 2897 4223 affectu
2919 4161 3134 4209 amicum
3158 4177 3286 4210 mor-

1740 4269 1902 4316 tuum,
1921 4263 1964 4306 et
1982 4254 2208 4305 eumdem
2232 4261 2419 4304 remoto
2440 4251 2790 4317 quatriduum?
2802 4265 2983 4317 aggere
2999 4252 3286 4314 sepultum,

1740 4347 1804 4394 ad
1850 4345 1981 4394 cocis
2016 4342 2278 4407 imperium
2309 4342 2530 4393 excitare
2573 4340 2881 4399 redivivum;
2923 4349 3006 4388 aut
3055 4340 3102 4388 in
3153 4339 3287 4406 ligno

119 4419 350 4474 conﬁtens
379 4421 568 4487 Deum,
599 4423 663 4475 ad
693 4423 1156 4477 demonstrandam
1189 4428 1238 4478 in
1276 4440 1331 4480 se
1373 4429 1638 4495 utriusque
1668 4434 1716 4490 Ι)
1745 4431 1954 4496 pendere
1977 4469 1990 4491 ,
2018 4439 2063 4481 et
2093 4431 2140 4480 in
2173 4437 2366 4481 noctem
2414 4429 2522 4479 luce
2571 4443 2802 4479 conversa
2841 4428 3009 4477 omnia
3051 4428 3288 4478 elementa

120 4516 291 4562 natura:
311 4512 609 4576 veritatem,
627 4525 731 4564 non
752 4513 939 4577 divise,
963 4515 1052 4567 sed
1077 4515 1452 4581 signiﬁcantius
1478 4519 1638 4572 fuisse

120 4593 342 4654 locatum.
375 4601 511 4654 Dicit
538 4617 663 4671 ergo
689 4621 700 4654 :
731 4601 874 4656 Idem
903 4607 1187 4670 sempiterni
1225 4605 1473 4658 Genitoris
1508 4607 1636 4659 Uni-

121 4689 287 4750 genitus
307 4693 655 4760 sempiternus,
679 4704 826 4745 natus
853 4703 925 4745 cst
944 4695 1005 4746 de
1030 4694 1225 4760 Spiritu
1253 4706 1423 4748 sancto
1457 4708 1499 4749 et
1526 4697 1635 4750 Ma-

121 4776 181 4827 ria
214 4778 405 4851 Virgine
430 4781 558 4850 (Leo
599 4784 744 4851 epist.
765 4783 872 4850 IO).
899 4785 1021 4836 Item
1050 4802 1061 4836 :
1092 4784 1154 4836 Et
1175 4787 1241 4836 ad
1270 4787 1635 4852 resolvendum,

121 4860 280 4931 inquit,
310 4871 611 4922 conditionis
639 4880 824 4924 nostra’
842 4872 1081 4934 det-itum,
1110 4884 1288 4924 natura
1342 4875 1640 4927 inuiolabi-‘is

121 4964 285 5009 nature
333 4969 404 5011 est
447 4961 588 5012 unita
620 4961 879 5028 possibili;
918 4971 969 5012 ut
1009 4963 1142 5028 quod
1187 4965 1369 5015 nostris
1409 4966 1640 5016 remediis

122 5047 414 5111 rtittgruebat,
434 5055 566 5100 unus
590 5057 740 5116 atque
760 5049 888 5100 idem
915 5049 1160 5100 mediator
1184 5049 1275 5100 Dei
1294 5059 1339 5102 et
1365 5051 1638 5112 hominum,

123 5131 244 5186 homo
265 5135 411 5190 Iesus
431 5137 685 5201 Christus,
708 5148 754 5190 et
777 5141 900 5190 mori
925 5151 1085 5208 posset
1103 5156 1163 5191 ex
1184 5157 1307 5203 uno,
1335 5151 1379 5192 et
1402 5143 1528 5192 mori
1545 5158 1642 5193 non

123 5236 257 5283 posset
276 5242 336 5278 ex
362 5227 546 5278 altero.
573 5225 636 5279 In
661 5228 854 5295 integra
873 5243 988 5296 ergo
1010 5229 1109 5279 veri
1132 5228 1365 5292 hominis,
1399 5233 1640 5296 perfecta-

123 5322 198 5370 (με
230 5324 399 5366 natura
425 5331 572 5368 verus
602 5325 746 5367 natus
771 5325 841 5368 est
868 5316 1023 5380 Deus,
1049 5325 1180 5368 totus
1203 5318 1252 5368 in
1282 5319 1404 5378 suis,
1437 5329 1567 5369 totus
1590 5319 1640 5369 in

124 5403 274 5452 nostris
310 5404 491 5470 (Num.
536 5407 612 5474 ἓ).
649 5405 773 5458 Item
802 5424 814 5457 :
848 5405 1179 5474 lmpassibifis
1213 5408 1345 5459 Ileus
1374 5425 1471 5459 non
1500 5410 1640 5460 dedi-

127 5498 269 5548 gnatus
291 5503 357 5543 est
379 5496 530 5545 homo
549 5495 655 5546 esse
684 5494 954 5561 passibilrs,
982 5507 1024 5547 et
1046 5498 1344 5547 immortalis
1371 5499 1541 5548 mortis
1569 5498 1639 5550 le-

128 5573 233 5634 9ll'tts
264 5579 518 5644 subjarcre
558 5580 746 5647 (Num.
779 5584 854 5634 5'.
892 5583 1015 5635 ltctu
1045 5603 1053 5634 :
1084 5583 1224 5636 (Inus
1253 5585 1379 5637 enim
1409 5587 1636 5652 idemque

1745 4521 2093 4586 tremefacere;
2118 4528 2203 4569 aut
2224 4519 2375 4570 clavis
2401 4517 2652 4580 conﬁxum
2671 4532 2775 4568 esse
2794 4525 2838 4568 et
2871 4517 3093 4582 paradisi
3119 4527 3288 4581 portas

1743 4611 1861 4674 [idei
1899 4607 2108 4660 latronis
2152 4607 2382 4675 aperire:
2419 4607 2486 4657 ita
2533 4621 2631 4657 non
2669 4606 2894 4672 ejusdem
2945 4615 3138 4656 naturtc
3186 4617 3286 4664 est,

1743 4698 1944 4748 dicere:
1977 4694 2086 4761 Ego
2116 4705 2167 4747 et
2199 4695 2349 4746 I'ater
2380 4709 2537 4744 unum
2581 4707 2761 4743 sumus
2800 4691 2971 4759 (Joan.
3008 4709 3033 4742 χ
3057 4733 3069 4754 ,
3101 4694 3212 4758 30).
3244 4706 3284 4742 et

1746 4785 1908 4836 dicere
1923 4800 1939 4834 :
1965 4784 2115 4836 Patcr
2145 4784 2309 4847 major
2332 4797 2413 4834 uie
2443 4793 2518 4833 est
2543 4779 2720 4845 (Jo'..n.
2752 4795 2856 4843 xw,
2887 4781 3008 4847 ‘28);
3036 4782 3097 4831 de
3119 4794 3288 4831 nostra

1745 4878 1872 4923 enim
1906 4872 1985 4923 illi
2025 4885 2099 4924 est
2137 4873 2294 4923 mittar
2324 4870 2474 4921 l’atre
2501 4869 2821 4930 humanitas;
2856 4872 2916 4921 de
2947 4868 3095 4922 Patre
3124 4870 3200 4922 illi
3221 4881 3288 4921 est

1745 4962 1954 5028 a-qiialis
1971 4976 2079 5011 cum
2105 4960 2255 5011 Patre
2285 4960 2538 5011 divinitas.
2574 4958 2665 5008 llis
2693 4959 2865 5010 verbis
2896 4967 3168 5024 utramque
3201 4974 3289 5010 vo-

1748 5054 1838 5102 luit
1872 5053 1920 5102 in
1946 5052 2151 5102 Christo
2173 5051 2538 5101 demonstrare
2571 5058 2840 5110 naturam;
2872 5059 2927 5100 ut
2954 5063 3110 5100 unum
3151 5050 3289 5116 quod

1744 5140 2021 5191 sublimius
2045 5139 2154 5204 egit
2176 5139 2254 5190 vel
2279 5139 2426 5199 dixnt,
2452 5152 2511 5190 ex
2533 5145 2714 5189 natura
2745 5140 2811 5188 sit
2836 5137 3127 5190 divinitatis
3145 5138 3288 5202 ejus;

1746 5230 1882 5280 aliud
1912 5229 2048 5294 quod
2077 5227 2291 5280 inferius
2315 5231 2473 5293 gessit
2503 5228 2581 5279 vel
2610 5228 2856 5279 humilius
2883 5228 3083 5280 locutus
3099 5238 3196 5286 est,
3221 5243 3285 5280 ex

1746 5328 1929 5370 natura
1957 5318 2026 5369 sit
2051 5319 2223 5369 carnis
2252 5317 2395 5383 ejus.
2429 5326 2483 5367 ut
2529 5316 2638 5367 lucc
2671 5318 2820 5367 unius
2847 5316 3033 5368 Christi
3066 5315 3286 5366 diversi-

1748 5419 1824 5459 tas
1850 5409 2135 5472 actionum,
2162 5422 2262 5460 non
2288 5409 2547 5459 nesciatur
2569 5423 2628 5458 ex
2657 5407 2946 5458 dim-rentia
2974 5406 3290 5458 descendere

1749 5510 2074 5558 naturarum;
2100 5499 2162 5551 de
2189 5512 2289 5565 qua
2318 5499 2474 5551 etiam
2501 5497 2730 5565 Cyrillus
2780 5498 2853 5563 (in
2876 5496 3077 5547 scito/iis-
3110 5500 3167 5545 dc
3203 5495 3291 5545 In-

1747 5592 2028 5639 rarnatione
2063 5585 2332 5653 l'nigrniti,
2375 5601 2482 5652 cap.
2527 5585 2607 5650 15)
2643 5588 2708 5636 ita
2761 5584 3008 5651 loquitur,
3065 5584 3284 5636 dicens;
