3802 6242
522 280 613 331 151

1828 297 2050 353 VIGILII

2193 299 2464 356 PSENSIS
3643 316 3717 369 ἐξ
3798 284 3799 369 ξ

519 390 664 489 linus
692 393 844 463 igitur
871 406 945 449 est
966 408 1084 451 ante
1124 400 1523 455 incarnationem
1552 419 1698 457 uerus
1739 404 1900 469 Deus,
1925 418 1971 460 et
1998 411 2085 477 qui
2114 414 2159 469 Α
2191 410 2502 465 initio/altilis
2541 419 2734 463 natura'
2762 424 2835 466 est
2881 418 3025 469 unita
3062 414 3313 486 possibili,
3338 427 3391 472 ut
3419 419 3553 489 quod
3572 426 3719 476 nostris

513 485 564 537 in
595 484 907 542 humanitate
935 494 1121 544 mansit
1146 494 1199 544 id
1218 496 1352 563 quod
1381 505 1507 561 erat,
1532 507 1579 549 et
1608 508 1699 561 est,
1730 509 1776 550 et
1814 500 1928 553 erit.
1965 500 2084 554 Non

515 576 898 631 discernendum
924 581 1080 651 igitur
1125 600 1282 637 unum
1324 583 1595 638 Dominum
1623 587 1799 640 Jesum
1828 589 2086 644 Christum

513 668 567 720 in
615 668 867 720 hominem
910 686 1138 737 seorsus,
1181 682 1225 726 et
1252 690 1452 728 seorsus
1484 676 1536 727 in
1566 675 1726 729 Deum
1749 694 1769 731 :
1807 678 1895 731 sed
1928 697 2088 732 unum

514 757 845 826 eamdemque
874 757 1049 813 Iesum
1080 761 1337 816 Christum
1387 780 1489 817 esse
1517 764 1771 831 dicimus;
1814 783 1915 820 non
1944 768 2088 836 igno-

514 855 685 901 rantes
706 847 1023 914 deferendas
1062 862 1386 922 naturarum,
1423 855 1510 908 sed
1530 870 1613 907 cas
1642 855 1937 924 inconfusus
1959 856 2089 909 inter

514 954 620 991 8888
658 950 910 993 servantes
921 979 935 993 .

586 1028 750 1082 XXII.
787 1030 851 1085 Et
874 1030 1123 1100 quoniam
1155 1033 1243 1087 ἱειί
1275 1033 1550 1102 utriusque
1581 1043 1779 1087 natura!
1809 1034 2090 1102 professio-

516 1135 635 1172 nem
666 1136 858 1174 novam
886 1138 1006 1177 esse
1025 1125 1435 1188 calumniantur,
1456 1136 1676 1179 cunctus
1706 1126 1954 1180 Ecclesia:
1982 1133 2088 1178 tra-

421 1262 423 1264 .
511 1222 746 1267 ctatores
776 1213 827 1268 in
859 1215 1090 1269 medium
1115 1217 1221 1286 79
1244 1215 1589 1281 adducamus,
1616 1231 1678 1270 ex
1703 1232 1925 1285 quorum
1952 1217 2087 1269 mul-

515 1301 783 1369 tiplicibus
814 1305 970 1358 dictis
1018 1320 1181 1373 pauca
1229 1314 1283 1358 et
1333 1304 1512 1359 brevia
1560 1315 1928 1370 excerpentes,
1963 1305 2085 1359 huic

514 1394 660 1450 operi
691 1393 1089 1460 subnectimus,
1118 1396 1182 1446 ad
1231 1394 1447 1449 latiores
1492 1410 1673 1449 eorum
1704 1406 1758 1450 et
1785 1394 2085 1449 dill'nsiores

513 1482 578 1533 de
610 1481 705 1532 liae
730 1482 1073 1536 confessione
1106 1493 1383 1547 tractatus,
1435 1499 1566 1552 quos
1598 1483 1935 1537 beatissimus
1973 1483 2084 1538 Leo

515 1570 569 1623 in
595 1576 760 1625 unum
791 1574 1215 1627 testimoniorum
1245 1575 1512 1627 cumulum
1563 1575 1779 1641 provida
1809 1574 2080 1643 diligentia

514 1663 800 1730 Cllllgt‘SSll,
852 1663 1124 1717 studiosos
1162 1678 1402 1733 quosque
1433 1664 1734 1717 mittentes:
1761 1673 1814 1717 et
1853 1675 1907 1715 ut
1930 1664 2081 1717 nobis

2190 501 2423 553 remediis
2452 505 2773 569 congruebat,
2805 519 2934 555 unus
2957 484 3107 572 atque
3144 507 3276 559 idem
3319 484 3564 561 mediator
3589 512 3666 562 Dei
3679 523 3717 564 et
3798 484 3799 491 γ

2192 589 2451 643 hominum
2482 576 2806 647 homo’Jesus
2833 593 3064 647 Christus
3090 605 3137 648 et
3176 598 3307 649 mori
3337 606 3502 667 posset
3528 614 3585 650 ex
3612 614 3715 662 Ino,

2188 686 2233 731 et
2263 680 2395 732 mori
2421 698 2523 745 non
2571 692 2737 749 posset
2768 698 2831 735 ex
2853 682 3048 735 altero:
3079 693 3122 736 et
3153 699 3251 735 non
3278 694 3351 737 est
3386 684 3534 747 Verbi
3558 698 3720 738 natura:
3798 704 3799 709 ‘

2190 768 2344 820 clavis
2368 769 2502 839 aﬂigi
2527 774 2765 836 potuisse.
2791 772 2902 826 lloc
2924 780 2981 825 et
3002 771 3188 825 beatus
3207 772 3441 841 Cyrillus
3462 776 3513 827 in
3534 776 3717 843 episto!a

2190 856 2351 910 latius
2375 860 2563 927 synodi
2596 861 2660 914 ad
2686 860 2983 914 Nestorium
3014 861 3130 929 (Est
3155 864 3285 915 inter
3315 862 3495 931 (ΣεινὶἿὶ
3518 866 3720 928 epistolas

2188 957 2393 1015 quarta,
2436 959 2483 1002 et
2512 951 2721 1004 habetur
2760 952 2811 1004 in
2855 954 3074 1006 concilio
3105 952 3386 1023 Ephesino,
3415 964 3519 1008 act.
3550 956 3653 1021 i,et
3676 958 3717 1007 in

2187 1037 2605 1104 Chalcedonensi,
2635 1051 2735 1095 act.
2771 1042 2856 1111 1):
2890 1040 2957 1096 In
2993 1045 3125 1111 ipsa,
3155 1043 3347 1113 inquit,
3387 1046 3534 1098 vulva
3583 1055 3717 1098 utero-

2186 1142 2280 1194 que
2305 1129 2540 1198 virginali
2571 1145 2678 1183 sese
2718 1129 2928 1184 Verbum
2949 1147 3063 1184 cum
3094 1148 3245 1185 carne
3272 1134 3560 1202 conjunxit,
3588 1144 3629 1186 et
3650 1149 3720 1185 stt-

2186 1218 2364 1270 stinuit
2391 1218 2766 1289 generationem
2793 1223 3066 1285 carnalem,
3094 1224 3266 1275 carnis
3306 1238 3412 1276 sute
3444 1224 3721 1276 nativitatem

2183 1322 2331 1359 suam
2356 1308 2564 1376 faciens.
2597 1308 2686 1362 Sic
2714 1306 2861 1361 illum
2891 1311 3107 1363 dicimus
3133 1321 3182 1363 et
3213 1317 3420 1378 passum
3456 1328 3558 1364 esse
3590 1322 3632 1363 et
3657 1329 3720 1364 re-

2184 1399 2479 1461 surrexisse,
2513 1414 2615 1451 non
2634 1399 2750 1466 quia
2778 1399 2911 1452 Deus
2940 1399 3154 1453 Verbum
3173 1402 3224 1453 in
3248 1416 3343 1453 sua
3368 1411 3547 1453 natura
3569 1417 3721 1467 passus
3798 1384 3799 1387 η

2188 1488 2252 1539 sit
2280 1498 2368 1540 aut
2400 1489 2600 1556 plagas,
2626 1497 2714 1541 aut
2738 1490 2835 1541 clat
2852 1505 2994 1542 orum
3020 1488 3349 1557 coit/ixiones,
3373 1500 3461 1543 aut
3488 1492 3587 1543 alia
3606 1492 3720 1544 sinti-
3798 1504 3799 1515 ‘

2185 1581 2254 1632 lia
2285 1581 2493 1634 vulnera
2522 1580 2681 1648 (Deus
2713 1567 2925 1649 namque
2951 1583 3285 1650 incorporalis
3306 1595 3448 1637 extra
3474 1586 3656 1650 passion
3681 1602 3720 1635 tu

2184 1668 2310 1737 est);
2345 1669 2435 1721 sed
2460 1669 2580 1737 quia
2609 1685 2790 1739 corpus
2839 1668 2968 1722 illud
3013 1672 3146 1739 quod
3189 1672 3348 1736 ipsius
3379 1673 3628 1740 proprium
3655 1678 3720 1738 [a-

513 1754 705 1820 duplex
754 1754 806 1806 in
842 1763 1106 1807 tantorum
1139 1765 1191 1806 et
1243 1754 1424 1807 talium
1477 1753 1690 1806 testium
1735 1753 2084 1819 productione
2114 1752 2161 1813 B
2187 1766 2322 1809 ctum
2350 1765 2453 1820 est,
2478 1773 2681 1826 passum
2709 1768 2820 1820 est,_
2850 1758 2960 1809 ideo
3009 1758 3114 1809 hare
3145 1762 3313 1810 omnia
3354 1776 3445 1827 pro
3477 1761 3609 1812 nobis
3635 1762 3719 1829 ipse
3798 1772 3799 1811 ἔ

516 1853 765 1896 nascatur
790 1844 1011 1906 utilitas,
1041 1859 1223 1896 eorum
1276 1842 1569 1901 sententias
1610 1842 1802 1897 Leonis
1838 1843 2084 1897 sensibus

513 1946 842 2000 coaptemus.
880 1936 1015 1988 Dixit
1056 1936 1197 1999 Leo,
1232 1936 1370 2002 quod
1405 1936 1636 1989 maxime
1677 1935 1762 1988 isti
1806 1935 2084 2003 reprehen~

511 2026 742 2079 dcndutn
774 2024 1112 2080 existimant:
1150 2027 1404 2094 Operatur
1432 2041 1741 2093 unaquaque
1767 2036 1949 2076 natura
1970 2039 2085 2075 cum

512 2118 860 2168 communione
886 2118 1097 2169 alterius
1124 2118 1261 2185 quod
1286 2117 1547 2183 proprium
1565 2127 1637 2169 est
1666 2115 1810 2184 (Leo,
1829 2115 1975 2185 epist.
1995 2115 2081 2178 10,

511 2222 653 2257 nttnt.
684 2207 763 2276 4).
794 2206 903 2261 lloc
931 2218 983 2261 et
1014 2208 1241 2261 Hilarius
1272 2209 1549 2262 confessor
1579 2209 1630 2261 in
1664 2208 1798 2262 libro
1823 2223 1926 2260 uno
1948 2222 2080 2260 con-

514 2308 592 2350 tra
626 2299 846 2352 Arianns
874 2298 1013 2366 (Lib.
1041 2316 1086 2351 Ix
1123 2301 1185 2351 de
1223 2298 1408 2352 Trinit.
1430 2341 1443 2363 ,
1476 2300 1566 2353 sub
1610 2300 1837 2365 initium)
1865 2316 1877 2349 :
1915 2297 2084 2350 Natus

511 2406 628 2458 ergo
651 2390 935 2458 unigenitus
972 2389 1107 2443 Deus
1129 2407 1191 2443 ex
1227 2389 1455 2459 Virgine,
1498 2391 1647 2443 homo
1681 2390 1954 2442 secundum
1979 2389 2086 2456 ple-

513 2478 793 2531 nitudinem
851 2490 1171 2549 temporum,
1224 2481 1274 2532 in
1328 2482 1596 2546 semetipso
1650 2490 1979 2548 prorecturus
2031 2480 2085 2531 in

515 2570 696 2632 Deum,
724 2570 977 2623 hominem
1004 2588 1022 2635 ;
1052 2572 1183 2622 hunc
1207 2588 1296 2640 per
1325 2572 1494 2623 omnia
1531 2572 1805 2639 evangelici
1841 2570 2085 2622 sermonis

515 2663 718 2713 modum
752 2662 937 2723 tenuit,
965 2672 1017 2713 ut
1038 2677 1091 2713 se
1122 2660 1214 2712 Dei
1248 2658 1439 2713 Filiam
1471 2661 1605 2713 credi
1634 2661 1856 2723 doceret,
1904 2667 1958 2711 ut
1988 2659 2082 2711 ho-

514 2751 664 2803 minis
694 2751 857 2817 ﬁlium
910 2750 1184 2815 pra'dirati
1230 2750 1555 2813 admoneret;
1604 2749 1802 2801 locutus
1830 2758 1876 2800 et
1910 2764 2085 2817 gerens

516 2842 663 2891 homo
687 2840 920 2893 uniuersa
951 2855 1062 2907 quis
1090 2838 1184 2891 Dei
1211 2851 1327 2892 sunt
1354 2857 1371 2902 ;
1401 2839 1608 2905 loquens
1634 2838 1815 2889 deinde
1839 2846 1886 2889 et
1912 2853 2088 2905 gerens

521 2929 656 2980 Deus
682 2929 911 2981 unit'ersa
939 2944 1047 2994 gnte
1069 2929 1285 2979 hominis
1316 2935 1429 2979 sunt
1457 2944 1474 2988 ,'
1499 2929 1567 2977 ita
1590 2938 1748 2979 tamen
1774 2938 1824 2976 ut
1856 2926 1967 2990 ipso
1995 2924 2087 2977 illo

518 3020 779 3085 utriusque
808 3019 1000 3085 generis
1032 3032 1260 3070 sermone
1288 3032 1543 3084 nunquam
1568 3015 1664 3066 nisi
1690 3031 1802 3066 cum
1830 3015 2087 3086 signi/ica-

2185 1847 2370 1899 dicilur
2399 1862 2595 1914 passus.
2630 1844 2804 1899 Inerat
2830 1849 2962 1901 enim
2990 1849 3039 1900 in
3080 1865 3139 1902 eo
3185 1866 3393 1917 corpore
3420 1853 3553 1918 quod
3581 1852 3721 1919 patie-
3798 1834 3799 1851 ‘

2184 1937 2350 1999 batur,
2383 1935 2520 1989 Deus
2549 1936 2634 2004 qui
2664 1938 2768 2003 pati
2799 1951 2896 1987 non
2926 1946 3141 2005 poterat.
3176 1936 3348 1990 Simili
3379 1942 3525 1990 modo
3544 1947 3587 1988 et
3610 1954 3719 1989 ntor-
3798 1940 3799 1949 ‘

2184 2037 2283 2079 tem
2304 2027 2467 2095 ipsius
2495 2024 2826 2095 intelligimus
2851 2040 2870 2087 ,'
2897 2026 3181 2078 immortale
3209 2027 3340 2077 enim
3370 2038 3415 2076 et
3444 2028 3719 2095 incorrupti-

2184 2119 2281 2170 bile
2312 2125 2384 2170 est
2427 2118 2733 2169 naturaliter
2771 2117 3031 2183 riviﬁcans
3074 2115 3169 2169 Dei
3212 2117 3473 2179 Verbum;
3505 2117 3589 2170 sed
3624 2117 3721 2183 quis
3798 2144 3799 2171 ξ

2184 2224 2362 2278 corpus
2387 2209 2545 2278 ipsius
2579 2212 2841 2278 proprium
2866 2211 3027 2277 gratia
3056 2207 3147 2259 Dei
3164 2210 3318 2277 juxta
3351 2206 3503 2258 Pauli
3531 2222 3717 2259 uocem:

2187 2299 2290 2354 Pro
2313 2300 2559 2358 omnibus
2603 2310 2827 2352 mortem
2867 2298 3096 2366 gustavit
3137 2296 3322 2367 (Hebr.
3356 2311 3414 2359 Il,
3452 2296 3533 2366 9),
3560 2296 3724 2347 idcirco
3798 2282 3799 2327 Ῐ

2185 2389 2291 2457 ipse
2329 2381 2539 2442 dicitur
2563 2400 2769 2440 mortem
2804 2402 2983 2455 passus
3011 2402 3116 2439 esse
3140 2402 3230 2453 pro
3276 2385 3421 2438 nobis
3445 2426 3460 2451 ,
3489 2401 3587 2438 non
3612 2385 3724 2450 quod
3798 2456 3799 2461 η

2187 2479 2293 2546 ipse
2314 2486 2524 2531 mortem
2545 2485 2670 2530 esset
2700 2483 2959 2543 expertus,
2982 2484 3225 2544 quantum
3245 2476 3312 2525 ad
3339 2475 3496 2543 ipsius
3519 2485 3725 2527 naturam
3798 2476 3799 2521 ἲ

2186 2567 2401 2635 pertinet
2432 2565 2657 2633 (insania
2696 2576 2767 2617 est
2811 2564 2942 2617 enim
2985 2566 3082 2615 hoc
3122 2564 3307 2616 sentire
3346 2561 3421 2614 vel
3452 2560 3631 2630 dicere)
3656 2561 3727 2613 sed
3798 2560 3799 2587 ³

2192 2656 2351 2725 quod,
2386 2666 2438 2707 ut
2467 2672 2621 2723 supra
2652 2655 2893 2717 diximus,
2930 2668 3051 2705 caro
3088 2652 3244 2717 ipsius
3282 2662 3489 2703 mortem
3513 2652 3726 2718 gustarit.

2188 2747 2270 2799 Ita
2295 2755 2341 2799 et
2371 2752 2657 2813 resurgente
2676 2758 2854 2807 carne,
2881 2742 3039 2806 ipsius
3067 2742 3482 2794 resurrectionem
3504 2740 3726 2797 dicimus;
3798 2746 3799 2763 ‘

2188 2854 2287 2890 non
2318 2838 2437 2901 quia
2468 2838 2517 2887 in
2558 2835 2929 2899 corruptionem
2975 2832 3222 2884 ceciderat
3266 2831 3463 2901 (obsiti,
3509 2832 3596 2884 sed
3627 2832 3730 2895 quia

2187 2930 2298 2993 eius
2328 2924 2601 2978 resurrexit
2630 2938 2833 2987 corpus.
2869 2919 2953 2973 Ita
2998 2920 3252 2973 Christum
3294 2921 3544 2971 hominem
3574 2919 3730 2985 (quem
3798 2919 3799 2989 γ

2191 3030 2354 3071 tamen
2382 3026 2429 3071 et
2454 3015 2614 3069 Deunt
2636 3013 2954 3080 conﬁtemur)
2982 3028 3080 3064 non
3110 3023 3349 3077 tanquam
3366 3011 3615 3061 hominem
3636 3022 3732 3057 cum

517 3110 650 3160 tione
669 3118 713 3159 et
757 3107 976 3159 hominis
1007 3106 1204 3159 locutus
1234 3117 1279 3160 et
1305 3104 1400 3158 Dei
1422 3107 1511 3159 sit.
1549 3106 1683 3159 Ecce
1729 3115 1909 3173 aperte
1934 3120 2082 3158 com-
2110 3087 2159 3151 ϐ
2203 3107 2358 3161 νει-ιω
2382 3107 2730 3165 caudas-antes,
2757 3118 2819 3155 ne
2844 3102 3103 3154 divisioni.
3128 3098 3357 3166 qua’dam
3386 3094 3731 3166 spec-[ainda-

519 3198 824 3250 munionem
855 3208 1199 3266 utrarumque
1216 3198 1415 3252 docens
1435 3207 1765 3263 naturarum,
1785 3206 1841 3250 et
1857 3197 2083 3250 Verbum

519 3291 651 3341 dixit
682 3290 820 3358 loqui
849 3298 900 3342 et
925 3303 1083 3356 agere
1115 3302 1233 3356 qua:
1264 3291 1441 3341 carnis
1467 3297 1611 3354 sunt,
1639 3300 1689 3340 ct
1718 3302 1935 3342 carnem
1966 3302 2085 3355 qua:

522 3379 680 3432 Verbi
705 3389 849 3432 sunt.
866 3379 959 3432 Cui
983 3379 1260 3433 sententia:
1273 3387 1328 3432 et
1358 3379 1764 3445 beatusquoque
1786 3391 2086 3444 congruens

520 3471 834 3523 Atnbrosius
874 3471 943 3523 ita
980 3469 1108 3522 dicit
1137 3470 1274 3539 (Lib.
1326 3485 1359 3523 tt
1390 3471 1450 3519 de
1480 3468 1607 3520 Fide
1650 3469 1717 3519 ad
1756 3467 2081 3531 Gratianum,

520 3579 632 3631 cap.
659 3565 709 3630 4,
756 3563 960 3630 initio):
991 3561 1208 3616 Consors
1251 3562 1509 3628 utriusque
1556 3570 1783 3619 naturae,
1814 3558 1867 3610 id
1898 3567 1967 3611 est
1994 3558 2089 3609 hu-

522 3671 683 3708 manm
720 3666 867 3724 atque
895 3656 1099 3718 diuinae,
1144 3655 1191 3705 in
1226 3663 1407 3705 natura
1452 3652 1666 3703 hominis
1707 3650 1858 3702 subiit
1898 3650 2088 3716 passio-

523 3763 669 3808 nem;
694 3759 744 3798 ιιι
776 3746 1047 3799 indiscrete
1073 3755 1118 3797 ot
1147 3744 1393 3797 Dominus
1438 3743 1714 3812 ntajcstatis
1757 3742 1955 3793 dicatur
1983 3756 2091 3793 esse

522 3840 611 3907 qui
633 3854 811 3907 passus
838 3849 930 3900 est,
957 3849 1002 3891 et
1030 3837 1167 3903 ﬁlius
1200 3835 1437 3897 hominis,
1470 3836 1597 3887 sicut
1618 3833 1857 3901 scriptum
1886 3843 1978 3894 est,
2005 3833 2090 3899 qui

522 3930 778 3981 descendit
816 3929 877 3979 de
897 3930 1040 3979 caelo.
1074 3926 1358 3991 PerSpicue
1388 3924 1545 3976 nimis
1575 3932 1629 3976 et
1658 3922 2087 3975 communionem

522 4019 722 4085 operis,
749 4026 801 4070 et
832 4018 1207 4085 proprietatem
1240 4015 1510 4081 utriusque
1538 4022 1737 4065 natura:
1767 4008 2044 4077 descripsit
2072 4028 2086 4066 ς

522 4109 648 4161 dum
671 4118 723 4160 et
750 4122 960 4160 carnem
984 4117 1201 4174 propter
1229 4105 1456 4159 Verbum
1476 4103 1541 4158 de
1562 4102 1698 4157 creto
1722 4099 2085 4165 descendisse,

525 4210 578 4251 et
614 4198 838 4251 Verbum
872 4207 1085 4263 promer
1116 4206 1329 4248 carnem
1380 4204 1602 4246 mortem
1644 4191 1872 4245 subiisse
1910 4190 2085 4242 divina

524 4295 785 4341 testantur
814 4286 1054 4351 eloquia;
1096 4298 1216 4336 cum
1250 4298 1346 4335 nec
1386 4296 1512 4335 curo
1545 4282 1611 4334 de
1640 4280 1775 4333 coelo
1796 4277 2087 4331 descende-

523 4381 615 4443 rit,
650 4392 745 4430 nec
774 4377 999 4428 Verbum
1035 4375 1167 4427 mori
1204 4374 1454 4441 potuerit.

2186 3207 2351 3260 catur,
2394 3194 2482 3249 sed
2528 3210 2681 3246 unum
2715 3194 2823 3259 jam
2860 3199 2907 3243 et
2945 3189 3175 3243 eumdem
3218 3188 3508 3238 adorantes.
3544 3183 3649 3239 Hoc
3690 3192 3733 3234 et

2188 3289 2377 3342 beatus
2408 3286 2634 3339 Hilarius
2668 3284 2845 3352 paucis
2868 3282 3091 3347 explicu‘t
3143 3278 3339 3330 verbis.
3389 3276 3633 3330 Videsne.
3662 3275 3731 3323 in-
3798 3288 3799 3351 ᾖ

2187 3380 2301 3447 qu't
2321 3376 2458 3441 (Lib.
2490 3390 2536 3427 ιι
2562 3376 2625 3428 de
2651 3374 2851 3436 Trintt.,
2880 3388 2981 3423 non
3008 3373 3155 3439 longe
3174 3368 3235 3419 ab
3267 3367 3456 3433 initio),
3488 3368 3559 3418 ita
3590 3364 3734 3416 Dettut
3798 3382 3799 3447 ξ

2187 3480 2232 3521 et
2261 3468 2514 3520 hominem
2541 3463 2829 3533 prwdtcari,
2854 3470 2907 3513 ut
2941 3472 3070 3511 mo'rs
3102 3458 3314 3519 homini,
3345 3456 3447 3509 Deo
3468 3469 3605 3511 tero,
3636 3469 3734 3503 car-

2188 3558 2265 3609 nis
2294 3556 2531 3609 excitatio
2559 3553 2868 3620 deputetur?
2897 3549 3146 3602 Naturam
3171 3548 3265 3599 Dei
3295 3548 3346 3597 in
3380 3548 3561 3599 virtute
3587 3560 3736 3595 resur-

2188 3644 2426 3697 rectionis
2470 3643 2710 3709 intellige,
2759 3640 3182 3709 dispensationem
3227 3636 3446 3687 hominis
3491 3637 3543 3685 in
3596 3644 3735 3683 mort:

2190 3750 2463 3806 cognosce:
2493 3746 2537 3786 et
2558 3748 2672 3785 cum
2695 3733 2794 3784 sint
2822 3742 3032 3797 utraque
3061 3729 3315 3793 utriusque
3348 3736 3491 3798 gesta
3522 3722 3733 3779 naturis,
3798 3780 3799 3795 χ

2190 3842 2345 3879 unum
2377 3836 2543 3877 tamen
2584 3822 2755 3875 Jesutn
2790 3836 2904 3875 eum
2944 3828 3185 3872 memen:o
3221 3832 3329 3869 esse
3363 3816 3449 3885 qui
3487 3823 3737 3878 utrumque
3798 3816 3799 3885 ξ

2190 3926 2282 3969 est.

2263 4003 2448 4059 XXIV.
2487 4004 2553 4056 Et
2596 4003 2714 4070 quin
2749 4000 3051 4069 perspicue,
3082 4008 3333 4066 quantum
3383 3996 3607 4062 Opinor,
3643 3994 3736 4046 cla-

2190 4096 2325 4158 ruit,
2368 4096 2506 4147 beati
2556 4094 2747 4146 Leonis
2794 4092 3068 4157 epistolam
3111 4104 3228 4142 cum
3256 4087 3441 4156 Cyrilli
3483 4082 3735 4154 synodiris

2189 4199 2481 4254 congruere
2523 4183 2745 4245 litteris,
2778 4182 2881 4250 ει
2914 4180 3036 4247 quid
3068 4179 3227 4232 etiam
3266 4176 3447 4230 caeteri
3491 4174 3733 4229 Ecclesia:

2192 4285 2285 4329 tra.
2308 4284 2507 4328 latores
2527 4273 2593 4326 de
2620 4272 2853 4339 utrisque
2876 4270 3074 4323 naturis
3108 4268 3301 4321 CbriSti
3326 4268 3597 4321 senserint
3628 4266 3730 4317 bni-

2191 4367 2327 4419 viter
2345 4366 2666 4427 intimemus,
2697 4371 2909 4414 sanctus
2928 4360 3156 4413 Joannes
3182 4356 3733 4426 (Chrysostomus,teu.

596 4440 777 4521 XXIII.
826 4465 954 4521 Item
1001 4466 1134 4519 dixit
1176 4440 1471 4534 Leo(Num
1518 4464 1573 4530 4)
1606 4480 1616 4512 :
1652 4461 1881 4525 Esurire,
1918 4460 2079 4521 sitire,
2113 4440 2159 4496 ί)
2206 4458 2241 4507 γ
2277 4454 2622 4517 Graec—Lat,
2664 4469 2814 4505 serm.
2858 4451 2944 4515 55)
2977 4450 3027 4502 in
3070 4450 3282 4502 humilia
3327 4449 3393 4501 de
3429 4447 3735 4500 Ascensiono

524 4563 789 4613 lassescere
838 4568 983 4623 atque
1018 4557 1269 4619 dormire,
1317 4556 1568 4607 evidenter
1592 4554 1867 4605 humanum
1904 4560 1978 4602 est
2004 4569 2019 4603 :
2045 4558 2089 4601 et

524 4668 625 4704 non
657 4660 726 4701 est
758 4648 983 4720 ejusdem
1012 4656 1204 4699 natura:
1242 4650 1364 4715 ﬂere
1392 4646 1727 4697 miserationis
1751 4641 1937 4706 affectu
1964 4640 2089 4691 anti-

523 4759 636 4794 cum
677 4749 953 4803 mot'tuum,
992 4748 1037 4790 et
1067 4740 1297 4790 eumdem
1330 4738 1394 4787 ad
1422 4738 1552 4788 vocis
1586 4734 1847 4802 imperium
1871 4733 2091 4785 excitare

522 4835 820 4884 redivit-um.
856 4832 965 4884 lloc
986 4840 1037 4883 et
1067 4834 1254 4882 beatus
1276 4826 1563 4894 Gregorius
1593 4824 1957 4877 Nazianzenus
1979 4822 2090 4889 epi-

524 4937 717 4987 scopus
743 4922 995 4983 asseruit,
1025 4919 1208 4972 dicens
1238 4917 1409 4986 (Orat.
1436 4915 1500 4969 '58
1524 4916 1575 4967 in
1614 4913 1801 4967 Christi
1839 4910 2091 4964 Naticita-

527 5027 657 5079 tem,
684 5021 795 5079 post
824 5012 1100 5077 medium):
1130 5008 1257 5061 Cum
1301 5022 1419 5077 ergo
1445 5006 1763 5073 processisset
1789 5018 1849 5055 ea:
1890 5001 2091 5070 Virgine

526 5102 681 5167 Deus,
724 5104 775 5153 in
799 5118 857 5153 ea
881 5118 1029 5165 quam
1052 5106 1414 5168 assumpserat,
1444 5099 1664 5148 humana
1695 5103 1896 5153 natura,
1932 5107 2089 5143 unum

524 5212 550 5246 e
571 5195 764 5245 duabus
789 5193 838 5243 in
863 5191 1068 5243 invicem
1092 5189 1357 5243 contrariis
1380 5187 1616 5247 existens,
1648 5198 1797 5238 carne
1812 5198 1869 5235 ac
1885 5181 2084 5248 spiritu,

527 5284 665 5335 aliud
687 5285 736 5334 in
776 5285 937 5333 Deum
968 5280 1269 5341 assumitur,
1310 5275 1455 5327 aliud
1483 5276 1593 5342 80
1625 5272 1835 5325 Deitatis
1873 5270 2091 5338 gratiam

527 5382 755 5441 prtestat.
789 5371 977 5423 Missus
1000 5380 1068 5421 est
1097 5370 1317 5431 quidem,
1351 5367 1437 5417 sed
1467 5376 1517 5416 ut
1539 5364 1719 5425 homo;
1749 5362 1937 5427 duplex
1957 5360 2090 5411 enim

524 5473 631 5516 erat
662 5465 714 5515 in
744 5479 803 5515 co
826 5471 1031 5513 natura.
1066 5458 1195 5511 Inde
1219 5460 1435 5525 denique
1471 5465 1516 5507 ct
1540 5455 1783 5507 laboravit
1808 5468 1870 5503 ex
1893 5452 2088 5509 itinere,

527 5557 640 5606 itide
671 5556 861 5618 esttriit,
891 5563 935 5605 ct
966 5553 1142 5614 sitivit,
1177 5561 1222 5603 et
1263 5551 1585 5601 contristatus
1617 5554 1707 5609 est,
1745 5555 1789 5597 et
1824 5545 1959 5611 ﬂevit
1992 5541 2090 5591 ltu-

528 5650 660 5699 οηαηί
690 5647 911 5714 corporis
949 5645 1071 5712 lege.
1105 5644 1235 5696 ltetn
1259 5639 1393 5693 dixit
1424 5637 1528 5691 Leo
1558 5635 1742 5698 (Num.
1775 5632 1859 5690 ὅδε
1896 5630 2097 5686 Natura

2196 4547 2421 4608 Domini,
2458 4547 2528 4595 ita
2560 4545 2714 4596 dicit:
2750 4542 2882 4594 Deus
2906 4541 3047 4594 nobis
3066 4543 3204 4610 jute
3233 4539 3570 4601 irascebatur,
3596 4546 3637 4589 et
3661 4551 3737 4585 nos

2193 4634 2630 4687 contemnabamus
2665 4635 2873 4697 iratum,
2907 4640 2951 4681 et
2980 4632 3261 4682 clementem
3296 4628 3575 4679 Dominum
3594 4625 3733 4676 decli'

2194 4728 2434 4781 nobamus
2456 4741 2472 4776 :
2496 4734 2539 4777 et
2576 4740 2627 4776 se
2665 4723 2887 4775 medium
2921 4722 3150 4775 Christus
3203 4719 3429 4787 ingessit,
3474 4730 3523 4771 et
3551 4714 3737 4769 sociaris

2196 4828 2456 4884 utramque
2494 4824 2755 4877 naturam,
2792 4822 2835 4863 et
2878 4812 3018 4863 nobis
3052 4810 3187 4877 quod
3228 4807 3524 4860 imminebat
3564 4804 3735 4873 suppli-

2194 4909 2323 4959 ciunt
2341 4908 2446 4971 ipse
2476 4902 2738 4956 sustinuit.
2767 4900 2892 4953 Item
2922 4917 2931 4949 :
2961 4913 3318 4967 cngnoscamus
3348 4897 3507 4966 igitur
3524 4910 3632 4962 qua
3657 4908 3735 4941 ne-

2194 5006 2305 5048 tura
2328 5004 2417 5056 est,
2442 4995 2517 5045 cui
2547 4992 2672 5043 dixit
2703 5006 2720 5042 :
2750 4990 2889 5043 Sede
2915 4988 2977 5040 ad
3022 4988 3291 5039 dexterum
3334 4998 3512 5037 meum
3532 5024 3547 5045 ,
3583 4990 3627 5033 ct
3646 4990 3735 5033 esto

2194 5102 2315 5139 metu
2339 5086 2586 5154 particeps
2632 5082 2801 5134 sedis:
2831 5080 2921 5132 illa
2951 5080 3186 5131 nimirum
3226 5087 3409 5129 natura
3439 5091 3558 5143 qus:
3583 5074 3737 5123 audie-

2194 5184 2313 5225 rat:
2343 5174 2501 5226 Terra
2531 5186 2609 5231 es,
2642 5179 2696 5221 ct
2726 5171 2774 5220 in
2806 5179 2998 5221 terram
3041 5167 3159 5221 ibis.
3210 5166 3319 5242 lloc
3341 5174 3397 5217 et
3429 5163 3734 5227 Augustinus

2194 5258 2861 5323 sentiens,Gratulandum,
2889 5257 3053 5325 inquit
3076 5255 3270 5324 (Tract.
3292 5254 3356 5307 78
3380 5256 3434 5306 in
3453 5252 3731 5309 Joannem}.

2198 5357 2358 5424 fuerat
2384 5353 2615 5405 humana:
2639 5363 2853 5412 naturae,
2880 5364 2939 5400 eo
2958 5347 3091 5415 quod
3117 5346 3189 5398 sic
3213 5360 3477 5413 assumpfa
3506 5354 3577 5396 cst
3600 5358 3629 5393 ι
3651 5338 3737 5391 Deo

2212 5443 2389 5506 Verbo,
2425 5452 2475 5493 ut
2506 5437 2803 5493 innnortalis
2844 5436 3219 5487 constitueretur
3250 5436 3301 5483 in
3332 5436 3497 5497 cis-lo;
3525 5430 3739 5499 atquein

2201 5534 2337 5599 [icret
2367 5542 2497 5583 terra
2515 5528 2761 5589 sublimis,
2783 5536 2833 5577 ut
2860 5522 3246 5591 incorruptibilis
3284 5523 3479 5575 sederet
3503 5524 3569 5572 ad
3590 5522 3739 5571 destr-

2201 5639 2308 5677 rtnn
2335 5622 2524 5675 Patris.
2545 5621 2667 5674 item
2693 5619 2877 5673 beatus
2890 5614 3110 5668 Basilius
3132 5612 3388 5667 Ctesatem
3412 5606 3738 5681 C‘JPpZulolil
