3842 6226
79 242 183 296 135

1146 326 1155 333 α
1216 248 1481 306 CONTRA
1529 250 1991 308 EU’I‘YCIIE'I‘EM
2034 252 2158 305 LIB.
2206 254 2264 306 V.

3246 257 3350 316 εει

80 356 401 422 episcopus
430 375 448 410 :
486 356 611 410 Cum
639 373 756 426 ergo
780 360 1007 428 qua'dam
1032 361 1082 411 in
1112 358 1311 414 Christo
1334 364 1403 414 ita
1429 364 1686 416 videamus
1714 369 1765 423 Α
1789 363 1895 415 ἰ-ἰΙΙί
1925 364 1987 415 ad
2020 362 2318 417 Nestorium
2345 364 2531 417 litteris
2556 382 2569 417 :
2605 365 2724 422 Non
2747 366 2877 418 enim
2920 366 3156 431 dicimus,
3186 369 3355 435 inquit

79 448 353 505 unauana.
393 459 461 500 ut
490 451 619 501 nihil
645 466 676 499 α
698 452 945 503 communi
976 452 1262 503 mortalium
1289 453 1564 519 fragilitate
1603 453 1685 504 di-

82 548 225 587 rrare
255 537 591 601 uideantur;
613 542 841 603 quedam
870 540 941 592 ita
968 539 1157 604 divina,
1188 556 1301 606 qua:
1329 543 1455 593 nulli
1480 541 1569 593 alii
1595 543 1691 594 nisi

84 627 163 677 ilti
182 618 477 690 ineffabili
498 641 694 682 natum
712 632 1001 683 conveniant
1024 632 1221 685 deitatis
1245 649 1262 695 ;
1294 634 1446 684 lueret
1478 631 1690 684 Ιιιιηιπιηὶ

90 716 400 768 intellectus
434 720 695 786 angustia,
723 729 767 773 et
797 730 945 773 tanta:
970 721 1328 775 admirationis
1359 735 1559 790 stupore
1578 740 1694 791 per-

86 810 258 867 culsa,
288 824 412 876 quo
430 810 517 862 det
533 808 673 874 liuet,
697 810 819 878 quid
838 820 1021 875 teneat,
1047 807 1145 879 quo
1170 829 1227 864 se
1243 822 1516 873 convertat.
1548 815 1695 881 igno-

92 910 203 947 ml:
234 896 529 950 hominem
558 908 694 967 putet
722 910 807 950 aut
839 898 997 952 Deum
1024 917 1168 969 quem
1202 901 1393 953 devicto
1424 902 1594 953 mortis
1615 919 1693 953 re-

90 1000 212 1052 gno.
235 1000 375 1037 cum
425 987 617 1054 spoliis
653 988 939 1040 redeuutem
960 1006 990 1039 a
1014 990 1223 1041 mortuis
1263 992 1443 1041 cernit.
1480 990 1693 1058 Propter

92 1078 225 1142 quod
250 1094 383 1130 cum
415 1080 567 1131 omni
595 1089 730 1131 metu
750 1087 794 1132 et
826 1080 1096 1133 reverentia
1125 1082 1566 1146 contemplandum
1596 1092 1686 1146 est,

94 1179 142 1216 ut
170 1168 231 1235 in
272 1183 393 1219 uno
428 1167 729 1234 eodemque,
772 1168 845 1221 ita
872 1168 1134 1235 utriusque
1174 1178 1369 1223 natura:
1399 1160 1580 1224 veritas
1608 1170 1695 1223 de-

94 1265 455 1321 monstretur,
495 1265 549 1308 ut
579 1272 741 1323 nerine
776 1256 970 1324 aliquid
1002 1258 1265 1328 indignant
1301 1269 1349 1314 et
1382 1260 1611 1313 indecens
1639 1260 1692 1312 iu

98 1346 273 1398 divina
297 1345 403 1399 illa
440 1357 497 1399 et
523 1347 763 1414 ineffabili
787 1349 1067 1402 substantia
1092 1350 1367 1412 sentiatur;
1396 1367 1554 1419 neque
1577 1366 1692 1402 rur-

97 1450 185 1485 sus
214 1451 338 1501 quis:
360 1446 523 1503 gesta
548 1448 666 1509 sunt
690 1437 835 1505 falsis
854 1436 1009 1490 illusa
1034 1437 1337 1507 imaginibus
1361 1439 1687 1493 wstirnentur.

103 1525 212 1587 Qua
244 1524 379 1578 hinc
406 1510 656 1601 πριιιιῖῖ
684 1540 788 1593 quo
818 1539 1000 1580 rursus
1024 1526 1313 1580 evaditur?
1337 1527 1524 1594 quibus
1550 1543 1694 1581 com-

106 1614 325 1680 mentis,
358 1615 575 1683 quibus
604 1625 1033 1684 argumentorum
1069 1609 1365 1687 praestigiis
1397 1627 1554 1673 tanta:
1600 1634 1694 1689 po-

1794 451 1984 520 (Epist.
2010 452 2100 521 4),
2140 455 2271 522 quod
2301 452 2395 505 Dei
2434 465 2642 517 natura,
2675 472 2914 508 conversa
2942 457 3019 508 vel
3049 457 3309 509 immutata
3336 499 3350 521 ,

1793 541 1925 607 facta
1954 542 2018 591 sit
2060 556 2212 603 caro,
2244 556 2334 594 nec
2369 541 2505 611 quod
2534 542 2588 592 in
2632 552 2789 594 totum
2822 544 3069 594 hominem
3100 545 3255 613 (quod
3285 558 3355 599 t'sl

1790 632 1960 683 anima
1991 641 2036 684 et
2060 631 2264 700 corpus)
2290 634 2651 701 transformata
2674 634 2770 695 sit;
2793 634 2881 684 sed
2902 635 3030 685 illud
3051 637 3208 703 magis
3224 638 3356 700 quod

1792 733 1993 770 carnem
2040 720 2313 771 animatum
2363 722 2533 771 anima
2582 721 2874 773 rationabili
2904 723 2997 773 sibi
3049 725 3357 788 copulaverit

1799 805 2037 867 Verbum,
2070 818 2116 860 et
2141 810 2557 872 substantialiter,
2588 809 2910 873 ine/fohiliter
2935 820 2980 862 et
3010 812 3351 878 indeprrhvu-

1792 897 2005 950 sibiliter
2024 900 2190 968 factus
2216 900 2281 952 sit
2311 900 2480 964 homo,
2510 908 2553 952 et
2584 911 2903 968 nuncupatus
2932 905 2994 953 sit
3036 903 3180 953 itiam
3219 903 3355 968 [ilius

1795 987 2011 1040 hominis
2037 1004 2055 1042 :
2086 1006 2185 1041 non
2213 991 2378 1051 nudis
2406 992 2750 1047 tantummodo
2802 994 3094 1053 voluntatis,
3142 992 3228 1043 sed
3269 1007 3357 1044 nec

1796 1077 2141 1145 assumptione
2169 1079 2277 1129 sola
2310 1093 2535 1144 persona?
2555 1120 2568 1143 ,
2601 1080 2689 1130 sed
2727 1079 2860 1145 quod
2884 1079 3089 1131 divrrsa'
3112 1082 3359 1147 quodam-

1796 1166 1944 1217 modo
1975 1176 2171 1218 natura:
2196 1167 2244 1219 in
2273 1184 2373 1219 uno
2397 1160 2734 1220 convenerint.
2771 1167 2916 1219 Unus
2947 1176 3110 1220 tamen
3151 1185 3212 1220 ra:
3249 1185 3359 1218 ant-

1796 1256 1949 1308 babus
1980 1254 2208 1309 Christus
2236 1266 2283 1307 et
2315 1254 2481 1308 Filius
2499 1300 2510 1321 ,
2544 1272 2645 1307 non
2679 1264 2918 1306 evacuata
2942 1267 3027 1305 aut
3055 1256 3250 1307 sublata
3278 1256 3358 1308 di-

1794 1345 2031 1396 versitate
2051 1355 2347 1396 naturarum
2377 1360 2465 1410 per
2477 1344 2903 1413 coniunctionem.
2922 1343 3024 1396 Sed
3050 1344 3167 1409 quia
3195 1344 3348 1396 s‘ntul

1795 1434 1933 1485 nobis
1947 1432 2215 1499 e/fcceruut
2233 1450 2383 1485 unum
2400 1431 2673 1485 Dominum
2686 1443 2730 1486 et
2744 1432 2999 1485 Christum
3012 1445 3056 1485 et
3072 1430 3117 1482 F
3121 1434 3284 1493 ilium,
3302 1433 3357 1485 itl

1794 1523 2109 1576 estdivinitas
2122 1523 2483 1588 ethumanitas,
2501 1538 2588 1592 per
2598 1539 2835 1575 arcanam
2858 1522 3001 1574 illam
3025 1522 3353 1589 ineffabilem-

1794 1631 1888 1684 que
1908 1616 2272 1683 copulationem
2304 1616 2370 1667 ad
2400 1616 2667 1668 unitatem.
2691 1616 2826 1681 Quid
2853 1616 2953 1668 hoc
2993 1616 3353 1679 manifestius,

110 1712 213 1756 test
240 1704 600 1759 anetoritatis
630 1706 822 1759 veritas
847 1707 1149 1761 obumbrari
1170 1708 1191 1760 ?
1212 1708 1284 1761 Ita
1310 1724 1497 1764 omnes
1521 1710 1687 1765 eccle-
1720 1718 1765 1777 Β
1792 1704 1918 1773 quid
1934 1706 2128 1759 clarius
2154 1708 2214 1757 ad
2232 1706 2632 1759 consonantiam
2658 1705 2895 1774 synodici
2915 1706 3115 1760 decreti
3133 1706 3354 1759 Chalce-

108 1791 306 1844 siastici
358 1802 722 1857 tractatores,
756 1794 811 1847 in
839 1797 1114 1864 utriusque
1139 1806 1339 1851 natura:
1363 1799 1687 1866 proprietate

114 1884 494 1949 consentiunt,
533 1896 589 1939 nt
622 1886 673 1940 iu
718 1903 822 1941 uno
852 1890 1145 1958 eodemque
1167 1889 1378 1945 Christo
1404 1891 1534 1946 nihil
1564 1892 1693 1947 indi-

112 1989 297 2043 gnum,
330 1976 478 2030 nihil
514 1976 705 2054 lalsum
741 1980 1088 2035 existimetur.
1131 1981 1269 2038 Nihil
1302 1983 1590 2053 indignum,
1625 2000 1691 2039 ne

116 2065 311 2119 Filium
366 2066 472 2120 Dei
537 2067 705 2121 Deum
760 2069 1040 2124 Dominum
1089 2070 1355 2126 Christum
1401 2074 1689 2129 secundum

118 2155 414 2209 divinitatis
438 2171 559 2209 sua:
586 2167 824 2212 naturam
849 2160 1123 2214 credamus
1146 2163 1302 2216 morti
1324 2163 1651 2231 subjacuisse
1675 2182 1688 2218 :

120 2242 247 2299 nihil
270 2246 502 2309 (slsum,
534 2255 593 2299 ut
620 2248 866 2302 eumdem
897 2250 1184 2304 secundum
1206 2252 1380 2306 carnis
1406 2270 1513 2307 suae
1535 2262 1689 2306 natu-

124 2348 227 2386 ram
256 2334 558 2387 credamus
590 2346 854 2391 mortuum
890 2353 1025 2393 esse.
1058 2338 1122 2394 Ut
1148 2341 1268 2408 quia
1299 2357 1422 2396 vere
1450 2353 1691 2397 mortuus

123 2431 221 2488 est,
249 2423 543 2493 dignitatis
572 2426 643 2478 sit
674 2436 875 2481 natura:
908 2428 1083 2491 Verbi,
1117 2428 1369 2486 honorem
1415 2433 1541 2489 dare
1587 2436 1687 2489 im-
1734 2442 1739 2447 “

129 2514 508 2579 mortalitatis;
542 2526 600 2569 et
648 2528 849 2572 natura:
886 2520 1085 2584 carnis,
1116 2522 1389 2579 veritatem
1420 2526 1691 2581 ascribere

128 2601 341 2656 mortis:
375 2603 453 2658 ita
492 2612 552 2658 ut
585 2616 864 2675 utrumque
911 2610 1066 2664 unius
1094 2610 1437 2681 ejusdemque
1480 2616 1548 2668 sit
1582 2618 1687 2687 82

133 2691 339 2756 Christi,
366 2693 420 2747 id
454 2704 543 2748 est
569 2705 623 2749 et
651 2697 782 2750 mori
811 2708 865 2752 et
891 2715 994 2753 non
1038 2702 1171 2755 mori
1198 2720 1209 2754 :
1241 2703 1373 2757 mori
1401 2706 1687 2760 secundum

133 2792 363 2839 naturam
387 2787 576 2841 carnis
604 2803 734 2855 sum,
758 2799 809 2844 et
836 2806 939 2847 non
971 2795 1104 2847 mori
1130 2798 1418 2851 secundum
1444 2806 1686 2855 naturam

137 2874 413 2931 divinitatis
441 2892 581 2932 sum.

199 2962 356 3018 XXV.
392 2967 503 3021 Sed
528 2968 642 3036 jam
673 2970 909 3025 ultimum
941 2972 1137 3029 decreti
1179 2977 1464 3045 capitulum
1507 2979 1686 3035 videa-

1794 1796 2069 1856 douensis,
2100 1797 2373 1849 exlitteris
2395 1794 2577 1865 Cyrilli
2610 1797 2779 1863 potuit
2801 1796 3195 1850 demonstrari?
3220 1797 3353 1850 Ecce

1795 1898 1892 1937 nec
1919 1884 2054 1937 dceta
2083 1884 2269 1947 dictis,
2302 1899 2399 1938 nec
2440 1886 2724 1938 sententia:
2768 1884 3049 1939 seu'cntiis
3074 1886 3355 1938 adversan-

1795 1982 1921 2036 tur;
1964 1974 2055 2027 sed
2089 1975 2225 2027 sicut
2252 1990 2354 2027 uno
2398 1975 2514 2029 ﬁdei
2562 1990 2752 2042 sensu,
2798 1976 2866 2029 ita
2901 1977 3084 2030 iisdem
3115 1992 3247 2046 pene
3273 1978 3352 2031 usi

1793 2074 1915 2117 sunt
1947 2065 2142 2117 verbis.
2177 2065 2318 2118 Dixit
2340 2076 2522 2119 sancta
2546 2067 2785 2134 synodus
2810 2085 2823 2119 ε
2853 2065 3117 2133 Nusquam
3138 2069 3353 2118 duarum

1794 2166 2093 2207 naturarum
2122 2156 2229 2224 83
2261 2156 2547 2209 diversitate
2571 2166 2834 2209 evacuata.
2869 2156 3003 2209 Dixit
3049 2158 3233 2210 beatus
3253 2156 3355 2226 Cy;

1795 2243 1969 2296 rillus:
1996 2242 2116 2295 Non
2147 2255 2389 2296 euacuata
2417 2254 2505 2297 aut
2527 2246 2723 2298 sublata
2743 2245 3029 2298 diuersitate
3058 2255 3353 2297 naturarum

1792 2337 2345 2404 per_coniunctionem.
2390 2337 2529 2389 Dixit
2577 2347 2756 2390 sancta
2798 2336 3033 2405 synodus
3070 2353 3081 2388 :
3121 2333 3355 2402 Utrisque

1793 2422 1986 2479 naturis
2028 2428 2078 2479 in
2126 2444 2229 2480 una
2260 2444 2472 2496 persona
2513 2430 2939 2482 convenientibus.
2983 2428 3121 2481 Dixit
3168 2427 3355 2479 beatus

1792 2516 2056 2584 Cyrillus:
2092 2518 2209 2571 Non
2240 2518 2400 2572 nudw
2445 2518 2790 2570 tantummodo
2832 2518 3124 2581 voluntatis,
3154 2517 3239 2569 sed
3266 2530 3354 2567 nec

1792 2609 2133 2674 assumptione
2173 2609 2284 2661 sola
2313 2623 2537 2675 persona:
2561 2623 2579 2661 :
2609 2608 2693 2661 sed
2720 2608 2853 2674 quod
2876 2608 3084 2661 diversa:
3113 2606 3354 2675 quodam-

1793 2696 1941 2749 modo
1990 2705 2187 2749 natura?
2223 2697 2277 2748 in
2309 2712 2407 2748 uno
2439 2698 2779 2750 convenerint.
2814 2697 2952 2749 Dixit
2979 2707 3162 2749 sancta
3190 2711 3354 2764 syno-

1792 2787 1929 2841 dus:
1966 2786 2082 2839 Non
2110 2787 2161 2839 in
2201 2787 2330 2839 duas
2370 2802 2608 2855 personas
2629 2787 2883 2851 .divisum,
2920 2788 3004 2839 scd
3032 2804 3187 2839 unum
3221 2803 3355 2837 eum-

1792 2878 2003 2945 demque
2024 2864 2296 2928 Christum.
2331 2875 2467 2927 Dixit
2519 2875 2705 2927 lzeatus
2726 2876 2949 2944 (.yrilltts
2975 2892 2987 2926 :
3019 2874 3159 2928 Unus
3186 2884 3354 2929 tamen

1792 2983 1853 3019 ex
1877 2966 2134 3033 ambabus,
2157 2966 2342 3020 scilicet
2357 2968 2571 3029 naturis,
2587 2966 2814 3017 Christus
2840 2964 3022 3017 Filius.
3043 2966 3100 3018 Et
3132 2967 3314 3019 itermn
3338 2983 3351 3018 :

142 3066 244 3107 mus
285 3069 349 3109 ex
390 3056 619 3113 decreto
668 3060 854 3129 synodi
901 3062 1345 3122 Chalcedonensis
1373 3068 1517 3138 (Αει,
1566 3072 1631 3138 ὅ)
1670 3089 1683 3125 ε
1714 3064 1760 3125 C
1794 3057 1898 3111 Sed
1925 3058 2044 3123 quia
2083 3056 2233 3109 simul
2260 3056 2400 3109 nobis
2432 3055 2700 3121 effecerunt
2730 3073 2881 3107 ttnum
2909 3054 3182 3107 Dominum
3210 3054 3353 3107 Chri-

144 3138 294 3195 Unum
338 3147 678 3216 eamdemque
734 3149 985 3203 Christum
1045 3152 1315 3209 Dominum
1380 3160 1691 3230 unigenitum

143 3230 188 3280 in
234 3233 423 3286 duabus
472 3239 708 3298 naturis,
756 3239 1043 3309 iuconfuse,
1098 3244 1570 3312 inconvertibiliter,
1611 3251 1689 3303 iu-

146 3322 310 3387 dirise,
340 3324 784 3391 inseparabiliter,
809 3335 1211 3401 cognoscendum
1235 3353 1252 3401 ;
1282 3354 1524 3407 nusquam
1556 3342 1685 3393 dua—

146 3424 240 3459 rum
266 3419 566 3465 naturarum
611 3417 892 3471 diversitate
935 3433 1170 3474 evacuate
1196 3435 1400 3492 propter
1430 3428 1684 3489 unionem,

146 3498 265 3549 salva
316 3504 474 3569 magis
540 3507 847 3572 proprietate
909 3511 1162 3578 utriusque
1222 3527 1416 3569 natura:
1442 3557 1457 3582 ,
1518 3529 1571 3569 ut
1633 3520 1685 3573 in

146 3601 277 3637 suam
332 3607 606 3656 personam
655 3606 803 3662 atque
864 3600 1190 3655 substantiam
1244 3608 1637 3662 convenientibus
1668 3627 1687 3663 :

149 3689 233 3725 non
259 3679 375 3730 utin
400 3681 531 3734 duas
578 3699 822 3751 personas
865 3689 1075 3741 divisum
1113 3702 1199 3743 aut
1243 3704 1571 3761 segregatum,
1598 3699 1685 3750 sed

147 3778 282 3816 unum
301 3773 631 3840 euntdemque
656 3776 961 3845 unigenitum
986 3778 1176 3832 Filium
1204 3782 1295 3835 Dei
1327 3783 1560 3851 Verbum,
1583 3786 1686 3839 Do-

149 3854 315 3908 minum
331 3858 504 3913 Iesum
526 3864 801 3918 Christum.
831 3867 883 3920 In
908 3870 1006 3923 hoc
1031 3871 1257 3939 capiutlo
1280 3874 1375 3928 hec
1399 3877 1475 3929 eis
1502 3877 1683 3944 displi-

147 3957 216 4034 cet
242 3951 369 4013 quod
398 3952 665 4016 dixerint,
685 3958 821 4008 salva
852 3962 1155 4027 praprietate
1180 3961 1436 4030 utriusque
1463 3976 1681 4034 natum,

152 4024 218 4076 vel
243 4043 332 4080 non
358 4045 606 4085 evacuate
634 4024 1238 4109 naturarum'di/ferentia
1263 4064 1279 4102 :
1309 4024 1426 4117 qua:
1456 4060 1511 4104 ut
1539 4024 1683 4105 iltﬁt':

151 4129 227 4209 tua
244 4130 354 4172 esse
385 4125 716 4188 perdoceant
744 4143 992 4185 consueta
1026 4136 1301 4191 verborum
1349 4142 1678 4209 prolixitate,

154 4214 197 4301 et
217 4206 343 4264 inani
368 4218 671 4272 assertione
692 4229 918 4286 utentes,
951 4227 1111 4279 multa
1144 4227 1209 4283 de
1230 4206 1409 4299 Cyrilli
1440 4206 1680 4301 capitulis

150 4304 461 4365 interponunt
486 4308 815 4374 testimonia,
844 4313 1031 4379 quibus
1061 4317 1146 4369 ille
1168 4333 1268 4370 non
1293 4321 1421 4375 duas
1449 4323 1497 4375 in
1529 4324 1681 4378 Chri-

1794 3159 1922 3201 stum
1958 3157 2001 3199 et
2026 3144 2241 3208 Filium,
2272 3147 2512 3198 divinitas
2539 3156 2584 3199 et
2614 3146 2923 3198 humanitas.

1866 3239 2049 3292 XXVI.
2090 3220 2163 3291 'Et
2210 3239 2329 3306 quia
2359 3238 2657 3306 perspicua,
2708 3245 2765 3290 ut
2795 3253 2933 3299 reor,
2965 3244 3017 3288 et
3053 3236 3345 3289 clarissima

1793 3336 2028 3387 veritatis
2058 3334 2172 3387 luce
2225 3342 2378 3387 terra:
2409 3333 2649 3385 falsitatis
2678 3330 2917 3397 elTugatw
2950 3339 3072 3382 sunt
3097 3328 3347 3389 letteltrn',

1790 3441 1852 3479 ac
1884 3426 2155 3478 ruinosum
2188 3424 2332 3492 pravi
2362 3423 2624 3492 dogmatis
2655 3421 2961 3484 mililicinm,
2993 3419 3129 3487 quod
3166 3428 3349 3470 contra

1792 3516 1982 3569 Leonis
2013 3515 2291 3583 epistolam
2323 3524 2373 3566 et
2401 3512 2835 3565 Cbalcvdonense
2852 3509 3158 3569 concilium,
3186 3508 3349 3558 cassis

1792 3609 2023 3675 perﬁdia:
2051 3607 2253 3660 nisibus
2286 3606 2609 3672 erigebatur,
2663 3605 2833 3656 valido
2861 3603 3239 3655 catholicarum
3275 3609 3349 3649 te-

1786 3700 1946 3751 stium
1961 3699 2156 3766 impctu
2173 3698 2490 3765 exagitatntn
2515 3692 3143 3762 irreparubilitcrcecidit,
3161 3691 3349 3743 demus

1788 3792 1894 3845 Deo
1923 3790 2143 3859 gloriam
2169 3799 2223 3842 et
2254 3789 2534 3851 honorem,
2564 3788 2713 3855 cujus
2736 3800 2956 3839 munere
2988 3786 3066 3837 vel
3098 3783 3236 3834 dono
3272 3784 3348 3833 vi-

1725 3948 1730 3953 _
1785 3882 1947 3934 ctoria
1990 3880 2254 3943 concedit,
2281 3890 2330 3931 et
2361 3878 2562 3930 falsitas
2594 3888 2889 3944 superatur.
2919 3874 2971 3928 Si
3001 3872 3121 3940 quid
3145 3888 3271 3923 sane
3295 3872 3345 3923 in

1788 3974 1869 4024 his
1900 3970 2169 4036 onusculis
2211 3970 2596 4033 defensionum,
2632 3969 2805 4019 minus
2838 3980 2865 4017 θ
2895 3967 3046 4017 nobis
3074 3974 3163 4015 aut
3191 3976 3345 4038 secus

1784 4076 1937 4129 quam
1964 4060 2198 4127 Oportuit
2228 4060 2422 4112 dictum
2469 4066 2569 4121 est,
2606 4056 2811 4109 veniam
2862 4053 3205 4121 postulamus.
3243 4052 3344 4100 Aul.

1784 4152 1921 4204 enim
1955 4150 2232 4204 verborum
2260 4163 2356 4201 nos
2387 4148 2535 4214 copia
2566 4145 2777 4207 defecit,
2804 4153 2859 4195 ut
2899 4143 2949 4195 id
2980 4139 3117 4207 quod
3145 4137 3341 4191 sentic-

1785 4247 1967 4298 bamus
2010 4244 2310 4311 exprimere
2356 4240 2742 4309 nequiremus:
2787 4248 2877 4292 aut
2917 4252 3033 4305 qua:
3070 4230 3341 4287 sentienda

1784 4335 2009 4395 fuerant,
2044 4334 2276 4388 exilitate
2308 4333 2503 4399 ingenii
2530 4340 2579 4383 et
2605 4328 2795 4383 mentis
2817 4326 3117 4381 inﬁrmitate
3144 4321 3342 4374 sentire

152 4391 399 4489 $0.098“
442 4408 693 4463 nalums’
730 4400 820 4453 sed
851 4417 1004 4455 "nam
1033 4405 1190 4461 (Ιοεθί
1230 4423 1348 4463 esse
1378 4427 1673 4477 Ριτεοιιῑιιη-
1708 4410 1754 4466 Ῑ)
1784 4440 1887 4478 non
1920 4391 2199 4477 valuimus.
2226 4424 2327 4477 Sed
2428 4436 2587 4489 opere
2616 4418 2976 4487 displicemus,
3016 4412 3200 4467 saltem
3231 4418 3341 4462 stus

153 4469 211 4573 Ne
236 4476 376 4545 igitur
401 4498 491 4539 eos
521 4496 708 4541 nostra
740 4488 1093 4558 disputatione
1140 4469 1459 4567 refutemus,
1492 4502 1671 4573 Cyrilli

153 4570 285 4663 etiam
309 4586 399 4625 nos
435 4577 593 4631 verba
625 4593 899 4646 ponamus,
940 4594 997 4638 ut
1024 4589 1271 4654 quoniam
1321 4590 1517 4663 Cyrillo
1535 4570 1673 4649 teste

154 4661 385 4729 tuluutur,
423 4666 627 4737 Cyrillo
657 4678 790 4725 teste
822 4673 1117 4731 vincantur.
1160 4677 1235 4731 Ex
1276 4661 1541 4749 synodicis
1575 4687 1668 4754 Cy-

1784 4516 1870 4567 dio
1919 4517 2236 4582 placeamus.
2287 4512 2364 4565 Sit
2394 4519 2668 4581 acceptum
2711 4506 2962 4570 voluisse,
3008 4503 3053 4556 si
3102 4499 3339 4568 disillicL-t

1781 4621 1883 4658 non
1916 4606 2145 4673 potuisse
2172 4613 2423 4656 nostrum.

2817 4750 2851 4783 ομ

1485 5062 1914 5075 ..ι-...κ--ο--οσ-ι,
