3842 6226
497 255 597 309 155

1777 257 1997 311 VlClLll
2037 258 2398 314 TAPSL'NSIS

515 401 2448 436 Mm

2387 410 3648 454 ..Μ

1247 531 1907 640 VIGILII
1983 533 2963 645 TAPSENSI-S

889 720 1525 834 CONTRA
1632 719 2321 840 ARIANOS
2450 720 3287 868 DlALOGUS.

1045 898 1480 959 ATHANASIO,
1519 898 1691 946 ΔΒῙΟ
1728 899 1817 944 Εἰ·
1855 897 2096 944 PROBO
2132 895 2385 943 JUDICE
2431 897 3166 948 INTERLOCUTOBIBUS.

1487 1021 2678 1210 ιιΒΕΒ-ἷιῖιΜυδ.

555 1270 665 1339 84
690 1271 726 1322 1.
759 1271 888 1323 Cum
918 1269 1054 1336 apud
1083 1268 1304 1323 Nicazam
1330 1268 1514 1322 urbetn
1557 1267 1831 1336 Bithyniae,
1862 1280 1889 1315 a
1921 1274 2024 1318 tre-
2049 1268 2097 1324 Α
2132 1262 2368 1317 tionibus
2389 1264 2647 1332 sacrilego
2677 1279 2825 1319 more
2848 1266 3150 1320 desciscens
3179 1285 3282 1321 non
3300 1270 3461 1324 levem
3485 1281 3678 1339 tempo-

487 1362 653 1413 ceutis
680 1361 860 1413 decem
901 1368 953 1412 et
990 1369 1109 1413 octo
1133 1359 1422 1427 episcopis,
1454 1376 1516 1414 ex
1562 1360 1877 1427 evangelicis
1905 1375 2033 1426 apo-

486 1451 789 1517 stulicisque
829 1451 1049 1519 spiritali
1079 1450 1259 1517 vigore
1298 1450 1567 1511 doctrinis,
1608 1450 1736 1505 tides
1789 1451 2038 1505 Ecclesia:

485 1539 885 1592 coulirmaretur
915 1556 926 1589 ε
962 1539 1030 1591 ibi
1057 1539 1163 1592 Arii
1193 1540 1407 1607 perﬁdia
1435 1539 1776 1592 Constantino
1807 1539 2036 1606 impera-

487 1636 600 1680 tore
630 1639 888 1693 praasente
926 1629 1185 1696 detegitur
1217 1645 1228 1680 :
1261 1639 1308 1682 ct
1339 1644 1456 1682 cum
1495 1645 1605 1682 sum
1644 1630 1873 1697 perfidiae
1901 1630 2033 1699 dog-

486 1728 644 1780 mate,
671 1718 976 1771 eorumdem
1005 1722 1368 1785 episcoporum
1393 1719 1650 1772 sententia
1675 1719 1946 1785 relutatus,
1971 1722 2037 1774 ab

487 1803 720 1857 Ecclesia
751 1818 1048 1873 separatur;
1082 1821 1146 1861 ue
1167 1815 1272 1860 tam
1306 1809 1459 1875 impia
1487 1808 1732 1862 doctrina
1754 1810 1840 1862 diu
1864 1811 1914 1862 in
1940 1810 2037 1864 Ec-

484 1895 646 1948 clesia
689 1897 873 1962 latens,
901 1908 1208 1952 cunctorum
1249 1914 1308 1952 se
1339 1898 1595 1954 insereret
1624 1901 1902 1953 mentibus.
1932 1901 2034 1956 Sed

483 1988 568 2040 ubi
603 1988 884 2054 imperator
925 1991 1181 2057 comperit
1224 1990 1477 2058 integram
1519 2006 1547 2042 a
1590 1991 1830 2044 Patribus
1880 1992 2034 2045 ﬁdem

484 2076 751 2143 Ecclesiae,
794 2087 850 2131 ut
879 2088 959 2132 est
987 2079 1055 2132 ab
1097 2078 1348 2145 apostolis
1389 2079 1600 2140 tradita,
1638 2081 1868 2132 sanctius
1905 2095 2034 2134 con-

483 2168 696 2231 firmari,
729 2170 978 2238 praecepit
1001 2170 1244 2223 eumdem
1275 2170 1479 2230 Arium,
1506 2178 1563 2223 ut
1589 2171 1840 2224 rebellem
1871 2186 2036 2225 sacra:

483 2258 627 2324 fidei,
652 2260 840 2312 exsilio
862 2260 1101 2328 relegari.
1135 2261 1235 2313 Sed
1262 2261 1395 2313 sicut
1426 2260 1585 2313 Evam
1617 2275 1832 2326 serpens
1863 2262 1916 2313 in
1945 2276 2037 2328 pa-

484 2347 659 2401 radiso
687 2349 884 2402 dolosis
914 2351 1344 2416 persuasionibus
1385 2350 1668 2418 laqueavit,
1709 2351 1781 2402 ita
1826 2365 2037 2418 quoque

485 2436 842 2492 Constantiam
867 2455 1170 2507 germanam
1198 2440 1431 2507 ejusdem
1457 2441 1707 2506 principis
1737 2457 1828 2508 per
1856 2456 2037 2509 quem-

481 2527 600 2580 dam
630 2530 930 2593 satvllitcm,
963 2530 1070 2584 Arii
1098 2531 1314 2598 perﬁdia
1357 2532 1570 2584 interiit.
1605 2532 1668 2584 Et
1704 2531 1854 2584 latuit
1895 2533 1944 2583 in
1973 2546 2034 2584 ea

2138 1356 2284 1410 ribus
2323 1356 2433 1411 suis
2475 1357 2726 1411 Ecclesiae
2759 1358 2850 1412 Dei
2885 1359 2968 1414 vel
2999 1361 3361 1418 sacerdotibus
3408 1365 3676 1420 inser-otio.

2138 1458 2257 1498 nem
2289 1445 2530 1500 intulisse
2558 1445 2786 1500 videtur.
2820 1446 2936 1513 Quo
2975 1447 3133 1501 etiam
3177 1458 3414 1519 tempore
3440 1454 3678 1520 plurimos

2137 1545 2415 1605 martyres,
2446 1536 2745 1603 multosque
2772 1537 3104 1592 confessores
3128 1539 3269 1593 fecit.
3311 1541 3457 1595 Alios
3481 1558 3678 1610 quoque

2137 1627 2345 1682 effossis
2371 1628 2562 1693 oculis,
2591 1642 2652 1681 ac
2675 1628 2959 1696 poplitibus
2985 1631 3268 1696 amputatis
3289 1631 3564 1684 semiviros
3591 1648 3642 1684 re
3659 1661 3674 1672 -

2137 1719 2310 1788 liquit,
2337 1719 2616 1771 nonnullos
2644 1733 2769 1771 vero
2787 1719 2969 1772 rabido
2985 1719 3158 1774 furore
3179 1732 3422 1788 arreptus
3450 1722 3676 1782 insanit,

2138 1807 2365 1876 propriis
2403 1807 2618 1861 sedibus
2657 1807 2939 1875 relegando
2965 1809 3250 1862 damnavit.
3297 1810 3348 1862 In
3380 1811 3562 1877 quibus
3591 1811 3677 1861 Do-

2139 1896 2269 1951 mini
2299 1897 2496 1951 dictum
2529 1896 2734 1950 videtur
2757 1911 2876 1950 esse
2905 1900 3228 1964 completum
3255 1919 3270 1951 :
3303 1898 3366 1952 Si
3384 1915 3478 1961 me,
3499 1899 3672 1966 inquit,

2139 1989 2384 2053 persecuti
2423 1997 2554 2049 sunt,
2597 1997 2644 2041 et
2684 2004 2769 2041 vos
2829 1999 3181 2054 persequentur
3211 1987 3400 2056 (Joan.
3431 2006 3514 2054 xv,
3556 1989 3675 2055 ΞΟ).

2137 2076 2233 2131 llic
2259 2077 2416 2145 igitur
2463 2079 2760 2146 priusquam
2817 2078 3036 2130 Arimini
3079 2079 3157 2131 vel
3201 2079 3455 2132 Seleucia:
3481 2095 3540 2132 ex
3575 2082 3678 2130 uui-

2136 2182 2290 2220 verso
2318 2169 2446 2222 orbe
2485 2168 2604 2220 dolo
2643 2180 2987 2238 congregaret
3020 2170 3228 2222 Domini
3255 2170 3567 2231 sacerdmes,
3604 2180 3677 2222 to-

2139 2267 2247 2311 tum
2277 2276 2433 2312 unum
2467 2259 2639 2313 facere
2678 2259 2918 2327 cupiens,
2961 2259 3241 2327 quemdam
3285 2261 3533 2328 judicem,
3582 2275 3676 2312 uo-

2139 2351 2280 2403 ntine
2319 2350 2580 2417 Probum,
2623 2366 2718 2404 sua
2755 2353 3064 2406 auctoritate
3101 2354 3404 2418 suifultum,
3434 2354 3676 2407 arbitrum

2137 2439 2275 2491 inter
2298 2440 2542 2494 eumdem
2574 2443 2758 2495 Arium
2790 2452 2946 2510 atque
2974 2444 3313 2497 Athanasium
3340 2445 3526 2499 adesse
3551 2459 3678 2513 prata.

2137 2529 2295 2595 Cepit.
2342 2530 2490 2583 lllum
2538 2533 2736 2597 utique,
2768 2545 2922 2599 quem
2961 2532 3170 2586 ﬁdelem
3210 2535 3260 2586 in
3303 2549 3464 2602 regno
3497 2549 3589 2587 suo
3627 2545 3679 2586 et

481 2618 675 2670 diaboli
716 2620 876 2679 virus.
906 2620 1075 2673 donec
1103 2630 1307 2687 tempus
1337 2620 1643 2686 erumpendi
1673 2636 1776 2687 quo
1806 2635 1918 2673 eam
1954 2636 2033 2671 re-
2064 2615 2110 2673 B
2135 2621 2369 2671 omnium
2401 2620 2778 2674 mundanarum
2808 2621 2999 2675 artium
3027 2637 3136 2691 prie
3152 2624 3360 2676 celeris
3389 2623 3680 2676 horninibus

479 2707 713 2774 pleverat
744 2708 1019 2761 inveniret.
1050 2707 1170 2761 lltec
1201 2707 1356 2775 igitur
1376 2713 1507 2760 cum‘
1527 2709 1577 2761 in
1611 2709 1796 2763 ultimo
1817 2711 1894 2762 sui
1919 2709 2031 2762 obi-

483 2805 565 2847 tus
585 2796 670 2847 die
701 2795 876 2849 fratris
905 2796 982 2849 sui
1010 2796 1309 2850 visitatione
1340 2798 1645 2864 perfruitur,
1675 2797 1848 2851 statim
1879 2798 1944 2850 ab
1971 2812 2030 2852 ea

481 2885 745 2938 innoccttli
782 2885 926 2938 fratri
955 2900 1164 2952 pomum
1192 2885 1382 2939 veneni
1426 2887 1590 2940 verbo
1630 2886 1933 2954 porrigitur.
1968 2886 2034 2940 Et

482 2975 621 3028 illico
646 2976 886 3044 exemplo
919 2977 1072 3044 primi
1104 2976 1350 3042 hominis,
1383 2979 1590 3032 nescius
1615 2993 1706 3047 per
1741 2988 2034 3046 transgres-

481 3066 646 3117 sionis
679 3067 813 3117 viam
847 3066 1094 3119 dilabitur
1125 3085 1137 3120 :
1170 3067 1259 3134 qui
1302 3065 1552 3135 viperinis
1596 3068 2033 3135 postulationibus

481 3169 694 3207 sensum
735 3155 1159 3222 accommodans,
1188 3156 1364 3219 Arius,
1403 3156 1492 3224 qui
1521 3156 1716 3211 dudum
1743 3155 1810 3210 ab
1831 3171 1896 3210 eo
1922 3166 2034 3209 tan-

480 3261 636 3310 quam
667 3245 952 3314 sacrilegus
981 3246 1149 3300 fuerat
1178 3247 1464 3316 relegatus,
1496 3247 1561 3300 ad
1591 3262 1771 3302 necem
1804 3249 2032 3302 ﬁdelium

481 3335 774 3388 animarum
799 3335 863 3389 de
891 3337 1074 3390 exsilio
1097 3347 1376 3390 revocatur
1406 3355 1418 3389 :
1450 3348 1503 3390 et
1533 3337 1689 3390 ﬁdem
1719 3353 1869 3390 suam
1896 3340 2036 3404 prin-

480 3424 580 3492 cipi
607 3425 815 3478 callidis
842 3426 1284 3494 disputationibus
1318 3428 1425 3497 85
1457 3428 1690 3496 pandens
1711 3469 1724 3492 ,
1758 3427 1946 3480 frustra
1980 3444 2036 3483 se

481 3512 778 3565 afﬁrmabat
805 3514 872 3567 ab
896 3516 1158 3583 episcOpis
1192 3517 1351 3571 fuisse
1378 3519 1703 3570 damnatum.
1739 3516 1810 3568 Ea
1836 3517 2038 3569 sriiicet

482 3616 638 3654 causa
686 3603 819 3655 idem
870 3606 1153 3672 imperator
1184 3608 1434 3675 praecepit
1477 3608 1611 3672 apud
1663 3607 2036 3661 Alexandriam

483 3693 740 3760 synodum
772 3697 1106 3762 congregari;
1151 3706 1207 3749 ut
1231 3699 1276 3752 si
1310 3713 1431 3752 vera
1462 3700 1686 3754 assertio
1711 3709 2038 3768 nosceretur,

484 3781 632 3834 venit
677 3793 793 3850 post
820 3787 1129 3839 sententiam
1161 3787 1462 3852 subsecuta,
1496 3789 1742 3843 Ecclesia:
1790 3790 2040 3845 reddere-

484 3880 588 3924 tur.
635 3872 698 3924 Et
750 3885 804 3924 ut
838 3888 1022 3927 omnes
1068 3879 1135 3930 de
1181 3878 1297 3944 ejus
1346 3879 1679 3933 correctione
1726 3879 2038 3947 gaudentes,

2135 2710 2446 2776 probaverat
2475 2711 2583 2780 86
2607 2711 2893 2767 eruditum.
2927 2712 3023 2778 Qui
3063 2715 3305 2768 omnibus
3339 2715 3479 2768 curis
3517 2714 3679 2782 publi-

2135 2797 2210 2849 cis
2237 2797 2418 2864 procul
2445 2797 2656 2865 amotis,
2686 2798 2918 2866 injuncta
2939 2800 3061 2864 sibi,
3092 2800 3234 2854 omni
3265 2801 3534 2855 celeritate
3569 2817 3677 2854 ma-

2135 2884 2229 2937 luit
2258 2885 2566 2953 adimplere,
2598 2895 2654 2938 ut
2697 2896 2750 2940 et
2779 2889 2944 2954 jussis
2975 2890 3334 2956 imperialibus
3378 2900 3603 2958 pareret,
3629 2900 3682 2942 et

2136 2975 2291 3028 ﬁdem
2320 2975 2711 3030 veracissimam
2748 2992 2844 3030 suo
2881 2979 3124 3033 examine
3163 2979 3554 3047 comprobaret.
3592 2979 3680 3032 llic

2136 3064 2313 3133 itaque
2356 3079 2476 3119 cum
2515 3067 2650 3134 apud
2682 3066 2995 3122 Laodiceam
3037 3070 3217 3123 urbem
3237 3070 3426 3139 Syrire,
3457 3069 3682 3124 secundo

2136 3152 2427 3207 Constantii
2481 3154 2685 3224 imperii
2733 3169 2873 3210 anno
2922 3158 3170 3222 venisset,
3211 3173 3306 3226 pro
3353 3158 3604 3212 tribunali
3633 3159 3681 3210 in

2137 3243 2398 3297 auditorio
2424 3244 2636 3309 sedens,
2677 3246 2842 3300 turbis
2872 3245 2994 3300 hinc
3023 3255 3180 3316 atque
3222 3248 3344 3302 inde
3373 3249 3682 3310 astantibus,

2139 3333 2320 3387 Arium
2344 3347 2502 3403 atque
2533 3334 2870 3388 Athanasium
2903 3335 2985 3389 bis
3008 3335 3297 3402 alloquitur
3326 3336 3504 3390 verbis
3534 3354 3545 3387 :

2209 3421 2293 3477 ΙΙΙ.
2343 3424 2570 3478 Gloriosi
2600 3440 2660 3477 ac
2683 3426 2898 3493 piissimi
2929 3427 3262 3494 imperatoris
3285 3426 3580 3480 Constantii
3604 3439 3680 3477 sa-

2139 3526 2227 3566 cra
2271 3514 2644 3577 commonitus,
2690 3515 2911 3582 prrecepi
2946 3514 3083 3568 inter
3122 3528 3215 3568 vos
3260 3513 3384 3568 ﬁdei
3428 3516 3682 3583 negotium

2143 3607 2411 3659 ventilari.

2210 3697 2361 3750 Arius
2405 3706 2450 3749 et
2487 3697 2790 3750 Athanasius
2831 3698 3062 3750 dixerunt
3091 3712 3107 3748 :
3136 3696 3204 3749 Et
3229 3697 3347 3765 quis
3377 3706 3480 3748 tam
3509 3710 3684 3749 vecors

2141 3797 2198 3842 ut
2219 3788 2405 3840 audeat
2434 3785 2741 3854 principalia
2772 3797 3032 3855 praecepta
3059 3784 3336 3839 abnuere?

2214 3877 2409 3929 Probus
2429 3877 2595 3944 judca:
2624 3876 2750 3930 dixit
2773 3892 2791 3930 :
2818 3877 2954 3945 Ergo
2983 3875 3268 3930 venerandi
3292 3876 3512 3944 Augusti
3546 3887 3685 3928 sacra

484 3961 678 4019 exinde
724 3963 789 4015 ad
835 3962 1219 4021 dedcationem
1263 3967 1749 4038 Hierosolymitante
1789 3968 2039 4023 Ecclesiae
2069 3961 2113 4023 C
2145 3970 2367 4036 legatur.

488 4053 722 4117 pacatius
744 4063 1071 4123 pergeretur.
1105 4055 1338 4126 Denique
1370 4057 1492 4111 dum
1519 4058 1632 4127 ejus
1661 4073 1816 4112 causa
1842 4060 1907 4112 ab
1928 4060 2042 4126 epi-

487 4139 662 4204 scopis
691 4140 883 4195 diutius
925 4152 1257 4206 retractatur,
1302 4146 1439 4200 idem
1468 4148 1844 4202 Constantinus
1876 4149 2042 4216 impe-

488 4237 635 4281 rator
664 4229 716 4280 in
761 4231 1064 4286 suburbano
1102 4234 1346 4301 quodam,
1386 4236 1470 4289 cui
1507 4235 1806 4291 Nicomedia
1849 4252 2039 4292 nomen

489 4328 592 4388 ρει,
627 4317 765 4371 ﬁnali
797 4319 1040 4374 ordinato
1060 4320 1277 4389 judicio,
1309 4325 1578 4391 trigesimo
1617 4325 1789 4395 primo
1835 4327 2041 4395 imperii

485 4409 570 4462 sui
601 4423 740 4462 anno
761 4409 898 4462 diem
929 4409 1116 4463 clausit
1145 4422 1457 4467 extremum.

564 4498 626 4551 ll.
687 4499 853 4564 Quam
897 4504 1195 4555 testamenti
1241 4504 1320 4556 sui
1369 4505 1750 4560 ordinationem
1793 4507 2044 4574 praedicto

495 4590 609 4648 Arii
638 4591 850 4644 satelliti
909 4593 1155 4657 tradidit,
1184 4594 1489 4649 Constantio
1526 4599 1914 4651 rescrvandam.
1946 4599 2044 4662 Qui

491 4679 618 4731 dum
651 4689 767 4748 post
795 4682 873 4734 sui
909 4683 1162 4749 genitoris
1190 4684 1389 4738 obitum
1419 4685 1703 4738 adveniens
1730 4688 2049 4752 suscepisset

497 4767 796 4836 imperium,
820 4771 953 4824 sicut
972 4789 1000 4823 a
1022 4772 1365 4827 Constantino
1386 4774 1552 4827 fuerat
1573 4776 1884 4843 delegatum,
1908 4776 2048 4828 Cott-

497 4859 693 4911 stantio
721 4869 1090 4915 testamentum
1137 4864 1474 4917 contradidit.
1503 4864 1640 4930 Quin
1670 4867 1736 4917 ob
1775 4865 1929 4932 hujus
1969 4865 2046 4920 rei

497 4948 740 5015 gratiam,
769 4949 819 5002 in
849 4959 987 5003 tanta
1018 4951 1156 5019 apud
1183 4967 1302 5007 eum
1331 4952 1470 5007 idem
1501 4954 1794 5022 Evangelus
1824 4957 2046 5026 presby—

499 5045 580 5088 ter
610 5037 960 5094 familiaritate
1003 5052 1084 5096 est
1123 5043 1361 5110 habitus,
1391 5054 1447 5098 ut
1478 5059 1578 5097 non
1603 5045 1708 5113 jam
1749 5046 2045 5114 presbyter,

493 5125 588 5177 sed
621 5135 768 5191 pater
799 5127 999 5193 imperii
1035 5142 1350 5187 vocaretur:
1381 5144 1436 5187 et
1471 5135 1559 5202 qui
1592 5134 1658 5187 ob
1688 5136 2047 5202 imperandum

500 5215 789 5279 imperator
827 5214 995 5270 fuerat
1021 5221 1277 5284 elevatus,
1308 5224 1406 5275 sub
1436 5223 1590 5292 hujus
1632 5225 1920 5294 presbyteri
1951 5225 2049 5278 im-

2213 4058 2280 4111 Et
2321 4057 2597 4111 recitatum
2643 4065 2724 4111 est
2767 4057 2836 4110 ita
2874 4074 2886 4108 :
2932 4054 3310 4114 Constantinus
3348 4053 3684 4108 Constantius

2141 4148 2280 4216 pius,
2327 4155 2631 4214 perpetuus.
2659 4148 2827 4200 victor
2854 4159 2918 4198 ac
2958 4145 3308 4212 trimupbator
3351 4157 3560 4211 semper
3587 4145 3687 4196 Au-

2142 4249 2345 4308 gustus,
2393 4237 2563 4291 Probo
2584 4237 2747 4305 judici
2773 4237 3017 4292 salutem.
3059 4236 3250 4290 Diviuo
3276 4249 3496 4290 munere
3525 4243 3688 4302 pater-

2145 4342 2268 4380 num
2287 4327 2505 4394 adeptus
2532 4325 2836 4394 imperium,
2863 4327 2993 4380 illud
3037 4326 3188 4380 nobis
3208 4334 3293 4379 est
3316 4325 3556 4393 primitus
3583 4325 3690 4377 eni-

2146 4415 2359 4469 tendum
2392 4426 2470 4479 ut,
2504 4415 2750 4468 lucretica
2779 4415 3180 4470 conversatione
3217 4413 3389 4467 deleta
3416 4413 3482 4466 de
3507 4415 3690 4466 menti-

2147 4505 2243 4557 bus
2267 4503 2609 4571 perﬁdorum,
2632 4517 2798 4558 sacrae
2820 4511 3012 4556 nostrae
3054 4501 3172 4554 ﬁdei
3212 4501 3524 4570 conjunctus
3550 4501 3691 4552 orbis

2147 4593 2372 4660 gaudeat
2401 4591 2695 4645 universus.
2737 4593 2992 4657 Quoniam
3029 4591 3118 4658 qui
3159 4589 3227 4642 ab
3273 4591 3458 4643 itinere
3502 4589 3692 4641 erroris

2147 4681 2464 4734 converterit
2486 4681 2723 4748 impium,
2749 4680 2974 4734 salvabit
2999 4679 3225 4732 animam
3251 4680 3385 4746 ejus,
3415 4686 3467 4731 et
3484 4691 3692 4730 suorum

2148 4769 2415 4836 roOperiet
2442 4768 2825 4822 multitudinem
2853 4777 3210 4835 peccatorum.
3231 4767 3693 4834 thuoniamnuuc

2150 4860 2428 4925 plerosque
2457 4873 2599 4925 repet
2616 4857 2750 4911 imus
2781 4858 2936 4927 hujus
2960 4856 3182 4912 sceleris
3207 4857 3402 4919 socios,
3427 4856 3555 4909 hanc
3580 4873 3692 4925 per-

2151 4949 2322 5002 ﬁdiam
2349 4950 2450 5002 ritu
2480 4950 2735 5018 sacrilego
2766 4952 3113 5020 percolentes,
3143 4957 3441 5006 asserentes
3474 4961 3530 5001 se
3559 4949 3692 5004 inte-

2149 5054 2293 5108 gram
2326 5039 2446 5093 ﬁdei
2471 5040 2702 5107 regulam
2735 5041 2998 5104 retinere;
3027 5044 3114 5109 qui
3144 5055 3248 5094 non
3270 5041 3441 5094 solum
3465 5040 3694 5092 homines

2151 5129 2307 5196 impia
2359 5129 2665 5182 seductioue
2709 5130 2916 5194 fallunt,
2956 5145 3136 5183 verum
3169 5130 3326 5182 etiam
3369 5138 3422 5182 et
3461 5129 3694 5194 ingenita

2152 5219 2412 5287 majestati
2444 5219 2688 5286 injuriam
2734 5221 2986 5288 irrogant,
3030 5221 3149 5273 Filii
3193 5230 3424 5275 creatam
3467 5220 3692 5273 substan-

502 5305 652 5368 perio
674 5305 949 5358 videbatur
987 5307 1245 5363 addictus.
1279 5313 1438 5381 Cujus
1477 5313 1582 5380 jam
1626 5330 1730 5366 non
1773 5316 2047 5381 petitione,
2079 5307 2125 5364 D
2154 5312 2278 5363 tiam
2307 5309 2562 5362 divinitati
2587 5311 2882 5378 jungentes.
2917 5312 3188 5365 Mouemus
3243 5321 3298 5363 ut
3339 5321 3530 5363 nostrm
3555 5327 3691 5364 man.

504 5393 595 5442 scd
622 5396 1044 5460 potiusjussione
1066 5400 1216 5452 Arius
1243 5412 1318 5454 εει
1339 5403 1389 5454 in
1415 5403 1703 5455 Ecclesium
1726 5414 1998 5457 revocatus
2034 5423 2045 5455 :

504 5481 652 5544 cujus
677 5483 970 5537 doctrinam
1000 5486 1145 5539 rudis
1177 5492 1416 5557 princeps
1449 5491 1620 5559 impiis
1649 5492 1890 5546 sensibus
1921 5495 2050 5546 reti-

503 5582 669 5635 nens,
715 5570 868 5626 ﬁdem
897 5575 1205 5631 catholicam
1246 5581 1462 5646 rcspuit,
1493 5594 1544 5635 et
1572 5598 1600 5634 a
1630 5584 1862 5650 paternis
1894 5583 2046 5636 tradi.

2154 5400 2448 5452 suetudinis
2477 5400 2791 5452 auctoritate
2815 5414 3082 5468 percepta,
3110 5401 3246 5453 inter
3277 5402 3461 5451 Arium
3485 5413 3694 5451 venera-

2152 5490 2310 5543 bilem
2345 5490 2706 5557 presbyterum
2750 5499 2802 5542 et
2849 5491 3187 5542 Athanasium
3229 5488 3465 5555 ejusdem
3513 5490 3693 5542 erroris

2153 5585 2474 5652 episcopum,
2502 5581 2654 5650 hujus
2685 5580 2878 5649 negotii
2901 5595 3117 5635 examen
3148 5581 3308 5634 facias
3334 5579 3544 5647 agitari.
3568 5577 3692 5632 ντε-
