3842 6226
175 308 261 357 lii?
1128 302 1382 357 CONTRA
1430 300 1717 355 AliHNOS
1762 300 2110 357 [MALOCUS
2155 301 2275 355 LIB.
2322 302 2359 356 1.

3233 299 3331 352 iss
3403 355 3410 366 ,

168 422 302 482 ιῖψιω
337 417 556 470 suadens
593 429 672 482 ut,
701 419 860 471 animi
895 416 1236 481 perversitate
1251 414 1510 481 deposita,
1551 428 1688 468 vera:
1719 420 1763 472 Α
1793 421 1948 468 cretis
1978 419 2354 470 sententiarum
2384 417 2774 469 diversitntiluts
2805 430 3126 482 una'tumque
3149 415 3330 480 rrl'gén

168 515 272 565 tidei
299 525 353 564 ac
380 510 608 578 probata:
633 511 840 575 utrique
869 509 1000 560 colla
1019 507 1324 560 submittant
1358 525 1373 560 :
1404 521 1468 558 nc
1491 516 1681 559 nostra:

166 604 352 670 pietatis
371 615 426 653 ac
447 597 864 652 mansuetudinis
892 607 1169 662 praacepta,
1196 596 1346 648 solita
1375 594 1683 647 temeritatis

166 690 357 742 audacia
383 697 803 749 contemnentes,
828 687 890 737 ad
915 700 1122 752 gravem
1148 699 1242 736 nos
1271 691 1553 751 provocent
1583 683 1685 734 ira-

166 781 408 834 cundiam.
438 779 502 833 Et
530 779 656 832 licet
684 778 840 845 hujus
885 778 1001 831 ﬁdei
1033 792 1214 829 manus
1257 774 1476 828 necdum
1505 786 1684 842 perce-

166 872 312 938 peris,
339 869 584 938 sapientia
629 879 799 923 tamen
841 885 938 935 qua
971 855 1076 933 pra)
1114 867 1318 919 exteris
1346 866 1532 932 polles,
1559 879 1685 916 cun-

165 971 240 1014 cta
269 970 316 1015 te
356 961 612 1015 credimus
657 973 812 1026 posse
851 960 966 1012 sine
1005 957 1152 1024 cujus
1174 972 1307 1022 ptam
1352 955 1686 1021 susceptione

163 1067 402 1120 persona,
425 1053 652 1107 ﬁdeliter
664 1050 908 1113 delinire,
938 1050 1042 1102 Deo
1065 1049 1177 1116 plus
1194 1046 1295 1118 87
1316 1061 1468 1112 quam
1489 1044 1686 1096 homini

165 1143 482 1208 placiturum.
510 1139 577 1193 Et
626 1141 730 1192 alia
770 1153 920 1191 manu
946 1154 964 1191 :
988 1140 1235 1206 Optamus
1261 1146 1308 1188 te
1332 1136 1464 1188 bene
1490 1134 1687 1186 valere.

163 1231 280 1283 Data
307 1229 756 1297 Constantinopoli
790 1242 855 1280 xu
878 1225 1124 1281 calendas
1153 1224 1444 1278 ianuarias.

223 1318 301 1370 IV.
325 1320 551 1387 Cumque
584 1321 914 1380 recitaretur,
959 1315 1154 1367 Probus
1192 1311 1355 1383 judea:
1383 1312 1509 1363 dixit
1538 1325 1555 1362 :
1584 1307 1689 1362 Ve—

165 1407 359 1458 nerandi
408 1407 652 1473 principis
685 1419 832 1459 sacra
870 1417 984 1472 quae
1008 1403 1141 1456 lecta
1161 1413 1261 1465 est,
1280 1401 1438 1471 gestis
1461 1399 1686 1453 indatur.

166 1496 220 1547 Et
257 1495 434 1562 adjecit
467 1514 479 1546 :
513 1495 864 1562 Perspiciens,
897 1496 946 1547 in
975 1494 1233 1546 idolorum
1262 1494 1462 1545 cultura
1497 1490 1691 1542 nullatn

167 1586 262 1638 veri
291 1587 508 1639 numinis
539 1587 832 1639 consiStcre
877 1584 1222 1648 maiestatem,
1254 1579 1558 1634 cltriStianis
1583 1593 1693 1631 me-

165 1677 416 1744 tnetipsum
452 1675 782 1745 dogmatibus
812 1674 1073 1741 subjicere
1120 1674 1257 1735 volo,
1286 1672 1472 1740 quibus
1499 1669 1690 1723 asu-ui-

1784 522 1812 560 a
1843 508 2011 574 scipsa
2042 508 2340 560 deseiscens
2371 551 2384 573 ,
2419 505 2469 559 in
2525 506 2692 560 varias
2734 506 2943 573 proprie
2994 506 3330 556 institutionis

1784 606 1954 650 sectas
1982 598 2145 649 divisa
2177 608 2283 670 est;
2318 597 2438 649 dum
2471 594 2823 663 unusquisque
2851 595 3108 647 suavitate
3139 606 3326 644 recen-

1786 688 1930 741 tioris
1963 687 2258 746 sententiae,
2292 703 2393 737 oon
2428 685 2717 751 veritatem,
2751 686 2841 737 sed
2881 681 3110 735 veritatis
3140 679 3327 730 simili-

1786 777 2016 831 tudinem
2061 777 2391 846 praeferentis
2434 775 2668 836 illectus,
2705 774 2986 838 antiquitus
3024 788 3048 822 a
3094 769 3333 822 Patribus

1787 869 2028 923 traditam
2057 867 2245 921 lineam
2269 867 2585 934 derelinqnit
2617 883 2627 915 :
2658 880 2721 917 eo
2753 863 3209 917 irretnt-diabilitt-r
3239 875 3332 926 ιιιιι·

1785 961 1899 1013 avia
1928 964 2201 1024 oberrans,
2230 977 2332 1028 quo
2357 961 2584 1013 novitate
2612 975 2704 1024 pro
2732 967 2988 1010 vrtthta'e
3011 957 3192 1018 utitur,
3222 966 3334 1007 tan-

1786 1067 1943 1120 quam
1973 1053 2170 1117 antiqui
2201 1051 2400 1115 limitis,
2430 1060 2482 1105 et
2514 1066 2541 1103 a
2572 1051 2808 1103 Pati-ibus
2841 1049 3013 1101 traditi
3041 1047 3173 1098 viam
3198 1045 3339 1097 ince-

1788 1141 1939 1194 dens.
1969 1142 2070 1195 Aut
2097 1144 2234 1195 enim
2278 1143 2498 1194 multum
2530 1143 2708 1202 sentit,
2755 1151 2841 1193 aut
2869 1140 3037 1191 minus
3067 1136 3252 1202 credit,
3284 1144 3340 1189 et

1790 1229 1908 1284 ideo
1936 1231 2164 1284 medium
2191 1242 2241 1284 et
2273 1241 2470 1284 rectum
2505 1228 2604 1282 iter
2634 1229 2877 1282 incedere
2904 1228 3085 1280 nesi'it.
3119 1227 3239 1278 Ilzcc
3262 1224 3339 1276 id-

1790 1320 1930 1374 circo
1960 1320 2204 1387 praefatus
2233 1334 2347 1372 Sum
2381 1331 2433 1373 ut
2467 1320 2555 1373 tibi
2578 1318 2864 1373 clarissima
2888 1316 3222 1386 explorandrc
3247 1330 3339 1368 ve-

1791 1409 1959 1462 ritatis
1990 1409 2178 1462 indicia
2208 1409 2645 1473 detnonstrarem,
2682 1417 2737 1462 ut
2767 1423 3052 1477 agnoscere
3093 1406 3339 1459 facillime

1791 1515 1953 1571 queas
1975 1500 2120 1554 illum
2151 1501 2420 1569 pravitatis
2440 1517 2622 1554 errore
2650 1500 2862 1561 involvi,
2892 1500 2976 1566 qui
3013 1499 3180 1563 prisca
3210 1510 3339 1561 apo-

1793 1592 1992 1644 stoliea:
2023 1591 2137 1644 ﬁdei
2170 1592 2402 1643 inStituta
2431 1591 2823 1658 derelinquens,
2849 1591 2959 1656 ipse
2987 1589 3082 1640 sibi
3110 1603 3205 1655 pro
3229 1601 3340 1638 sua:

1795 1679 2080 1733 voluntatis
2106 1679 2344 1746 arbitrio,
2388 1679 2541 1734 ﬁdem
2570 1694 2723 1748 quam
2764 1677 2914 1747 sequi
2960 1677 3167 1740 debeat,
3199 1690 3342 1727 som-

165 1779 238 1819 tur
264 1781 389 1819 unus
409 1776 460 1820 et
490 1780 642 1819 vi-rus
669 1778 787 1818 esse
820 1765 954 1818 Deus
978 1764 1065 1831 qui
1096 1761 1336 1816 universa
1360 1777 1474 1830 qua:
1505 1759 1688 1812 viden-
1725 1761 1765 1819 Β
1793 1770 1914 1822 nim,

165 1867 254 1919 tur,
285 1867 336 1909 et
372 1872 484 1924 qua:
513 1872 615 1908 non
647 1857 907 1918 videntur,
951 1856 1143 1907 virtute
1174 1853 1316 1906 verbi
1358 1853 1436 1905 sui
1467 1851 1682 1904 creavit.

166 1945 220 1996 Et
243 1946 474 2011 qutmiam
495 1959 614 1996 cum
644 1944 817 2010 plures
842 1941 1122 1995 Christiani
1148 1941 1371 1994 nominis
1395 1940 1546 1992 titulo
1567 1954 1690 1992 cen-

165 2046 380 2098 scanlnr,
409 2052 436 2089 a
465 2037 684 2091 veritate
714 2035 827 2102 ejus
854 2034 970 2087 ﬁdei
1003 2032 1182 2101 procul
1221 2033 1466 2084 aberrare
1494 2028 1682 2083 dicun—

166 2133 259 2186 tur,
285 2125 482 2177 diversa
508 2125 713 2177 scilicet
742 2122 1017 2175 sentiendo
1041 2130 1089 2176 et
1122 2122 1262 2175 varia
1283 2120 1583 2189 dogmatum
1613 2117 1692 2173 in-

167 2215 327 2265 stituta
356 2213 621 2275 sectando,
653 2213 790 2266 scire
813 2227 950 2264 nunc
973 2223 1289 2278 magnopere
1311 2207 1553 2263 desidero
1575 2223 1692 2276 qua:

169 2302 227 2352 sit
256 2304 373 2354 recti
400 2302 657 2369 dogmatis
691 2301 838 2360 ﬁdes,
873 2301 955 2353 cui
995 2299 1210 2351 remotis
1232 2298 1475 2351 omnibus
1508 2297 1693 2351 dubie-

171 2392 276 2443 tatis
294 2391 592 2458 ambagibus
622 2391 873 2444 lettacitcr
900 2389 1158 2442 inha'rere
1196 2402 1412 2457 queam;
1447 2401 1511 2440 ne
1545 2400 1685 2441 erro-

171 2481 233 2532 ris
257 2481 484 2534 caecitate
507 2481 626 2533 exui
657 2480 896 2546 cupiens,
928 2478 1208 2545 majoribus
1238 2477 1570 2530 tenebrarum
1603 2491 1692 2529 er-

171 2569 356 2621 roribus
395 2569 652 2637 implicer,
683 2571 727 2621 si
757 2569 947 2636 passim
979 2577 1031 2621 et
1065 2568 1177 2620 sine
1207 2567 1312 2620 ullo
1334 2566 1594 2620 examinis
1618 2566 1698 2619 di-

172 2657 416 2723 scrimine,
440 2658 661 2726 alicujus
690 2667 847 2711 secus
873 2669 988 2725 quae
1031 2651 1198 2724 prima
1225 2658 1534 2720 occurrerit,
1580 2655 1697 2710 imi-

175 2756 294 2800 tatur
335 2750 598 2812 existant;
647 2764 763 2818 qua:
809 2759 980 2801 u:rutn
1043 2747 1201 2814 proba
1255 2747 1322 2800 sit
1380 2761 1565 2812 necne,
1616 2747 1695 2799 vel

175 2841 370 2894 veritate
399 2841 552 2907 fulta,
590 2841 844 2908 ignorem.
879 2841 940 2892 Et
979 2839 1098 2893 ideo
1127 2839 1168 2891 si
1201 2839 1403 2907 placet,
1443 2838 1548 2890 imo
1577 2838 1694 2905 quia

176 2929 359 2996 placere
387 2932 561 2995 debet,
590 2931 947 2999 unusquisque
967 2939 1192 2982 vestrum
1225 2931 1273 2980 in
1295 2937 1580 2995 conspectu
1605 2944 1698 2979 no-

177 3028 270 3072 stro
307 3021 418 3073 lidei
456 3035 568 3073 sure
605 3021 915 3073 sententiam
965 3020 1185 3086 pandat;
1221 3026 1268 3070 ut
1311 3016 1698 3070 examinatione

1859 1860 2008 1911 Arius
2046 1856 2173 1910 dixit
2200 1868 2218 1911 .'
2243 1856 2450 1924 Optime
2488 1857 2805 1910 Athanasius
2835 1871 3066 1908 errorem
3111 1851 3340 1922 periidie

1791 1950 1842 2002 in
1876 1949 2092 2017 abjectis
2123 1957 2174 2002 et
2201 1964 2366 2018 nuper
2407 1950 2630 2002 inventis
2661 1963 2835 2000 rerum
2867 1945 3182 1998 novitatibus
3211 1959 3339 1996 eon-

1792 2036 1983 2092 sistere
2013 2040 2307 2106 proﬁtetur,
2333 2038 2622 2106 apostolico
2645 2040 2694 2090 in
2717 2041 2812 2091 hoc
2836 2038 3002 2104 ipsum
3023 2043 3339 2101 congruente

1793 2127 2110 2192 testimonio,
2139 2143 2243 2196 quo
2288 2128 2363 2182 ait
2391 2147 2402 2179 :
2442 2127 2688 2196 Profunas
2722 2137 2885 2178 autem
2908 2142 3077 2178 vocum
3101 2126 3341 2176 novitates

1792 2221 1958 2272 devita
1987 2217 2037 2287 (1
2072 2216 2198 2272 'l't'm.
2227 2235 2294 2282 γι,
2316 2218 2426 2286 20).
2454 2218 2603 2273 Unde
2629 2219 2848 2271 obsecro
2882 2228 2935 2268 ttt
2964 2217 3030 2269 ab
3053 2213 3149 2268 hoc
3173 2211 3343 2281 inqui-

1793 2308 1999 2361 sitionis
2027 2309 2234 2361 tramite
2262 2323 2364 2360 non
2397 2307 2634 2370 recedas,
2664 2305 2963 2373 diligentius
2992 2314 3147 2373 atque
3170 2311 3342 2355 atten-

1796 2400 1896 2452 tius
1929 2396 2310 2466 investigando,
2349 2397 2465 2466 quis
2508 2412 2662 2462 novo,
2704 2396 2888 2466 quisve
2926 2399 3140 2463 antiquo
3180 2391 3342 2446 utitur

1797 2492 1914 2544 ﬁdei
1945 2498 2272 2543 sacramento
2293 2489 2316 2539 ἲ

1870 2580 2066 2638 Probus
2097 2581 2259 2650 judca:
2283 2580 2409 2631 dixit
2441 2594 2458 2629 :
2491 2578 2554 2633 lit
2595 2576 2706 2630 ltmc
2749 2593 2863 2644 qute
2912 2576 3146 2630 asseritis
3195 2573 3345 2627 facile

1799 2673 2151 2731 innotescant,
2183 2679 2235 2722 et
2262 2669 2325 2721 ad
2359 2670 2525 2721 lucem
2558 2666 2811 2733 veritatis,
2845 2678 3041 2718 remota
3073 2667 3211 2717 omni
3239 2678 3347 2715 ant-

1800 2758 2066 2825 biguitatis
2109 2756 2332 2824 caligine
2380 2758 2620 2815 veniant,
2669 2755 2893 2821 antiquae
2943 2752 3058 2805 ﬁdei
3114 2749 3344 2820 regulam

1800 2849 2028 2917 pandite,
2059 2855 2108 2899 et
2132 2848 2200 2900 ita
2235 2855 2288 2899 ut
2316 2855 2394 2899 est
2415 2845 2480 2898 ab
2509 2843 2761 2913 apostolis
2793 2843 2999 2908 tradita,
3039 2844 3228 2896 nostris
3255 2857 3347 2891 au-

1800 2939 1944 2991 ribus
1975 2936 2230 2989 intimate.

1869 3030 2019 3081 Arius
2048 3037 2095 3080 et
2137 3023 2442 3078 Athanasius
2482 3025 2715 3078 dixerunt
2748 3039 2762 3077 :
2804 3010 3074 3077 Credimus
3103 3023 3150 3074 itt
3184 3019 3344 3074 Deum

179 3109 350 3168 habita,
373 3125 487 3178 quae
517 3111 719 3162 ﬁrmior
759 3110 962 3163 cunctis
986 3117 1037 3162 et
1066 3109 1236 3169 verior,
1272 3116 1478 3174 reperta
1521 3108 1692 3170 fuerit,

1806 3118 2007 3170 Patrem
2031 3115 2464 3181 omnipmrntem,
2497 3124 2546 3166 ct
2573 3115 2621 3165 in
2652 3111 2826 3167 Jesum
2859 3111 3120 3164 Christum
3158 3094 3344 3163 Filium

181 3200 283 3251 huic
331 3214 510 3252 omnes
558 3199 676 3266 jure
720 3198 1008 3263 cedamus,
1054 3207 1106 3250 et
1153 3197 1284 3250 banc
1344 3195 1699 3248 indubitanter

181 3301 334 3354 spreto
357 3291 600 3344 falsitatis
620 3305 802 3344 errore
829 3305 1128 3358 sequamur.

238 3383 372 3432 Arius
412 3393 456 3431 et
499 3381 807 3432 Athanasius
851 3381 1126 3434 dixerunt:
1159 3378 1428 3445 Quomodo
1453 3378 1545 3431 tibi
1573 3380 1696 3430 tanti

183 3474 390 3538 mysterii
419 3484 621 3525 secreta
663 3473 995 3526 committere
1027 3485 1321 3538 possumus,
1363 3484 1414 3524 et
1447 3473 1519 3523 rei
1553 3471 1702 3524 inex-

183 3569 322 3624 perta:
363 3563 634 3615 arbitrium
678 3564 957 3625 cotloeare,
997 3562 1085 3630 qui
1134 3561 1353 3613 necdum
1395 3561 1700 3628 gentilitatis

182 3649 384 3702 maculas
413 3653 521 3704 veri
554 3650 816 3718 dogmatis
850 3652 1181 3718 perceptione
1212 3650 1474 3702 ablueris?

241 3737 423 3792 Probus
441 3741 605 3808 judea:
630 3741 758 3792 dixit
781 3752 800 3793 .'
829 3741 936 3792 lloc
961 3749 1042 3793 est
1067 3740 1242 3807 utique
1271 3738 1408 3806 quod
1438 3739 1559 3791 totis
1585 3738 1702 3792 viri~

183 3827 263 3881 bus
288 3843 600 3897 cognoscere
629 3831 804 3896 cupio,
838 3831 974 3898 quod
1005 3830 1073 3882 sit
1102 3842 1298 3883 rectum
1327 3839 1381 3883 et
1407 3828 1700 3884 veridicum

180 3920 365 3987 dogma,
398 3924 446 3973 in
490 3934 594 3986 quo
620 3936 704 3973 me
732 3931 972 3989 oporteat
1014 3921 1201 3975 occulti
1245 3923 1481 3990 mysterii
1521 3937 1699 3974 sacra-

180 4022 332 4061 menta
371 4015 662 4081 percipere.
706 4011 884 4080 Neque
912 4013 1052 4064 enim
1098 4012 1251 4064 modo
1282 4012 1406 4064 mihi
1448 4012 1699 4080 profunda

179 4103 526 4166 mysteriorum
549 4117 740 4154 arcana
772 4100 1298 4168 pateﬁeridesidero;
1331 4100 1422 4153 sed
1450 4100 1536 4152 illa
1566 4115 1702 4153 nth

178 4189 335 4254 flagito
363 4192 736 4255 demonstrari,
781 4205 900 4259 qua:
944 4191 995 4242 in
1036 4199 1205 4243 vestra
1248 4191 1347 4244 tide
1377 4193 1702 4245 extrinsecus

178 4277 434 4345 habentur,
466 4290 516 4332 et
549 4279 759 4347 publice
786 4279 1153 4346 praedicantur.
1185 4279 1238 4332 Id
1262 4289 1375 4343 est,
1403 4281 1541 4349 quod
1568 4293 1702 4334 unus

178 4368 400 4436 idemque
447 4384 603 4422 verus
644 4369 712 4420 sit
755 4369 909 4433 Deus,
943 4369 1227 4421 visibilium
1266 4379 1318 4422 et
1361 4370 1698 4423 invisibilium

1799 3209 1912 3278 ejus
1939 3208 2212 3261 Dominum
2238 3214 2496 3266 nostrum,
2521 3215 2574 3257 et
2597 3206 2644 3256 itt
2667 3204 2914 3270 Spiritum
2940 3212 3195 3254 sant‘tum.
3227 3200 3347 3252 llrcc

1800 3310 1882 3354 est
1912 3298 2028 3351 ﬁdei
2061 3307 2251 3348 nostras
2281 3297 2480 3362 regula,
2510 3310 2661 3359 quam
2691 3295 2797 3362 89
2842 3293 3042 3344 cwlesti
3098 3290 3345 3355 magiste-

1804 3388 1880 3442 rio
1904 3387 2150 3440 Dominus
2181 3383 2393 3436 tradi-iit
2421 3383 2694 3450 apostolis,
2725 3384 2943 3434 dicens:
2982 3379 3075 3436 Ite.
3104 3379 3348 3444 baptizata

1802 3497 1967 3535 omnes
2010 3484 2175 3548 gentes
2215 3478 2266 3528 in
2314 3476 2511 3527 nomine
2543 3472 2744 3537 Putris,
2787 3480 2829 3525 et
2877 3469 3017 3534 Filii,
3043 3482 3087 3523 et
3128 3469 3346 3538 Spiritus

1801 3571 1979 3624 sancti.
2803 3575 2810 3580 '

1871 3659 1956 3712 Vl.
1999 3657 2195 3710 Probus
2236 3653 2397 3725 judcx
2427 3652 2591 3705 dixit:
2639 3649 2825 3719 Magno
2869 3646 3103 3701 miraculi
3135 3656 3350 3711 stupore

1802 3748 2053 3801 attonitus
2081 3745 2274 3810 hasten,
2308 3752 2414 3796 tres
2449 3757 2475 3793 a
2504 3740 2650 3793 vobis
2682 3740 2808 3794 deos
2841 3738 3108 3805 praedicari
3139 3737 3345 3800 coiispi~

1802 3838 1969 3898 ciens,
2002 3849 2031 3888 a
2053 3834 2244 3902 quibus
2273 3828 2337 3884 ad
2364 3831 2514 3883 unius
2536 3829 2626 3882 Dei
2650 3829 2928 3896 singularis
2953 3828 3196 3895 potentia:
3230 3839 3340 3877 tua.

1796 3929 2038 3996 jestalem
2070 3921 2474 3988 confugiendum
2505 3935 2622 3972 esse
2652 3919 2993 3971 credideram.
3025 3915 3200 3974 Unde,
3233 3930 3348 3978 qua:

1802 4020 1870 4070 sit
1910 4017 2063 4082 hujus
2112 4015 2241 4067 ratio
2287 4011 2437 4075 ﬁdei,
2479 4011 2560 4063 vel
2611 4004 2730 4076 quid
2779 4011 2873 4061 ista
2929 4009 3084 4060 trium
3146 4022 3346 4069 rerum,

1805 4110 2066 4174 triumque
2088 4103 2461 4156 vocabulorum
2497 4100 2704 4153 nomina
2739 4096 2990 4162 indiceitt,
3020 4111 3217 4168 quanto,
3251 4110 3348 4155 nos

1803 4199 2033 4251 breviter
2070 4196 2351 4246 informare
2381 4187 2688 4257 dignemini.

1871 4286 2018 4337 Arius
2060 4290 2105 4335 rt
2161 4280 2459 4334 Athanasius
2503 4279 2786 4330 dixerunt:
2825 4275 2936 4329 Non
2977 4285 3082 4328 tres
3130 4271 3258 4326 deos
3296 4271 3350 4328 in

1807 4377 1922 4427 ﬁdei
1953 4385 2144 4427 nostrae
2169 4368 2578 4438 professimiibus
2607 4366 2830 4420 fatemur
2849 4407 2862 4428 ,
2887 4367 2976 4418 sed
3007 4363 3223 4418 credere
3251 4379 3350 4416 nos

176 4460 395 4513 conditor
424 4476 622 4512 rerum.
666 4459 732 4513 Et
758 4461 877 4526 quia
924 4461 1020 4512 hoc
1064 4471 1156 4512 vos
1187 4473 1289 4512 uno
1326 4474 1422 4514 ore
1465 4461 1697 4528 proﬁteri
1731 4451 1778 4509 Ι)
1806 4467 1854 4516 in
1887 4465 2114 4526 Patrem,
2144 4461 2181 4514 F
2187 4461 2328 4514 ilium
2356 4468 2407 4512 ct
2429 4458 2675 4526 Spiritum
2707 4465 2944 4510 sanctum
2974 4453 3198 4509 ﬁdeliter
3231 4470 3353 4526 pro.

178 4563 266 4600 non
302 4549 501 4610 nescio,
539 4549 665 4615 quid
695 4562 868 4601 causa:
909 4550 1174 4602 exatiterit
1210 4550 1344 4602 utin
1376 4558 1478 4602 tam
1525 4552 1696 4603 varias

176 4635 463 4690 dit-idamini
493 4647 686 4701 sectas,
714 4649 923 4705 ntiqua:
957 4640 1023 4690 sit
1060 4652 1201 4701 vera,
1232 4653 1414 4704 quaeve
1449 4640 1517 4692 sit
1544 4640 1692 4704 falsa,

177 4723 372 4794 intelligi
399 4743 427 4779 a
457 4727 604 4780 nobis
636 4727 853 4779 omnino
883 4741 985 4779 non
1023 4727 1214 4791 possit,
1255 4729 1364 4796 88
1393 4729 1694 4796 priusquam

177 4826 333 4867 vestro
362 4817 670 4880 certamine,
703 4817 857 4883 digno
901 4815 1168 4882 patientia;
1210 4818 1569 4870 moderamine
1607 4817 1697 4869 ha-

177 4905 202 4955 ii
225 4915 289 4966 to,
319 4908 436 4974 quid
463 4908 530 4958 sit
556 4922 842 4974 congruum
869 4907 1168 4975 diligentius
1193 4922 1589 4972 cognoscamus.

236 4997 291 5050 ν.
323 5000 622 5052 Athanasius
649 5000 774 5051 dixit
805 5015 823 5050 :
852 5001 982 5051 Cum
1013 5001 1084 5051 sis
1117 5001 1254 5050 omni
1287 5001 1576 5051 litterarum
1607 5013 1698 5064 ge-

178 5100 284 5136 nere
312 5087 544 5141 intbutus
584 5099 637 5140 et
673 5089 1046 5155 pltilosophieis
1086 5089 1369 5154 disciplinis
1412 5091 1693 5141 admodum

177 5178 388 5231 eruditus
417 5220 432 5244 ,
483 5181 662 5232 mirari
712 5195 1079 5248 usquequaque
1127 5194 1230 5233 non
1272 5180 1432 5233 debes
1481 5183 1695 5247 plurima

179 5279 320 5328 penes
344 5285 433 5322 nos
458 5280 513 5324 et
535 5273 676 5323 varia
699 5272 984 5324 novitatum
1008 5271 1248 5338 dogmata
1271 5272 1552 5334 exstitisse,
1575 5287 1692 5325 cum

179 5363 222 5405 et
259 5359 384 5423 apud
415 5376 508 5413 vos
551 5369 626 5413 tot
654 5361 1031 5415 sententiarum
1077 5362 1333 5414 novitates
1365 5363 1691 5426 emerserint,

181 5451 287 5505 quot
323 5461 448 5512 pene
484 5451 694 5502 nomina
741 5451 971 5516 ipsorum
1026 5450 1360 5502 continentur
1399 5461 1688 5504 auctotnm.

185 5527 290 5583 "Nam
314 5548 424 5589 cum
454 5546 558 5592 tres
588 5540 690 5591 sint
730 5540 780 5591 in
814 5541 1007 5592 mundo
1037 5540 1336 5606 religiones,
1370 5542 1689 5604 Jndteornm,

183 5630 465 5698 mgﬂllttrttnt
519 5639 566 5679 ιιι
599 5629 1043 5688 Citrisliinorttm,
1081 5631 1256 5682 multi;
1297 5642 1344 5683 Cl
1395 5633 1543 5698 longe
1587 5632 1692 5683 dis-

1804 4555 2026 4606 ﬁtemnr.

1875 4644 2070 4695 Probus
2092 4640 2253 4709 judex
2302 4639 2461 4691 dixit:
2519 4637 2692 4692 Satius
2738 4650 2864 4704 ergo
2916 4635 3072 4689 ﬁdem
3120 4618 3348 4693 vestram

1802 4735 2047 4802 exponite
2071 4777 2086 4798 ,
2131 4743 2182 4786 et
2210 4747 2325 4800 qua:
2353 4735 2433 4784 vel
2470 4729 2637 4799 qualis
2660 4730 2723 4782 sit
2751 4727 2800 4781 in
2829 4729 3013 4782 eadem
3045 4727 3147 4782 ﬁde
3174 4739 3348 4784 vestra

1801 4825 2085 4879 credulitas
2125 4826 2405 4875 declarate.

1871 4915 2019 4965 Arius
2055 4911 2180 4963 dixit
2215 4927 2232 4964 :
2277 4910 2384 4979 Ego
2421 4910 2559 4963 enim
2618 4910 2872 4963 conﬁteor
2924 4907 3209 4976 ingenitum
3253 4905 3336 4960 Pa-

1800 5014 1930 5057 trem
1980 5010 2101 5054 ante
2143 5001 2316 5054 omnia
2374 5008 2603 5067 tempora
2656 4999 2839 5053 Fitium
2882 4996 3215 5052 ineﬁitbiliter
3257 5013 3342 5064 go-

1805 5101 2001 5156 nnisse,
2035 5107 2127 5159 per
2159 5107 2313 5160 quem
2336 5102 2388 5142 et
2410 5089 2461 5143 in
2482 5106 2586 5159 quo
2615 5090 2846 5144 visibiles
2875 5098 3163 5154 creaturas,
3193 5097 3347 5155 atque

1805 5184 2088 5237 invisibiles
2123 5183 2286 5235 iecit:
2320 5180 2407 5248 qui
2438 5181 2732 5234 novissimis
2766 5180 3086 5246 temporibus
3130 5188 3345 5246 propter

1803 5276 2014 5326 httmani
2046 5274 2254 5340 generis
2285 5271 2526 5334 salutem,
2557 5285 2584 5321 a
2625 5267 2778 5322 Patre
2805 5272 3013 5330 missus,
3039 5283 3221 5320 verum
3251 5271 3348 5318 ho.-

1802 5367 1996 5417 minctn
2051 5365 2099 5414 in
2145 5361 2340 5414 mundo
2383 5361 2622 5426 gestavit,
2674 5375 2827 5428 quem
2871 5357 3237 5412 inviolabiliter
3282 5357 3346 5410 de

1796 5457 1950 5509 Maria
1974 5455 2182 5520 Virgine
2204 5455 2320 5506 sine
2342 5452 2553 5506 humani
2582 5450 2791 5518 pudoris
2809 5449 3152 5517 permixtione
3173 5463 3347 5501 susce~
3374 5439 3381 5447 ’

1798 5551 1890 5610 pit.
1919 5543 2016 5610 Qui
2047 5557 2164 5596 cum
2188 5543 2256 5594 sit
2281 5556 2536 5594 creaturre
2566 5555 2672 5593 sua:
2701 5539 2832 5592 licus
2859 5549 2912 5592 et
2934 5539 3206 5600 Dominus,
3235 5521 3345 5592 non

1797 5643 1966 5688 tamen
2002 5641 2169 5699 potest
2199 5631 2422 5699 genitori
2454 5646 2577 5697 suo,
2624 5640 2713 5684 aut
2736 5631 2784 5684 in
2822 5631 3064 5684 omnibus
3094 5628 3322 5685 conferti
