3842 6226
508 285 606 339 Ili)

1745 281 1959 336 VlGlLll
1999 281 2363 341 TAPSENSTS
3593 286 3683 340 Im

507 405 593 446 aut
622 395 671 447 in
695 394 866 462 aliquo
895 393 1176 460 cowquari,
1206 408 1359 460 quem
1390 401 1440 447 ct
1474 393 1633 446 Deum
1660 409 1835 457 suum,
1868 403 1922 449 et
1949 413 2058 448 sum
2088 399 2133 455 Α
2164 399 2385 466 perpeti,
2431 399 2535 467 91
2576 407 2628 450 et
2659 398 2998 453 iustabilitate
3028 398 3128 453 huc
3171 399 3394 467 illucque
3431 400 3641 454 delluere
3663 404 3688 453 2

509 485 728 552 originis
752 483 1026 552 proﬁtetur
1045 494 1330 538 auctorem.
1364 483 1468 538 Nec
1497 494 1670 537 tamen
1699 486 1818 539 ideo
1842 487 1946 538 duo
1968 488 2060 552 dii,

512 576 632 640 quia
659 584 709 626 et
742 573 824 626 hic
856 574 1022 636 Deus;
1058 589 1152 628 nec
1180 574 1298 628 ideo
1329 591 1428 628 non
1463 575 1618 640 Deus,
1649 576 1767 643 quia
1795 576 1937 629 solus
1963 575 2059 629 Pa.

515 675 595 717 ter
617 665 774 718 Deus.
799 663 948 718 Sicut
975 681 1077 718 non
1103 665 1223 720 ideo
1251 681 1352 718 non
1377 664 1566 728 bonus,
1597 667 1714 730 quia
1739 667 1885 718 solus
1905 664 2063 720 Pater

515 754 719 816 bonus;
752 769 872 806 cum
898 754 966 807 sit
986 766 1038 808 et
1071 754 1262 814 Filius,
1295 768 1395 806 non
1426 755 1594 807 solum
1638 755 1808 807 bonus
1835 796 1848 818 ,
1880 755 1974 808 sed
2010 766 2062 809 et

515 843 769 896 bonorum
806 855 1033 896 creator.
1073 845 1138 898 Et
1165 844 1300 896 sicut
1324 843 1372 897 ei
1401 860 1502 895 non
1527 842 1775 897 adimitur
1805 858 1871 897 ne
1895 846 2062 898 bonus

511 933 575 983 sit
600 947 718 985 cum
748 933 893 986 solus
913 935 1066 988 Pater
1089 933 1247 1000 ipsius
1273 933 1392 985 Filii
1419 932 1744 998 professione
1765 934 1834 988 sit
1855 933 2023 987 bonus
2049 950 2060 985 ε

510 1022 586 1074 sic
613 1021 661 1074 ei
691 1037 796 1074 non
827 1024 1061 1075 aufertur
1089 1038 1154 1075 ne
1186 1023 1318 1075 Deus
1359 1023 1448 1086 sit,
1480 1037 1600 1075 cum
1639 1024 1782 1077 solus
1816 1023 1968 1076 Pater
1998 1025 2067 1077 sit

516 1112 670 1166 Deus.
704 1113 766 1166 Et
795 1114 925 1166 sicut
959 1113 1164 1165 bonitas
1200 1113 1312 1166 Filii
1348 1128 1450 1166 non
1489 1113 1800 1181 prmiudicat
1830 1115 2061 1182 singula-

513 1202 655 1255 ritati
700 1211 932 1270 paterna:
977 1203 1260 1267 benitatis,
1293 1205 1369 1258 sic
1409 1204 1579 1257 deitas
1612 1205 1725 1271 ejus
1767 1220 1871 1258 non
1905 1204 2068 1257 ofﬁcit

516 1293 689 1348 Patri.
719 1308 784 1346 ne
815 1293 1002 1347 unicus
1023 1309 1085 1346 ac
1112 1295 1394 1363 singularis
1420 1296 1487 1346 sit
1517 1295 1674 1348 Deus.
1704 1295 1765 1348 Et
1789 1295 1887 1346 hoc
1915 1295 2069 1347 modo

514 1398 673 1434 unum
701 1382 861 1436 Deum
890 1386 1228 1451 proﬁtemur,
1266 1401 1368 1438 non
1404 1386 1677 1452 negando,
1723 1394 1778 1438 ut
1807 1387 1912 1438 dixi
1939 1428 1953 1451 ,
1985 1386 2071 1438 Fi-

512 1472 637 1524 lium
668 1473 863 1534 Deum,
902 1474 995 1527 sed
1025 1490 1185 1541 penes
1225 1477 1397 1528 solum
1443 1475 1646 1528 Patrem
1689 1475 1846 1529 unius
1879 1475 2070 1529 divini-

513 1563 640 1614 tatis
667 1565 1036 1618 auctoritatem
1070 1568 1472 1619 constituentes.

582 1653 890 1706 Athanasius
912 1657 1036 1706 dixit
1057 1671 1074 1706 :
1100 1657 1237 1710 Bene
1263 1658 1468 1710 Patrem
1493 1673 1553 1709 ex
1582 1673 1641 1712 se
1673 1655 1858 1710 Filium
1886 1657 2071 1718 ineffa-

2169 487 2314 542 Unde
2339 486 2756 540 manifestissime
2783 488 3174 556 comprobatur,
3198 503 3297 541 non
3319 489 3486 540 omnia
3513 489 3574 540 de
3590 489 3694 540 Deo

2165 578 2449 630 secundum
2490 578 2770 630 essentiam
2811 579 2911 630 dici
2943 578 3138 632 debere
3180 578 3396 644 intelligi
3429 595 3438 628 :
3471 578 3556 630 sed
3598 581 3690 630 ali-

2165 675 2355 732 quanta
2386 666 2763 731 diSpensationi
2794 667 3189 732 respondentia,
3232 682 3334 719 non
3371 675 3560 720 natura:
3586 669 3696 733 ejus

2163 757 2552 818 Convenieutia,
2584 769 2726 807 certo
2751 756 2944 808 certius
2970 758 3292 822 profitemur.

2238 846 2432 899 Probus
2454 847 2616 914 judcx
2647 848 2770 899 dixit
2796 863 2813 900 :
2853 847 2998 901 Licet
3043 849 3365 900 sufficienter
3393 857 3446 898 et
3484 847 3700 907 doctius,

2169 936 2420 988 laudabili
2453 936 2704 989 brevitate
2730 937 3084 1004 responderis,
3111 953 3212 989 nou
3235 938 3408 988 omnia
3431 938 3492 988 de
3511 938 3703 990 Deose-

2168 1023 2395 1076 ruudum
2415 1025 2695 1077 essentiam
2727 1026 2825 1078 diei
2851 1042 2864 1089 ;
2897 1026 3051 1079 latius
3083 1037 3256 1080 tamen
3299 1025 3409 1078 ha-c
3429 1025 3516 1078 abs
3539 1035 3585 1079 te
3608 1042 3704 1077 au-

2169 1113 2283 1166 dire
2311 1113 2555 1166 desidero
2581 1158 2594 1178 ,
2621 1129 2738 1168 cum
2783 1115 2852 1167 tui
2881 1115 2979 1169 loci
3005 1115 3376 1183 disputationis
3402 1123 3593 1178 tempus
3610 1117 3707 1165 ad-

2173 1202 2346 1255 fuerit.
2386 1201 2536 1255 Nunc
2574 1205 2782 1256 interim
2823 1204 2899 1274 (ut
2950 1214 3100 1259 antea
3135 1203 3246 1271 jam
3295 1204 3537 1272 prxfatus
3571 1204 3705 1269 sum)

2172 1295 2346 1356 Arius,
2384 1302 2436 1344 ut
2467 1302 2716 1360 coeperat,
2751 1305 3117 1362 prosequatur.

2248 1383 2370 1437 \'lll.
2406 1383 2554 1434 Arius
2583 1385 2705 1435 dixit
2730 1398 2748 1435 :
2780 1383 2831 1437 Si
2861 1398 2920 1436 ea
2955 1399 3069 1449 qua:
3097 1382 3146 1434 in
3189 1381 3445 1449 principio
3475 1395 3708 1448 prosecu-

2175 1487 2257 1530 tus
2288 1493 2430 1537 suni,
2477 1475 2752 1542 diligenter
2797 1476 3073 1539 advertas,
3107 1474 3214 1529 illic
3243 1488 3450 1528 onmem
3481 1474 3587 1528 ﬁdei
3614 1490 3710 1524 no—

2174 1579 2297 1620 sme
2329 1567 2698 1620 credulitatem
2731 1566 2985 1618 invenies.

2246 1657 2552 1709 Athanasius
2576 1657 2702 1708 dixit
2735 1672 2752 1707 :
2793 1655 3093 1708 Subsistere
3121 1662 3244 1706 ante
3283 1653 3470 1706 sa'cula
3507 1653 3710 1708 Filiu'n,

513 1741 692 1796 biliter
722 1755 845 1796 ante
875 1746 1047 1798 omnia
1094 1755 1328 1813 tempora
1359 1749 1603 1816 genuisse
1632 1750 1791 1803 Arius
1828 1763 1920 1800 sua
1950 1764 2067 1814 pro-
2107 1751 2149 1808 Β
2177 1746 2436 1799 veraciter
2465 1747 2618 1798 Arius
2652 1743 2940 1810 proﬁtetur.
2970 1744 3117 1808 Quod
3149 1751 3325 1796 autem
3357 1741 3421 1795 de
3453 1741 3590 1794 Patre
3613 1756 3709 1793 na-

517 1833 746 1887 fessione
783 1834 1070 1898 diffiuivit;
1111 1837 1202 1890 sed
1239 1848 1412 1891 utrum
1452 1839 1638 1891 Filium
1667 1853 1731 1892 ex
1763 1839 1873 1906 ipsa
1909 1839 2076 1892 Patris

514 1922 622 1989 90
659 1923 888 1976 essentia
928 1925 1007 1977 vel
1052 1935 1274 1989 natura,
1323 1942 1389 1978 an
1433 1927 1645 1980 aliunde
1682 1927 1930 1995 genitum'
1953 1928 2076 1981 velit

514 2028 783 2077 asserere,
813 2015 910 2067 hac
937 2016 1149 2082 interim
1176 2033 1266 2069 sua
1304 2019 1674 2084 prosecutione
1705 2018 1932 2072 reticuit.
1967 2019 2076 2087 Ego

514 2101 654 2153 enim
688 2102 923 2169 Patrem,
957 2113 1010 2157 et
1037 2105 1242 2166 Filium,
1278 2121 1325 2159 et
1359 2100 1612 2172 Spiritum
1646 2117 1883 2160 sanctum
1926 2108 2076 2160 unius

514 2189 843 2255 substantia},
890 2194 1148 2261 uniusque
1184 2211 1301 2248 esse
1347 2206 1555 2248 niturse
1599 2197 1876 2250 conﬁteor.
1921 2197 1994 2249 lta
2022 2207 2081 2250 ut

519 2294 624 2334 non
657 2297 720 2334 ex
752 2282 936 2345 nihilo,
969 2299 1137 2351 neque
1161 2300 1223 2338 ex
1252 2285 1452 2350 aliquo,
1488 2286 1579 2340 sed
1609 2287 1675 2340 de
1703 2286 1860 2340 Patre
1889 2286 2078 2340 Filium

516 2372 774 2438 genitum,
804 2383 857 2428 et
884 2373 949 2428 de
980 2371 1134 2429 Patre
1165 2376 1418 2443 Spiritum
1447 2386 1686 2430 sanctum
1713 2378 1923 2430 credam
1959 2393 2081 2444 pro-

517 2462 727 2517 cedere.
763 2463 827 2518 Et
855 2466 976 2519 licet
1007 2474 1114 2520 tres
1143 2466 1192 2518 in
1234 2481 1326 2520 sua
1370 2467 1688 2534 proprietate
1727 2468 2080 2522 subsistentes

521 2552 771 2619 proﬁtear
792 2570 912 2608 esse
939 2570 1212 2624 personas,
1239 2556 1421 2610 harum
1448 2567 1621 2608 tamen
1647 2565 1832 2612 natura
1856 2573 1954 2612 una
1977 2568 2078 2620 est,

521 2659 729 2713 unaque
768 2645 1017 2701 divinitas
1056 2649 1451 2715 comprobatur.

593 2731 701 2785 VII.
745 2732 942 2786 Probus
970 2737 1135 2805 judex
1167 2737 1293 2788 dixit
1321 2753 1337 2789 :
1368 2738 1678 2806 Quanquam
1709 2737 1821 2792 lucc
1843 2739 1984 2792 varia
2029 2749 2084 2792 et

523 2819 678 2887 longe
718 2821 990 2877 dissimilis
1034 2826 1426 2879 sententiarum
1462 2841 1756 2880 veSIrarum
1799 2827 2081 2880 diversitas

523 2926 763 2979 magnam
795 2912 1121 2968 confusionis
1150 2916 1429 2985 caliginem
1462 2920 1722 2971 mentibus
1764 2919 1957 2972 nostris
1997 2920 2082 2972 iii-

524 3004 685 3055 cutiat
705 3043 718 3065 ,
750 3015 922 3057 tunen
956 3014 1010 3057 ut
1039 3005 1144 3058 cito
1171 3006 1250 3058 bis
1289 3006 1546 3074 ambiguis
1577 3021 1831 3060 exuamur
1851 3048 1866 3071 ,
1891 3017 1944 3060 et
1965 3023 2082 3074 qua:

2183 1845 2263 1888 tus
2285 1835 2372 1898 sit,
2405 1849 2536 1887 sono
2578 1832 2933 1886 tantummodo
2973 1832 3137 1894 vocis,
3182 1841 3235 1883 et
3265 1831 3503 1883 simulata
3532 1834 3712 1882 νει-⁸ο-

2181 1941 2294 1977 rum
2321 1923 2675 1985 confessione,
2706 1937 2806 1975 non
2841 1921 3074 1974 veritatis
3108 1921 3427 1987 proprietate
3459 1919 3710 1982 comedit,

2179 2014 2301 2066 dum
2329 2029 2445 2066 eum
2467 2029 2492 2066 a
2510 2025 2736 2080 paternae
2759 2020 2957 2064 natura:
2970 2011 3262 2063 substantia
3279 2011 3479 2076 lcingius
3496 2020 3712 2076 separat,

2179 2115 2230 2156 et
2260 2102 2470 2156 conditi:
2497 2117 2561 2156 ne
2591 2111 2789 2154 natura:
2820 2115 2922 2152 non
2953 2098 3366 2167 dispensationis
3396 2099 3581 2151 ratione
3624 2097 3717 2149 Pa-

2183 2194 2246 2246 tri
2297 2193 2592 2260 subjectum
2625 2192 2870 2243 afﬁrmat.

2253 2280 2447 2333 Probus
2467 2282 2632 2351 jirdex
2659 2280 2786 2332 dixit
2813 2297 2827 2330 :
2849 2277 3206 2331 Clarissimum
3236 2277 3354 2330 ﬁdei
3381 2286 3558 2330 vestra:
3583 2277 3713 2326 indi-

2180 2371 2317 2425 cium
2351 2371 2493 2433 date,
2527 2379 2580 2422 et
2608 2367 3047 2437 quemadmodum
3077 2367 3304 2419 credatis
3337 2367 3524 2419 recenti
3549 2381 3716 2430 prose-

2181 2461 2395 2514 eutione
2415 2460 2635 2527 signate,
2657 2474 2759 2526 quo
2788 2460 2951 2525 possit
2968 2457 3029 2510 ad
3050 2471 3286 2510 normam
3306 2457 3576 2523 proposita:
3595 2471 3718 2506 con-

2183 2551 2425 2605 fessionis
2449 2549 2816 2615 disputationis
2839 2564 3044 2616 quoque
3069 2549 3288 2601 materia
3319 2551 3565 2615 coaptari.

2259 2641 2568 2694 Athanasius
2607 2637 2767 2691 dixit:
2790 2640 2862 2691 be
2890 2647 3092 2691 vestros
3118 2654 3332 2705 gravem
3359 2640 3582 2690 oratione
3616 2639 3720 2686 Ion-

2183 2732 2395 2799 gissima
2417 2745 2623 2792 sensus,
2646 2730 2799 2784 fidem
2823 2743 2990 2781 meam
3017 2729 3159 2782 brevi
3182 2743 3434 2782 sermone
3457 2729 3717 2783 concludo.

2185 2825 2415 2887 Patrem,
2445 2834 2496 2878 et
2516 2822 2724 2885 Filium,
2752 2832 2803 2874 et
2828 2822 3075 2889 Spiritum
3109 2833 3372 2884 sanetum,
3399 2822 3603 2885 deitate,
3633 2835 3721 2887 pri-

2187 2927 2394 2981 testate,
2450 2915 2830 2982 magnitudine,
2882 2927 3063 2965 natura
3099 2928 3258 2965 unum
3305 2928 3424 2966 esse
3459 2915 3717 2966 confiteor.

2187 3006 2291 3059 Nec
2321 3003 2510 3073 aliquid
2537 3004 2585 3055 iu
2609 3003 2704 3055 hac
2722 3003 2980 3056 Trinitate
3007 3019 3196 3054 novum
3219 3014 3587 3056 extraneumve
3608 3016 3663 3053 ac
3687 3001 3722 3050 si

524 3095 592 3145 sit
625 3108 762 3146 verte
796 3094 915 3147 ﬁdei
950 3095 1208 3161 professio
1231 3110 1636 3164 cognoscamus,
1660 3097 1947 3165 dignaiuini
1973 3098 2082 3152 evi-
2113 3097 2156 3159 C
2188 3107 2336 3148 antea
2367 3110 2470 3148 non
2516 3095 2690 3153 fuerit,
2733 3103 2908 3159 postea
2939 3107 3062 3146 vero
3107 3092 3371 3159 adjrctum
3402 3094 3485 3156 sit,
3516 3106 3720 3144 assero;

525 3185 852 3238 tleutioribus
876 3185 1163 3252 Scriptura:
1185 3186 1374 3239 divince
1391 3189 1705 3240 testimoniis
1728 3188 2080 3242 assertionum

527 3287 658 3329 vesti
674 3293 824 3330 arum
845 3279 1136 3332 sententias
1156 3281 1506 3333 communire.
1530 3280 1592 3333 Et
1622 3296 1688 3334 ue
1711 3280 1866 3348 longo
1887 3281 2084 3333 oratiu-

529 3366 609 3418 uis
634 3365 833 3419 ambitu
866 3364 1028 3433 ipsius
1066 3368 1339 3435 permixta:
1368 3368 1741 3436 diSputationis
1770 3368 2085 3422 confusione

529 3457 712 3524 procul
736 3455 1047 3524 evagrmini,
1081 3457 1385 3524 singillatim
1416 3459 1572 3512 fidem
1595 3456 1846 3522 vestrbm,
1879 3457 2081 3522 utdixi,

530 3547 739 3600 edieite.
778 3547 878 3600 Sed
914 3563 1050 3601 nunc
1078 3549 1231 3600 Arius
1257 3559 1632 3615 prosequatur,
1675 3558 1729 3603 et
1757 3563 1902 3602 suam
1929 3549 2084 3603 ﬁdem

533 3651 624 3688 ver
645 3635 777 3690 dicis
804 3636 1124 3689 testimoniis
1163 3646 1402 3689 astruere
1433 3654 1533 3688 non
1567 3649 1833 3702 gravetur.

604 3725 751 3776 Arius
780 3726 947 3778 dixit:
986 3726 1240 3790 Quoniam
1283 3742 1365 3778 me
1395 3726 1632 3791 primitus
1660 3727 1908 3794 congredi
1951 3742 2087 3794 pra:-

535 3815 716 3879 enpisti
741 3856 754 3878 ,
785 3817 1096 3882 respondeat
1135 3814 1452 3869 Athanasius
1498 3825 1669 3870 utrum
1706 3817 1958 3886 simplicis
1993 3833 2089 3870 na-

536 3915 664 3957 tura:
694 3905 760 3955 sit
792 3905 945 3957 Deus.

604 3995 908 4046 Athanasius
933 3997 1060 4047 dixit
1084 4011 1102 4048 :
1133 3995 1260 4062 Quis
1293 3998 1390 4052 hoc
1423 3997 1613 4064 impius
1639 3997 1902 4065 negaverit
1929 3999 1951 4050 ?

605 4084 754 4135 Arius
776 4087 904 4136 dixit
925 4103 943 4137 .·
971 4085 1303 4153 ReSpOtideat
1325 4098 1498 4140 utrum
1519 4088 1676 4140 etiam
1698 4089 1871 4139 omnia
1891 4102 2006 4153 qua:
2027 4088 2093 4140 de

538 4173 648 4227 Deo
675 4173 949 4239 dicuntur,
982 4176 1268 4228 secundum
1299 4180 1584 4231 essentiam
1617 4177 1919 4245 accipienda
1945 4188 2090 4228 sunt.

520 4251 526 4258 ’
611 4263 918 4314 Athanasius
988 4264 1157 4316 dixit:
1225 4265 1339 4318 Non
1395 4278 1591 4320 temere
1645 4267 2093 4332 pronuntiaverim

540 4353 789 4404 universa
830 4368 944 4420 quae
985 4353 1050 4405 de
1086 4354 1194 4406 Deo
1239 4354 1519 4417 dicuntur,
1572 4358 1860 4409 secundum
1908 4371 2092 4409 essen-

2186 3185 2276 3239 sed
2308 3187 2385 3253 (ut
2415 3183 2546 3251 dixi)
2576 3185 2729 3236 unius
2753 3198 2869 3236 eam
2903 3193 3126 3249 natura,
3153 3183 3411 3250 uniusque
3432 3181 3724 3234 substantia:

2187 3275 2364 3329 credo.

2260 3365 2405 3414 Arius
2443 3363 2569 3414 dixit
2605 3377 2623 3414 :
2651 3361 2758 3430 Ego
2798 3362 2933 3414 sicut
2974 3369 3082 3414 tres
3112 3373 3366 3428 personas
3400 3359 3449 3410 in
3495 3372 3584 3410 sua
3616 3372 3721 3424 pro-

2191 3455 2410 3519 priette
2454 3464 2754 3514 manentes,
2806 3453 2871 3504 ita
2924 3461 3031 3504 tres
3060 3452 3422 3514 subsmntias,
3469 3450 3651 3510 Patris,
3681 3457 3726 3498 et

2193 3543 2327 3606 Filii,
2358 3553 2408 3594 et
2451 3542 2682 3608 Spiritus
2718 3543 2881 3594 Sancti
2917 3542 3193 3595 conﬁteor.
3231 3541 3345 3593 Alia
3379 3541 3515 3593 enim
3545 3540 3722 3596 Patris,

2191 3636 2288 3685 alia
2318 3633 2474 3696 Filii,
2508 3635 2609 3685 alia
2639 3634 2861 3700 Spiritus
2887 3634 3054 3686 sancti
3095 3635 3407 3686 substantia.
3439 3632 3542 3684 Nec
3572 3642 3727 3696 potest

2193 3723 2294 3774 ullo
2323 3723 2477 3774 modo
2504 3723 2743 3790 ingenita:
2772 3724 3075 3775 substantia:
3106 3723 3303 3787 Patris,
3333 3733 3421 3777 aut
3441 3723 3611 3790 genita
3641 3719 3716 3772 Fi-

2198 3814 2272 3877 lii,
2306 3822 2394 3865 aut
2424 3825 2599 3865 creata
2633 3814 2859 3879 Spiritus
2897 3814 3064 3866 sancti
3107 3811 3328 3865 mufeiri
3359 3824 3566 3865 natura.
3597 3811 3727 3864 Unde

2197 3919 2290 3956 nec
2324 3911 2582 3969 potestate
2615 3903 2860 3969 aequales,
2895 3916 2991 3955 nec
3021 3903 3379 3970 magnitudine
3406 3902 3620 3963 similes,
3644 3914 3725 3952 nec

2196 4009 2380 4049 natura
2430 4004 2735 4058 consortes,
2787 4009 2815 4046 a
2875 3995 3022 4046 nobis
3071 3995 3208 4046 ﬁdeli
3254 3993 3586 4047 confessione
3629 4007 3725 4044 creo

2196 4085 2411 4137 duntur.
2821 4097 2838 4122 tt

2268 4172 2645 4242 Probusjudrx
2671 4171 2799 4224 dixit
2825 4188 2841 4224 :
2879 4173 2931 4226 Si
2964 4174 3058 4226 hoc
3086 4183 3247 4227 totum
3278 4183 3358 4228 est
3392 4175 3440 4227 iu
3466 4189 3570 4243 quo
3597 4188 3622 4224 a
3651 4187 3724 4221 vo-

2199 4264 2281 4317 bis
2310 4265 2538 4316 invicem
2563 4265 2840 4317 dissentire
2867 4265 3136 4327 videmini,
3156 4267 3258 4334 92
3282 4267 3329 4318 id
3353 4276 3432 4318 est
3458 4267 3593 4330 quod
3613 4274 3724 4313 unus

2201 4352 2462 4414 diversas,
2488 4354 2623 4406 alius
2641 4353 2912 4406 Trinitatis
2932 4370 3087 4406 unam
3108 4356 3230 4406 dicit
3249 4369 3367 4407 esse
3383 4353 3722 4408 substantiam,

542 4443 665 4495 tiam
691 4441 885 4496 debere
906 4443 1070 4511 accipi
1096 4459 1110 4506 ;
1141 4454 1330 4512 printer
1354 4445 1632 4498 nonnullos
1657 4445 1905 4498 relativos
1930 4447 2098 4498 ηοηιίο
2139 4429 2184 4488 D
2213 4442 2261 4494 id
2295 4458 2431 4496 nunc
2457 4443 2826 4511 disputationis
2857 4443 2988 4495 ratio
3028 4443 3195 4510 poscit
3225 4453 3280 4494 ut
3313 4444 3625 4495 assertiones
3656 4455 3726 4489 νος

543 4548 665 4585 num
687 4546 858 4595 casus,
890 4533 1177 4586 secundum
1202 4537 1446 4587 usitatum
1472 4534 1683 4586 humani
1704 4535 1962 4586 sermonis
1983 4536 2097 4588 elo-

543 4625 720 4690 quium
753 4624 980 4693 prolatos
1003 4665 1018 4689 ,
1049 4626 1136 4693 qui
1168 4641 1270 4677 nou
1303 4627 1515 4694 praprie
1550 4626 1656 4678 Deo
1687 4667 1701 4690 ,
1733 4626 1825 4679 sed
1858 4626 2100 4693 personis

545 4723 596 4767 et
627 4715 949 4781 temporibus
975 4758 988 4781 ,
1036 4715 1115 4768 vel
1164 4715 1564 4782 quibuscunque
1597 4730 1771 4767 rerum
1821 4715 2100 4782 generibus

545 4811 870 4870 coaptantur.
895 4805 948 4856 ld
971 4817 1072 4865 cst,
1099 4818 1217 4856 cum
1241 4818 1297 4856 se
1329 4805 1532 4856 nescire
1547 4803 1692 4866 dicit,
1724 4804 1802 4856 vel
1831 4821 1885 4856 se
1913 4807 2099 4856 iterum

547 4893 854 4960 cognovisse
918 4894 1129 4946 fatetur.
1196 4895 1300 4947 Aut
1354 4909 1472 4947 cum
1519 4909 1692 4947 rerum
1742 4910 1771 4947 a
1828 4911 1885 4948 se
1938 4896 2101 4946 farta-

549 4998 662 5036 rnm
694 4983 1069 5051 pmuitudinem
1114 4986 1272 5051 gerit,
1317 4991 1372 5037 et
1421 4997 1560 5036 nunc
1600 4998 1657 5037 se
1705 4983 1920 5048 iratum,
1965 4998 2102 5036 nunc

550 5073 1096 5139 placatum-ostendit.
1136 5074 1262 5138 Qua:
1291 5073 1465 5125 omnia
1507 5073 1551 5126 si
1595 5073 1886 5126 secundum
1917 5088 2102 5126 essen-

551 5161 673 5212 tiam
696 5159 935 5213 volumus
975 5161 1237 5228 accipere,
1267 5160 1567 5227 passibllem
1597 5159 1710 5214 sine
1736 5160 1899 5214 dubio
1935 5170 1984 5214 et
2013 5162 2104 5213 im-

551 5251 821 5318 providam
838 5251 1062 5306 divinam
1097 5255 1402 5319 protitemur
1427 5266 1546 5306 esse
1568 5262 1804 5305 naturam
1833 5267 1845 5315 ;
1873 5253 1922 5304 in
1946 5269 2100 5320 quam

549 5353 640 5396 aut
679 5340 974 5410 ignoratio,
1007 5352 1096 5398 aut
1118 5358 1180 5395 ex
1216 5353 1452 5410 tempore
1492 5351 1607 5395 orta
1640 5343 1870 5410 cognitio
1906 5344 2100 5406 cadat;

551 5449 706 5501 quam
729 5443 782 5487 et
811 5433 1016 5485 tristitia
1035 5435 1334 5500 pmnitendo
1357 5435 1627 5495 conﬁciat,
1650 5442 1701 5488 et
1729 5433 1908 5486 lzetitia
1931 5433 2107 5486 suble-

583 5537 638 5581 οι
667 5523 974 5594 vegetaudo.
1010 5525 1159 5591 Quod
1192 5526 1314 5592 quid
1347 5526 1483 5581 aliud
1515 5526 1648 5591 erit,
1689 5526 1791 5580 nisi
1834 5525 2103 5579 mutabilia

2203 4542 2338 4584 stras
2369 4547 2471 4585 non
2503 4534 2788 4586 subtilitate
2810 4543 3232 4602 argumentorum
3258 4534 3323 4583 de
3355 4534 3600 4585 industria
3632 4532 3724 4581 dia-

2206 4625 2411 4678 lectica:
2433 4628 2560 4678 artis
2587 4627 2928 4685 venientium,
2961 4627 3052 4678 sed
3085 4626 3408 4692 simplicibus
3437 4636 3490 4680 et
3519 4626 3646 4692 puris
3664 4624 3724 4674 di-

2205 4718 2339 4768 vin.e
2370 4715 2656 4778 Scriptura:
2701 4716 3032 4768 documentis
3068 4715 3334 4768 robustius
3369 4715 3604 4767 fulciatis.

2279 4805 2365 4856 lX.
2409 4804 2555 4855 Atius
2585 4805 2760 4856 dixit:
2797 4804 2969 4858 Credo
3013 4805 3149 4871 quod
3192 4806 3584 4856 memorialibus
3625 4815 3723 4866 prn-

2211 4893 2400 4945 dentim
2427 4903 2613 4945 vestrae
2635 4893 2878 4946 sensibus
2911 4894 3182 4947 Athanasii
3215 4895 3629 4960 persecutionem
3649 4901 3722 4940 ne-

2209 4996 2466 5049 quaquam
2495 4981 2754 5035 subtraxit
2781 4983 2994 5044 oblivio,
3020 4998 3120 5050 qua
3144 4982 3194 5035 id
3216 4983 3512 5050 elegantius
3540 4990 3723 5049 perora-

2215 5069 2316 5132 vit,
2354 5070 2498 5122 illum
2527 5070 2718 5123 debere
2750 5071 3022 5136 pravitatis
3051 5086 3234 5124 errore
3262 5074 3464 5134 notari,
3497 5071 3574 5140 qui
3610 5076 3718 5119 non

2213 5170 2268 5214 et
2300 5161 2542 5213 inusitata
2566 5162 2845 5214 verborum
2875 5171 3172 5214 commenta
3202 5171 3472 5226 sectatur;
3505 5160 3720 5227 adjicieus

2211 5253 2514 5317 apostolicis
2553 5253 2880 5320 dogmatibus
2919 5254 3058 5322 quod
3109 5254 3174 5306 ab
3202 5255 3391 5307 iisdem
3421 5261 3609 5308 constat
3633 5259 3718 5300 tra-

2212 5343 2375 5395 ditum
2401 5358 2502 5395 non
2533 5342 2713 5398 fuisse.

2285 5433 2480 5486 Probus
2496 5434 2658 5502 judcx
2683 5433 2845 5486 dixit:
2874 5433 2946 5486 lta
2973 5434 3206 5487 memini.

2237 5576 2247 5592 ,
2285 5527 2431 5579 Arius
2460 5526 2589 5579 dixit
2615 5541 2632 5579 :
2665 5525 2800 5592 Ergo
2830 5525 3020 5580 Nicmni
3052 5525 3258 5580 decreta
3291 5521 3502 5578 concilii
3530 5514 3716 5572 lcetiOM
