3802 6242
148 264 220 318 ttil
1085 246 1349 300 CONTRA
1394 242 1655 317 AltlA.\'0_:

1774 240 2082 294 |.\I.OGITS.
2125 240 2244 293 LIB.
2292 240 2329 293 Ι.

3206 244 3305 294 Ni!

146 371 406 442 pandantur
437 384 454 433 ;
484 377 536 421 ct
572 378 823 435 agnosces
851 361 1213 423 Athanasium,
1241 358 1321 411 vel
1345 357 1456 424 ejus
1482 364 1660 409 aurto-
1689 357 1738 415 Α
1768 354 1896 407 fides
1927 354 2082 421 hujus
2112 354 2340 408 nominis
2370 369 2562 422 expers
2593 370 2710 409 vera
2741 367 2824 410 83‘.
2847 357 3025 424 (sicuti
3052 357 3173 424 est).
3198 359 3309 410 haec

146 478 230 526 res,
251 458 579 529 apostolicam
607 455 757 506 fidem
784 466 1036 505 novorum
1060 449 1353 515 atljei-tione
1374 445 1654 498 verborum

144 560 329 603 eatenus
360 544 698 612 corrupisse;
734 548 865 594 utet
904 552 994 592 eos
1032 539 1118 606 qui
1155 535 1383 605 antiquis
1438 534 1653 587 Patrum

147 643 370 692 iuhmere
398 632 683 695 doctrinis,
719 629 1007 682 ambitione
1037 626 1178 693 regia
1206 627 1311 694 usi,
1351 624 1656 677 censuerint

149 729 361 784 leralibus
399 723 711 791 relegandos
745 719 952 773 edictis.

206 816 383 869 Probus
419 814 585 882 judex
637 810 801 863 dixit:
853 809 908 862 Si
961 805 1237 875 prmseutis
1282 803 1473 873 negotii
1522 803 1657 857 ratio

153 907 347 975 posmlat
387 914 443 957 ut
470 900 742 957 decretum
765 898 957 953 Nicmni
981 897 1187 951 concilii
1212 898 1261 949 in
1286 896 1458 949 medio
1484 894 1658 961 profe-

152 1010 295 1060 ratur,
320 998 366 1050 id
396 1009 607 1064 quoque
636 992 949 1046 Athanasius
985 1004 1078 1042 sua
1110 989 1480 1056 prosecutione
1517 986 1658 1039 desi-

151 1097 281 1153 anet,
314 1094 369 1139 ut
394 1099 458 1138 ex
502 1084 776 1150 utriusque
824 1079 1107 1131 voluntatis
1149 1092 1387 1139 assensu,
1436 1076 1480 1129 si
1534 1074 1654 1143 quid

150 1178 257 1230 illud
283 1183 353 1230 est
386 1172 521 1242 quod
554 1172 783 1225 refertur
821 1170 1150 1223 extrinsecus
1178 1167 1447 1221 recitctnr.

204 1263 485 1316 Athanasius
514 1262 640 1314 dixit
673 1276 691 1312 :
731 1260 916 1313 Causze
937 1258 1175 1327 congruit
1204 1268 1256 1309 ut
1286 1271 1458 1311 rerum
1486 1264 1659 1325 gesta-

150 1370 247 1410 rum
276 1352 506 1407 lectionis
534 1351 686 1419 copia
720 1366 820 1403 non
854 1360 1088 1418 negetur.

208 1441 385 1495 Probus
404 1441 567 1510 judea:
589 1440 751 1492 dixit:
776 1440 912 1508 Ergo
938 1447 994 1492 ut
1018 1437 1303 1503 desiderat,
1337 1436 1536 1506 pra-fati
1568 1437 1661 1491 de-

150 1531 259 1585 creti
282 1530 433 1584 lectio
450 1528 752 1582 ventiletur.

208 1621 268 1674 Et
293 1621 472 1674 lectum
494 1628 577 1673 est
605 1619 714 1671 ita:
752 1616 1027 1672 Credimus
1066 1619 1118 1670 in
1157 1632 1316 1671 unum
1364 1617 1525 1669 Deum
1559 1615 1657 1668 Pa-

1758 445 1872 499 sine
1901 446 2060 499 dubio
2093 445 2216 498 falsa
2244 445 2365 510 erit,
2394 461 2510 513 qum
2537 450 2762 515 antiqu:c
2793 448 2913 503 fidei
2944 449 3170 502 nominis
3215 467 3308 499 no-

1757 538 1973 588 vitatem
2011 535 2223 602 adjecit.
2250 535 2480 589 Revolve
2508 547 2692 589 cuncta
2728 538 2857 591 Novi
2896 548 2948 593 et
2978 538 3179 592 Veteris
3208 540 3309 590 Te-

1755 624 2002 679 stantenti
2044 625 2335 687 volumina,
2365 634 2539 677 utrum
2581 626 2770 679 alicubi
2810 627 3117 681 homousion
3147 630 3309 680 sacris

1758 712 1983 769 inditum
2017 714 2217 782 paginis
2239 715 2437 779 poteris
2471 715 2724 781 reperire.

1828 805 1914 859 ΧΙ.
1953 804 2145 858 Probus
2167 807 2329 875 jndea:
2367 806 2535 857 dixi:
2566 806 2698 869 Quid
2741 804 2819 857 Itis
2845 805 3102 857 refertur?

1826 895 2134 946 Athanasius
2164 897 2329 947 dixit:
2364 896 2599 947 Nominis
2630 903 2829 946 tantum
2857 895 3138 946 offenderis
3166 895 3309 945 novi-

1760 996 1980 1044 tate;an
2003 986 2162 1037 etiam
2187 985 2349 1051 ipsius
2374 987 2450 1037 rei
2478 986 2746 1050 virtutem,
2769 999 2884 1052 quae
2908 985 3004 1036 hoc
3028 992 3108 1036 est
3125 987 3307 1036 sortita

1758 1077 2093 1140 vocabulum,
2122 1075 2357 1143 refugis?
2719 1139 2723 1143 ν

1827 1176 1980 1228 Arius
2007 1175 2166 1227 dixit:
2198 1173 2329 1240 Quid
2360 1173 2528 1235 dicas,
2556 1186 2659 1224 non
2690 1171 2818 1223 satis
2844 1170 2966 1224 intel
2992 1169 3095 1237 igo.

1829 1274 2133 1327 Athanasius
2157 1273 2320 1325 dixit:
2346 1271 2453 1341 94
2479 1271 2738 1336 Quoniam
2771 1285 2853 1323 res
2877 1270 3090 1337 antiqua
3118 1285 3307 1322 novum

1760 1378 1949 1417 nomen
1978 1356 2209 1428 accepit,
2238 1376 2341 1414 non
2368 1362 2623 1413 vocabulo
2672 1374 2808 1412 novo
2850 1375 2999 1413 nova;
3040 1361 3112 1412 rei
3145 1361 3310 1410 virtus

1762 1453 2006 1515 accessit,
2033 1452 2134 1505 hoc
2171 1452 2351 1518 utique
2388 1452 2619 1517 requiro,
2650 1459 2818 1501 utrum
2844 1463 2928 1501 res
2956 1464 3074 1517 qtne
3096 1450 3309 1516 antiqua

1759 1551 1864 1602 est.
1895 1541 2051 1594 simul
2076 1555 2104 1593 a
2134 1548 2185 1592 te
2214 1554 2332 1592 cum
2364 1539 2589 1592 nominis
2614 1539 2841 1591 novitate
2869 1538 3167 1591 damnetur.

1836 1640 1988 1692 Arius
2017 1638 2188 1690 dixit:
2217 1639 2319 1691 Res
2357 1638 2587 1704 loqueris
2618 1647 2896 1697 tortuosas,
2931 1645 2984 1689 et
3011 1637 3151 1688 enini
3179 1636 3310 1689 stul-

153 1720 268 1763 trem
289 1710 695 1777 omnipotentem
717 1748 732 1768 .
769 1709 999 1760 omnium
1031 1707 1310 1761 visibilium
1348 1716 1399 1759 ct
1430 1707 1561 1759 iuris
1585 1708 1655 1757 bi-

1769 1732 1890 1782 tiiim
1925 1729 2178 1781 miracqu
2220 1728 2423 1796 dignas.
2466 1728 2519 1781 Si
2568 1729 2708 1790 enim
2762 1725 3072 1778 ltotnousiou
3112 1736 3308 1779 novum

152 1801 259 1853 lium
286 1798 546 1853 factorem.
579 1798 643 1851 Et
665 1797 716 1851 in
736 1813 895 1852 unum
926 1799 1199 1852 Dominum
1225 1809 1458 1851 nostrum
1481 1798 1658 1851 .lcsum

150 1891 386 1941 Chr-stum
419 1887 609 1941 Filium
646 1887 756 1949 Dei,
797 1897 977 1940 natum
1016 1903 1079 1940 ex
1124 1888 1275 1941 Patre
1315 1888 1661 1955 unigenitum,

154 1981 237 2031 hoc
270 1986 347 2032 est
382 1977 445 2032 de
471 1976 765 2032 substantia
797 1976 1001 2030 Patris:
1036 1976 1195 2031 Deum
1227 1991 1287 2029 ex
1312 1978 1454 2040 Deo,
1488 1977 1660 2028 lumen

152 2083 204 2121 ex
244 2069 449 2133 lumine,
490 2067 652 2120 Deum
692 2082 874 2121 verum
917 2066 983 2120 de
1013 2067 1120 2119 Deo
1155 2082 1279 2119 vero
1304 2109 1317 2131 ,
1349 2078 1524 2119 natum
1558 2081 1660 2119 non

153 2156 356 2209 factum:
404 2155 557 2209 unius
587 2155 895 2209 substantia:
932 2170 1048 2207 cum
1089 2153 1241 2207 Patre
1280 2155 1440 2224 (quod
1484 2154 1658 2207 Graeci

150 2248 309 2299 dicunt
338 2245 665 2311 bomousion)
693 2260 706 2297 :
736 2258 828 2310 per
850 2259 1003 2313 quem
1033 2242 1163 2295 facta
1188 2255 1311 2295 sunt
1330 2242 1525 2307 omnia,
1553 2244 1664 2296 sive

152 2352 249 2406 qua:
270 2338 316 2389 in
342 2336 491 2399 etclo,
523 2335 635 2388 sive
664 2348 777 2401 qua:
801 2333 852 2385 in
878 2342 1036 2386 terra.
1068 2332 1167 2396 Qui
1194 2340 1409 2399 propter
1430 2340 1660 2384 nostram

151 2430 344 2480 salutem
384 2426 679 2495 descendit,
713 2432 766 2476 et
797 2424 1093 2476 incarnatus
1140 2432 1238 2484 est,
1287 2423 1444 2473 homo
1496 2423 1663 2473 lactus

154 2526 238 2578 est,
258 2531 431 2584 [iussus
459 2523 562 2579 est,
589 2516 880 2568 resurrexit
904 2513 1054 2566 tertia
1074 2511 1180 2577 die,
1205 2514 1256 2563 in
1286 2511 1448 2566 caelos
1478 2526 1661 2569 ascen-

152 2607 238 2668 dit,
268 2616 503 2658 veuturus
532 2614 616 2657 est
656 2604 897 2671 judicare
942 2603 1082 2655 vivos
1131 2612 1183 2654 et
1224 2611 1480 2653 mortuos.
1516 2600 1579 2653 Et
1611 2601 1660 2653 iu

151 2695 371 2763 Spiritum
425 2704 684 2747 sanetum.
735 2693 834 2746 Eos
888 2700 1059 2745 autem
1116 2690 1202 2758 qui
1256 2690 1476 2742 dicunt:
1538 2689 1665 2741 Erat

151 2786 331 2853 quando
355 2800 454 2837 non
481 2780 614 2846 erat,
653 2792 703 2835 et
731 2792 1008 2850 antequam
1051 2788 1355 2833 nasceretur
1393 2793 1495 2831 non
1525 2786 1658 2842 erat,

150 2876 331 2941 etquod
357 2875 421 2927 de
448 2889 550 2925 non
580 2872 685 2940 93
721 2872 1065 2935 exstantibus,
1093 2870 1171 2922 vel
1203 2885 1263 2923 ex
1294 2870 1394 2921 alia
1422 2869 1662 2922 substan-

151 2962 205 3013 tia
230 2970 310 3016 aut
335 2964 557 3016 essentia
581 3003 595 3027 ,
631 2962 862 3013 dicentes
902 2959 1200 3013 mutabilem
1227 2968 1314 3011 aut
1342 2957 1663 3012 convertibi-

150 3052 231 3104 lan
259 3052 428 3116 Deum,
457 3052 553 3105 hos
582 3050 984 3105 anathematizat
1010 3048 1262 3102 catholica
1291 3059 1343 3101 et
1370 3048 1655 3116 apostolica
1682 3035 1727 3094 C

152 3140 379 3203 Ecclesia.

204 3228 260 3282 Χ.
295 3231 439 3282 Arius
470 3230 601 3282 dixit
622 3244 642 3282 :
678 3228 950 3291 Pervides,
988 3230 1218 3282 virorum
1244 3230 1441 3296 optime
1461 3228 1652 3293 Probe,

150 3319 274 3371 istius
298 3320 500 3374 decreta
530 3317 759 3379 concilii,
806 3318 857 3370 in
895 3318 1308 3384 suggillationcm
1348 3316 1654 3383 apostolica:

148 3406 262 3471 ﬁdei,
291 3422 413 3461 ausu
452 3407 750 3462 temeritate
790 3407 952 3459 fuisse
993 3407 1310 3473 conscripta.
1353 3406 1485 3472 Quid
1513 3405 1653 3459 enim

147 3508 254 3559 opus
275 3504 381 3548 crat
402 3509 594 3548 novum
617 3494 714 3546 hoc
744 3493 1053 3547 bomousion
1081 3495 1386 3547 vocabulum
1426 3494 1655 3557 antiquis

144 3581 415 3647 tlngmatum
457 3582 651 3650 regulis
692 3581 849 3635 inseri
878 3582 900 3633 ?
928 3582 1184 3649 Numquid
1206 3583 1344 3635 enim
1392 3582 1651 3651 apostoli,

145 3668 210 3720 vel
234 3685 406 3724 eorum
446 3669 719 3737 discipuli,
751 3681 906 3736 atque
934 3682 1117 3723 omnes
1152 3684 1243 3737 per
1269 3669 1507 3723 ordinem
1535 3684 1653 3722 suc-

146 3770 353 3811 cessores
379 3759 465 3827 qui
491 3773 657 3826 usque
677 3758 739 3810 ad
769 3758 893 3811 illud
926 3768 1129 3827 tempus
1150 3758 1200 3810 in
1221 3759 1418 3812 Christi
1446 3758 1654 3812 confes-

145 3842 269 3897 sione
313 3848 547 3898 viven'es
588 3840 897 3898 bomousion
944 3846 1249 3897 vocabulum
1304 3847 1649 3915 ignorabant,

145 3929 396 3997 impietatis
434 3932 766 3998 sacrilegium
812 3933 862 3984 in
897 3932 1010 3984 fidei
1048 3920 1263 3985 veritati:
1301 3943 1508 3987 secutos
1537 3949 1654 3987 esse

143 4020 373 4083 dicemus;
400 4039 491 4088 pro
524 4037 590 4075 eo
621 4023 820 4074 scilicet
844 4022 979 4090 quad
1011 4022 1162 4089 hujus
1191 4022 1413 4076 nominis
1440 4023 1654 4076 notione

145 4106 327 4171 privati,
355 4113 467 4162 sine
494 4111 657 4176 ipsius
692 4110 1071 4176 prmdicationis
1093 4110 1380 4162 assertione
1412 4125 1655 4177 perrexe-

145 4205 247 4248 runt
268 4199 327 4249 ad
367 4198 681 4251 Christum?
727 4198 781 4252 Si
812 4199 949 4250 enirn
981 4213 1008 4250 a
1042 4197 1221 4262 nobis,
1254 4208 1308 4250 ut
1338 4198 1417 4250 isti
1450 4200 1654 4265 penitus

142 4285 455 4347 mentiuntur,
480 4300 618 4337 nova
642 4284 1066 4337 introducebatur
1091 4293 1269 4338 contra
1301 4286 1652 4353 apostolorum

1762 1834 1954 1870 nomen
1984 1827 2083 1882 est,
2121 1833 2223 1869 non
2255 1817 2361 1869 dub
2388 1832 2473 1869 um
2503 1816 2625 1883 quin
2664 1825 2716 1868 et
2744 1831 2827 1868 res
2864 1828 3001 1867 nova
3040 1815 3127 1877 sit,
3153 1827 3307 1881 quam

1760 1906 2059 1974 signiﬁcare
2088 1905 2312 1959 videtur.

1830 2005 2138 2057 Athanasius
2181 2004 2355 2057 dixit:
2412 2003 2550 2071 Ergo
2601 2002 2800 2071 pariter
2846 2016 2957 2056 rem
3010 2017 3308 2069 nomenque

1760 2094 2125 2147 condemnas?

1836 2194 1983 2244 Arius
2013 2192 2177 2243 dixit:
2207 2191 2276 2243 Ita
2312 2191 2483 2258 plane.

1833 2289 2139 2343 Athanasius
2195 2290 2320 2342 dixit
2341 2306 2359 2342 :
2392 2290 2551 2358 Igitur
2580 2291 2621 2344 si
2653 2292 3079 2347 demonstravero
3112 2295 3184 2347 rei
3214 2310 3307 2348 an-

1764 2379 1918 2447 tiqua:
1944 2388 1994 2431 et
2025 2380 2091 2430 ab
2114 2380 2367 2447 apostolis
2400 2380 2602 2433 traditae
2635 2397 2823 2433 novum
2858 2398 3043 2434 nomen
3090 2386 3307 2437 attribu-

1768 2478 1876 2519 tum
1920 2467 2101 2531 fuisse,
2136 2468 2328 2520 victum
2376 2480 2425 2520 te
2467 2470 2673 2521 laudent
2717 2470 3006 2523 fateberis?
3037 2475 3114 2524 Au
3150 2473 3306 2525 etiam

1762 2557 1839 2608 sic
1867 2572 1979 2609 rem
2020 2559 2285 2624 antiquam
2316 2557 2469 2611 simul
2498 2572 2616 2611 cum
2668 2560 2894 2614 nominis
2923 2562 3156 2616 novitate
3184 2577 3307 2615 cun-

1764 2644 2022 2697 demnas?

1832 2735 1983 2785 Arius
2013 2735 2178 2787 dixit:
2213 2735 2319 2787 lloc
2351 2750 2453 2787 non
2485 2737 2750 2789 ostendes.

1835 2831 2035 2885 Probus
2064 2833 2231 2901 λειαίνει
2257 2835 2383 2886 dixit
2406 2850 2424 2886 :
2458 2835 2527 2909 Et.
2548 2851 2665 2901 quae
2693 2838 2825 2887 ratio
2852 2850 3023 2890 causa:
3049 2837 3307 2907 ﬂagitabat

1763 2934 1819 2977 ttt
1858 2939 1943 2979 res
1984 2925 2196 2993 antiqua
2247 2940 2439 2978 novum
2481 2927 2743 2993 acciperet
2773 2930 3008 2982 nomen?
3050 2928 3307 2997 Numquid

1762 3015 1899 3065 enim
1925 3013 2225 3081 priusquam
2250 3013 2403 3081 hujus
2426 3016 2654 3067 nominis
2678 3017 2987 3070 vocabulum
3010 3019 3306 3083 sortiretur,

1758 3104 1872 3154 sine
1900 3105 2126 3155 nominis
2158 3104 2475 3169 proprietate
2505 3104 2783 3156 manebat?
2814 3106 2921 3158 lloc
2950 3108 3145 3161 nullam
3177 3110 3306 3164 mihi

1758 3190 1971 3241 rationis
2000 3192 2433 3258 consequentiam
2466 3193 2660 3246 habere
2690 3193 2913 3247 videtur.

1825 3290 1973 3343 Arius
2010 3290 2138 3342 dixit
2160 3305 2179 3343 :
2206 3290 2432 3358 Optime.

1826 3390 2132 3443 Athanasius
2167 3392 2334 3445 dixit:
2379 3392 2762 3447 ECClt‘SlnSllCiB
2792 3409 3002 3464 semper
3040 3400 3201 3452 moris
3226 3408 3306 3452 est

1756 3480 2068 3549 disciplinis,
2096 3483 2137 3536 si
2167 3483 2376 3551 quando
2400 3482 2768 3539 hmrcticorum
2796 3502 2929 3540 nova
2953 3488 3184 3541 doctrina
3216 3505 3306 3542 ex-

1755 3572 1942 3639 surgit,
1963 3582 2145 3624 contra
2176 3573 2466 3626 insolentes
2496 3575 2841 3642 quaestionum
2870 3577 3126 3630 novitates
3153 3578 3306 3631 ri-bns

1758 3660 2156 3714 imtnntabiliter
2178 3662 2621 3728 permanentibus,
2645 3665 2909 3716 nominum
2930 3650 3179 3719 vocabula
3209 3668 3305 3718 im-

1756 3761 1978 3813 mutare,
2009 3763 2057 3804 et
2086 3752 2465 3820 significantius
2500 3768 2673 3806 rerum
2717 3764 2927 3808 naturas
2967 3758 3261 3824 exprimere
3289 3772 3305 3821 ;

1754 3856 1870 3907 quin
1920 3850 2092 3894 tamen
2146 3841 2482 3895 existentium
2528 3856 2802 3895 causarum
2860 3845 3136 3898 virtutibus
3183 3861 3306 3899 cou-

1753 3940 1963 3997 gruaut,
2003 3940 2057 3985 et
2081 3946 2196 3999 qum
2229 3932 2393 3999 magis
2426 3933 2635 3985 easdem
2668 3934 2954 3999 antiquitus
3004 3936 3167 3989 fuisse
3209 3937 3304 3987 de.-

1759 4029 2074 4079 monstri-nt,
2091 4035 2193 4072 non
2217 4030 2362 4073 ortus
2381 4023 2659 4075 novitatem
2683 4023 2965 4077 insinuent.
2984 4026 3067 4089 Et,
3092 4036 3143 4078 ut
3167 4027 3303 4095 quod

1756 4108 1874 4160 dico
1916 4109 2121 4174 planius
2154 4108 2261 4175 liat,
2301 4120 2420 4161 utor
2464 4112 2722 4176 exemplo.
2760 4112 2813 4163 lu
2852 4114 2963 4178 ipso
2992 4114 3305 4168 Christianae

1760 4197 2025 4265 religionis
2069 4198 2453 4264 praadication‘ts
2488 4200 2636 4252 initio
2656 4241 2669 4261 ,
2703 4216 2885 4253 omnes
2912 4203 2995 4269 qui
3022 4203 3304 4256 credebant

1762 4289 1983 4340 Domino
2032 4298 2217 4339 nostro
2250 4289 2374 4341 Jcsn
2420 4289 2667 4351 Christo,
2726 4307 2827 4341 nun
2860 4292 3168 4351 Christiani,
3211 4293 3301 4343 sed

142 4378 308 4424 statuta
344 4374 607 4433 doctrina,
646 4371 695 4424 id
736 4372 911 4438 utique
943 4372 1261 4425 conveniens
1302 4382 1413 4425 erat
1450 4389 1596 4427 nova:
1627 4388 1654 4425 a
1685 4368 1735 4426 D
1762 4378 1999 4445 discipuli
2044 4379 2405 4429 tantummodo
2453 4380 2874 4430 uominahantur.
2911 4380 2969 4433 Et
3002 4382 3121 4448 quia
3154 4384 3301 4437 multi

140 4458 265 4511 nubis
287 4464 497 4528 ingestte
526 4461 777 4513 doctrina:
802 4462 1029 4528 antiquis
1056 4460 1407 4528 apostolorum
1434 4462 1649 4516 obviare

139 4544 382 4611 doctrinis,
410 4559 464 4603 et
494 4550 708 4602 novitati
738 4558 995 4603 vetustate
1026 4551 1385 4617 praescribere,
1429 4568 1530 4604 non
1560 4567 1650 4604 vc-

140 4646 356 4693 tustatcm
395 4642 630 4694 n0vitate
669 4640 1003 4708 pervertere?
1044 4639 1231 4708 thuid
1277 4641 1376 4694 hoc
1406 4642 1530 4693 mihi
1560 4656 1653 4694 no-

138 4742 239 4780 mea
275 4731 595 4797 sequendum
626 4728 892 4797 imponit?
927 4730 1111 4797 thuid
1144 4745 1227 4783 me
1256 4730 1321 4783 ad
1354 4730 1645 4798 hujusmodi

138 4817 389 4873 novitatem
426 4820 707 4872 violentius
740 4819 941 4871 trahit?
988 4819 1172 4887 thnid
1219 4819 1317 4871 hoc
1347 4820 1646 4885 apostolica:

138 4906 239 4959 lidei
271 4908 605 4976 superadjicit
635 4908 878 4970 verbum,
914 4907 1060 4975 cujus
1097 4923 1191 4961 nec
1222 4896 1488 4975 propheta:
1526 4910 1643 4975 qui-

136 4994 254 5061 dem,
275 5013 364 5051 nec
393 4998 618 5065 apostoli
646 4999 845 5063 uspiam
878 4997 1067 5049 faciunt
1107 4998 1464 5050 intentionem?
1494 4996 1641 5062 Quod

137 5084 273 5154 istud,
299 5103 493 5156 quasso,
530 5102 719 5139 nomen
754 5096 857 5150 est,
889 5086 1001 5139 sine
1029 5104 1127 5151 quo
1148 5086 1277 5139 fides
1300 5087 1497 5153 integra
1526 5100 1644 5140 esse

138 5190 223 5229 non
248 5180 423 5244 possit,
453 5179 573 5233 sine
596 5193 698 5247 quo
722 5177 1003 5231 Christiani
1038 5176 1346 5230 Christiana:
1377 5176 1646 5244 religionis

137 5266 415 5323 abdicantur
455 5269 707 5323 honore?
739 5268 907 5323 Unum
954 5269 1091 5322 enim
1137 5284 1166 5321 e
1212 5268 1415 5322 duobus
1460 5268 1513 5321 in
1553 5270 1650 5320 hac

138 5366 268 5407 causa
296 5363 439 5428 sequi
472 5365 689 5413 necesse
717 5368 816 5412 est.
848 5358 903 5412 Si
932 5374 1053 5411 vera
1080 5368 1157 5410 est
1189 5358 1446 5411 homonsii
1479 5371 1650 5411 asser-

141 5444 215 5503 tio.
244 5445 362 5501 falsa
387 5452 488 5504 erit
513 5450 868 5518 apostolorum
908 5432 1227 5516 praedicatio,
1267 5463 1383 5516 qua:
1410 5450 1523 5503 sine
1552 5448 1652 5503 hoc

143 5535 325 5590 nomine
352 5538 501 5606 longa
534 5554 625 5607 per
656 5548 888 5603 tempora
916 5539 1106 5593 ﬂoruit.
1132 5537 1183 5594 Si
1215 5552 1340 5592 vero
1363 5539 1647 5602 apostolica

1752 4482 2007 4519 novorum
2040 4466 2343 4534 dogmatutn
2380 4478 2622 4518 auctores
2662 4470 3005 4531 exsiterunt,
3048 4471 3305 4524 doetrina:

1752 4559 2023 4611 obviantes
2063 4559 2387 4625 apostolicm,
2427 4573 2715 4623 Omnesque
2745 4569 3031 4614 sectatores
3071 4579 3192 4615 suos
3222 4565 3302 4617 di-

1756 4650 1985 4715 scipulos
2015 4648 2375 4701 nominabant:
2408 4663 2501 4699 nec
2532 4658 2639 4699 erat
2666 4650 2764 4700 tilla
2798 4652 3023 4704 nominis
3054 4653 3303 4707 discretio

1754 4737 1889 4789 inter
1912 4750 2062 4789 veros
2083 4736 2346 4801 falsosque
2368 4735 2656 4802 discipulus
2673 4752 2687 4799 ;
2707 4751 2823 4789 cum
2848 4742 2954 4790 sive
2972 4740 3057 4806 qui
3086 4742 3299 4804 Christi,

1754 4826 1863 4877 sive
1892 4825 1980 4891 qui
2015 4824 2275 4886 Dositltei,
2316 4825 2426 4876 sive
2461 4824 2682 4890 Cepltm,
2732 4826 2842 4877 sive
2881 4826 3148 4893 Theudae,
3191 4830 3303 4884 sive

1757 4914 1904 4965 Judae
1931 4912 2198 4979 cujusdam
2221 4957 2234 4979 ,
2270 4914 2379 4965 sive
2419 4916 2575 4964 etiam
2604 4912 2821 4964 Joannis
2855 4925 3170 4979 sectatores,
3212 4918 3299 4986 qui

1758 5018 1813 5056 se
1838 5006 1980 5071 quasi
1999 5003 2208 5055 Christo
2235 5003 2452 5055 eredcre
2470 5002 2782 5065 fatebantur,
2803 5006 3298 5072 unodise‘pulorum

1746 5092 1970 5159 nomine
1993 5100 2353 5145 censerentur.
2376 5090 2523 5143 Tunc
2544 5092 2764 5159 apostoli
2786 5098 3162 5149 convenientes
3190 5098 3291 5149 An-

1757 5183 2028 5249 tiochiam,
2055 5183 2189 5235 sicut
2215 5196 2394 5235 eorum
2420 5181 2581 5247 (Luca
2607 5183 2873 5248 narrante)
2895 5184 3124 5236 indic-ant
3148 5188 3279 5239 Acta

1754 5285 1938 5325 omnes
1960 5270 2244 5337 discipulos
2267 5284 2402 5323 novo
2418 5271 2522 5338 95
2546 5270 2774 5333 nomine,
2802 5271 2847 5321 id
2874 5282 2951 5324 esl
2973 5274 3300 5328 Christianos

1753 5359 2110 5428 appellarunt,
2153 5359 2514 5413 discernentes
2545 5372 2637 5410 eos
2679 5373 2706 5409 a
2756 5360 3019 5412 Communi
3051 5360 3297 5414 falsorum

1756 5450 2129 5518 discipulorum
2165 5450 2451 5513 vocabulo;
2485 5456 2541 5501 ut
2576 5458 2629 5502 et
2661 5449 2820 5501 divini
2848 5465 2940 5515 per
2968 5450 3152 5503 Isaiam
3181 5465 3299 5505 ora-

1754 5538 1860 5593 culi
1900 5552 2077 5594 sermo
2126 5539 2465 5607 impleretur,
2515 5551 2618 5606 quo
2653 5538 2761 5589 ait:
2814 5536 3145 5590 Servientium
3185 5555 3297 5592 viro
