3842 6226
391 257 488 310 id?»

1657 257 1874 310 \’.Cll.ll
1915 259 2285 315 TAPSENSIS

3475 269 3605 321 Ηίί

388 369 540 427 milii,
574 367 822 420 vocabitur
857 380 1033 418 nomen
1081 380 1259 417 novum
1299 363 1448 434 (lsai.
1489 380 1620 431 ων,
1653 367 1743 430 l5,
1775 372 1929 437 juxta
1961 379 2005 433 Α
2035 370 2442 433 verisimilibus,
2484 384 2585 424 non
2617 388 2678 425 ex
2720 374 2928 427 ratione
2954 375 3160 439 vicinis,
3190 391 3291 427 non
3321 377 3381 428 ad
3421 379 3602 431 intel-

392 459 524 510 ιιι
542 464 578 524 ).

460 549 566 600 Xll.
604 547 744 598 llanc
787 560 912 610 ergo
954 545 1020 597 ab
1067 543 1318 612 apostolis
1357 542 1632 609 traditam,
1681 544 1730 596 in
1783 546 1936 599 novis

390 639 584 691 utendo
618 637 914 688 no:ninihus
945 639 1162 688 formam
1197 634 1430 687 Ecciesia
1465 636 1717 698 retinens,
1751 644 1935 688 contra

388 729 627 777 diversos
666 727 970 788 ltzereliCuS,
1009 735 1062 777 ut
1096 739 1236 776 sanas
1275 724 1391 776 ﬁdei
1439 725 1573 776 ratio
1615 726 1932 792 postulabat,

386 815 624 868 diversas
667 815 832 866 edidit
883 815 1147 865 nominum
1194 815 1472 865 novitates.
1516 812 1750 880 Denique
1799 813 1936 866 Patri

391 919 581 954 novum
612 904 1028 955 iuuasribilitatis
1057 917 1246 955 nomen
1269 903 1500 956 Ecclesia
1526 903 1936 970 imposuit.Cnm

388 995 526 1046 enim
558 994 850 1045 Salielliaun
886 994 1098 1046 lncresis
1128 994 1363 1062 genitum
1393 1009 1456 1046 ex
1482 992 1696 1061 Virgine
1728 995 1938 1047 Patrem

390 1087 644 1139 Volui~set
671 1100 923 1149 asserere,
952 1087 1234 1151 ingenitum
1267 1095 1450 1138 contra
1480 1084 1613 1136 hanc
1639 1085 1941 1139 conﬁtendo

393 1175 625 1227 Ερ‹·1.·ει;ι
664 1173 875 1225 tradidit
908 1173 1136 1225 Patrem.
1180 1171 1243 1223 Et
1272 1172 1418 1239 uliqu
1497 1173 1546 1224 in
1578 1173 1765 1224 divinis
1798 1171 1942 1226 Scri-

395 1267 557 1331 pturis
589 1264 871 1329 ingenitum
909 1278 1171 1330 nusquam
1215 1263 1434 1330 legimus
1481 1263 1711 1316 Patrem.
1764 1265 1943 1317 Potest

394 1369 520 1420 ergo
562 1354 819 1406 Sabellius
855 1352 1128 1405 audacinn
1169 1368 1316 1404 suam
1364 1353 1414 1404 in
1453 1352 1606 1419 hujus
1662 1353 1941 1406 calumnia:

392 1441 667 1495 obvertere
711 1443 1052 1510 qumstionem
1074 1479 1088 1502 ,
1120 1451 1171 1493 et
1200 1441 1354 1493 simili
1386 1448 1441 1492 ut
1471 1449 1525 1493 tu
1569 1442 1940 1509 propositionis

392 1547 589 1603 genere
626 1533 731 1594 uti,
763 1548 868 1601 quo
909 1532 1082 1585 dicat:
1122 1532 1228 1584 Cur
1266 1531 1456 1584 divinis
1500 1533 1784 1599 Scripturis
1821 1533 1938 1588 sine

395 1626 505 1677 ullo
530 1635 806 1691 proSpectu
840 1623 1053 1691 pudoris
1086 1606 1383 1675 violentiam
1422 1622 1611 1684 tacitis,
1647 1623 1947 1690 proﬁtendo

2039 458 2303 526 ligendqu
2335 461 2761 525 provocantibus,
2787 478 2890 514 non
2925 463 2988 514 ad
3015 464 3063 515 id
3094 465 3435 530 proﬁtendum
3463 471 3598 534 pic-

2037 557 2144 600 tale
2172 546 2290 600 fidei
2319 551 2592 611 suadente,
2624 552 2711 603 sed
2748 568 2873 617 [Iura
2903 563 2954 605 ct
2999 554 3134 605 nuda
3162 554 3434 607 verborum
3459 574 3610 624 pro-

2039 637 2261 706 prietate
2295 638 2392 691 hoc
2412 639 2662 706 scriptum
2686 641 2924 706 ostende,
2944 645 3257 710 ingenitum,
3284 655 3373 696 aut
3399 646 3611 713 impas-

2040 726 2244 778 sibilem
2270 726 2499 791 Patrem,
2526 729 2712 780 Filium
2738 745 2860 781 vero
2887 730 3048 781 Deum
3077 746 3136 783 ex
3171 732 3298 793 Deo,
3325 733 3489 786 lumen
3515 749 3604 786 ex

2039 813 2256 877 lumine,
2283 825 2370 866 aut
2397 816 2531 869 Patri
2553 817 2779 870 similem
2804 833 2941 870 esse.
2961 820 3091 870 Nolo
3123 820 3250 872 mihi
3280 824 3449 874 dicas:
3482 824 3606 874 hoc

2042 902 2159 956 ﬁdei
2187 906 2318 956 ratio
2349 907 2546 972 poscit:
2585 907 2682 958 hoc
2713 908 2875 971 pietas
2899 910 3083 961 docet:
3127 909 3189 961 ad
3222 910 3358 963 hanc
3383 928 3462 966 me
3488 929 3604 964 no-

2041 993 2195 1045 minis
2226 993 2602 1061 professionem
2634 996 3023 1061 St-ripturarum
3053 1010 3425 1068 consequentia
3465 1017 3601 1069 pro-

2043 1088 2212 1133 vocat.
2233 1082 2635 1151 Nolo,inquam,
2657 1085 2780 1138 mibi
2811 1088 2932 1139 talia
2963 1087 3252 1152 obtendas;
3277 1090 3400 1156 quia
3429 1101 3478 1142 et
3501 1105 3603 1144 me

2042 1169 2234 1222 similia
2256 1171 2322 1224 de
2356 1171 2616 1226 homousii
2647 1175 2957 1242 probatione
2982 1179 3185 1243 respuis
3210 1179 3600 1246 proierentem.

2044 1260 2146 1313 Sed
2176 1260 2312 1315 ferto
2341 1262 2392 1314 in
2423 1262 2662 1318 manibus
2684 1265 2979 1318 divinorum
3003 1267 3327 1319 voluminum
3359 1269 3600 1332 codices,

2046 1359 2098 1402 ct
2125 1355 2311 1402 eodem
2357 1366 2509 1414 sono,
2537 1353 2826 1422 iisdemque
2853 1356 3071 1423 Syllabis
3096 1357 3462 1423 przedictornm
3502 1375 3606 1410 vo-

2044 1440 2351 1493 cabulorum
2385 1447 2589 1496 nomina
2615 1444 2772 1497 indita
2808 1446 2941 1513 lege.
2966 1450 3062 1496 Aut
3091 1449 3312 1500 05tende
3340 1448 3601 1515 scriptum

2050 1530 2236 1584 Filium
2263 1533 2400 1585 Patri
2425 1535 2672 1596 similem,
2691 1545 2778 1588 aut
2803 1536 2964 1590 fatere
2989 1536 3320 1590 dissimilem.
3339 1539 3452 1604 Quo
3474 1541 3504 1591 It
3528 1554 3604 1592 nc

2048 1636 2314 1688 erumpas,
2343 1637 2447 1690 quo
2475 1638 2679 1676 rursum
2709 1627 2901 1678 evadas
2932 1641 3034 1678 non
3063 1637 3162 1678 est.
3188 1626 3316 1678 Tuis
3348 1635 3399 1680 te
3424 1629 3604 1694 impli-

395 1712 757 1766 iunascibilem
797 1712 999 1764 Patrem
1027 1727 1041 1774 ;
1080 1712 1216 1778 quod
1247 1712 1498 1779 scriptum
1536 1710 1814 1764 ostendere
1841 1726 1947 1764 non
1981 1720 2024 1779 Β
2049 1712 2208 1762 citum
2251 1714 2625 1779 propositionis
2657 1715 2876 1766 nexibus
2905 1715 3165 1767 enodandi
3204 1717 3423 1770 facultas
3450 1720 3600 1770 nulla

397 1804 622 1856 valetis?
653 1803 778 1856 Item
816 1804 934 1870 quia
982 1817 1101 1855 eum
1138 1817 1240 1854 non
1278 1805 1445 1856 solum
1476 1802 1744 1870 genitum,
1774 1802 1867 1856 sed
1893 1812 1948 1857 et

398 1907 606 1958 passum
663 1891 820 1959 impio
866 1892 1113 1959 dogmate
1158 1892 1294 1944 idem
1334 1892 1593 1945 Sabellius
1637 1893 1942 1961 proﬁtetur,

397 1983 544 2036 vobis
581 1984 633 2034 in
663 1996 820 2035 unum
869 1981 1336 2042 convenientibus,
1381 1980 1517 2034 inter
1554 1992 1772 2035 creteras
1819 1997 1948 2050 quas

397 2071 767 2141 promulgastis
797 2072 915 2125 ﬁdei
939 2073 1258 2135 sanctiones,
1293 2070 1498 2123 dixistis
1527 2071 1732 2124 Patrent
1761 2071 1950 2140 impas-

395 2161 605 2214 sibdem
634 2174 772 2225 esse,
809 2160 945 2228 quod
976 2160 1238 2228 religiose,
1262 2170 1551 2229 sancteque
1582 2175 1676 2214 vos
1701 2163 1948 2215 statuisse

397 2251 701 2318 probamus.
741 2250 843 2303 Sed
883 2251 982 2303 hoc
1029 2248 1171 2303 idem
1204 2249 1294 2304 ille
1333 2249 1640 2317 proclamat.
1669 2249 1950 2317 Quousque

397 2351 588 2396 vestrm
641 2341 866 2395 licentia
915 2341 1187 2393 audaciam
1239 2340 1600 2408 protenditis;
1658 2339 1948 2406 proﬁtemlo

396 2436 534 2503 quod
580 2435 836 2500 scriptum
887 2449 989 2484 non
1033 2432 1252 2500 legistis,
1299 2431 1675 2498 impassibilem
1717 2429 1946 2493 Patrem,

397 2523 537 2592 quod
565 2539 660 2578 nec
684 2523 954 2590 protihette
977 2520 1321 2584 tradiderunt,
1346 2535 1445 2573 nec
1473 2520 1696 2588 symbuli
1726 2520 1950 2571 autlten.

399 2615 484 2666 tiri
531 2612 741 2667 Indidi!
789 2612 1107 2677 auctoritas,
1153 2610 1244 2663 sed
1297 2617 1470 2663 vestra
1518 2617 1600 2663 est
1654 2609 1947 2663 temeritate

397 2710 791 2769 praesumptum.
820 2701 1017 2753 llursus
1038 2699 1437 2766 prosequimini,
1462 2708 1514 2752 et
1538 2699 1676 2752 hanc
1693 2698 1949 2766 religiosa:

397 2791 741 2844 confessionis
774 2789 929 2842 ﬁdem
962 2791 1029 2842 de
1062 2789 1194 2842 Filio
1223 2790 1500 2850 statuistis,
1535 2789 1698 2842 Deum
1726 2803 1846 2842 eum
1873 2788 1952 2841 di-

400 2893 580 2935 centes
609 2897 674 2933 ex
706 2881 838 2945 Deo,
872 2882 1045 2933 lumen
1081 2896 1145 2932 ex
1178 2881 1395 2933 lumine.
1427 2880 1541 2934 Jam
1578 2880 1664 2934 hic
1706 2879 1947 2947 Photino,

399 2975 485 3041 qui
521 2988 582 3026 ex
632 2973 872 3025 humante
911 2972 1271 3039 generationis
1312 2981 1496 3025 natura
1540 2971 1744 3024 initium
1773 2970 1952 3022 tribuit

2047 1800 2362 1866 suppeditat.
2388 1804 2490 1854 Aut
2513 1804 2744 1855 concede
2766 1805 2889 1856 mihi
2915 1789 3449 1871 ex‘consequentibus
3476 1823 3604 1873 pro-

2054 1889 2181 1940 bare
2215 1889 2549 1955 homousion,
2573 1890 2622 1943 id
2658 1899 2738 1944 est
2763 1892 2914 1943 unius
2944 1893 3252 1946 substantiae
3283 1895 3475 1947 ﬁdem:
3508 1908 3603 1948 aut

2051 1979 2093 2030 si
2116 1981 2409 2034 concedere
2433 1982 2665 2034 nolueris
2691 1983 2922 2049 neganda
2945 1993 3065 2035 sunt
3093 1983 3185 2036 tibi
3216 1986 3458 2037 universa
3480 2003 3550 2052 qu
3568 2003 3604 2038 e

2050 2068 2161 2135 ipse
2194 2068 2411 2133 l'a'eris;
2450 2071 2570 2139 quia
2600 2085 2659 2124 ea
2691 2072 2828 2124 unde
2867 2074 3030 2139 posita
3064 2073 3301 2126 invenire
3337 2089 3600 2142 nusquam

2049 2157 2230 2224 utique
2269 2160 2483 2225 poteris.

2115 2249 2220 2316 97
2270 2248 2404 2304 XIV.
2458 2249 2654 2304 Probus
2689 2253 2852 2321 judcx
2899 2254 3026 2306 dixit
3068 2268 3086 2306 :
3121 2253 3176 2308 Si
3224 2255 3606 2308 ecclesiastica

2050 2340 2449 2394 consuetudinis
2492 2355 2606 2394 mos
2641 2353 2720 2394 est
2752 2350 2807 2394 ut
2832 2342 3002 2410 aliqua
3031 2345 3311 2396 verborum
3344 2345 3607 2398 vocabula

2049 2427 2119 2480 ob
2143 2431 2464 2484 coercendos
2490 2431 2852 2485 hmrcticorum
2875 2441 3047 2486 motus
3069 2433 3120 2485 in
3145 2432 3265 2488 ﬁdei
3287 2438 3610 2488 auctoritate

2051 2520 2190 2572 unde
2219 2531 2497 2587 ponantur,
2525 2537 2642 2589 quae
2672 2533 2844 2576 tamen
2882 2526 3083 2577 ratione
3115 2539 3180 2578 ex
3220 2527 3608 2595 consequentia

2050 2622 2224 2661 rerum
2269 2610 2612 2664 existentium
2656 2612 2979 2675 vestiantur;
3009 2613 3132 2666 dum
3166 2627 3349 2667 eorum
3382 2615 3608 2680 veritas,

2051 2710 2113 2750 ex
2157 2713 2258 2766 qua
2308 2698 2562 2768 originem
2610 2710 2843 2766 sumunt,
2882 2703 3075 2757 divinis
3111 2706 3369 2759 contineri
3411 2707 3613 2762 litteris

2052 2790 2344 2854 invenitur;
2377 2793 2498 2860 quid
2539 2793 2690 2860 dicis,
2722 2794 2845 2847 Arii
2873 2793 3133 2849 Concedis
3159 2799 3472 2852 homousion
3512 2799 3615 2864 (si-

2051 2887 2141 2933 cut
2167 2880 2488 2934 Athanasius
2514 2881 2664 2951 dicit)
2689 2883 2755 2935 de
2791 2883 2980 2936 divinis
3021 2885 3306 2952 Scripturis
3345 2902 3440 2954 per
3476 2904 3617 2942 con-

2052 2969 2321 3022 venientes
2347 2967 2730 3036 professionum
2763 2972 3043 3038 qualitates
3072 2974 3301 3040 probari,
3331 2991 3398 3028 an
3427 2978 3578 3029 non!

407 3063 563 3126 Filio,
603 3071 792 3131 quanta
837 3060 1194 3114 calumniandi
1240 3058 1448 3113 occasio
1500 3069 1700 3125 pateat,
1736 3058 1847 3127 ipse
1875 3070 1948 3124 tu,
1979 3061 2025 3122 ε
2126 3058 2276 3110 Arius
2309 3059 2435 3110 dixit
2458 3073 2476 3111 :
2499 3059 2599 3112 Iste
2629 3061 2804 3114 nescio
2831 3074 2932 3128 qua
2961 3062 3297 3130 syllogisticze
3322 3064 3449 3118 artis
3479 3081 3618 3120 vero

403 3171 600 3225 ancso,
627 3156 829 3208 metire.
854 3154 959 3206 Cur
984 3155 1124 3206 enim
1157 3167 1260 3205 non
1287 3152 1488 3206 similes
1509 3154 1953 3220 querimoniarum

404 3262 590 3302 causas
629 3246 892 3298 intentat?
925 3244 1030 3298 Cur
1076 3259 1178 3297 non
1221 3243 1379 3297 simili
1432 3243 1810 3297 vociferatione
1845 3245 1956 3307 ipse

409 3351 618 3406 quoque
648 3336 892 3398 insaniat,
924 3335 1133 3386 dicens:
1168 3331 1301 3398 Quid
1329 3332 1524 3397 dicitis,
1543 3332 1669 3399 quid
1701 3331 1953 3392 statuitis,

406 3430 527 3497 ηιιιύ
555 3427 877 3494 sequendum
904 3437 1081 3479 vestro
1102 3423 1300 3492 judicio
1327 3423 1555 3490 posteris
1583 3422 1807 3484 traditis,
1830 3438 1956 3473 cou-

408 3519 604 3570 litendo
628 3518 816 3571 Filium
834 3516 997 3568 Deum
1023 3531 1084 3567 ex
1106 3515 1233 3577 Deo,
1250 3513 1424 3565 lumen
1442 3528 1508 3565 ex
1531 3513 1756 3564 lumine?
1777 3514 1959 3564 Ustcn-

410 3609 516 3660 dite
539 3606 665 3659 tnihi
691 3613 864 3659 utrum
885 3606 936 3657 in
957 3619 1016 3656 ea
1042 3603 1160 3655 ﬁdei
1183 3603 1370 3663 forma,
1400 3601 1451 3653 id
1475 3609 1556 3653 est
1579 3601 1629 3652 in
1654 3599 1957 3652 authentico

413 3697 655 3766 symbolo
696 3694 835 3763 quod
881 3693 1104 3761 apostoli
1157 3691 1518 3753 tradiderunt,
1568 3692 1667 3742 hoc
1704 3691 1956 3753 scriptum

413 3785 685 3854 lc'gcritis?
706 3785 808 3838 Sed
832 3793 1109 3838 contentus
1135 3782 1394 3851 sum,”
1414 3789 1470 3833 ut
1491 3780 1558 3833 ibi
1581 3781 1831 3848 scriptum
1856 3797 1956 3832 non

416 3877 593 3940 fuerit,
625 3876 812 3929 saltem
845 3874 970 3927 mihi
1000 3874 1066 3927 de
1097 3873 1368 3941 prophetis
1397 3872 1619 3937 legatur,
1650 3870 1715 3923 de
1745 3878 1958 3937 aposto-

415 3966 583 4019 lorum
642 3965 828 4018 litteris
866 3967 1188 4016 ostendatur.
1233 3961 1360 4027 Quis
1411 3961 1504 4014 has
1543 3974 1727 4012 vocum
1770 3961 1961 4013 toleret

419 4057 704 4109 novitates?
730 4055 858 4119 Quis
887 4055 985 4108 hoc
1015 4055 1124 4106 suis
1144 4053 1419 4105 admittere
1446 4051 1687 4105 sensibus
1713 4050 1958 4118 patiatur,

416 4146 553 4209 quod
577 4161 641 4196 ne
662 4158 745 4210 rue
776 4144 1044 4210 prophetae
1074 4157 1244 4209 neque
1269 4141 1490 4208 apostoli
1519 4139 1892 4193 tradidtruut?

493 4231 625 4286 XIII.
653 4233 777 4286 ltem
812 4234 1036 4285 similem
1068 4232 1205 4284 Patri
1238 4231 1424 4284 Filium
1452 4232 1628 4284 multis
1653 4241 1700 4285 ct
1732 4233 1964 4285 celeber-

419 4326 564 4379 rimis
590 4323 928 4376 conciliorum
960 4333 1252 4375 vestrorum
1289 4322 1514 4375 decretis
1552 4323 1827 4375 statuistis.
1859 4325 1962 4376 Ex-

2053 3151 2191 3204 sutia
2221 3151 2570 3217 objectionem
2615 3165 2784 3204 meam
2808 3162 3028 3205 conatur
3053 3152 3287 3208 cludere.
3323 3155 3434 3222 Ego
3458 3157 3616 3210 enim

2055 3240 2154 3292 hoc
2184 3238 2309 3291 mihi
2337 3239 2540 3292 ostendi
2567 3239 2840 3302 desidero,
2875 3250 3049 3293 utrum
3085 3241 3398 3296 homousion
3430 3245 3619 3299 domi-

2055 3328 2187 3382 nica:
2227 3328 2295 3381 sit
2339 3329 2580 3382 lectionis
2618 3331 2928 3384 auctoritate
2969 3332 3346 3398 concriptnm.
3389 3333 3453 3386 Et
3481 3337 3621 3387 ideo

2055 3427 2144 3470 aut
2183 3420 2394 3487 prOprie
2438 3421 2658 3487 positum
2707 3419 2862 3487 legat,
2900 3430 2990 3473 aut
3025 3423 3092 3473 ab
3129 3428 3245 3488 c,‘us
3272 3423 3477 3476 confess
3502 3441 3622 3479 uno

2057 3508 2285 3562 recedat.

2129 3598 2326 3652 Probus
2355 3602 2520 3670 judra:
2555 3601 2681 3654 dia-it
2711 3617 2729 3654 :
2758 3603 2858 3655 Sed
2902 3602 3048 3656 vides
3078 3605 3520 3669 quemadmodum
3562 3611 3619 3660 in

2059 3698 2112 3743 te
2139 3697 2279 3743 tuam
2306 3691 2498 3745 referat
2526 3693 2888 3758 quaesﬁoncm,
2915 3701 2967 3746 et
2997 3693 3179 3746 iisdem
3204 3703 3256 3747 te
3275 3695 3462 3762 quibus
3485 3707 3622 3748 ute-

2059 3779 2132 3832 ris
2180 3782 2504 3849 constringat
2548 3782 2800 3846 articulis,
2850 3782 3191 3850 professionis
3239 3793 3340 3835 tua
3383 3788 3623 3840 manife-

2059 3869 2242 3932 stiore,
2276 3878 2331 3921 ut
2361 3867 2470 3936 ipse
2501 3869 2688 3938 exigis,
2714 3869 3048 3930 documento,
3078 3880 3136 3922 ut
3166 3871 3213 3922 ei
3243 3869 3309 3923 de
3337 3873 3624 3927 canonicis

2061 3959 2251 4014 litteris
2277 3963 2415 4016 unde
2442 3963 2665 4029 positum
2702 3963 2946 4014 ostendas
2977 3962 3357 4025 innascibilem,
3387 3973 3475 4014 aut
3505 3964 3626 4015 im-

2064 4051 2364 4117 passibilem
2394 4051 2619 4116 Patrem,
2653 4061 2743 4105 aut
2771 4053 2930 4104 Deum
2960 4069 3023 4104 ex
3057 4053 3182 4118 Deo,
3221 4065 3307 4103 aut
3341 4055 3511 4107 lumen
3547 4072 3623 4110 ex

2066 4142 2281 4207 lum'nc,
2313 4152 2401 4194 aut
2431 4143 2565 4196 Patri
2600 4143 2786 4196 Filium
2815 4144 3040 4196 similem
3079 4145 3230 4197 esse?
3254 4143 3379 4209 Quae
3399 4149 3620 4212 omnia,

2063 4234 2106 4286 si
2140 4233 2350 4300 proprie
2392 4234 2556 4301 posita
2601 4235 2811 4287 minime
2842 4235 3205 4287 demonstrare
3234 4237 3478 4297 valueris,
3513 4253 3626 4290 ne-

2064 4322 2217 4388 gandi
2253 4323 2345 4374 libi
2381 4324 2662 4376 necessitas
2699 4324 3010 4376 imminebit.
3039 4323 3130 4376 Cui
3174 4322 3459 4376 discrimini
3497 4327 3624 4389 illa,

418 4427 596 4484 surgat
631 4427 768 4466 nunc
798 4413 1101 4475 Eunomius,
1126 4413 1210 4479 qui
1248 4411 1554 4464 dissimilem
1581 4412 1880 4476 conlltelur,
1913 4424 1964 4466 et
1994 4399 2042 4456 υ
2073 4421 2126 4462 ut
2149 4410 2274 4462 mihi
2297 4412 2522 4474 videtur,
2550 4415 2658 4464 sola
2684 4414 2873 4480 poterit
2909 4413 3042 4465 ratio
3073 4413 3369 4475 subvenire,
3404 4423 3456 4463 ut
3480 4429 3628 4466 coa-

419 4508 595 4559 dit'at:
651 4504 745 4558 Ubi
794 4505 890 4555 hoc
941 4501 1184 4569 legistis?
1221 4502 1304 4553 ubi
1356 4501 1604 4567 scriptum
1651 4500 1963 4567 reperistis?

422 4609 669 4649 utrmnne
717 4596 869 4646 Pater
907 4609 973 4645 an
1020 4593 1182 4644 Filius
1213 4591 1308 4644 hac
1335 4591 1402 4644 de
1433 4605 1490 4644 se
1523 4605 1647 4643 usus
1683 4601 1764 4645 est
1797 4593 1962 4645 \oec?

425 4687 563 4753 Ergo
584 4695 659 4747 tu,
690 4685 802 4746 Ari,
835 4685 921 4752 qui
956 4699 1038 4736 me
1075 4682 1230 4734 hodie
1265 4682 1356 4733 tali
1381 4683 1694 4748 constringis
1719 4684 1959 4745 articulo,

419 4789 480 4829 nt
507 4778 815 4830 hotnousion
848 4775 1058 4842 prOprie
1103 4772 1328 4841 positum
1364 4773 1656 4834 ostendam,
1683 4780 1771 4824 aut
1803 4771 1964 4826 fatere

425 4877 606 4918 contra
654 4866 940 4918 insolentes
978 4874 1029 4916 et
1071 4863 1286 4914 furtivas
1318 4860 1575 4914 hmrelica:
1606 4861 1964 4930 intelligentia:

428 4959 727 5025 pravitates,
756 4955 993 5024 qumdam
1023 4952 1372 5006 confessionis
1398 4953 1604 5003 nomina
1637 4967 1739 5003 non
1770 4963 1966 5005 temere

426 5057 763 5116 praesumpta,
790 5046 880 5098 sed
907 5061 969 5098 ex
993 5041 1334 5110 consequenti
1361 5042 1563 5094 ratione
1582 5044 1819 5104 collecta,
1847 5043 1963 5094 ﬁdei

431 5137 825 5190 auctoritatibus
847 5136 1008 5188 fuisse
1039 5137 1259 5186 inserta:
1291 5135 1356 5183 ita
1382 5143 1434 5183 ιιι
1462 5140 1537 5183 tot
1564 5147 1816 5184 novorum
1852 5146 1968 5183 ver-

429 5228 611 5278 borum
652 5225 892 5293 rcligioso
931 5224 1194 5276 intellectu
1236 5223 1536 5274 exstiterint
1574 5221 1962 5282 absolutiones,

424 5331 550 5386 quot
585 5319 774 5369 fuerint
801 5319 1031 5381 quesita:
1066 5317 1142 5369 vel
1175 5315 1581 5368 subministrat-tt
1616 5307 1846 5380 perﬁdia
1876 5330 1965 5366 oc-

423 5424 685 5463 caHOlil'S.
703 5407 801 5458 Aut
825 5408 864 5458 si
891 5407 938 5456 id
961 5406 1106 5459 fateri
1132 5406 1383 5469 nolueris,
1403 5407 1503 5457 tuis
1527 5416 1694 5457 ternm
1724 5406 1966 5472 ohject’o

426 5500 584 5551 nibus
605 5494 1017 5564 .ugarn.Ostende
1039 5495 1159 5550 tnihi
1192 5511 1295 5550 non
1318 5511 1383 5548 ex
1413 5495 1748 5562 conjecturis,
1777 5510 1880 5547 non
1904 5509 1963 5546 ex

2071 4501 2272 4552 cedatis
2317 4500 2464 4553 vobis
2505 4515 2564 4554 ea
2602 4515 2717 4569 qua:
2759 4502 2809 4552 in
2847 4501 3080 4554 conciliis
3102 4501 3290 4553 vesttis
3327 4501 3461 4552 nude
3487 4514 3628 4556 sunt

2072 4591 2256 4658 posita,
2281 4590 2345 4644 de
2373 4591 2756 4658 Scripturarum
2787 4591 3013 4644 fontibus
3038 4604 3330 4644 emanasse.
3358 4590 3483 4643 Nini
3509 4591 3628 4647 hoc

2071 4679 2426 4733 contentionis
2455 4681 2580 4732 vitio
2615 4680 2696 4743 de.
2719 4680 2970 4742 ulabilur,
2999 4689 3055 4731 ut
3082 4679 3450 4732 documentum
3479 4683 3624 4732 nudi

2071 4773 2334 4825 sermonis
2379 4773 2576 4840 exigas,
2623 4774 2772 4837 cujus
2815 4771 2934 4823 ﬁdei
2980 4785 3192 4823 sensum
3236 4771 3288 4821 in
3327 4771 3628 4837 Scriptor-is

2069 4866 2332 4931 c0piositts
2373 4865 2582 4917 noveris
2621 4863 2931 4915 redundare.
2966 4863 3189 4914 Sensum
3227 4860 3387 4928 igitur
3414 4877 3621 4928 qua-re,

2071 4954 2207 5007 unde
2243 4953 2480 5006 vocabuli
2520 4953 2669 5020 hujus
2697 4962 2877 5005 natura
2911 4951 3070 5003 traxit
3096 4951 3349 5019 originem
3377 4970 3388 5003 :
3413 4962 3465 5004 et
3493 4967 3624 5004 cum

2071 5059 2279 5097 sensum
2323 5045 2602 5107 inveneris,
2647 5059 2836 5096 nomen
2889 5052 2938 5096 te
2979 5043 3173 5109 pariter
3213 5041 3477 5096 invenisse
3511 5059 3626 5097 non

2071 5132 2295 5185 dubites.

2143 5222 2253 5275 XV.
2297 5223 2599 5272 Athanasius
2644 5222 2768 5272 dixit
2806 5237 2824 5273 :
2853 5221 3276 5286 Quattliscunque
3325 5220 3627 5274 rationibus

2071 5323 2206 5379 agat,
2241 5313 2530 5363 nullatenus
2563 5319 2731 5370 potest
2767 5310 2830 5362 ab
2877 5313 2971 5361 hac
3016 5309 3306 5362 intentione
3339 5314 3623 5363 removeri.

2073 5403 2224 5456 Novit
2266 5402 2405 5454 enim
2449 5401 2761 5462 certissime,
2807 5401 2922 5467 quia
2969 5401 3009 5451 si
3057 5399 3121 5452 ad
3164 5400 3263 5451 hoc
3302 5399 3626 5452 descen~mn

2075 5491 2249 5552 fuerit,
2281 5501 2332 5542 ut
2375 5506 2434 5543 ex
2469 5492 2838 5557 consequentia
2885 5491 3272 5556 Scripturarum
3315 5506 3475 5542 unam
3507 5507 3630 5544 esxe
