3842 6226
120 289 214 344 MS

1079 281 1349 338 CONTRA
1394 279 1683 336 MllANOS
1723 277 2077 334 Dl.\l.OGlIS.
2122 275 2247 330 LIB.
2290 275 2354 329 li.

3197 285 3300 341 166

119 401 278 454 l‘atris
315 408 366 454 et
411 398 526 452 Filii
580 397 930 452 substantiam
971 397 1132 467 (quod
1174 407 1256 451 est
1311 396 1648 464 liomousion)
1676 396 1724 455 Α
1755 403 1807 447 et
1854 392 2064 460 proprie
2109 389 2310 460 positas
2350 386 2481 458 lege.
2530 389 2584 445 Si
2633 392 2773 445 enim
2821 391 2942 446 ideo
2989 395 3298 450 honiousion

117 495 369 556 doceatur,
408 490 662 544 facillime
693 504 752 544 se
787 503 945 558 posse
984 488 1218 556 superari
1253 505 1263 539 :
1296 497 1351 541 et
1377 488 1495 540 ideo
1516 486 1649 539 difﬁ-

117 583 295 636 dentia
322 596 381 634 ac
403 580 609 632 timoris
637 578 873 645 periculo
904 587 1070 643 actus,
1100 576 1225 631 nudi
1269 575 1533 630 sermonis
1561 575 1654 627 lla-

118 673 243 740 gitat
256 671 642 724 documentum.
671 669 777 724 Sed
807 670 915 723 suis
930 677 1013 728 est
1031 669 1218 722 iterum
1242 666 1656 736 professionibus

123 758 564 826 constringendus.
600 758 786 828 Exigis
815 773 844 811 a
875 773 961 812 me
987 766 1040 810 ut
1065 771 1223 811 unam
1259 756 1428 810 Patris
1457 765 1508 809 et
1537 755 1654 809 Filii

121 848 448 901 substantiam
464 849 575 917 98
599 847 673 918 (id
699 857 780 900 est
808 846 1170 914 homousion).
1205 846 1461 912 scriptum
1481 854 1659 898 osten-

122 938 260 990 dam.
275 937 348 991 Tu
359 945 533 992 autem
559 946 670 991 tres
688 938 848 1000 usias,
867 936 919 990 id
944 946 1022 990 est
1043 945 1148 989 tres
1169 936 1510 999 substantias,
1529 950 1657 989 con-

126 1029 300 1081 fiteris.
323 1027 548 1081 Ostende
579 1027 736 1094 igitur
772 1027 896 1080 mihi
929 1026 1016 1080 ubi
1057 1026 1226 1095 legisti
1260 1036 1365 1080 tres
1409 1026 1568 1081 usias.
1602 1026 1657 1081 Si

125 1119 263 1171 cnim
282 1132 373 1186 ego
397 1132 555 1170 unum
588 1118 713 1185 (hoc
735 1127 817 1172 est
840 1117 1176 1186 homeusion)
1204 1118 1323 1171 ideo
1357 1131 1548 1187 negare
1569 1117 1662 1171 de—

126 1213 242 1272 beo,
270 1212 383 1278 quia
412 1208 510 1262 hoc
539 1209 677 1263 unde
708 1211 963 1277 scriptum
993 1224 1096 1263 non
1129 1210 1339 1263 invenio
1363 1227 1378 1263 :
1404 1219 1455 1262 tu
1479 1224 1660 1278 quem-

124 1301 390 1354 admodum
419 1301 585 1354 audes
621 1309 728 1354 tres
765 1301 912 1354 usias
949 1300 1212 1364 confiteri,
1240 1316 1359 1354 cum
1399 1302 1497 1354 hoc
1525 1301 1662 1354 scri-

127 1399 267 1457 ptum
298 1403 546 1457 nusquam
578 1389 776 1457 poteris
804 1390 1202 1442 demonstrare?

194 1476 381 1531 Probas
415 1478 583 1548 judea:
619 1478 748 1530 dixit
778 1493 796 1531 :
822 1478 878 1532 Si
908 1489 1077 1531 exstat
1115 1477 1327 1546 aliquod
1369 1490 1432 1530 ex
1474 1477 1664 1530 divinis

128 1567 514 1621 auctoritatibus
549 1567 959 1629 documentum,
1007 1566 1220 1636 proprie
1266 1576 1320 1620 et
1363 1566 1666 1634 specialiter

131 1656 363 1720 pOailllll,
395 1653 499 1723 quo
523 1655 845 1723 approbetur
870 1655 1056 1719 Patris,
1093 1664 1148 1709 et
1178 1655 1323 1722 Filii,
1352 1664 1409 1710 et
1434 1655 1665 1725 Spiritus

1754 499 1948 552 negare
1983 482 2172 547 debeo,
2216 483 2336 551 quia
2390 484 2488 536 hoc
2533 484 2786 552 scriptum
2831 485 2968 540 nude
3009 496 3302 540 monstrare

1756 587 1860 625 non
1888 573 2064 637 valeo,
2099 573 2398 626 necessario
2441 574 2659 627 triusion
2705 584 2829 628 tunc
2861 574 3008 630 fateri
3035 575 3220 636 debeo,
3252 580 3295 631 si

1757 651 1966 734 preprie
1995 665 2216 730 positum
2242 673 2291 717 te
2319 663 2627 718 ostendente
2648 679 2969 733 rognovcro.

1825 756 1934 823 99
1961 752 2094 805 XVI.
2132 754 2280 805 Arius
2311 754 2436 806 dixit
2463 768 2484 808 :
2513 753 2759 808 Subsistit
2797 757 3005 824 proprie
3033 756 3206 817 Pater,
3235 774 3302 814 an

1760 845 1902 896 non?

1829 933 2133 988 Athanasius
2177 934 2305 987 dixit
2331 947 2353 988 :
2383 934 2488 987 Nisi
2529 941 2637 987 tres
2676 934 2818 987 usias
2863 936 3072 1002 proprie
3106 937 3305 1004 positas

1759 1023 1970 1090 legeris,
2000 1025 2201 1078 nullum
2235 1025 2337 1077 tuis
2369 1024 2866 1092 interrogationibus
2909 1023 3043 1077 dabo
3089 1040 3307 1094 respon-

1759 1126 1898 1165 sum.
1929 1113 2056 1177 Quis
2083 1113 2224 1167 enim
2250 1127 2359 1167 non
2387 1112 2559 1166 videat
2585 1127 2690 1181 quo
2714 1122 2800 1165 tua
2833 1113 3013 1166 tendat
3048 1114 3308 1180 obiectio!

1763 1203 1854 1256 Vis
1875 1205 2014 1258 enim
2041 1213 2350 1272 argumento
2383 1205 2589 1258 callidas
2623 1204 3048 1272 interrogationis
3075 1206 3311 1259 diversas

1760 1297 2053 1362 approbare
2090 1294 2258 1348 Patris
2289 1305 2341 1350 et
2382 1294 2497 1349 Filii
2537 1296 2895 1349 substantias:
2924 1297 3016 1350 sed
3048 1295 3132 1349 hic
3157 1309 3310 1364 argu-

1763 1385 1954 1436 mentis
1991 1398 2096 1436 non
2137 1397 2270 1452 opus
2310 1393 2412 1447 est,
2452 1383 2540 1436 ubi
2587 1382 2943 1437 manifestiore
2975 1386 3311 1452 proprietatis

1765 1472 2066 1526 testimonio
2108 1473 2266 1527 trium
2312 1473 2719 1527 substantiamm
2763 1475 2988 1541 exigitur
3029 1473 3311 1528 documen-

1766 1570 1896 1616 tum.
1931 1563 2034 1618 Sed
2067 1564 2112 1616 si
2142 1579 2172 1618 a
2203 1562 2523 1632 proprietate
2559 1564 2981 1618 testimoniorum
3025 1565 3088 1617 ad
3136 1580 3310 1621 rerum

1766 1655 2193 1722 censeqttentiam
2220 1655 2446 1709 transire
2464 1655 2755 1721 desideras,
2778 1655 2875 1708 hoc
2897 1654 3066 1722 ipsum
3090 1656 3311 1723 publica:

130 1744 290 1797 sancti
326 1752 430 1798 tres
474 1743 637 1809 usias,
679 1753 892 1812 tresque
927 1744 1010 1813 (ut
1050 1744 1251 1814 fateris)
1283 1757 1402 1799 esse
1430 1752 1661 1808 naturas,
1699 1747 1741 1804 Β
1767 1745 2108 1798 conscientia
2150 1744 2466 1811 innotescat,
2509 1759 2616 1798 non
2655 1755 2706 1799 te
2749 1745 2982 1812 potuisse
3026 1756 3134 1800 tres
3172 1747 3314 1800 usias

131 1834 413 1899 proferatur
457 1850 471 1886 :
511 1849 617 1903 quo
670 1834 836 1902 possit
884 1833 1203 1888 Athanasius
1250 1849 1280 1886 a
1329 1834 1665 1888 confessione

133 1922 278 1976 unius
307 1923 622 1977 substantiae
651 1921 812 1992 (quod
858 1932 942 1976 est
984 1923 1325 1993 ltomousiou)
1378 1923 1665 1977 declinare.

133 2011 254 2063 Cum
293 2013 428 2065 enim
475 2013 692 2067 triusion
747 2014 956 2080 proprie
1005 2014 1058 2066 in
1111 2013 1398 2082 Scripturis
1442 2015 1667 2082 positum

132 2102 429 2166 ostenderis,
451 2103 726 2171 apruirebit
743 2103 1090 2157 Athanasium
1118 2105 1416 2159 temeritate
1445 2107 1672 2171 pertina-

134 2191 349 2244 cissime
376 2191 750 2246 obstinationis
791 2193 841 2245 in
884 2193 1144 2246 homousii
1187 2193 1518 2248 confessione
1549 2193 1671 2247 liac-

135 2287 279 2333 terius
311 2284 642 2346 perdurasse,
684 2281 822 2350 quod
855 2283 1066 2351 proprie
1106 2282 1332 2350 positum
1362 2299 1467 2337 non
1503 2285 1674 2350 potuit

137 2367 499 2424 demonstrare.
530 2371 587 2424 Si
614 2385 742 2425 vero
770 2386 868 2426 nec
896 2379 950 2424 tu
983 2373 1096 2439 ipse
1131 2380 1238 2425 tres
1265 2374 1407 2427 usias
1445 2373 1669 2427 demon-

137 2469 294 2512 strare
335 2459 599 2524 valueris,
652 2462 761 2528 pari
815 2461 940 2515 mihi
990 2463 1307 2516 conditionis
1359 2466 1674 2519 necessitate

139 2549 374 2602 astrictus
398 2562 518 2602 esse
542 2548 823 2604 videberis.

201 2637 501 2691 Athanasius
521 2638 651 2691 dixit
675 2653 692 2690 :
721 2640 915 2694 Doceat
933 2648 1040 2695 tres
1060 2641 1204 2695 naias
1226 2642 1436 2710 proprie
1459 2644 1675 2710 positas,

143 2731 193 2776 et
237 2724 363 2778 facio
404 2727 559 2780 unius
589 2727 916 2795 substantiae,
949 2745 1066 2798 quae
1090 2741 1171 2783 est
1196 2731 1532 2800 bomousion,
1561 2748 1676 2787 ces-

143 2828 350 2869 sionem.

207 2905 348 2957 Arias
375 2905 502 2958 dixit
531 2921 554 2959 :
577 2906 634 2962 Si
662 2915 772 2963 tres
803 2918 927 2962 sunt
948 2908 1124 2974 Pater,
1146 2918 1198 2964 et
1225 2908 1408 2974 Filius,
1433 2920 1487 2964 et
1511 2911 1680 2978 Spiri-

147 3000 220 3045 tus
261 3005 487 3060 sanctus,
529 2999 826 3050 necessario
865 3005 977 3052 tres
1017 3008 1139 3052 sunt
1175 3008 1231 3052 et
1270 3000 1596 3062 substantia.
1625 3002 1678 3054 in

1769 1833 1984 1901 proprie
2009 1833 2205 1901 positas
2223 1833 2606 1888 demonstrare.
2633 1834 2698 1887 Et
2716 1850 2835 1889 cum
2865 1850 2960 1888 nos
2987 1839 3192 1904 utrique
3215 1836 3314 1890 hoc

1768 1922 1990 1976 articulo
2029 1922 2366 1986 solverimus,
2395 1923 2780 1992 objectionitius
2822 1927 2902 1979 vel
2949 1928 3315 1996 Interrogatio-

1770 2012 1922 2064 nibus
1948 2011 2052 2065 tuis
2082 2013 2402 2066 satisfaciam
2428 2010 2643 2067 necesse
2669 2021 2770 2066 est.

1843 2100 2040 2155 Probas
2069 2103 2220 2167 iudex
2245 2104 2374 2156 dixit
2399 2119 2416 2156 .'
2440 2103 2702 2170 Quantum
2733 2114 2923 2159 vestra:
2947 2106 3317 2173 disputationis

1773 2190 1993 2244 intentio
2022 2201 2300 2257 monstrat,
2329 2207 2425 2246 nec
2452 2203 2505 2246 ιιι
2535 2193 2869 2257 homtiusion,
2919 2209 3015 2248 nec
3050 2205 3146 2249 iste
3187 2199 3317 2249 tril-

1773 2284 1889 2334 sion
1917 2284 2128 2351 proprie
2154 2294 2209 2338 et
2236 2284 2531 2352 specialiter
2554 2285 2781 2352 positum
2807 2285 2988 2339 valetis
3012 2287 3311 2340 ostendere.

1779 2372 1924 2426 Unle
1971 2387 2037 2426 ne
2083 2374 2267 2440 puerili
2311 2376 2702 2428 concertatiOue
2745 2376 2795 2427 in
2841 2377 2996 2432 rebus
3040 2376 3319 2442 supertlnis

1774 2459 1970 2512 diutius
1995 2462 2364 2524 intmoremini,
2388 2463 2455 2514 ab
2481 2463 2577 2514 liae
2598 2465 2710 2530 puri
2728 2465 2998 2516 exactioiie
3017 2464 3318 2518 documenti

1778 2549 1986 2602 tandem
2031 2552 2237 2617 utrique
2264 2551 2529 2604 desinite:
2555 2559 2610 2604 et
2642 2567 2708 2605 cx
2753 2557 3087 2621 consequenti
3119 2557 3321 2609 ratione

1777 2644 1867 2687 aut
1899 2636 2205 2690 homuusion
2232 2647 2320 2689 aut
2348 2639 2566 2692 triusion
2597 2639 2664 2693 de
2703 2639 3089 2716 Scripturarum
3139 2654 3319 2696 aecto-

1780 2727 1932 2780 rilate
1961 2727 2208 2796 colligite.
2231 2728 2342 2782 Non
2367 2729 2508 2783 enim
2536 2730 2612 2782 fas
2630 2728 2732 2782 erit
2750 2730 2817 2782 de
2843 2731 3069 2784 nominis
3090 2733 3323 2800 appella-

1781 2821 1923 2870 tione
1951 2817 2211 2885 dubitare,
2241 2833 2397 2886 quam
2429 2818 2844 2872 testimoniorum
2873 2822 3087 2888 copiosa
3123 2835 3320 2890 conge-

1780 2905 1882 2957 stio
1911 2905 2110 2958 ﬁrmius
2139 2908 2328 2972 poterit
2355 2906 2626 2960 roborare.

1852 2995 2006 3048 Arius
2032 2996 2161 3048 dixit
2190 3010 2211 3049 :
2233 2997 2491 3061 Quoniam
2535 2997 2635 3051 hoc
2663 3005 2747 3049 tua
2775 2996 3006 3053 decrevit
3041 3001 3322 3065 sententia,

147 3083 320 3147 quibus
349 3099 674 3154 unaquaque
719 3102 941 3154 persona
985 3091 1265 3156 separatim
1297 3100 1351 3144 et
1377 3090 1677 3147 distinctius
1703 3088 1748 3148 (ζ
1779 3085 1977 3140 debere
2004 3102 2100 3140 nos
2129 3088 2387 3141 rationum
2429 3088 2870 3155 persuasionibus,
2901 3085 2963 3142 ex
2995 3105 3168 3145 rerum
3198 3107 3325 3144 cou-

149 3175 342 3239 proprie
372 3174 663 3229 subsistere
689 3190 1062 3244 Cognoscatttr.

209 3263 508 3319 Athanasius
547 3267 672 3319 dixit
702 3282 722 3320 :
752 3268 847 3321 Hic
890 3271 1031 3323 nulla
1074 3280 1296 3339 prosunt
1338 3282 1677 3340 argumenta,

151 3348 225 3402 liic
255 3354 445 3406 veritas
487 3370 550 3408 ex
597 3358 938 3425 consequenti
981 3359 1184 3412 ratione
1211 3360 1683 3428 colligitur:testi-

151 3441 428 3494 moniorutn
489 3444 783 3510 proprietas
837 3446 1118 3514 ﬂagitator.
1185 3447 1324 3516 Lege
1385 3449 1683 3514 specialiter

154 3529 358 3582 triusion
414 3534 659 3597 positum.
708 3533 824 3586 Noli
867 3536 1198 3602 conjiciendo
1234 3537 1410 3590 dicere
1442 3554 1454 3589 :
1490 3538 1543 3590 Si
1573 3546 1681 3592 tres

152 3626 279 3683 εικιι,
308 3618 478 3684 Pater,
503 3633 554 3675 et
594 3621 777 3687 Filius,
795 3634 850 3678 et
864 3625 1091 3689 Spiritus
1118 3636 1351 3691 sanctus,
1380 3629 1683 3682 necessario

154 3716 249 3759 tres
271 3718 394 3761 sunt
417 3719 470 3763 et
491 3710 821 3766 substantiae.
846 3714 978 3777 Quia
1000 3723 1054 3766 et
1073 3729 1172 3782 ego
1200 3715 1356 3768 simili
1383 3717 1683 3784 conjectura

151 3810 349 3863 possunt
376 3798 613 3853 veracius
634 3801 838 3868 opinari
863 3819 876 3853 :
904 3802 960 3857 Si
989 3817 1148 3855 unum
1165 3813 1287 3857 sunt
1317 3804 1492 3872 Pater,
1523 3816 1570 3859 et
1602 3805 1685 3859 Fi-

155 3888 244 3941 lius
262 3889 401 3957 (quia
430 3891 543 3957 ipse
566 3892 675 3950 ait:
703 3893 811 3959 Ego
843 3903 896 3946 et
925 3894 1080 3948 Pater
1111 3911 1274 3947 unum
1299 3901 1524 3964 sumus),
1551 3913 1684 3965 quo-

153 3979 295 4028 modo
322 3992 422 4030 non
451 3992 530 4032 est
559 3993 661 4032 una
693 3980 1139 4036 substantia?Sed
1164 3984 1296 4037 banc
1316 3983 1686 4053 disputationis

154 4064 279 4118 viam
310 4069 508 4135 ingredi
551 4069 762 4136 penitus
789 4071 1024 4136 noluisti,
1057 4073 1180 4125 dum
1217 4087 1245 4125 a
1278 4089 1363 4128 me
1388 4075 1686 4141 specialiier

153 4157 362 4218 positum
405 4157 740 4225 (homousioa
773 4160 1209 4229 demonstrando)
1246 4165 1410 4232 exigis
1446 4166 1683 4217 testimoo

153 4243 300 4296 nium.
333 4244 500 4298 Simili
523 4261 650 4314 ergo
681 4257 733 4301 et
759 4257 812 4301 tu
842 4254 1064 4313 ratione,
1089 4261 1195 4305 tres
1222 4253 1361 4306 usias
1387 4255 1681 4320 specialiter
1715 4269 1762 4325 ι)

1783 3178 2113 3244 sequentium
2151 3177 2342 3241 causis,
2375 3177 2740 3244 praedictorum
2791 3179 3058 3231 nominum
3106 3182 3326 3234 virtutes

1784 3264 2056 3332 colligere,
2099 3280 2166 3319 ne
2203 3265 2252 3318 id
2295 3266 2583 3317 Athanasio
2618 3264 2869 3330 videatur,
2903 3265 3210 3320 difticu'tate
3236 3272 3327 3320 ite-

1785 3355 2143 3409 monstranda-
2172 3355 2405 3408 veritatis
2433 3356 2557 3408 uniti
2598 3368 2694 3408 me
2725 3355 2958 3408 vocabuli
2994 3357 3326 3424 proprietatis

1787 3446 2099 3497 documenta
2131 3444 2409 3510 quassisse;
2443 3445 2510 3496 ita
2547 3441 2758 3508 faciam,
2801 3453 2858 3495 ut
2899 3444 2972 3495 tui
3016 3453 3095 3496 est
3126 3444 3328 3498 decreti

1787 3538 2044 3588 sententia
2075 3534 2482 3602 promulgatum.
2516 3532 2626 3601 Ego
2653 3534 2793 3586 enim
2821 3534 3134 3599 compendio
3162 3534 3327 3600 magis

1785 3629 1858 3678 uti
1901 3626 2159 3679 volebam.
2200 3639 2266 3678 ne
2311 3623 2514 3691 longius
2558 3623 2775 3676 rationis
2821 3623 3042 3676 intentio
3085 3632 3326 3692 evagata,

1783 3716 2041 3783 ambiguis
2067 3713 2306 3768 sensibus
2342 3713 2610 3766 veritatem
2639 3713 2996 3767 obumbraret.

1855 3805 2157 3856 Athanasius
2187 3803 2312 3855 dixit
2344 3817 2362 3855 :
2389 3802 2501 3854 Non
2547 3811 2717 3869 potest
2763 3802 2893 3857 fides
2929 3803 3110 3858 venire
3146 3805 3197 3859 in
3230 3805 3327 3860 du-

1786 3893 1950 3961 bium,
1983 3909 2100 3960 qu:e
2130 3894 2361 3946 veritatis
2402 3891 2529 3943 fulta
2577 3892 2841 3959 praesidio,
2873 3894 3131 3948 crassiora
3174 3912 3325 3949 men-

1785 3983 2052 4034 daciorum
2095 3982 2292 4044 nubila,
2335 3980 2541 4048 fulgidae
2574 3982 2827 4035 claritatis
2867 3982 3059 4037 lumine
3085 3985 3323 4055 dissipat.

1788 4073 1899 4125 Non
1939 4074 2076 4125 cnim
2124 4081 2295 4139 potest
2336 4071 2558 4137 propriis
2598 4085 2782 4125 carere
2820 4074 3032 4135 viribus,
3065 4089 3181 4142 qua:
3222 4093 3327 4132 non

1787 4173 1904 4228 eget
1929 4163 2256 4214 extrinsecus
2285 4159 2647 4228 suffragiorum
2679 4160 3008 4216 adminiculis
3031 4163 3284 4230 adjuvari.

153 4394 3324 4422 mw

1043 4494 1513 4598 LIBER
1583 4497 2388 4603 SECUNDUS.

215 4693 363 4760 ιω
383 4689 420 4742 ι.
449 4690 579 4744 Item
604 4691 686 4743 die
707 4691 926 4758 sequenti
947 4689 1142 4745 Probus
1158 4693 1320 4760 judea:
1339 4693 1464 4744 dixit
1488 4708 1504 4743 :
1527 4692 1671 4757 Quo-

153 4789 272 4841 niam
302 4802 397 4841 vos
429 4788 543 4842 initi
575 4787 791 4842 (uideris
833 4771 981 4855 pacta
1026 4790 1376 4841 indeclinabili
1421 4791 1677 4843 sententia

152 4900 346 4942 servare
374 4903 475 4941 non
505 4889 710 4950 dubito,
741 4888 928 4955 quibus
956 4888 1004 4941 id
1035 4889 1180 4942 vobis
1211 4889 1431 4942 invicem
1457 4905 1678 4943 conces-

150 4987 266 5039 sisse
295 4986 567 5050 videmini,
598 4995 659 5039 ut
694 4986 852 5039 unius
894 4986 1221 5052 substantim,
1256 4990 1332 5040 vel
1373 4989 1528 5040 trium
1559 4987 1681 5040 sub-

151 5086 443 5139 stantiarum
475 5084 878 5154 professionem,
903 5099 965 5138 ex
989 5086 1280 5138 divinarum
1309 5066 1681 5152 consequentia

152 5182 428 5239 litterarum
467 5186 733 5240 luculento
767 5184 1133 5253 disputationis
1163 5187 1403 5238 examine
1442 5200 1685 5252 compro-

154 5281 298 5347 bctis;
339 5299 531 5339 omissa
581 5286 784 5338 scilicet
822 5286 1132 5354 quastione,
1164 5285 1531 5338 documentum
1572 5284 1682 5351 puri

154 5384 374 5437 vocabuli
413 5385 567 5453 atque
598 5383 810 5453 preprie
845 5382 993 5450 positi
1023 5382 1298 5451 exigentis,
1334 5382 1382 5434 id
1410 5382 1516 5448 jtm
1549 5396 1686 5434 nunc

158 5483 304 5548 ipsius
340 5487 514 5554 placiti
549 5488 689 5541 ratio
723 5487 892 5553 poscit
919 5496 998 5550 ut,
1031 5496 1220 5541 cuncta
1263 5487 1500 5540 humanae
1539 5499 1686 5551 argu-

158 5583 462 5638 mentationis
492 5583 837 5640 cavillatione
867 5591 1088 5647 semota,
1111 5584 1177 5636 de
1202 5583 1364 5638 sacris
1389 5582 1682 5636 divinarum

1787 4693 2150 4745 auctmitatum
2172 4691 2538 4752 voluminibus,
2565 4691 2751 4756 Patris,
2769 4701 2823 4746 et
2853 4694 2983 4761 Filii,
3013 4706 3069 4749 et
3092 4699 3317 4768 Spiritus

1784 4784 1972 4846 sancti,
2002 4791 2088 4833 aut
2118 4797 2290 4845 unam,
2319 4790 2405 4832 aut
2433 4779 2670 4833 diversas
2689 4781 2916 4835 doceatis
2937 4798 3055 4839 esse
3083 4788 3326 4839 substan-

1785 4875 1902 4923 t‘as.
1935 4871 2008 4922 Ad
2038 4885 2190 4937 quam
2221 4871 2293 4922 rei
2325 4869 2703 4934 probationem.
2734 4885 2834 4921 non
2865 4882 3058 4926 tantunt
3091 4875 3168 4942 (ut
3205 4877 3322 4941 opi-

1788 4961 1907 5027 nor)
1935 4974 2066 5021 mea,
2098 4958 2187 5011 sed
2218 4968 2522 5011 cunctorum
2560 4971 2695 5024 pene
2732 4961 3029 5011 mortalium
3073 4977 3222 5014 mens
3254 4964 3323 5014 ita

1787 5059 1867 5100 est
1896 5047 2115 5114 pendula
2145 5049 2534 5114 exspectatione
2561 5060 2834 5114 suspensa,
2861 5057 2914 5102 ut
2936 5048 2978 5100 si
3002 5049 3127 5102 tanti
3159 5065 3323 5118 ιιι-εοο

1790 5138 1846 5188 tii
1875 5141 2054 5189 merita
2083 5147 2406 5204 paterentur,
2440 5137 2553 5189 sine
2582 5136 2734 5189 ullius
2764 5136 2863 5188 diei
2891 5141 3324 5205 comperendina—

1792 5226 1949 5284 tione.
1984 5225 2061 5277 vel
2094 5225 2312 5292 alicujus
2354 5226 2602 5275 momenti
2651 5225 3058 5291 intercapedine,
3091 5227 3154 5279 ad
3181 5241 3325 5280 suru-

1795 5330 1929 5366 mam
1951 5314 2185 5367 veritatis
2215 5324 2368 5379 atque
2389 5313 2452 5364 ad
2474 5313 2669 5365 calcem
2701 5313 3137 5367 manifestissimae
3159 5316 3329 5368 notio-

1791 5403 1870 5454 nis
1925 5403 2188 5455 desideret
2245 5402 2537 5467 pervenire.
2595 5401 2742 5454 Unde
2803 5417 2868 5455 ne
2924 5411 3028 5455 tam
3087 5405 3328 5473 religiosa

1792 5492 2018 5544 fidelium
2047 5501 2101 5545 et
2135 5492 2366 5544 veritatis
2395 5491 2579 5558 cupida
2611 5490 2886 5544 frustretur
2912 5493 3153 5554 intentio.
3186 5495 3326 5546 otnui

1796 5579 2054 5633 lenocinio
2103 5580 2388 5633 luxuriosa:
2434 5582 2682 5633 orationis
2726 5581 2976 5648 exploso,
3025 5582 3089 5635 de
3135 5597 3223 5644 rc,
3264 5584 3331 5635 de
