3842 6226
517 230 613 281 liii

1803 213 2024 267 Villii.”
2067 211 2426 266 T.\PSE.\'SIS

3647 208 3758 261 168

513 354 694 399 causa,
723 337 788 389 de
813 332 1254 402 computantibus,
1283 331 1346 381 de
1386 325 1699 379 necessariis
1720 323 1857 391 agite
1885 325 2070 383 rebus;
2104 321 2150 383 Α
2180 322 2279 374 tire
2307 321 2527 374 debeam
2554 319 2844 372 mstiinzibo.
2879 318 3094 383 Verum,
3125 321 3276 390 102
3305 320 3425 385 quia
3457 323 3504 373 ιιι
3549 324 3671 388 ple.
3693 343 3760 371 :9-

516 447 758 494 tuuueni,
806 437 861 478 ut
906 426 1045 482 dixi,
1077 421 1354 474 verborum
1400 415 1692 478 ambitum,
1730 423 1782 467 et
1823 412 2006 481 procul
2039 425 2073 462 ἰι

515 536 676 576 causa
727 525 972 583 vagantes
1026 513 1344 566 IOCllliOtlttm
1405 507 1683 574 phaleras,
1735 506 2075 570 leporemque

519 624 817 664 sermonum
851 606 1051 659 caulius
1081 604 1357 663 evitantes,
1393 609 1446 650 ιιι
1483 596 1856 664 disputationis
1888 603 2077 646 vestrm

520 704 751 754 narratio
781 699 1003 749 veritate
1032 695 1200 762 magis
1233 706 1386 759 quam
1420 689 1680 743 cothurno
1712 686 1960 738 tumentis
1991 701 2079 738 or-

518 801 672 842 netur
697 790 909 855 eloquii.

590 878 896 930 Athanasius
937 875 1065 925 dixit
1091 889 1107 924 :
1137 873 1286 924 Licet
1312 870 1415 937 jam
1439 867 1635 919 dudum
1667 865 1856 917 crebro
1884 878 1946 916 ac
1975 879 2077 916 sa!-

521 979 553 1031 p
578 982 637 1019 us
675 967 740 1018 de
783 964 983 1017 unitate
1026 960 1331 1014 substantia:
1363 959 1492 1008 citra
1532 941 1645 1006 aeta
1676 953 2076 1019 disputaveritn,

517 1071 770 1124 tueasque
808 1052 1185 1121 disputationes
1228 1049 1424 1112 scripto
1468 1044 1850 1106 mandaverint,
1887 1042 2080 1109 quibus

519 1163 547 1200 a
589 1163 675 1201 me
712 1148 765 1200 in
812 1146 907 1197 liae
944 1141 1296 1208 disputatione
1324 1136 1518 1202 aliquid
1562 1134 1682 1186 addi
1725 1133 1956 1199 amplius
1992 1131 2080 1184 vix

521 1238 689 1306 possit
729 1253 744 1288 :
778 1245 950 1287 tamen
992 1232 1110 1299 quia
1157 1229 1267 1280 base
1315 1224 1645 1280 extrinsecus
1686 1222 1832 1275 nullo
1877 1221 2083 1273 eminus

520 1328 831 1381 adversante
855 1324 992 1375 dicta
1021 1328 1164 1379 sunt,
1190 1330 1407 1371 necesse
1432 1315 1599 1368 habeo
1623 1315 1733 1367 lure
1759 1313 1942 1366 eadem
1966 1327 2084 1364 rur-

521 1433 611 1472 sus
657 1425 925 1484 repetere,
971 1421 1026 1466 et
1069 1411 1121 1463 in
1169 1409 1269 1461 lioc
1317 1406 1536 1472 publica:
1580 1405 1803 1457 aetionis
1842 1402 2086 1456 examine

521 1511 753 1571 mittere,
781 1522 888 1576 quo
923 1505 1122 1572 possint
1152 1502 1222 1555 tui
1250 1498 1429 1567 iudicii
1460 1492 1716 1548 sententia
1747 1489 2008 1545 roborari.

605 1604 756 1673 101
797 1601 861 1653 l-l.
907 1596 1098 1650 Probus
1118 1593 1284 1663 judex
1320 1589 1449 1641 dixit
1480 1601 1498 1639 :
1534 1585 1585 1639 Si
1620 1599 1724 1635 non
1754 1581 1946 1635 fuerint
1973 1579 2080 1633 Arii

2180 425 2281 476 que
2311 409 2709 476 exemplaribus
2737 411 2879 462 varie
2912 412 3135 476 positum
3166 425 3284 465 esse
3314 427 3416 463 non
3448 413 3667 472 neuio.
3704 425 3760 464 ut

2182 501 2363 554 iisdem
2396 501 2526 554 lucis
2549 501 2737 568 quibus
2764 503 2823 552 de
2851 502 2961 564 ipso
2992 502 3202 569 legitur,
3238 504 3288 555 in
3318 505 3433 555 aliis
3462 505 3761 557 cndiribus

2179 608 2238 643 rx
2261 593 2368 658 ipso
2396 594 2611 661 legatur.
2639 592 2742 645 Sed
2766 602 2939 644 utrnnt
2965 593 3063 646 ltoc
3085 595 3527 661 interpellantium
3557 596 3759 649 fraude

2177 696 2244 734 an
2273 685 2427 734 unius
2459 683 2533 734 rei
2571 681 2955 748 signiﬁcatione
2986 684 3058 751 (id
3090 693 3169 736 est
3205 695 3257 735 ut
3289 687 3386 737 lioc
3418 688 3485 739 sit
3511 704 3582 740 et
3614 691 3758 752 ipsa,

2179 773 2316 838 quod
2345 781 2425 825 est
2454 773 2608 823 etiam
2641 775 2702 824 de
2731 773 2865 838 ipsa)
2893 772 3084 826 factum
3115 775 3204 836 sit,
3237 789 3341 826 non
3371 777 3498 829 satis
3525 778 3640 830 hor.
3663 794 3762 831 uno

2179 870 2301 914 strte
2335 861 2453 914 ﬁdei
2484 863 2691 927 aliquod
2727 871 2894 928 potest
2927 863 3114 916 aﬁ‘erre
3144 864 3522 931 prmjudiciutn.

2252 951 2336 1004 Ill.
2366 951 2670 1003 Athanasius
2698 953 2827 1004 dixit
2858 967 2875 1004 :
2901 952 2954 1020 in
2986 953 3082 1005 liae
3107 962 3189 1006 tua
3223 957 3600 1020 prosecutione
3632 958 3760 1009 difi-

2180 1043 2317 1108 genti
2348 1041 2628 1093 admodum
2661 1051 2803 1093 certa
2836 1058 2899 1096 ex
2934 1043 3099 1108 posita
3142 1050 3344 1098 ratione
3375 1047 3612 1103 adverti.
3650 1048 3760 1101 Sed

2181 1132 2320 1199 quod
2355 1141 2553 1184 tantum
2578 1132 2696 1185 ﬁdei
2729 1143 2924 1186 nostrae
2953 1134 3170 1198 dixeris,
3193 1145 3243 1189 et
3266 1152 3371 1190 non
3397 1148 3762 1207 utrorumque

2181 1221 2537 1289 di-signaveris
2584 1238 2686 1274 non
2738 1238 2894 1290 posse
2934 1225 3296 1292 praejudicium
3340 1227 3393 1281 in
3445 1227 3524 1282 his
3572 1232 3759 1284 verbis

2181 1309 2376 1372 al'lerri,
2421 1312 2546 1363 satis
2598 1313 2816 1364 miratus
2857 1327 2971 1365 sum
3009 1324 3105 1366 :et
3141 1315 3370 1368 aibitror
3399 1317 3537 1383 quod
3589 1317 3758 1370 ﬁdem

2184 1407 2323 1450 tuam
2356 1400 2561 1452 munire
2587 1398 2857 1463 festinans,
2892 1401 2960 1453 ita
2993 1405 3256 1470 posueris;
3290 1421 3510 1472 sperans
3542 1423 3638 1460 me
3665 1423 3756 1460 ex-

2185 1487 2305 1539 inde
2335 1487 2520 1541 leviter
2547 1488 2662 1541 sine
2686 1489 2863 1558 aliquo
2891 1489 3204 1545 documento
3232 1508 3388 1561 posse
3415 1497 3674 1549 transire.
3704 1499 3756 1550 In

2184 1575 2469 1642 Evangelia
2497 1591 2706 1646 quoque
2731 1578 2797 1631 de
2836 1578 2992 1633 Patre
3021 1580 3180 1634 Filius
3209 1583 3336 1635 dixit
3366 1600 3379 1635 :
3414 1584 3650 1653 Spiritus
3684 1600 3754 1639 est

520 1663 951 1760 repl-ic'at—ionibus
981 1692 1214 1745 tenuata,
1248 1689 1372 1732 tunc
1401 1685 1579 1729 nostra
1608 1678 1856 1741 poterunt
1884 1670 2077 1723 ﬁrmari
2111 1663 2157 1721 B
2184 1665 2320 1719 Deus
2347 1665 2522 1735 (Joan.
2561 1684 2636 1731 tv,
2665 1670 2779 1737 24).
2808 1671 2870 1722 Et
2896 1680 2953 1723 ut
2980 1687 3038 1725 se
3066 1673 3131 1726 de
3166 1674 3318 1728 Patre
3355 1684 3532 1728 ιωιυιη
3569 1687 3757 1729 oste..-

521 1780 808 1833 sententia.

592 1868 743 1921 Arius
786 1863 958 1917 dixit:
998 1857 1189 1927 thuid
1227 1856 1309 1908 ha:
1351 1852 1591 1907 l'raudutn
1630 1847 1911 1903 tendieulte
1953 1859 2077 1912 pro-

521 1953 820 2025 ponuntur?
848 1950 1039 2015 thuid
1083 1949 1132 2000 in
1177 1942 1470 2012 patrocinio
1506 1939 1744 1993 nelanda:
1771 1935 2080 1990 assertionis

521 2022 713 2114 iudicis
760 2039 1020 2095 sententia
1072 2031 1424 2102 prmoptatur?
1469 2034 1695 2097 Agamus
1734 2026 1902 2093 primo
1940 2022 2077 2090 quod

523 2112 674 2189 nobis
719 2130 974 2199 agendum
1027 2125 1313 2180 necessitas
1361 2116 1787 2174 demonstranda:
1842 2112 2081 2167 veritatis

525 2225 768 2292 imponit.
803 2217 1341 2273 luculcezurbumano
1369 2209 1567 2265 audizui
1593 2208 1713 2261 ﬁdei
1747 2215 1940 2259 nostra:
1964 2217 2084 2271 pro-

525 2315 703 2366 lessio.
746 2309 1040 2376 Percipiant
1077 2303 1295 2370 judicia,
1336 2299 1526 2368 quibus
1568 2295 1758 2358 modis,
1790 2294 2084 2362 quibusque

522 2401 839 2463 rationibus,
860 2397 1051 2465 quibus
1072 2393 1298 2458 denique
1324 2387 1658 2442 documentis
1691 2391 1868 2437 nostra
1898 2381 2082 2433 fulcia-

523 2504 610 2548 tur
633 2491 855 2546 assertio
879 2506 893 2542 :
916 2496 970 2541 et
993 2497 1114 2539 tunc
1138 2485 1347 2537 demum
1380 2477 1850 2548 promulgationem
1878 2481 2088 2526 senten-

524 2585 630 2646 tizr,
663 2597 778 2650 qum
809 2581 858 2631 in
895 2587 1078 2630 nostro
1113 2576 1295 2640 utique
1334 2579 1664 2637 nequaquam
1707 2562 1901 2632 pendet
1939 2560 2082 2613 arbi-

524 2670 650 2733 trio,
679 2668 743 2721 de
767 2667 941 2733 judice
973 2660 1379 2732 postulabimiis.

598 2757 794 2812 Probus
813 2753 978 2825 judex
1006 2752 1134 2804 dixit
1163 2766 1182 2805 :
1203 2746 1536 2802 Praelationis
1561 2757 1691 2798 mea:
1719 2755 1884 2809 nuper
1909 2739 1959 2792 in
1987 2738 2087 2792 hoc

525 2845 749 2901 actionis
792 2843 1052 2913 principio
1091 2839 1304 2902 habitae,
1329 2849 1384 2890 et
1413 2834 1714 2905 sponsionis
1755 2841 1947 2886 vestrae
1985 2829 2085 2884 du-

525 2938 653 2997 dum
695 2937 974 3005 przeteritis
1008 2934 1173 3002 gestis
1212 2931 1454 2994 insertat,
1501 2927 1807 2982 meminisse
1843 2934 2082 2994 oportet;

525 3027 717 3098 quibus
739 3025 788 3079 id
817 3034 1116 3094 peroratum
1138 3031 1238 3084 est,
1257 3018 1470 3074 omissis
1495 3009 1797 3086 superﬁuis,
1822 3017 1886 3068 ad
1908 3030 2086 3070 arcem
2115 3007 2162 3069 C

526 3119 720 3187 negotii
761 3117 958 3170 debere
1001 3113 1284 3177 descendi;
1318 3111 1459 3180 quod
1507 3110 1712 3163 debetis
1751 3108 1960 3161 tandem
1989 3106 2089 3158 ali-

528 3209 735 3278 quando
758 3207 1023 3260 factitare.

599 3297 750 3350 Arius
780 3296 907 3348 dixit
939 3309 959 3348 :
990 3295 1184 3347 Doceat
1230 3292 1460 3354 Patrem,
1496 3299 1551 3344 et
1577 3289 1791 3352 Filium,
1832 3299 1884 3341 et
1924 3287 2091 3355 Spiri-

528 3395 638 3440 tum
663 3397 901 3438 sanctum
930 3383 1086 3436 unius
1115 3395 1232 3435 esse
1253 3381 1583 3443 substantiae,
1613 3379 1768 3432 unius
1791 3380 2086 3446 potestatis,

530 3479 686 3530 unius
700 3476 989 3544 dignitatis,
1015 3475 1172 3526 unius
1191 3473 1392 3540 glorite,
1419 3473 1575 3524 unius
1601 3471 1910 3536 maiestatis,
1939 3469 2092 3522 unius

531 3568 738 3620 virtutis
765 3576 921 3632 atque
951 3563 1191 3624 honoris,
1222 3562 1361 3630 quod
1395 3561 1523 3612 satis
1547 3559 1837 3626 improvida
1862 3566 1915 3611 et
1940 3558 2092 3610 nimis

534 3658 742 3710 incauta
768 3655 1094 3724 professione
1122 3652 1257 3704 solet
1288 3650 1495 3719 populis
1520 3649 1784 3716 jacutare.

603 3750 909 3803 Athanasius
947 3748 1075 3799 dixit
1113 3762 1131 3799 :
1165 3745 1435 3798 Proliteris
1471 3742 1663 3796 Filium
1697 3755 1819 3794 vere
1844 3740 1909 3794 de
1939 3739 2096 3793 Patre

532 3851 734 3902 natum,
769 3855 836 3891 an
866 3838 1008 3890 non?

604 3931 752 3983 Arius
782 3929 910 3980 dixit
938 3943 955 3978 :
983 3924 1255 3976 Proliteris
1302 3922 1412 3988 ipse
1455 3920 1662 3973 Patrem
1707 3916 1929 3984 alicujus
1957 3916 2096 3968 deii-

535 4021 759 4074 v..tionis
789 4020 870 4070 vel
903 4014 1176 4068 divisionis
1207 4013 1335 4064 vitio
1365 4009 1640 4076 subjacere
1676 4023 1777 4060 non
1820 4021 2000 4074 posse,
2030 4019 2094 4056 an

538 4111 678 4163 non?

606 4195 910 4250 Athanasius
936 4192 1060 4242 (fixit
1089 4206 1104 4240 :
1132 4189 1292 4240 \‘a'de
1321 4188 1590 4253 proﬁteor.

608 4288 752 4339 Arius
781 4284 906 4336 dixit
932 4297 949 4334 :
978 4282 1086 4348 Ego
1114 4293 1319 4347 quoque
1350 4276 1598 4343 prolitcor
1631 4273 1817 4325 Filium
1849 4288 1912 4326 ex
1947 4273 2098 4326 Patre

540 4388 720 4431 ualnnt
758 4387 896 4427 esse.

613 4461 914 4514 Athanasius
938 4459 1061 4509 dixit
1090 4471 1108 4509 :
1138 4455 1188 4506 ld
1217 4469 1332 4506 esse
1363 4451 1658 4512 arbitraris,
1685 4460 1861 4505 natum
1893 4467 1953 4503 ex
1994 4452 2093 4507 Pa-

542 4563 642 4616 tre,
675 4551 811 4620 quod
835 4557 915 4602 est
944 4549 1098 4600 etiam
1131 4555 1306 4598 natum
1335 4546 1399 4596 de
1429 4525 1615 4596 Patre?

612 4643 763 4693 Arius
807 4639 984 4690 dixit:
1018 4635 1221 4688 Snilicit
1251 4634 1340 4686 tibi
1383 4635 1519 4700 quod
1569 4648 1630 4685 ex
1680 4631 1832 4685 Patre
1870 4631 2094 4685 dixerim

543 4740 752 4792 natum;
784 4727 922 4794 quod
951 4727 1109 4778 etiam
1143 4723 1389 4774 laeillime
1430 4723 1674 4774 ostendo.
1716 4722 1852 4784 Quid
1891 4722 2096 4773 callidis

545 4819 708 4871 uteris
745 4813 1101 4880 argumentis?
1138 4810 1396 4864 Cieterum
1433 4811 1498 4862 de
1543 4812 1696 4863 Patie
1742 4822 1938 4871 natum,
1976 4824 2096 4861 nus-

543 4921 700 4974 quam
733 4905 858 4956 mibi
889 4901 1195 4956 interim'ad
1227 4914 1460 4966 przcsens
1494 4915 1773 4951 orcurrere
1801 4903 1982 4964 putuit.
2022 4899 2096 4950 Ex

545 4999 702 5051 Patre
727 5009 852 5047 vero
876 4995 1128 5062 scriptum
1160 5005 1278 5044 esse
1302 4989 1498 5049 recolo,
1530 4989 1728 5041 inaniie
1755 4990 1992 5055 apustqu
2014 4989 2097 5040 di-

543 5096 699 5140 cente
730 5101 741 5137 :
774 5083 873 5149 Qui
901 5083 1066 5150 diligit
1112 5081 1340 5142 Patrem,
1373 5077 1540 5146 diligit
1570 5092 1685 5130 eum
1715 5079 1801 5145 qui
1837 5087 1988 5130 natus
2018 5089 2100 5130 est

543 5194 605 5229 es
637 5190 723 5229 80.

615 5267 920 5319 Athanasius
949 5262 1077 5314 dixit
1098 5277 1116 5314 :
1141 5262 1276 5329 Ergo
1305 5259 1434 5313 nihil
1463 5259 1716 5312 interesse
1746 5269 1893 5326 putas
1923 5268 2092 5311 utrum

542 5372 606 5410 ex
642 5356 756 5421 ipso
780 5368 846 5406 an
871 5353 939 5406 de
967 5352 1082 5418 ipso
1108 5360 1260 5402 natus
1285 5349 1525 5403 dicatur?
1589 5377 1595 5381 -

613 5444 766 5496 Arius
785 5443 914 5496 dixit
940 5457 958 5494 :
983 5441 1037 5496 Si
1060 5441 1186 5493 mihi
1209 5440 1572 5494 demonstrare
1602 5439 1829 5492 valuerit
1883 5440 2096 5506 preprie

546 5533 771 5599 positum
825 5531 1009 5585 Filium
1036 5531 1104 5589 de
1135 5531 1289 5585 Patre
1319 5539 1516 5598 natum,
1543 5539 1665 5583 tunc
1687 5528 1805 5598 quid
1830 5529 1956 5582 inde
1975 5542 2094 5583 sen-

2182 1760 2351 1825 deret,
2379 1762 2450 1815 ait
2478 1779 2491 1813 :
2523 1762 2671 1825 Quod
2698 1775 2870 1816 uatum
2891 1777 2962 1820 est
2985 1769 3047 1819 de
3067 1786 3236 1832 rarne,
3260 1787 3382 1825 caro
3404 1783 3476 1824 est
3499 1789 3516 1823 :
3545 1784 3594 1825 et
3618 1779 3754 1842 quod

2183 1861 2354 1903 natum
2376 1863 2446 1905 est
2472 1854 2533 1905 de
2559 1855 2758 1921 spiritu,
2783 1857 2989 1923 spiritus
3010 1867 3081 1908 est
3107 1857 3286 1925 (Joan.
3312 1875 3388 1918 Ill,
3415 1861 3488 1927 6).
3521 1862 3613 1924 Et,
3646 1863 3754 1934 Ego

2184 1946 2245 1994 de
2277 1942 2379 1995 Deo
2416 1944 2570 1997 Patre
2598 1946 2724 1997 exivi
2764 1945 2940 2006 (Joan.
2991 1963 3095 2011 xu,
3133 1951 3246 2018 27).
3285 1953 3420 2007 Ecce
3458 1954 3654 2007 Filium
3688 1962 3751 2016 «ἐς

2186 2031 2339 2084 Patre
2375 2041 2572 2091 natum.
2605 2035 2717 2098 ipso
2745 2033 2876 2086 Filio
2906 2037 3131 2100 dicente,
3163 2041 3388 2093 ostendi.

2256 2119 2404 2171 Arius
2431 2119 2558 2171 d'xit
2585 2136 2602 2175 :
2627 2121 2766 2174 Satis
2791 2122 2996 2176 callidis
3023 2135 3074 2177 et
3103 2128 3408 2192 suspiriosis
3440 2132 3613 2184 uteris
3641 2133 3747 2184 dis-

2187 2208 2564 2275 putationibus,
2594 2224 2698 2276 quo
2725 2212 2868 2263 dicas
2897 2213 3034 2279 quod
3065 2215 3128 2266 ad
3167 2215 3287 2269 ﬁdei
3325 2233 3457 2271 mete
3498 2222 3748 2273 munitio.

2187 2311 2307 2349 nem
2356 2297 2455 2350 hoc
2494 2297 2737 2350 dixerim.
2785 2299 2886 2353 Sed
2935 2311 2985 2353 ιιι
3033 2302 3097 2357 de
3143 2295 3382 2359 sensibus
3421 2309 3524 2360 luis
3577 2314 3749 2360 omnis

2185 2387 2503 2454 suspicionis
2544 2389 2858 2456 ambiguitas
2903 2391 3190 2456 aulcralur,
3230 2403 3288 2448 ιιι
3331 2399 3579 2465 superius
3615 2400 3746 2451 latus

2185 2489 2326 2540 sum,
2369 2485 2710 2544 utrorumque
2753 2478 2894 2542 ﬁdei,
2942 2480 3055 2534 sive
3099 2497 3160 2535 ex
3211 2484 3344 2551 ipso,
3384 2491 3495 2541 sive
3532 2489 3602 2541 de
3640 2493 3748 2556 ipso

2190 2576 2342 2619 natus
2365 2566 2591 2632 dicatur,
2620 2568 2816 2622 nullum
2849 2571 3056 2637 penitus
3087 2582 3259 2642 potest
3282 2577 3469 2631 aﬁerre
3495 2579 3546 2632 in
3571 2581 3744 2648 aliquo

2189 2655 2571 2723 prtejudicium.

2259 2745 2566 2801 Athanasius
2593 2749 2720 2802 dixit
2747 2764 2765 2801 :
2793 2750 3063 2807 Generans
3093 2751 3247 2807 Pater
3273 2771 3335 2810 es
3380 2771 3458 2822 se,
3495 2760 3547 2812 id
3576 2772 3656 2814 est
3685 2762 3744 2816 de

2189 2836 2368 2904 seipse
2391 2835 2604 2904 Filium,
2633 2837 2732 2894 hoc
2756 2841 2935 2910 genuit
2955 2843 3092 2910 quod
3121 2855 3202 2900 est
3224 2845 3358 2914 ipse,
3385 2864 3450 2900 an
3483 2851 3628 2904 aliud
3659 2856 3744 2906 ali-

2190 2925 2348 2993 quid?

2263 3017 2411 3069 Arius
2443 3019 2571 3072 dixit
2595 3034 2615 3073 :
2641 3019 2753 3074 Hoc
2776 3022 2954 3090 utique
2983 3025 3118 3092 quod
3149 3027 3261 3094 ipse
3289 3040 3365 3081 est
3396 3031 3606 3098 grnuit,
3630 3036 3744 3101 quia

2194 3104 2332 3158 Deus
2363 3106 2527 3160 Deum
2558 3111 2760 3176 genuit,
2791 3112 2873 3164 lus
2904 3112 3073 3167 lucem
3103 3119 3300 3183 genuit,
3332 3119 3597 3186 perlectus
3627 3137 3741 3189 pcr-

2193 3192 2386 3247 l‘ectum
2416 3196 2615 3263 genuit,
2647 3200 2978 3268 omnipotens
3006 3205 3416 3273 omnipotentem
3451 3212 3650 3274 genuit.

2262 3283 2568 3338 Athanasius
2598 3287 2726 3341 dixit
2756 3305 2775 3342 :
2807 3290 2944 3358 Ergo
2974 3309 3078 3346 non
3110 3296 3460 3362 extrinsecus,
3487 3313 3658 3364 neque
3684 3316 3741 3350 ex

2196 3373 2380 3438 nibilo,
2409 3390 2580 3443 neque
2608 3392 2670 3430 ex
2710 3379 2886 3447 aliqua
2915 3384 3242 3446 pra-cedente
3275 3397 3364 3439 aut
3391 3388 3742 3456 subsequente

2196 3465 2435 3527 materia,
2459 3464 2551 3518 sed
2581 3480 2642 3518 ex
2669 3467 2844 3533 seipse
2872 3474 3071 3538 genuit.
3105 3473 3166 3525 Et
3199 3489 3300 3528 n0u
3331 3477 3475 3530 aliud
3507 3494 3664 3547 quam
3696 3480 3740 3530 id

2195 3551 2334 3618 quod
2363 3551 2474 3617 ipse
2502 3564 2582 3607 est
2605 3559 2805 3622 genuit.

2266 3643 2416 3695 Arius
2443 3645 2568 3697 dixit
2593 3662 2612 3699 :
2637 3648 2779 3700 Alius
2805 3648 2962 3701 alium
2988 3653 3179 3718 genuit.

2267 3733 2574 3786 Athanasius
2620 3736 2749 3787 dixit
2790 3754 2802 3787 :
2851 3737 2915 3789 Et
2956 3753 3051 3790 nos
3099 3741 3410 3796 conﬁtemur
3453 3746 3572 3812 quia
3617 3747 3736 3797 alius

2198 3821 2354 3872 alium
2384 3824 2584 3889 genuit,
2619 3824 2666 3876 id
2696 3833 2798 3888 est,
2834 3825 2983 3879 Pater
3014 3827 3203 3880 Filium
3231 3848 3242 3880 :
3267 3832 3358 3883 sed
3387 3834 3428 3885 .-i
3461 3835 3526 3887 de
3555 3835 3736 3901 seipse,

2201 3912 2249 3964 id
2281 3923 2358 3965 est
2388 3912 2453 3966 de
2484 3927 2548 3966 eo
2577 3916 2714 3982 quod
2748 3918 2856 3983 ipse
2894 3928 2992 3978 est,
3018 3927 3072 3970 et
3093 3919 3190 3972 boc
3216 3924 3352 3984 quod
3387 3925 3500 3989 ipse
3525 3935 3625 3987 est,
3653 3941 3733 3992 ge-

2199 4008 2311 4056 nuit
2346 4022 2358 4055 :
2395 4007 2513 4072 quia
2552 4006 2772 4060 alterius
2818 4009 3142 4073 substantize,
3187 4015 3264 4066 vel
3310 4014 3504 4068 diversi
3544 4017 3734 4084 generis

2201 4091 2364 4146 Filius
2392 4109 2509 4147 esse
2543 4110 2644 4148 non
2679 4098 2899 4162 poterit;
2937 4111 2998 4151 ac
3037 4099 3112 4152 sic
3152 4102 3305 4154 unius
3331 4115 3488 4171 atque
3519 4106 3731 4172 ejusdem

2200 4199 2318 4238 eum
2353 4183 2506 4236 Patre
2533 4184 2845 4238 substantia:
2872 4187 2992 4240 erit.

2272 4276 2420 4326 Arius
2451 4274 2623 4326 dixit:
2650 4276 2705 4329 Si
2751 4293 2932 4330 nosses
2973 4279 3021 4331 in
3060 4291 3281 4347 quantos
3323 4284 3477 4353 103
3524 4285 3733 4353 peilidi:e

2124 4349 2174 4409 D
2201 4379 2411 4417 errores
2449 4365 2603 4417 unius
2640 4368 2941 4420 substantia.
2978 4371 3231 4431 professio
3261 4349 3466 4440 ver—gat:
3489 4349 3730 4440 nunquam

2204 4453 2442 4520 profecto
2472 4453 2609 4507 inter
2639 4455 2843 4508 Patrem
2872 4469 2921 4508 et
2956 4457 3140 4509 Filium
3176 4459 3328 4527 hujus
3360 4466 3587 4515 nominis
3615 4465 3732 4514 lace-

2204 4559 2288 4597 res
2315 4547 2652 4598 mentionem'.
2681 4545 2785 4598 Nec
2812 4545 3217 4612 disputationem
3245 4559 3408 4610 tuam,
3438 4551 3727 4616 quibusdam

2203 4635 2666 4704 interrogationum
2707 4636 2956 4704 gradibus
2993 4639 3240 4702 incisam,
3286 4640 3370 4693 tali
3407 4631 3731 4693 mucius-isses

2201 4726 2446 4787 articulo,
2477 4737 2530 4779 ut
2556 4726 2621 4779 ad
2649 4727 2786 4780 hunc
2814 4742 2930 4780 eam
2962 4730 3130 4795 impia:
3163 4731 3506 4796 professionis
3528 4731 3731 4784 dedam--

2204 4829 2289 4867 res
2321 4815 2501 4870 ﬁnem.

2271 4904 2573 4954 Athanasius
2601 4905 2651 4954 di
2663 4906 2724 4955 rit
2756 4917 2776 4956 :
2807 4903 2952 4964 Cuod
2981 4903 3046 4955 sit
3085 4904 3302 4972 impium
3341 4913 3510 4974 atque
3534 4906 3723 4959 sacrile-

2199 5007 2319 5060 gttm
2346 4993 2581 5046 diversas
2611 4995 2779 5046 Patris
2818 5001 2871 5045 et
2906 4993 3023 5047 Filii
3063 4996 3382 5048 substantias
3412 4997 3657 5064 proﬁteri.
3683 5000 3725 5043 ‹·ι

2200 5084 2338 5150 quod
2393 5084 2530 5150 pium
2572 5085 2638 5136 sit
2674 5099 2735 5137 ac
2778 5085 3080 5152 religiosum
3120 5086 3271 5139 unius
3308 5102 3400 5140 eos
3442 5087 3722 5140 substantia

2206 5171 2442 5234 credere,
2471 5173 2608 5224 scias
2633 5186 2735 5236 me,
2762 5189 2794 5222 o
2818 5174 2927 5234 Ari,
2957 5167 3162 5237 penitus
3186 5175 3427 5242 ignorare
3449 5192 3553 5230 non
3577 5188 3721 5242 posse.

2207 5261 2270 5314 Et
2313 5262 2412 5313 lioc
2455 5277 2556 5314 non
2587 5262 2814 5316 humana
2850 5264 3097 5330 opinione
3125 5266 3428 5324 collectum.
3454 5283 3550 5320 nec
3573 5262 3718 5326 conje-

2204 5351 2365 5403 ctui-is
2391 5361 2439 5402 et
2465 5352 2784 5418 argumentis
2810 5353 3097 5414 inventum,
3119 5354 3209 5405 sed
3241 5355 3479 5409 ecelestis
3507 5353 3721 5409 doctrina?

2205 5440 2504 5506 magisterio
2533 5441 2780 5493 traditum
2811 5441 3203 5493 demonstrabo.

2274 5528 2357 5591 IV,
2394 5528 2587 5583 Probus
2602 5531 2764 5598 judex
2791 5531 2915 5584 dixit
2937 5547 2955 5584 :
2978 5531 3126 5584 Prius
3148 5532 3273 5585 milii
3297 5535 3402 5598 vim
3427 5533 3722 5600 qualitatem-
