3842 6226
75 408 159 461 56'.)

68 629 224 669 strare
256 625 443 667 utrum
478 613 638 667 Patri
668 612 902 680 Filioque
930 611 1232 664 conveniat.

130 705 448 758 Athanasius
477 704 660 757 dixit:
693 700 995 757 Substantia
1013 700 1221 769 quidem
1247 699 1453 753 (luvbus
1477 700 1658 767 appel-

70 798 309 850 lationum
330 797 645 864 generibus
671 792 1030 863 distinguitur.
1066 793 1129 847 Et
1157 807 1238 847 εει
1264 792 1475 861 quidem
1505 792 1659 846 unius

71 888 265 957 generis
297 888 552 956 qualitas
592 887 728 953 haec,
768 902 883 955 qua:
913 886 1189 941 cxistentis
1238 894 1438 939 natura:
1479 896 1661 938 essen-

72 980 184 1031 tiam
225 977 439 1031 indicet
460 994 478 1030 ι
509 960 684 1030 Ᾰιίιιά
714 990 840 1029 vero
866 984 947 1029 est
976 974 1286 1028 substantia:
1323 988 1511 1042 genus,
1558 987 1663 1041 quo

74 1069 149 1121 ille
179 1069 264 1134 qui
299 1068 473 1122 habet
511 1069 584 1121 ab
614 1068 696 1120 his
718 1081 834 1135 quae
872 1066 1029 1119 babet
1072 1064 1367 1117 dirimatur.
1412 1063 1561 1130 Quod
1610 1071 1667 1116 ut

75 1158 268 1223 planius
302 1156 421 1220 ﬁat,
457 1160 614 1226 quod
641 1156 761 1209 dico
787 1155 1062 1209 manifesta
1083 1155 1415 1223 expositione
1432 1154 1661 1221 assigno.

77 1248 222 1302 Verbi
253 1248 436 1315 gratia
470 1265 484 1298 :
528 1247 702 1300 Homo
725 1246 933 1315 generis
957 1246 1035 1299 sui
1058 1259 1120 1299 ac
1148 1255 1348 1297 naturae
1373 1245 1666 1299 substant'a

76 1350 165 1392 est.
196 1338 414 1392 Rursus
451 1339 501 1392 si
535 1337 661 1407 quid
692 1336 818 1391 illud
850 1345 948 1399 cst,
975 1336 1113 1405 quod
1141 1337 1490 1400 extrinsecus,
1515 1335 1567 1389 id
1591 1344 1673 1388 est

77 1432 121 1483 in
147 1431 374 1484 materia
419 1430 573 1494 auri,
618 1428 699 1481 vel
727 1426 954 1496 argenti,
1002 1427 1329 1495 aliarumque
1374 1427 1669 1494 specierum

79 1519 329 1588 possidet,
357 1518 676 1574 substantia
701 1517 818 1585 ejus
838 1516 1049 1570 dicitur.
1085 1516 1149 1569 Et
1177 1530 1295 1569 cum
1318 1515 1554 1583 ejusdem
1583 1530 1675 1572 vo-

79 1610 242 1665 cabuli
272 1626 382 1663 una
417 1609 677 1664 videatur
702 1607 1004 1676 appellatio,
1036 1606 1168 1660 duas
1197 1614 1373 1661 tamen
1403 1622 1487 1661 res
1509 1607 1669 1675 signi-

82 1702 231 1756 ficare
252 1701 508 1755 videtur.
550 1698 659 1753 Sed
691 1713 786 1752 nos
807 1697 872 1751 de
901 1697 992 1751 illo
1009 1691 1316 1751 substantia:
1344 1712 1540 1767 genere
1566 1697 1675 1751 dis-

84 1804 339 1860 putamus,
373 1806 494 1860 quo
527 1803 859 1859 unaquaeque
890 1798 1098 1854 natura,
1133 1787 1200 1841 ob
1240 1788 1291 1842 id
1322 1789 1459 1857 quod
1485 1797 1566 1843 est
1588 1789 1673 1842 vel

83 1884 337 1950 subsistit,
371 1882 692 1937 substantia
719 1888 1070 1948 nuncupatur.
1117 1878 1455 1948 thuidquid
1486 1894 1552 1934 ex
1595 1894 1677 1942 se,
1712 1887 1757 1946 Β

84 1972 128 2024 id
152 1984 233 2027 est
262 1972 333 2026 de
360 1972 553 2040 seipsa
582 1970 843 2040 genuerit,
878 1983 980 2035 non
1002 1968 1145 2023 aliud
1173 1983 1292 2022 esse
1315 1976 1484 2036 potest
1514 1983 1672 2038 quam

85 2062 129 2115 id
153 2063 293 2131 quod
314 2062 437 2129 ipsa
456 2069 566 2117 est.
600 2060 839 2128 Denique
860 2060 1019 2112 homo
1038 2068 1186 2128 pater
1208 2073 1467 2127 generans
1487 2048 1673 2123 ﬁlium,

89 2154 163 2209 sui
191 2153 439 2222 generis,
468 2151 523 2205 id
544 2159 625 2205 est
645 2165 754 2204 suae
783 2148 1117 2212 substantiae,
1142 2148 1407 2203 hominem
1434 2157 1672 2218 generat,

90 2243 202 2311 quia
233 2242 404 2295 homo
425 2241 709 2295 hominem
731 2248 968 2309 generat.
999 2238 1064 2311 Et
1082 2248 1226 2293 recte
1252 2239 1408 2293 unius
1433 2239 1677 2293 substan-

98 2309 177 2386 tiae
210 2345 330 2387 esse
359 2330 643 2396 dicuntur,
679 2329 799 2399 quia
832 2309 1385 2393 veritas'nativitatis,
1431 2329 1677 2383 subsun-

95 2424 272 2476 tiarum
321 2422 701 2477 diversitatem
760 2434 864 2474 non
916 2418 1122 2487 recipit.
1180 2418 1470 2473 Diversitas
1497 2430 1673 2473 autem

96 2513 403 2567 substantia:
435 2523 547 2580 est,
589 2519 648 2565 ut
686 2511 913 2578 exempli
967 2509 1135 2578 gratia
1165 2508 1411 2573 dixerim,
1442 2508 1488 2563 si
1518 2508 1677 2563 homo

98 2603 344 2670 pecudem
377 2603 589 2673 gignat,
620 2601 702 2657 vel
729 2601 773 2655 si
797 2599 1083 2669 cujuslibet
1123 2599 1335 2667 generis
1358 2612 1517 2668 pecus
1544 2600 1676 2653 alte-

101 2693 203 2748 rius
226 2694 447 2763 generis
476 2692 739 2763 pecudem
775 2699 1016 2760 generet,
1051 2689 1101 2743 id
1147 2696 1230 2743 est
1271 2690 1316 2743 si
1356 2690 1451 2743 bos
1496 2691 1677 2757 gignat

102 2786 320 2849 asinum,
351 2784 442 2837 vel
470 2784 512 2837 si
543 2783 659 2837 ovis
683 2788 901 2851 generet
921 2795 1132 2847 capram
1157 2796 1169 2830 :
1201 2794 1321 2848 quae
1348 2780 1596 2848 quoniam
1622 2780 1674 2834 in

104 2874 459 2928 diversitatem
492 2872 707 2943 generis
735 2871 923 2940 pergit,
954 2878 1291 2923 monstruosa
1330 2867 1484 2939 105
1510 2882 1674 2938 gene-

110 2964 231 3019 ratio
259 2966 385 3033 erit,
409 2980 525 3019 suae
553 2974 757 3019 natum
786 2956 1163 3032 prOprietatem
1191 2960 1411 3016 minime
1429 2974 1673 3015 servans.

113 3056 326 3111 Rursum
361 3057 418 3110 in
453 3058 840 3111 elementorum
866 3054 1234 3120 qualitatibus,
1282 3062 1397 3122 quae
1425 3054 1495 3109 sit
1540 3052 1672 3108 sub-

113 3150 413 3202 stantiamm
474 3148 769 3203 diversitas.
789 3146 872 3199 vel
919 3144 1214 3214 proprietas
1242 3158 1417 3213 operte
1448 3145 1672 3213 pretium

114 3245 187 3289 est
209 3239 514 3293 advertere.
552 3237 709 3291 Verbi
738 3237 943 3305 gratia:
982 3235 1397 3304 uniuscujusque
1424 3235 1565 3305 ignis.
1593 3235 1677 3291 vel
1705 3238 1751 3299 C

119 3329 313 3385 luminis
367 3341 565 3385 natura
617 3329 669 3383 id
698 3342 761 3384 ex
791 3343 850 3383 se
917 3328 1058 3396 quod
1108 3329 1235 3396 ipsa“
1265 3337 1347 3381 est
1377 3327 1679 3383 ministrare

120 3419 342 3486 videtur;
373 3431 432 3474 ut
463 3410 553 3473 lux
589 3418 881 3488 fulgorem,
904 3428 960 3471 ut
984 3416 1119 3486 ignis
1143 3417 1443 3471 incendium
1469 3434 1483 3471 :
1508 3426 1578 3487 et
1604 3417 1679 3471 'in

125 3510 212 3564 hoc
236 3511 395 3565 cilicii
424 3512 509 3567 sui
539 3525 734 3579 genere
773 3508 1092 3573 subsistens,
1125 3510 1433 3563 substantia:
1460 3524 1571 3564 sua:
1601 3512 1682 3563 in-

125 3610 425 3657 temeratam‘
454 3602 672 3659 videtur
687 3614 904 3655 servare
932 3609 1192 3653 naturam.
1229 3599 1283 3653 Si
1310 3588 1437 3654 vero
1485 3600 1572 3653 lux
1614 3615 1680 3654 ex

128 3704 178 3743 se
197 3691 439 3746 tenebras
459 3692 658 3760 gignat,
692 3690 969 3743 mutationi
1002 3690 1230 3743 obnoxia
1261 3689 1382 3757 erit,
1405 3690 1621 3745 alterius
1650 3704 1679 3743 a

128 3794 179 3833 se
200 3782 401 3850 generis
433 3780 711 3836 materiam
744 3779 1025 3843 tribuens;
1055 3778 1179 3848 quia
1216 3779 1267 3833 in
1298 3779 1399 3834 hoc
1437 3768 1683 3834 immuta-3

131 3873 330 3932 bilitatis
353 3892 466 3931 sua:
490 3875 747 3930 illibatam
798 3871 996 3942 poterit
1046 3885 1264 3927 servare
1308 3872 1679 3939 substantiam,

132 3964 169 4016 si
198 3965 291 4021 hoc
314 3965 455 4038 quod
478 3966 591 4035 ipsa
614 3972 696 4019 est
749 3963 1016 4018 ministret
1057 3977 1118 4017 ex
1155 3975 1295 4017 sese.
1324 3960 1586 4016 Caeterum
1614 3964 1680 4030 si,

133 4065 183 4111 ut
205 4056 325 4125 dixi,
377 4060 431 4112 id
469 4055 613 4127 quod
663 4070 735 4111 ex
788 4053 1136 4109 sesetribuit
1187 4052 1325 4106 aliud
1374 4052 1477 4108 erit
1525 4066 1682 4123 quam

135 4146 285 4214 iIlium
309 4147 449 4218 quod
474 4145 657 4201 tribuit
676 4186 694 4211 ,
722 4155 853 4199 tunc
875 4142 1094 4199 alterius
1123 4143 1435 4212 substantiae
1454 4141 1560 4197 dici
1588 4157 1684 4212 po-

134 4242 258 4307 terit,
286 4242 425 4311 quod
454 4240 677 4295 omnino
709 4250 1015 4293 naturarum
1040 4239 1276 4293 omnium
1304 4239 1552 4308 qualitas,
1597 4240 1681 4293 vel

136 4330 269 4397 ordo,
293 4333 367 4387 vel
398 4333 536 4387 ratio
560 4345 666 4384 non
688 4320 1057 4397 admittit.Age
1079 4344 1221 4383 nunc
1238 4328 1370 4397 jam,
1391 4329 1434 4383 si
1452 4328 1676 4393 videtur,

137 4433 161 4470 a
183 4422 393 4476 terrenis
423 4436 487 4476 ac
515 4409 817 4474 visibilibus
875 4418 927 4471 in
949 4420 1221 4485 superiora
1256 4418 1446 4472 mentis
1471 4419 1678 4472 oculum

139 4506 393 4579 erigamus,
438 4521 493 4566 et
522 4526 586 4565 ex
622 4510 703 4564 bis
747 4524 867 4578 qua:
894 4508 1030 4563 facta
1057 4518 1180 4564 sunt
1220 4509 1424 4563 inlecta:
1470 4510 1680 4562 virtutis

1056 401 1327 456 CONTRA
1367 400 1663 455 ARIANOS
1706 396 2071 453 DIALOGUS.
2118 395 2247 451 LIB.
2280 395 2346 451 ll.

70 536 159 587 que
178 517 452 574 sermonis
480 514 732 587 assign'a‘,
754 525 805 568 ct
833 527 951 568 tunc
978 508 1186 568 demum
1203 490 1412 583 'potcris
1435 514 1654 568 dcmoa-
1686 520 1731 575 Α

3235 394 3333 445 170

1835 511 1897 564 ν.
1928 511 2123 565 Probus
2169 512 2338 581 judex
2375 508 2545 562 dixit:
2599 508 2650 564 Si
2685 508 2806 577 quid
2845 508 2943 560 sibi
2992 514 3175 562 eontra
3224 507 3339 563 haec

1761 606 1920 659 Arius
1949 588 2250 672 competere
2279 602 2444 666 novit,
2474 601 2681 656 ediCcre
2715 616 2816 654 non
2848 609 3104 654 moretur.

1834 714 1986 767 Arius
2014 715 2183 767 dixit:
2223 712 2491 781 Simplicis
2533 724 2690 781 atque
2747 705 3092 767 immutabilis
3140 722 3343 768 natum

1767 807 1931 860 Deum
1962 821 2079 860 esse
2107 821 2209 861 non
2235 821 2356 860 reor
2391 805 2731 859 Athanasium
2763 806 3036 873 ignorare;
3067 807 3153 873 qui
3177 806 3243 870 si,
3288 815 3346 859 ut

1770 896 1908 949 idem
1934 897 2181 960 asseruit,
2214 896 2280 949 de
2307 909 2397 949 sua
2424 895 2719 949 substantia
2749 898 3042 963 generavit,
3075 898 3345 949 mutabilis

1771 986 2120 1056 proculdubio
2152 989 2283 1051 crit.,
2323 986 2553 1042 Necesse
2611 998 2691 1039 est
2744 989 2907 1047 enim,
2937 1001 3000 1040 ex
3038 1002 3157 1041 sese
3199 988 3343 1056 quod

1773 1078 1885 1145 ipse
1912 1088 1993 1131 est
2021 1077 2347 1146 generando,
2393 1087 2482 1129 aut
2511 1088 2710 1144 partem
2742 1070 3053 1131 subsmntiae
3084 1093 3177 1145 per
3204 1079 3347 1132 deri-

1774 1169 1999 1222 vationis
2021 1170 2420 1237 generationem
2450 1168 2766 1234 perdidisse,
2817 1178 2906 1220 aut
2939 1168 3216 1223 divisionis
3265 1172 3346 1224 \i-

1775 1262 1902 1312 tium
1933 1262 2137 1331 perpeti
2168 1263 2421 1328 potuisse.
2458 1260 2564 1326 ligo
2588 1261 2728 1313 enim
2776 1258 2871 1314 Dei
2905 1262 3075 1319 Patris
3105 1265 3351 1317 substan-

1779 1352 1922 1415 tiam,
1955 1367 2123 1419 neque
2153 1367 2215 1405 ex
2247 1366 2367 1406 sese
2396 1346 2547 1422 105
2576 1355 2775 1422 aliquid
2808 1357 3058 1422 edidisse,
3096 1373 3266 1425 neque
3300 1364 3349 1410 in

1778 1442 2003 1509 pariam
2032 1443 2313 1509 qualitates
2343 1444 2636 1497 derivatam
2670 1445 2852 1509 l'uis~e,
2889 1463 3064 1514 neque
3096 1451 3349 1501 sectionis

1778 1542 1868 1585 aut
1894 1532 2258 1597 detractionis,
2286 1533 2365 1586 vel
2398 1534 2593 1602 aliquld
2623 1534 2948 1601 liujumtndi,
2975 1537 3113 1604 quod
3132 1538 3201 1589 sit
3226 1554 3348 1605 pas-

1780 1624 1913 1675 sioui
1944 1623 2230 1677 obnoxium
2264 1613 2632 1690 sensis‘se,-vel
2652 1616 2859 1680 sentire
2904 1628 3140 1695 potuisse
3185 1631 3350 1681 cunti-

1780 1723 1915 1768 teor.

1852 1826 2159 1881 Athanasius
2206 1828 2375 1881 dixit:
2424 1828 2528 1885 Sed
2581 1848 2750 1900 neque
2793 1849 2888 1889 nos
2921 1834 3002 1888 bis
3048 1837 3349 1903 paSsiomuu

1784 1919 2177 1973 conditionibus
2206 1920 2443 1974 divinam
2476 1924 2742 1976 credimus
2765 1926 3039 1993 subiacere
3071 1940 3309 1981 naturam
3335 1946 3349 1991 ;

1778 2011 1872 2064 sed
1906 2012 2287 2080 impassibilem
2320 2013 2529 2068 Patrem
2583 2016 2984 2085 itupassibiliter
3032 2019 3099 2072 de
3149 2010 3350 2088 scipso,

1779 2102 1832 2157 id
1864 2112 1945 2157 est
1974 2105 2039 2158 de
2065 2121 2129 2159 eo
2155 2108 2293 2174 quod
2322 2107 2435 2175 ipse
2466 2119 2568 2172 est,
2598 2108 2788 2162 Filium
2812 2110 3098 2179 generasse
3128 2114 3352 2167 iidcliter

1778 2187 2114 2250 conli'temur.
2151 2196 2256 2251 Nec
2290 2212 2386 2251 nos
2436 2197 2778 2267 divisionum,
2813 2201 2893 2255 vel
2932 2204 3349 2267 derivationum,

1778 2301 1838 2341 ac
1860 2290 2090 2358 partium
2121 2302 2542 2359 cunctarumque
2582 2307 2758 2345 rerum
2808 2294 2890 2346 vel
2923 2296 3227 2362 passionum
3262 2312 3353 2364 ge-

1779 2393 1927 2443 nera,
1960 2394 2077 2449 quae
2110 2380 2252 2434 inani
2282 2380 2656 2436 sollicitudinis
2696 2386 2885 2438 timore
2932 2396 3081 2439 actus
3120 2386 3353 2455 objiccrc

1780 2470 2013 2536 voluisti,
2040 2486 2067 2525 a
2102 2471 2447 2545 professionis
2477 2476 2701 2530 veritate
2724 2477 3032 2543 deﬂectunt,
3084 2488 3139 2532 ut
3188 2496 3351 2549 ncgc-

1780 2578 1896 2616 mus
1929 2564 2093 2619 Deum
2126 2581 2187 2619 ex
2216 2566 2392 2631 seipso
2442 2569 2511 2621 ob
2539 2568 2641 2623 ltoc
2671 2585 2927 2638 generate
2958 2588 3061 2626 non
3093 2575 3352 2649 potuisse,

1778 2666 1843 2705 ac
1869 2654 2110 2709 videatur
2153 2653 2236 2709 bis
2285 2658 2617 2726 passionibus
2656 2661 2953 2731 sulijacere.
3008 2664 3143 2731 Quid
3195 2656 3355 2735 igitur

1778 2746 2099 2817 religiosius,
2126 2749 2320 2817 quidve
2340 2749 2594 2814 sanctius,
2625 2766 2687 2805 ac
2712 2752 2902 2807 divinis
2937 2756 3007 2810 sit
3030 2758 3194 2824 magis
3224 2773 3355 2812 con-

1776 2852 1965 2905 gruum
1992 2837 2218 2906 legibus,
2248 2852 2397 2907 aequa
2448 2839 2716 2905 (obsecro
2769 2857 2886 2905 vos,
2944 2859 2977 2897 ο
3032 2844 3353 2914 auditores)

1741 2928 1958 3004 judicii
1988 2929 2137 2984 lance
2160 2939 2399 2999 pensate.
2432 2932 2632 3001 Erigite
2660 2935 2853 2989 mentis
2882 2937 3087 3001 oculos,
3119 2948 3169 2991 cl
3202 2941 3355 2994 terri-

1779 3023 1935 3078 licum
1988 3023 2152 3079 futuri
2182 3025 2451 3082 examinis
2479 3026 2618 3081 diem
2670 3036 2986 3091 metuentes.
3029 3030 3156 3100 quid
3186 3035 3355 3101 magis

1777 3115 2059 3169 catholicae:
2091 3126 2250 3183 atque
2293 3118 2600 3184 aposmlicte
2630 3118 2841 3173 veritati
2890 3122 3195 3187 conveniat,
3229 3126 3357 3179 reli-

1780 3203 1925 3273 giosa
1952 3205 2145 3260 mentis
2176 3206 2468 3261 intentione
2513 3208 2830 3276 pcrspicite;
2858 3220 3031 3265 utrum
3062 3210 3214 3268 fateri
3241 3231 3355 3269 om-

1782 3291 2111 3360 nipotentem
2158 3294 2324 3349 Deum
2380 3296 2775 3365 impassibiiiter
2813 3314 2876 3354 ex
2927 3301 3105 3368 seipse
3161 3304 3353 3359 Filium

1781 3397 2085 3451 generasse,
2116 3398 2183 3437 an
2214 3382 2343 3442 illud
2376 3386 2551 3453 potius
2578 3387 2805 3454 Opinati,
2836 3405 2903 3445 ne
2935 3392 3198 3459 passionis
3227 3395 3356 3448 vitio

1780 3471 2101 3540 subjaceret,
2129 3488 2193 3527 ex
2223 3474 2423 3543 seipso,
2449 3474 2503 3529 id
2530 3485 2613 3530 est
2639 3491 2704 3531 ex
2726 3493 2821 3534 sua
2843 3481 3139 3537 substantia
3165 3484 3354 3540 Filium

1782 3579 2038 3634 generare
2066 3580 2170 3619 non
2195 3565 2444 3634 potuisse.
2470 3568 2582 3637 Ego
2611 3570 2753 3623 enim
2777 3570 2829 3625 id
2855 3582 3058 3637 astruo,
3088 3575 3137 3627 id
3169 3576 3356 3631 claris-

1783 3656 1914 3708 sima
1947 3654 2093 3709 vocis
2115 3655 2446 3724 professione
2468 3671 2737 3728 assevero,
2771 3662 2909 3730 quod
2935 3664 3070 3718 sicut
3095 3666 3234 3721 Deus
3256 3669 3355 3722 im-

1785 3746 2074 3825 passibilis,
2220 3756 2274 3802 et
2312 3749 2650 3832 omnipotens
2678 3762 2779 3807 est.
2812 3753 2985 3809 Credo
3008 3770 3138 3826 ergo
3166 3759 3233 3813 de
3260 3773 3355 3812 sua

1787 3837 2023 3904 potuisse
2048 3838 2339 3895 substantia
2357 3839 2635 3908 generaie,‘
2663 3856 2762 3904 ncc~
2782 3852 2958 3900 tamen
2983 3846 3208 3915 alicujus
3235 3865 3356 3918 pas-

1786 3926 1951 3981 sionis
1978 3927 2107 3982 vitio
2127 3929 2429 3997 subjectum
2460 3930 2658 3985 fuisse:
2692 3935 2941 4002 quoniam
2968 3936 3158 3993 divisio
3183 3954 3245 3994 ac
3266 3941 3356 3995 de-

1787 4017 1997 4086 rivatio,
2030 4022 2345 4086 contractio,
2368 4010 2631 4091 accessio,
2658 4023 2850 4103 ﬂuxus,
2874 4025 2955 4080 vel
2978 4026 3141 4091 siqua
3166 4028 3354 4097 hujus-

1786 4110 1927 4164 modi
1970 4124 2089 4165 esse
2132 4120 2354 4178 possunt
2398 4126 2590 4179 genera
2623 4114 3257 4185 passionum,¢orporeis
3300 4130 3354 4173 et

1786 4203 2271 4266 contrectabilibus,
2296 4213 2453 4272 atque
2475 4217 2539 4257 ex
2566 4202 2875 4259 diversitate
2893 4210 3204 4275 compositis
3224 4222 3355 4263 con-

1786 4296 2003 4350 veniunt
2034 4293 2210 4347 rebus.
2247 4294 2385 4346 Deus
2419 4306 2567 4358 vero,
2598 4287 2879 4363 qui'nullis
2908 4296 3151 4366 corporei
3196 4299 3356 4355 sche-

1786 4386 1941 4439 matis
1970 4381 2421 4438 circiimscribitur
2447 4381 2630 4450 signis,
2656 4397 2753 4435 nec
2786 4382 3051 4453 aliquibus
3075 4384 3356 4455 disringui-

1788 4490 1872 4528 tur
1928 4474 2284 4527 mcmbrOrnm
2342 4475 2699 4535 lineamentis,
2746 4472 2873 4527 vitio
2922 4474 3200 4542 Sttbjacerc
3248 4492 3353 4531 nou

138 4563 466 4656 “suae.
480 4563 489 4565 ‘
512 4563 893 4669 cognoscimus
919 4614 934 4663 ;
964 4600 1295 4668 apostolicae
1350 4601 1678 4654 auctoritat's
1711 4596 1755 4655 υ
1788 4576 1955 4669 tm?!
1993 4580 2023 4633 ι)
2059 4564 2270 4665 saevi-“-
2308 4563 2389 4665 ει,
2420 4577 2562 4616 rem
2619 4564 2668 4616 ίη
2720 4564 2908 4669 etiam
2946 4569 3353 4669 ,ξεξξεταιίξῖηξιη

140 4692 287 4748 edocti
312 4694 641 4764 magisterio,
665 4705 775 4760 quo
797 4690 893 4758 ait,
920 4689 1239 4744 invisibilem
1264 4690 1552 4743 divinitatis
1574 4692 1675 4741 vir—

141 4789 280 4835 tutem
328 4798 396 4838 ex
424 4782 509 4837 bis
529 4796 648 4851 quae
678 4779 815 4834 facta
842 4787 965 4833 sunt
1018 4778 1215 4834 debere
1238 4779 1452 4848 intelligi
1478 4780 1495 4850 (
1524 4780 1670 4833 Rom.

144 4871 301 4944 nio).
330 4874 472 4929 Dixit
493 4888 623 4941 ergo
652 4872 811 4926 Arius
839 4870 1029 4925 Filium
1052 4887 1115 4925 ex
1146 4871 1300 4925 Patre
1328 4879 1504 4925 natum
1531 4860 1687 4937 esse,

141 4970 183 5013 et
208 4962 357 5018 Deum
387 4966 553 5018 Deum
580 4960 847 5031 genuisse,
902 4960 1074 5014 locem
1104 4961 1298 5014 lucem.
1339 4961 1391 5014 ln
1423 4976 1523 5028 qua
1553 4976 1675 5029 pro-

145 5050 344 5111 lusione
368 5069 535 5109 unum
560 5052 665 5107 erit
685 5066 714 5105 e
730 5052 933 5109 duobus
956 5050 1298 5119 proculdubio
1321 5052 1672 5107 retinendum.

146 5142 229 5197 Aut
248 5146 381 5201 enim
408 5160 476 5201 ex
504 5142 682 5213 seipse
738 5155 996 5212 generans
1050 5142 1101 5196 id
1139 5141 1276 5212 quod
1322 5144 1434 5211 ipse
1463 5151 1544 5196 est
1582 5159 1664 5211 ge-

56 5298 61 5303 _
145 5236 254 5299 nuit,
276 5246 323 5290 et
338 5238 405 5290 ob
420 5237 523 5289 hoc
541 5233 882 5288 Filiusunios
899 5247 1017 5288 cum
1038 5233 1194 5287 Patre
1214 5233 1520 5288 substantiae
1541 5236 1674 5288 erit:

146 5327 275 5390 aut’si
299 5329 514 5382 alterius
539 5341 572 5381 a
599 5338 658 5380 se
686 5326 898 5393 generis
943 5325 1103 5377 Deum
1136 5324 1337 5393 genuit,
1371 5338 1493 5378 vera
1518 5325 1675 5378 ’nati-

147 5415 257 5469 vitas
276 5410 376 5471 dici
403 5432 506 5471 non
539 5416 755 5486 poterit,
802 5400 919 5483 qua:
958 5416 1334 5485 proprietatem
1364 5413 1693 5467 substantizn

149 5509 408 5570 generantia
433 5522 647 5563 servare
676 5522 779 5560 non
810 5508 997 5575 potuit.
1029 5505 1089 5559 Et
1116 5521 1180 5559 eo
1202 5505 1571 5574 diSputationis
1592 5520 1675 5557 ra-

150 5598 207 5648 tio
226 5599 506 5666 deducitur,
538 5610 594 5652 ut
616 5609 707 5651 aut
733 5597 949 5651 ontltltt't
980 5610 1134 5652 natus
1159 5611 1263 5651 non
1291 5598 1383 5663 sit,
1410 5608 1496 5650 ant
1515 5598 1673 5666 dege-

154 5692 455 5756 neratu-sit';
485 5689 626 5760 quod
672 5689 954 5759 utrimque
1006 5682 1155 5744 fateri
1207 5689 1594 5759 perabsurdum
1623 5698 1677 5744 et

153 5778 327 5852 lpittm
354 5800 469 5847 esse
495 5783 784 5847 videbitur.

389 5879 653 5941 l’nnos.
706 5873 896 5934 LXII.

1788 4661 2059 4723 proﬁteor,
2093 4656 2209 4723 quia
2236 4654 2411 4723 genuit
2439 4672 2452 4708 :
2484 4663 2541 4707 et
2570 4663 2714 4707 recte
2747 4654 3139 4721 lmpassibtlitor
3166 4656 3354 4709 nihilo-

1786 4748 1962 4800 tui:.us
1988 4747 2264 4812 conﬁteor,
2301 4747 2420 4814 quia
2453 4743 2720 4813 passibilis
2751 4759 3017 4812 nunquam
3056 4746 3173 4798 luit.

1864 4858 1945 4911 Vl.
1974 4857 2123 4911 Arius
2149 4856 2279 4908 dirit
2300 4872 2318 4909 .'
2375 4854 2508 4908 Nutu
2552 4854 2709 4921 igitur
2732 4854 2852 4918 quia
2882 4854 2934 4907 in
2964 4853 3071 4909 Deo
3110 4856 3354 4924 omnipo-

1786 4950 1945 5003 tentia
1980 4946 2288 5016 negatiuon
2322 4954 2511 5013 potest,
2572 4940 2770 4997 idcirco
2822 4956 2943 4998 eum
2996 4947 3196 5013 perpeti
3249 4962 3353 4999 non

1785 5054 1942 5108 posSc
1965 5037 2341 5115 latendumest
2364 5051 2482 5103 qua:
2509 5036 2727 5089 omnino
2752 5030 3057 5100 incorrupta
3076 5036 3191 5101 ejus
3218 5035 3355 5088 ἀίκὶ-

1786 5133 1963 5184 uitatis
1994 5128 2291 5181 substantia
2354 5126 2512 5196 103
2566 5139 2669 5178 non
2718 5122 2942 5191 recipit?
2990 5123 3143 5191 Unde
3201 5129 3353 5180 valde

1785 5223 2141 5283 inhonestum,
2161 5229 2213 5273 et
2245 5219 2379 5271 satis
2402 5200 2675 5286 impietate
2693 5215 2901 5283 plenum
2925 5230 3044 5271 esse
3064 5216 3354 5283 videbitur,

1786 5324 1842 5367 ut
1868 5329 1960 5383 per
1992 5309 2559 5387 unius’prul‘eSsimtetn
2616 5306 2948 5374 substantias,
2997 5322 3094 5362 nec
3136 5290 3350 5366 Patrem
3398 5336 3401 5339 -

1786 5404 1994 5472 proprie
2029 5402 2340 5463 subsistere,
2371 5414 2469 5452 nec
2498 5392 2690 5449 Filium
2721 5398 2771 5451 in
2796 5411 2887 5450 sua
2919 5396 3239 5467 proprietate
3260 5417 3354 5454 cx-

1780 5506 1923 5550 stare
1948 5491 2403 5547 credamus.llue
2445 5490 2585 5542 enim
2645 5485 2869 5542 nefanda
2914 5487 3149 5557 perfidia:
3193 5490 3352 5560 hujus

1779 5590 1950 5657 vergit
1972 5576 2215 5647 intentio,
2240 5593 2293 5635 nt
2319 5581 2595 5650 permixtis
2618 5589 2671 5635 et
2698 5581 2850 5633 unius
2882 5581 2958 5635 rei
2980 5582 3350 5651 coa‘gulatione

1778 5695 1847 5733 ex
1876 5680 2086 5734 diverso
2115 5674 2354 5730 collectis
2382 5685 2540 5742 atque
2571 5672 2804 5727 confusis
2836 5672 3006 5726 Patris
3024 5684 3072 5726 et
3095 5672 3208 5725 Filii
3230 5690 3352 5743 por-

1783 5775 1949 5850 sonis,
1982 5772 2032 5825 in
2064 5780 2155 5837 sua
2184 5770 2277 5837 (ut
2306 5764 2451 5836 dixi)
2482 5748 2822 5836 proprietatis
2855 5766 3222 5833 singulm-italu
3255 5770 3350 5822 nti-
