3842 6226
473 364 582 423 Tit

1793 368 2017 424 VICILII
2059 368 2431 425 TAPSENSIS

3664 381 3764 435 I71

471 481 628 531 aliine
679 480 970 536 subsistere
1008 482 1232 536 valeant.
1281 479 1410 533 Illud
1440 479 1600 532 etiam
1635 477 1791 530 nimis
1836 477 2060 533 borreu-
2090 487 2132 544 Α
2164 483 2338 535 omnia
2385 482 2564 547 audit;
2615 498 2822 548 manus,
2853 500 2885 555 q
2911 485 2978 540 tia
3023 487 3201 541 omnia
3241 497 3532 559 operatur;
3591 493 3764 560 pedes

481 568 631 634 dum,
662 579 715 623 et
745 572 926 636 procul
962 586 991 623 a
1025 569 1261 623 ﬁdelium
1293 568 1564 622 mentibus
1606 565 1960 621 amovendum
2009 566 2061 619 in

485 663 583 712 hac
615 669 716 714 tua:
743 659 1087 730 professionis
1140 659 1366 728 perﬁdia
1407 658 1732 721 continetur,
1782 658 2060 712 inviolabi-

471 747 587 803 lem
617 750 824 806 Patrem
849 752 912 804 de
940 766 1032 804 sua
1061 751 1359 806 substantia
1407 749 1731 820 generando,
1754 751 2062 818 corruptio-

487 844 571 897 nis
591 859 653 898 ac
676 844 952 898 divisionis
978 845 1162 898 vitium
1193 844 1464 899 declinare
1490 843 1708 896 minime
1732 842 1907 912 potuis
1938 857 1987 896 e.

551 936 859 996 Athanasius
915 937 1090 988 dixit:
1152 936 1388 990 Veritatc
1434 933 1627 988 divinae
1676 934 2056 1003 generationis,

483 1023 797 1079 velutnodis
827 1025 1198 1080 insolubilibus
1215 1026 1414 1078 arctius
1439 1023 1723 1092 obligatus,
1748 1038 1846 1091 per
1879 1026 2061 1078 nescio

482 1133 597 1184 qu.e
629 1116 870 1170 nefandze
898 1117 1209 1172 intentionis
1253 1114 1554 1180 molimina,
1592 1113 1784 1183 quibus
1825 1114 2058 1168 divinam

481 1216 689 1262 eertum
720 1216 802 1262 est
820 1223 1004 1263 carere
1033 1218 1294 1272 naturam,
1325 1204 1585 1261 evadendi
1606 1204 1892 1274 suffugium
1916 1221 2060 1275 qua:-

434 1317 439 1320 ·
485 1300 671 1362 litans,
705 1299 1101 1367 corruptionem
1132 1295 1459 1366 incorrupto,
1480 1297 1791 1366 passionem
1816 1297 2061 1366 impassi-

454 1390 596 1454 'ltlll,
631 1390 992 1457 impotentiam
1025 1388 1215 1457 objicis
1242 1387 1615 1458 omnipotenti.
1648 1388 1754 1443 Sed
1799 1387 1913 1442 hzcc
1943 1404 2055 1444 ειεο

481 1482 576 1534 bro
598 1495 660 1534 ac
687 1480 879 1548 saepius
917 1490 1185 1549 repetens,
1236 1481 1381 1534 nulla
1435 1490 1484 1534 te
1525 1479 1718 1533 divina:
1765 1478 2058 1547 maiestatis

477 1573 778 1627 reverentia
810 1587 836 1622 a
871 1581 976 1625 tam
1009 1571 1252 1627 nefandis
1299 1571 1689 1641 objectionibus
1739 1586 1924 1627 arcere
1962 1586 2058 1642 po-

478 1673 581 1716 test
605 1680 617 1714 :
649 1661 742 1716 sed
773 1672 1031 1731 quantum
1058 1663 1214 1718 video
1237 1664 1355 1717 sine
1378 1663 1484 1717 ullo
1512 1662 1731 1732 pudoris
1760 1663 1974 1729 intuitu,
2002 1664 2054 1718 in

477 1754 721 1822 injuriam
755 1754 1072 1809 venerandae
1122 1754 1241 1809 Filii
1265 1755 1523 1808 nativitati
1548 1754 1734 1809 obvius
1767 1769 2055 1824 properare

2168 574 2285 639 quia
2319 574 2513 643 ubique
2540 583 2648 640 est;
2681 577 2751 630 ita
2779 584 3010 644 uterum,
3030 581 3152 649 qu?a
3173 581 3241 636 de
3262 580 3378 650 ipso
3399 583 3762 640 inefl'abiliter

2165 661 2366 732 genuit,
2395 665 2637 734 accipere
2661 665 2843 722 debes.
2873 667 3049 724 Necte
3076 680 3289 739 oportet
3313 673 3619 728 inﬁdeliter
3640 677 3760 742 upi-

2167 756 2303 820 nari,
2327 757 2446 825 quia
2467 757 2509 810 si
2532 757 2598 811 de
2616 758 2792 827 seipso
2816 760 3019 829 genuit,
3045 764 3315 833 corrumpi
3337 766 3526 835 utique
3546 767 3755 834 potuit;

2077 887 2083 892 .
2164 861 2320 913 quem
2349 856 2405 898 ut
2434 847 2851 918 omnipotentem
2884 861 2940 906 et
2987 852 3446 922 incorruptibilem
3474 872 3757 927 generare

2166 936 2414 1002 potuerit,
2443 951 2539 991 nec
2565 937 2798 1009 bac'ipsa
2819 943 3162 1010 generatione
3181 945 3451 1014 corrumpi
3480 953 3751 1016 potuerit,

2165 1026 2395 1098 fideliter
2418 1029 2667 1084 convenit
2695 1031 2952 1100 proﬁteri.
2979 1032 3109 1087 Nam
3131 1034 3174 1088 si
3198 1034 3512 1091 mirabiliter
3535 1052 3610 1091 ex
3635 1038 3755 1092 Vir-

2161 1116 2283 1186 gine
2309 1124 2494 1172 contra
2524 1135 2700 1174 rerum
2731 1131 2974 1177 naturam
3001 1123 3475 1194 incorntptibiliter
3493 1128 3756 1183 creditur

2161 1220 2342 1274 natus;
2374 1219 2572 1280 quanto
2600 1213 2766 1280 magis
2792 1229 2857 1269 ex
2906 1215 3063 1270 Patre
3098 1217 3400 1272 credendus
3430 1228 3514 1274 est
3563 1219 3749 1274 incor-

2160 1300 2480 1369 ruptibiliter
2503 1304 2745 1371 genitus?
2768 1304 2824 1359 Si
2845 1305 2989 1360 enim
3020 1307 3384 1364 substantialis
3407 1319 3606 1365 natura
3631 1309 3752 1362 Vir—

2159 1390 2318 1459 ginis,
2348 1407 2466 1462 quae
2490 1409 2558 1448 ex
2593 1394 2704 1464 ipsa
2735 1395 2916 1466 utique
2936 1400 3298 1468 corruptibilis
3321 1409 3524 1456 natura
3550 1404 3748 1457 condi.

2161 1486 2301 1540 tione
2333 1487 2562 1554 passioni
2600 1498 2655 1544 et
2688 1489 3017 1560 eorruptioni
3056 1493 3226 1561 potuit
3266 1494 3568 1562 subjacere,
3606 1495 3748 1550 inte-

2160 1585 2360 1631 merata
2401 1577 2614 1646 pudoris
2663 1580 2983 1651 integritate,
3024 1593 3078 1638 et
3119 1584 3357 1641 infractis
3387 1587 3743 1656 virginalibus

2157 1670 2435 1736 elau5tris;
2482 1671 2710 1726 mirabili
2756 1674 3168 1744 incorruptionis
3209 1677 3519 1747 integritate
3567 1680 3742 1732 ﬁlin

2155 1761 2456 1829 generavit;
2495 1777 2589 1816 cur
2626 1779 2734 1817 non
2777 1765 2963 1834 magis,
2998 1774 3058 1820 ut
3085 1767 3216 1832 dixi,
3266 1767 3736 1839 incorruptibilem

469 1846 775 1900 centeudis.
801 1846 905 1903 Sed
935 1855 986 1902 te
1015 1846 1319 1901 effrenatius
1350 1855 1659 1916 evagantem
1687 1856 1759 1914 et,
1788 1840 1932 1902 velut
1953 1863 2050 1903 un-
2081 1854 2127 1914 B
2159 1852 2313 1922 108
2340 1852 2528 1918 Deum,
2560 1856 2738 1923 genito
2761 1863 2825 1911 ex
2853 1872 2910 1913 se
2935 1857 3405 1927 incorruptibiliter
3431 1859 3594 1924 Filio,
3619 1876 3739 1915 eor-

474 1940 589 1993 dosi
619 1941 850 2009 mquoris
880 1940 1106 2009 gurgite,
1143 1942 1369 1994 naturali
1410 1940 1638 2008 quadam
1684 1941 1900 1996 licentia
1932 1939 2048 1994 flui-

472 2039 695 2096 tantem,
745 2031 939 2086 divinae
969 2032 1302 2086 auctoritatis
1352 2032 1653 2086 testimonia
1701 2031 2044 2099 coercebunt,

466 2112 525 2174 et
557 2121 690 2174 intra
723 2130 900 2176 certos
943 2121 1135 2176 divina:
1183 2122 1533 2191 professionis
1581 2123 1779 2178 limites
1808 2132 2050 2178 coarcta-

450 2218 604 2276 ‘tum,
637 2211 885 2282 legalium
916 2213 1358 2268 constitutionum
1399 2223 1566 2268 metas
1592 2215 1776 2284 egredi
1823 2231 1928 2270 non
1975 2215 2051 2270 si-

470 2311 618 2353 nettt.
651 2301 950 2356 Inculcatur
992 2301 1151 2370 igitur
1199 2301 1444 2357 humanis
1497 2305 1746 2359 sensibus
1775 2317 1930 2359 sacro
1960 2303 2050 2358 illo

435 2427 441 2434 ι
468 2390 816 2458 professions
848 2407 957 2445 sua:
979 2392 1197 2447 oraculo
1227 2393 1401 2446 divina
1431 2395 1700 2464 majestas,
1737 2409 1842 2465 quo
1878 2409 1938 2449 se
1965 2395 2050 2449 Fi-

432 2508 438 2514 -
473 2481 598 2533 lium
622 2481 688 2534 de
719 2482 938 2536 occulis
982 2483 1294 2538 substantia:
1323 2497 1433 2538 sua:
1461 2485 1669 2538 arcanis
1715 2484 2049 2540 inefl‘abiliter

445 2573 717 2642 sgenuisse
765 2581 1008 2640 testatur,
1044 2581 1095 2628 et
1117 2573 1285 2628 dicit:
1321 2572 1403 2628 Ex
1442 2573 1580 2628 utero'
1611 2585 1730 2629 ante
1759 2574 2079 2647 Luciferum-

470 2665 620 2734 genui
643 2675 685 2716 te
718 2664 904 2734 (Psut.
927 2679 1038 2730 cu,
1072 2666 1104 2718 3
1129 2665 1169 2733 ).
1201 2665 1371 2720 Unum
1403 2674 1483 2719 est
1505 2679 1632 2735 ergo
1653 2666 1705 2720 in
1733 2666 1832 2722 hac
1858 2668 2050 2722 divina:

444 2757 822 2828 professionis
857 2758 1249 2812 contestatione
1307 2757 1615 2812 tenendum.
1675 2759 1780 2813 Aut
1810 2759 1950 2814 enim
1983 2760 2050 2814 de

469 2866 562 2903 sua
585 2841 858 2903 ineffabili
893 2849 1188 2903 substantia
1230 2849 1420 2904 Filium
1451 2848 1928 2919 incorruptibiliter
1961 2867 2051 2920 ge-

471 2942 617 3006 nuit;
647 2949 738 2995 aut
762 2955 829 2996 ne
855 2930 1310 3010 corrumperetur,
1337 2944 1556 2995 omnino
1584 2957 1688 2996 non
1719 2942 1920 3012 genuit.
1947 2943 2049 2996 Sed

441 3045 572 3101 ‘ego
596 3031 731 3084 hanc
760 3030 980 3098 integra:
1012 3029 1131 3084 ﬁdei
1166 3041 1370 3097 partem
1408 3030 1566 3100 eligo,
1592 3045 1711 3100 qua:
1750 3031 2048 3101 religiosius

370 3115 373 3120 ’
452 3123 790 3177 'contestanti
823 3105 900 3175 de‘
920 3135 978 3175 se
1028 3119 1138 3176 Deo
1166 3122 1357 3175 suadet
1387 3120 1788 3174 famulandum:
1833 3137 1930 3187 nec
1965 3137 2048 3174 nze

2154 1943 2325 2013 rumpi
2358 1959 2460 1998 non
2494 1947 2725 2015 potuisse
2750 1948 3064 2002 credamus?
3088 1947 3131 2003 Ο
3151 1966 3346 2005 novum
3370 1962 3527 2021 atque
3559 1952 3736 2005 infan-

2152 2033 2275 2086 dum
2308 2046 2656 2092 monstruosa
2686 2039 2948 2106 opinionis
2999 2040 3358 2096 damnabilem
3399 2054 3606 2098 metum
3651 2041 3733 2094 fa-

2155 2124 2253 2178 teri
2289 2124 2559 2194 Virginem
2611 2138 2762 2197 partu
2798 2144 2902 2183 non
2935 2132 3172 2198 potuisse
3212 2133 3502 2202 corrumpi,
3531 2144 3588 2188 et
3623 2132 3732 2186 for-

2153 2215 2353 2270 midare
2384 2216 2547 2270 Deum
2599 2233 2664 2272 ne
2707 2219 3065 2288 corruptionis
3102 2221 3231 2274 vitio
3278 2221 3610 2291 subjaceret,
3661 2223 3731 2276 de

2152 2319 2247 2357 sua
2272 2320 2375 2358 non
2408 2306 2642 2373 potuisse
2667 2309 2956 2362 substantia
2993 2314 3282 2377 generaret
3311 2297 3533 2367 Valente
3570 2314 3733 2381 Igitur

2156 2394 2292 2460 Deo,
2337 2397 2696 2465 corruptibilis
2737 2408 2939 2454 natura:
2970 2399 3149 2472 Virgo,
3194 2403 3311 2456 sine
3353 2403 3458 2458 ullo
3508 2405 3729 2473 pudoris

2151 2483 2347 2538 damno
2377 2486 2538 2540 filium
2569 2488 2880 2557 generavit:
2909 2495 2966 2544 et
2985 2487 3099 2557 ipse
3119 2491 3208 2560 qui
3238 2492 3729 2562 incomparabiliter

2152 2575 2356 2629 cunctis
2382 2577 2591 2630 naturis
2636 2577 3086 2648 incorruptibilior
3125 2595 3427 2650 permanet,
3476 2583 3580 2639 hoc
3627 2583 3726 2638 sibi

2153 2676 2405 2735 prtestare
2431 2683 2534 2721 non
2568 2670 2755 2738 p'otuit,
2787 2675 2842 2723 ut
2863 2669 2931 2724 de
2959 2684 3052 2724 sua
3093 2672 3387 2727 substantia
3419 2673 3614 2728 Filium
3647 2674 3727 2728 in.

2151 2757 2566 2826 corruptibiliter
2585 2773 2838 2828 generare
2860 2760 3128 2830 potuerit?
3152 2761 3292 2831 Ergo
3313 2764 3436 2833 quia
3463 2764 3632 2820 Deum
3657 2765 3724 2818 de

2149 2848 2330 2918 seipso
2358 2847 2549 2904 Filium
2578 2846 2882 2919 generasse,
2912 2859 2967 2906 et
2991 2852 3293 2907 divinarum
3323 2854 3720 2924 Scripturarum

2152 2948 2415 2994 testantur
2443 2940 2674 3010 eloquia,
2707 2951 2762 2996 et
2783 2943 2834 2995 in
2861 2957 2954 2997 sua
2987 2942 3144 2998 Arius
3174 2946 3438 3014 superiori
3472 2961 3722 3016 prosecu~

2152 3029 2297 3083 tione
2322 3028 2495 3084 fassus
2523 3040 2626 3095 est,
2655 3031 2854 3107 judice,
2878 3033 3113 3088 virorum
3142 3035 3344 3104 Optime
3371 3036 3581 3102 Probe,.
3605 3041 3722 3107 quis

2154 3121 2322 3190 magis
2343 3135 2461 3175 cum
2479 3120 2674 3176 divinis
2692 3124 2973 3188 conveniat
2992 3124 3277 3194 Scripturis
3295 3141 3311 3190 ;
3329 3136 3578 3183 utrumne
3598 3143 3716 3197 ego,

443 3213 575 3268 ‘1tlla
600 3213 843 3267 humana:
867 3211 1414 3280 passionisubstacula
1437 3226 1500 3267 ex
1530 3211 1859 3268 inﬁdelitatis
1878 3199 2048 3267 sacri;
2076 3207 2121 3270 C
2151 3213 2238 3281 qui
2267 3211 2336 3265 ob
2363 3210 2464 3266 hoc
2493 3213 2647 3266 unius
2679 3214 2990 3269 substantiae
3015 3229 3134 3270 cum
3175 3215 3331 3271 Patre
3365 3216 3558 3270 Filium
3601 3233 3719 3270 esse

415 3316 426 3321 ’
474 3306 614 3374 legio
650 3304 1024 3357 descendentia
1058 3303 1326 3356 ullatenus
1373 3311 1625 3372 poterunt
1671 3317 1944 3368 revocare,
1995 3312 2052 3357 ut

445 3395 665 3449 ‘merito
697 3407 798 3446 non
824 3392 1039 3446 credam
1077 3392 1237 3446 Deum
1267 3406 1525 3462 generare
1556 3394 1816 3461 potuisse,
1847 3408 1912 3447 ne
1957 3393 2052 3446 hu—

473 3499 642 3538 ntana:
669 3483 1072 3539 consuetudinis
1103 3497 1252 3537 more
1289 3483 1442 3554 107
1463 3485 1792 3553 coruuptioni
1824 3487 2053 3553 patuerit

470 3578 782 3646 subiacere:
814 3591 933 3630 eum
962 3573 1067 3628 hoc
1094 3574 1222 3628 mihi
1248 3576 1376 3629 satis
1399 3588 1519 3629 esse
1549 3590 1654 3629 non
1677 3575 1910 3628 dubitem
1932 3591 2051 3643 pro-

470 3669 752 3734 mendum,
785 3667 850 3722 de
882 3667 975 3721 Dei
1007 3668 1305 3722 substantia
1340 3677 1521 3721 natum
1552 3682 1693 3731 esse,
1738 3683 1894 3737 quem
1927 3683 2052 3721 cou-

449 3769 575 3813 stat
602 3758 668 3812 de
693 3757 863 3811 Patris
893 3767 1042 3811 utero
1066 3757 1413 3826 processisse.
1567 3752 1571 3756 ’

547 3851 653 3904 \‘ll.
690 3851 840 3905 Arius
872 3850 998 3902 dixit
1025 3864 1043 3903 :
1071 3849 1337 3914 Quantum
1381 3857 1485 3903 tua:
1519 3848 1911 3919 prosecutionis
1961 3850 2047 3902 in-

474 3941 640 3994 trntio
685 3946 974 4003 monstrat,
1017 3939 1370 4007 compositum
1428 3939 1580 3993 nobis
1634 3947 1687 3992 et
1728 3939 2051 4007 corruptioni

461 4033 757 4086 ιιιηιυιίιιιη
782 4031 865 4086 vis
889 4032 1229 4086 introducere
1251 4031 1416 4086 Deum
1441 4048 1458 4095 ;
1482 4032 1570 4101 qui
1588 4027 1744 4087 etiam
1769 4033 1818 4086 in
1843 4049 1905 4088 eo
1929 4049 2048 4088 cor-

473 4123 708 4192 poralem
753 4122 888 4176 uteri
928 4121 1341 4190 appellationem
1390 4123 1632 4190 accipere
1679 4137 1784 4175 non
1831 4125 2040 4177 metuis.

460 4219 702 4270 Necesse
734 4231 860 4282 ergo
882 4214 984 4268 erit
1019 4224 1073 4268 ut
1101 4224 1191 4268 aut
1230 4215 1482 4268 membris
1509 4216 1834 4284 compositus
1869 4217 1958 4283 si',
1990 4219 2035 4270 si

469 4319 676 4361 uterum
707 4303 895 4369 habet;
925 4314 1018 4359 aut
1043 4299 1391 4374 cerruptioni,
1427 4315 1484 4360 ut
1510 4304 1642 4371 dixi,
1674 4306 1965 4374 obnoxius,
1999 4309 2045 4361 si

463 4401 534 4453 de
563 4413 655 4451 sua
681 4397 977 4455 substantia
1004 4396 1300 4465 generavit.

539 4491 847 4544 Athanasius
873 4489 1035 4542 dixit:
1056 4489 1217 4543 Recte
1250 4488 1299 4542 id
1330 4502 1415 4543 me
1443 4489 1676 4544 sensisse
1700 4503 1977 4559 argueres;
1999 4490 2041 4543 si

2154 3301 2432 3367 conﬁteor,
2462 3303 2601 3372 quod
2633 3302 2878 3358 videlicet
2909 3319 2974 3358 ex
3009 3305 3146 3374 ipso,
3181 3313 3236 3359 et
3265 3320 3370 3359 non
3398 3306 3615 3360 aliunde
3642 3307 3716 3360 di-

2155 3393 2392 3446 noscitur
2438 3406 2590 3446 natus
2622 3411 2634 3445 :
2676 3403 2730 3449 et
2768 3395 2837 3448 ob
2875 3395 2975 3449 hoc
3013 3411 3198 3449 rursus
3245 3396 3717 3466 incorruptibiliter

2153 3482 2401 3551 genuisse
2430 3483 2700 3551 proﬁteor,
2736 3483 2854 3552 quia
2886 3485 3332 3562 excelle..tissima
3367 3487 3562 3540 divinte
3609 3503 3718 3540 ma-

2150 3572 2361 3642 jestatis
2377 3575 2689 3642 subSIantia,
2715 3589 2809 3644 per
2827 3576 2909 3630 sui
2935 3575 3260 3631 ineffabilem
3285 3579 3575 3644 putentiam
3602 3593 3716 3632 cor-

2154 3666 2382 3734 ruptioni
2425 3667 2702 3735 subiacere
2733 3667 3035 3722 nullatenus
3078 3669 3364 3736 potuisset;
3397 3683 3464 3723 an
3497 3673 3597 3724 iste
3629 3669 3712 3736 qui

2155 3758 2207 3811 in
2229 3766 2376 3811 tanto
2402 3756 2646 3826 ancipitis
2674 3757 3034 3827 intelligentiae
3057 3759 3362 3814 discrimine
3386 3760 3588 3828 po:itus
3608 3769 3708 3824 est,

2155 3860 2210 3902 ut
2235 3863 2340 3919 quo
2366 3848 2485 3902 fidei
2512 3863 2621 3903 sua:
2644 3849 2830 3918 pedem
2862 3848 3078 3915 referat,
3110 3850 3333 3905 nesciat.
3358 3850 3555 3906 Nolens
3576 3851 3710 3905 enim

2153 3939 2393 3993 conﬁteri
2446 3940 2608 3994 Deum
2652 3939 2719 3994 de
2762 3954 2856 3994 sua
2914 3939 3209 3994 substantia
3248 3941 3709 4009 incorruptibiliter

2134 4031 2422 4096 genuisse,
2446 4030 2498 4084 in
2513 4045 2628 4083 eam
2654 4029 3000 4086 confessionis
3013 4033 3386 4087 necessitatem
3404 4033 3706 4092 attrahitur.

2154 4130 2209 4174 ut
2237 4137 2357 4175 eum
2399 4131 2552 4190 neget
2577 4122 2894 4176 onmimodis
2937 4123 3208 4190 genuisse.
3252 4122 3356 4177 Sed
3405 4125 3504 4177 hoc
3547 4125 3706 4191 ipsum

2153 4228 2366 4284 negare,
2419 4214 2758 4269 obviantibus
2795 4214 3026 4282 undique
3066 4223 3120 4269 et
3158 4214 3296 4268 clara
3342 4215 3706 4272 vociferatione

2151 4306 2584 4371 exclamantibus,
2617 4306 2730 4360 sive
2753 4305 3074 4375 propheticis
3097 4305 3210 4361 sive
3237 4305 3546 4375 apostolicis
3577 4307 3703 4361 vaci-

2150 4396 2267 4460 bus,
2301 4411 2563 4462 nunquam
2579 4397 2709 4468 .sine
2729 4395 2890 4448 dubio
2912 4397 3125 4464 poterit.

2222 4483 2349 4537 Vill.
2381 4467 2587 4536 Probus
2602 4485 2769 4555 judex
2795 4485 2955 4538 dixit:
2980 4467 3241 4554 Quidquid
3267 4484 3316 4538 in
3339 4485 3436 4540 hac
3466 4501 3701 4555 prosecu-

451 4598 570 4652 ego
600 4582 764 4635 Deum
794 4580 993 4635 habere
1025 4589 1257 4644 uterum,
1294 4580 1523 4647 propriae
1562 4578 1879 4658 temeritatis
1911 4594 2044 4648 prae-
2073 4569 2119 4628 D
2149 4575 2348 4629 tionnm
2377 4585 2671 4627 vestrarum
2703 4572 3308 4643 assertiune‘agnoscere
3339 4578 3508 4643 potui,
3531 4579 3701 4631 ultima

469 4673 792 4741 sumptione,
809 4673 931 4725 sine
954 4671 1210 4740 ullolegis
1231 4670 1426 4726 divinae
1450 4670 1757 4726 testimonio
1779 4671 2042 4725 afﬁrmas-

468 4780 600 4821 sem.
632 4764 698 4816 At
727 4778 846 4817 eum
887 4763 1002 4830 ipse
1035 4762 1172 4816 Deus
1200 4763 1266 4816 ad
1299 4761 1640 4816 refellendam
1682 4763 1902 4817 credere
1948 4777 2043 4817 no-

460 4856 686 4910 lentium
711 4854 972 4907 insaniam
994 4851 1188 4907 hoc'de
1209 4855 1285 4907 sei
1295 4866 1391 4922 pso
1421 4853 1767 4921 pronuntiare
1788 4853 2041 4930 dignatus

452 4958 572 5012 'est,
619 4961 723 5014 quo
759 4944 1057 5001 evidentius
1103 4960 1197 5012 per
1239 4945 1374 4998 uteri
1422 4944 1891 5013 nuncupationem,
1936 4960 2040 4999 non

457 5039 822 5102 extrinsecus,
851 5050 954 5091 non
978 5034 1215 5100 aliunde,
1240 5034 1334 5089 sed
1359 5034 1425 5090 de
1451 5037 1651 5104 seipso,
1677 5033 1734 5089 id
1756 5042 1838 5088 est
1856 5034 1923 5092 de
1944 5048 2036 5087 sua

463 5130 761 5187 substantia
791 5144 848 5183 se
876 5129 1064 5183 Filium
1096 5142 1386 5198 generasse
1416 5127 1654 5195 doceret,
1686 5140 1781 5180 cur
1801 5127 1930 5180 mihi
1961 5129 2039 5182 vi-

454 5229 615 5281 ’tios.e
644 5225 970 5280 credulitatis
999 5236 1176 5279 notam
1212 5222 1417 5292 inﬁgis?
1444 5236 1564 5278 cum
1599 5223 1698 5275 hoc
1729 5221 1903 5289 potius
1934 5222 2039 5275 Deo

461 5318 644 5372 dicere
676 5315 969 5387 possis:'Sl
1000 5315 1163 5370 babes
1196 5325 1426 5382 uterum,
1463 5313 1792 5380 compositus
1817 5311 1956 5375 eris;
1993 5311 2036 5363 si

463 5411 533 5462 de
556 5409 722 5475 teipso
747 5405 993 5477 genuisti,
1016 5404 1340 5474 corruptioni
1372 5403 1642 5457 obnoxius
1667 5402 1794 5456 eris.
1821 5399 1950 5453 Nam
1971 5400 2038 5453 ita

467 5500 523 5553 in
549 5499 653 5552 Deo
679 5509 864 5552 uterus
894 5497 1010 5550 sine
1039 5496 1208 5565 aliqm
1245 5494 1607 5550 membrorum
1645 5491 2033 5561 compositione

465 5587 743 5655 accipitur,
775 5587 911 5641 sicut
939 5585 1101 5650 oculi,
1127 5597 1177 5639 et
1208 5600 1385 5649 aures,
1420 5592 1474 5639 et
1507 5599 1714 5649 manus,
1749 5595 1801 5638 et
1849 5581 2032 5651 pedes,

466 5677 582 5727 sine
613 5678 732 5731 ullis
758 5676 1153 5730 distinetionum
1196 5676 1534 5738 lineamentis
1576 5676 1750 5728 inesse
1787 5675 2032 5730 referun-

471 5777 572 5820 tur.
597 5767 745 5824 Slcut
771 5782 895 5836 ergo
925 5769 1124 5836 oculos,
1151 5769 1272 5840 quia
1296 5769 1474 5824 omnia
1500 5769 1676 5840 videt;
1706 5781 1888 5832 aures,
1918 5766 2038 5834 quia

2145 4669 2402 4722 examinis
2424 4667 2588 4721 nostri
2623 4667 2884 4721 sententia
2903 4667 3173 4720 retinebit.
3200 4667 3348 4720 Nunc
3373 4684 3517 4732 vero,
3541 4669 3586 4722 si
3608 4682 3698 4736 qua

2143 4758 2295 4812 vobis
2322 4758 2495 4811 adhuc
2533 4758 2599 4811 de
2628 4758 2818 4811 divinis
2853 4757 3142 4826 Scriptnris
3189 4757 3310 4812 ﬁdei
3349 4770 3540 4812 vestra:
3588 4773 3700 4814 con-

2143 4850 2382 4918 gruentia
2415 4862 2697 4917 superesse
2728 4847 2943 4916 putatis,
2977 4847 3216 4915 proferre
3246 4847 3532 4916 dignamini
3560 4889 3576 4915 ,
3611 4861 3700 4915 quo

2145 4942 2393 4994 facillime
2441 4956 2695 5009 queamus
2727 4954 2977 5008 processu
3007 4939 3382 5007 disputationis
3424 4956 3494 5009 qu
3519 4939 3554 4992 d
3600 4936 3695 4993 veri

2147 5031 2281 5084 ratio
2311 5035 2579 5084 cuntineat
2610 5029 2879 5099 indagare.
3280 5021 3284 5023 λ

2218 5121 2527 5175 Athanasius
2549 5122 2709 5173 dixit:
2733 5120 2992 5186 Quoniam
3017 5121 3388 5176 excellentiam
3415 5130 3558 5175 tuam
3591 5135 3695 5190 per-

2147 5212 2314 5278 spicio
2357 5211 2479 5266 huic
2525 5211 2600 5266 rei
2645 5210 3027 5264 instantissime
3058 5224 3121 5264 ac
3152 5210 3379 5265 ﬁdeliter
3408 5212 3694 5273 imminere,

2150 5314 2200 5354 ut
2233 5301 2423 5355 Filium
2455 5301 2522 5357 de
2554 5301 2724 5355 Patris
2755 5299 3049 5354 substantia
3082 5309 3261 5353 natum
3293 5316 3355 5354 ex
3387 5301 3586 5355 divinis
3618 5313 3693 5352 vo-

2149 5391 2431 5446 luminibus
2458 5391 2840 5461 approbemus;
2869 5405 3168 5460 quanquam
3198 5394 3431 5444 omnium
3457 5405 3694 5460 prosecu-

2152 5483 2351 5536 tiomnn
2384 5498 2617 5536 mearum
2654 5482 2917 5537 sententia
2959 5482 3030 5534 ita
3067 5495 3124 5534 se
3154 5479 3346 5534 habere
3375 5483 3531 5551 109
3561 5495 3693 5535 mon-

2139 5584 2354 5638 stratur,
2388 5586 2443 5627 ut
2469 5576 2607 5629 sicut
2645 5573 2937 5638 hominum,
2977 5578 3059 5626 vel
3093 5573 3374 5641 cujuslibet
3401 5574 3692 5628 animalium

2141 5685 2325 5740 genus,
2353 5684 2463 5723 sua:
2490 5669 2799 5724 substantia:
2830 5667 3032 5722 similes
3061 5669 3271 5737 gignat;
3304 5678 3360 5721 ut
3409 5683 3509 5723 nec
3551 5669 3690 5724 homo

2145 5763 2354 5823 bovem,
2418 5776 2516 5818 nec
2554 5761 2648 5818 bos
2696 5760 2964 5816 hominem
2993 5767 3236 5829 generet,
3268 5759 3360 5813 sed
3389 5759 3452 5813 ad
3482 5774 3631 5815 suam
3654 5758 3708 5813 si-
