3842 6226
73 387 150 441 ΠΒ
673 400 708 445 ﬁ
925 377 930 380 ’
1015 377 1279 433 CONTRA
1323 377 1615 432 A—RIANOS
1656 367 2011 431 DlAl.UGIlS.
2057 376 2185 430 LIB.
2227 377 2286 430 11.

3176 378 3273 431 ιιι

72 500 401 564 iuilitudinem,
437 499 491 552 id
537 505 622 553 est
657 509 768 552 sua:
791 494 1118 559 substantia,
1150 510 1481 564 unaqumqne
1513 507 1598 548 res
1625 496 1674 552 Α
1709 493 1852 558 mihi,
1910 484 2127 548 seri-avi.
2157 494 2335 563 (Joan.
2379 509 2505 558 xvn,
2541 495 2659 564 1:2);
2699 504 2752 549 et
2784 495 2963 548 Omnia
3000 511 3110 562 qua:
3155 494 3278 546 mihi

73 605 299 662 procreet;
330 589 517 646 mirari
548 602 926 658 usquequaque
951 601 1054 641 non
1085 587 1256 641 debeo
1287 586 1450 640 Deum
1503 597 1600 652 po-

75 687 206 738 tuisse
233 684 294 737 de
320 697 414 736 sua
437 679 738 735 substantia
765 679 952 733 Filium
990 692 1273 747 generare,
1307 676 1392 730 eui
1435 684 1602 729 totum

75 792 202 845 posse
234 772 530 840 subjectum
575 782 675 827 est.
709 770 814 827 Sed
861 784 926 824 ne
956 771 1157 838 absque
1208 768 1603 836 Scripturarum

76 863 338 919 testimonio
367 877 486 917 mea
533 863 702 916 oratio
744 869 1084 929 pervagetur,
1120 857 1399 927 aggredior
1443 856 1608 937 ipsius

75 955 381 1023 opitulatione
433 954 690 1015 munitus,
745 951 934 1005 Filium
987 949 1054 1004 de
1102 948 1272 1002 Patris
1315 945 1610 1001 substantia

78 1046 373 1101 inedabiliter
395 1055 583 1099 natum
613 1059 677 1098 ex
707 1043 901 1098 divinis
931 1041 1166 1096 oraculis
1207 1039 1530 1108 approbare;
1556 1046 1612 1090 ut

76 1137 174 1191 dum
211 1135 474 1190 luculento
516 1134 891 1203 disputationis
934 1134 1162 1196 tramite,
1209 1147 1314 1186 non
1346 1146 1411 1186 ex
1459 1145 1615 1200 argu-

79 1237 226 1281 mento
249 1225 634 1294 philosophicas
664 1223 794 1279 artis
832 1223 1100 1288 veniente,
1132 1223 1249 1289 sed,
1283 1231 1340 1277 ut
1376 1207 1507 1284 dixi,
1550 1236 1614 1276 ex

79 1317 238 1371 divinis
291 1317 736 1376 demonstravero
800 1316 1165 1394 documentis,
1238 1325 1347 1369 tum
1401 1313 1613 1369 demum

81 1411 208 1463 Arius
229 1409 595 1477 obmutescat,
627 1423 745 1463 cum
793 1408 986 1463 Filium
1013 1409 1078 1463 de
1120 1409 1295 1463 Patris
1323 1405 1617 1461 substantia

80 1501 300 1566 genitum,
333 1500 599 1570 legalibus
630 1500 856 1568 eloquiis
900 1514 983 1554 me
1022 1500 1249 1554 docente
1277 1499 1614 1575 cognoverit.

83 1589 244 1642 Paulus
264 1576 543 1657 apostolus
571 1587 641 1643 de
669 1587 802 1643 Filio
838 1588 902 1642 ad
936 1588 1190 1642 Hebrmos
1218 1587 1481 1654 scribens,
1509 1588 1616 1640 ait:

82 1678 182 1730 Cum
205 1679 284 1742 sit,
306 1679 503 1749 inquit,
535 1681 704 1750 imago
731 1679 999 1734 invisibilis
1032 1679 1147 1745 Dei,
1176 1689 1224 1732 et
1254 1679 1477 1749 ﬁgurant
1504 1678 1621 1730 sub-

80 1771 244 1822 stantia:
264 1772 373 1840 ejus
396 1786 578 1839 gerens
603 1768 786 1840 (Hebr.
813 1785 852 1834 ι,
885 1771 949 1835 5;
980 1768 1094 1823 Col.
1137 1785 1174 1839 I,
1216 1769 1332 1839 15).
1360 1769 1622 1824 Jeremias

1707 581 1863 646 dedit,
1895 599 2039 636 nemo
2061 584 2227 652 aufert
2251 600 2280 634 a
2299 600 2376 636 me
2401 582 2579 650 (Joau.
2603 601 2675 646 vt,
2701 583 2812 653 59);
2837 594 2888 636 et
2915 583 3115 653 Rogabo
3137 599 3273 644 eum,

1709 678 1752 723 et
1774 670 2022 724 exhibebit
2054 672 2178 724 mihi
2219 672 2486 740 plusquam
2517 674 2774 726 duodecim
2812 653 3037 743 legiones
3072 677 3280 743 angelo,-

1709 778 1823 814 rum
1849 762 2065 830 (Matth.
2094 780 2245 830 xxvr,
2269 765 2380 832 55);
2407 763 2532 818 ctSi
2549 764 2628 816 hic
2650 765 2785 818 calix
2814 782 2910 818 non
2932 774 3090 832 potest
3116 776 3282 818 trans-

1711 851 1786 904 ire
1825 854 1924 906 nisi
1956 853 2120 906 bibam
2144 855 2323 918 illum,
2351 855 2448 931 ﬁat
2486 854 2718 909 voluntas
2746 861 2833 910 tua
2869 857 3080 926 (Matth.
3135 872 3282 919 xxvi,

1712 941 1831 1013 42);
1862 953 1917 997 et
1949 944 2190 999 Transeat
2214 961 2245 997 a
2276 961 2353 999 me
2383 945 2518 999 calix
2545 949 2654 998 istc.
2703 944 2820 998 Non
2854 949 2978 998 sicut
3014 963 3105 1013 ego
3145 945 3279 1006 uolo,

1713 1035 1802 1088 sed
1828 1035 1957 1089 sicut
1980 1044 2036 1088 tu
2066 1036 2277 1107 (Matth.
2313 1053 2457 1102 xxvi,
2488 1037 2613 1106 59);
2646 1047 2697 1090 et
2721 1040 2844 1102 Qua:
2863 1047 2979 1090 sunt
3004 1039 3046 1090 ei
3075 1038 3284 1115 placita,

1716 1127 1853 1194 facio
1882 1144 2077 1199 semper
2106 1126 2282 1197 (Joan.
2315 1145 2428 1194 vnt,
2451 1128 2578 1196 29);
2615 1138 2667 1184 et
2699 1130 2885 1184 Sedere
2921 1134 2990 1182 ad
3029 1131 3284 1183 dexteram

1718 1234 1882 1271 meam
1896 1219 1974 1272 uel
1994 1220 2060 1272 ad
2086 1220 2366 1285 sinistram,
2386 1236 2486 1273 non
2508 1230 2581 1272 est
2599 1237 2760 1272 meum
2777 1222 2900 1273 dare
2919 1221 3053 1273 vobis
3075 1220 3152 1290 (Μ
3158 1221 3288 1272 at:h.

1719 1327 1810 1374 xx,
1831 1311 1954 1380 9.3);
1981 1322 2035 1367 et
2067 1311 2217 1365 Dedit
2257 1314 2334 1365 illi
2376 1329 2552 1366 nomen
2581 1314 2719 1383 quod
2742 1321 2814 1366 est
2839 1330 2991 1380 super
3019 1329 3165 1366 omne
3195 1328 3290 1365 no-

1726 1420 1858 1466 nten,
1888 1414 1933 1456 et
1953 1405 2189 1457 exaltarit
2218 1421 2429 1473 puerum
2455 1421 2601 1457 suum
2633 1404 2851 1474 (Philip.
2882 1421 2940 1470 II,
2967 1404 3053 1473 9);
3078 1414 3132 1459 et
3160 1403 3292 1457 Pro-
3315 1454 3338 1463 ,

1722 1503 1793 1563 pti
1807 1509 1893 1548 rea
1915 1496 2060 1548 unxit
2077 1504 2124 1547 te
2146 1494 2299 1560 Deus,
2337 1493 2471 1549 Dcus
2496 1505 2613 1548 tuus
2637 1495 2808 1562 (Psal.
2836 1511 2976 1558 xuv,
2996 1497 3078 1563 9);
3109 1507 3162 1549 et
3190 1496 3294 1547 Er-

1723 1590 1896 1641 citavit
1920 1605 2033 1641 eum
2057 1605 2088 1640 a
2118 1589 2348 1654 mortuis,
2373 1597 2420 1640 et
2445 1589 2617 1641 sedere
2648 1590 2764 1655 fecit
2802 1605 2914 1640 eum
2948 1591 3014 1640 ad
3036 1590 3291 1640 dexteram

1725 1695 1874 1732 suam
1905 1678 2122 1748 (Ephes.
2155 1695 2192 1743 ι,
2215 1679 2331 1748 20)»
2355 1686 2410 1733 et
2437 1680 2595 1732 multa
2630 1678 2711 1733 his
2734 1679 2946 1745 simila,
2975 1695 3090 1748 quze
3120 1679 3294 1732 studio

1727 1768 2005 1823 brevitatis
2036 1769 2243 1824 omitto.
2283 1769 2338 1825 Si
2372 1784 2501 1836 ergo
2533 1770 2788 1838 majorem
2819 1769 2999 1833 habet,
3029 1772 3070 1824 si
3103 1771 3294 1823 missus

82 1873 278 1927 quoque,
311 1859 769 1929 prudentissimus
796 1860 1196 1930 prophetarum,
1228 1860 1295 1914 de
1321 1859 1421 1925 Dei
1455 1859 1626 1913 Patris
1657 1858 1704 1917 B
1732 1869 1833 1925 est,
1864 1861 1908 1914 si
1940 1870 2234 1930 spontanea
2270 1862 2539 1915 voluntate
2571 1877 2675 1914 non
2709 1863 2869 1924 venit,
2901 1862 2942 1913 si
2973 1862 3292 1914 voluntatem

85 1964 276 2017 persona
304 1951 662 2006 concinnatur
689 1959 743 2006 et
771 1951 932 2006 dicit:
964 1950 1024 2008 Si
1037 1952 1288 2029 stetissent
1314 1952 1367 2004 in
1395 1951 1628 2005 substan-

86 2043 139 2091 tia
163 2058 278 2106 mea,
307 2051 355 2096 et
385 2043 652 2098 audissent
683 2045 887 2098 verbum
924 2061 1111 2109 meum,
1142 2051 1420 2098 averterent
1466 2058 1549 2097 eos
1596 2060 1628 2096 a

85 2131 237 2185 stadiis
273 2147 448 2186 eorum
480 2134 712 2201 pessimis
753 2133 962 2202 (Jerem.
1002 2149 1153 2201 um,
1178 2134 1294 2205 22).
1327 2133 1391 2189 Et
1421 2143 1478 2188 ut
1505 2149 1624 2188 cum

86 2220 137 2275 de
155 2221 274 2278 Filio
290 2223 489 2280 dixisse
515 2223 787 2295 probaret,
813 2225 1082 2296 subjunglt
1105 2225 1244 2280 idem
1279 2224 1557 2296 propheta,
1576 2232 1630 2278 et

89 2311 194 2369 dicit
224 2332 238 2369 :
277 2316 399 2383 Quis
443 2319 586 2371 stetit
625 2317 679 2371 in
721 2318 1008 2372 substantia
1038 2333 1152 2371 mea
1189 2325 1235 2371 et
1263 2317 1390 2372 vidit
1423 2317 1628 2371 verbum

92 2421 226 2457 incum
251 2404 459 2477 (Ierem.
484 2412 643 2472 xxin,
677 2408 804 2477 18)?
833 2407 1066 2464 Verbum
1094 2409 1236 2464 enim
1265 2423 1385 2464 esse
1412 2408 1624 2472 Filium,

98 2491 233 2547 David
265 2497 520 2566 pr0pheta
548 2497 615 2553 de
645 2498 816 2553 Patris
845 2514 1072 2568 persona
1120 2509 1363 2565 testatur,
1408 2499 1624 2554 dicens:

99 2574 317 2637 Eructavit
365 2603 452 2640 cor
496 2605 663 2641 meum
703 2590 906 2642 uerbum
948 2590 1129 2644 bonum
1158 2590 1330 2660 (Psal.
1377 2589 1625 2660 xuv,‘.‘.).

95 2669 293 2741 Joannes
315 2691 528 2747 quoque
557 2680 879 2749 evangelista
909 2681 1082 2736 sciens
1104 2680 1242 2751 apud
1270 2681 1478 2736 Patrem
1504 2681 1628 2736 Ver-

99 2760 217 2826 bum,
243 2765 288 2818 id
315 2775 396 2820 est
423 2768 614 2822 Filium
640 2784 669 2823 a
701 2770 962 2839 principio
998 2771 1138 2840 apud
1168 2771 1378 2826 Patrem
1407 2786 1548 2838 esse,
1576 2781 1632 2827 et

98 2863 122 2899 a
149 2851 283 2910 Patre
312 2856 542 2913 Verbum
570 2875 836 2929 nunquam
867 2873 1169 2931 separatum
1201 2862 1385 2933 fuisse,
1412 2864 1466 2918 in
1488 2864 1631 2933 prin-

103 2943 216 3010 cipio
256 2944 549 3017 Evangelii,
581 2950 632 3004 id
663 2961 746 3006 est
786 2953 1206 3008 annuntiationis
1252 2969 1385 3018 suae,
1430 2955 1626 3024 posuit,

102 3030 251 3087 dicens
283 3052 296 3086 :
335 3035 400 3090 In
444 3039 699 3111 principio
740 3053 851 3096 erat
902 3041 1140 3112 Verbum,
1181 3053 1230 3099 et
1264 3044 1481 3099 Verbum
1521 3055 1629 3100 erat

105 3127 215 3190 ιριιά
236 3127 404 3196 Deum,
427 3140 476 3186 et
509 3130 649 3186 Deus
669 3145 778 3188 erat
817 3134 1033 3189 Verbum
1063 3135 1238 3206 (Joan.
1264 3153 1304 3203 ι,
1329 3137 1409 3208 1).
1440 3138 1506 3192 Ει
1532 3138 1630 3192 ite-

1728 1965 1880 2005 suam
1912 1967 2017 2006 non
2046 1950 2191 2017 fecit,
2240 1955 2284 2006 si
2323 1952 2462 2020 quod
2504 1952 2550 2006 ei
2596 1951 2789 2006 dicitur
2822 1953 3074 2020 loquitur,
3107 1952 3151 2006 si
3194 1952 3293 2006 sibi

1728 2040 1850 2095 data
1883 2041 2141 2105 custodit,
2172 2042 2215 2095 si
2250 2051 2420 2112 rogat,
2449 2042 2490 2096 si
2537 2056 2630 2111 pro
2667 2043 2835 2098 calice
2879 2043 3210 2112 deprecatur,
3253 2047 3294 2095 si

1731 2147 1924 2187 nomen
1947 2133 2013 2188 ab
2043 2133 2150 2187 alio
2179 2133 2404 2202 accepit,
2434 2134 2476 2187 si
2516 2134 2582 2185 ah
2621 2134 2726 2186 alio
2752 2133 3036 2201 exaltatur,
3069 2134 3113 2188 si
3142 2134 3298 2188 sedes

1729 2224 2005 2294 discipulis
2027 2224 2332 2293 petentibus
2363 2226 2573 2293 pr0pria
2601 2234 2864 2295 potestate
2889 2240 2992 2279 non
3027 2226 3229 2290 tribuit,
3253 2231 3296 2278 si

1730 2330 1850 2385 qua:
1874 2325 1997 2369 sunt
2019 2313 2164 2368 Patri
2190 2314 2375 2383 placita
2396 2315 2603 2380 lacit,et
2627 2315 2693 2368 ab
2713 2316 2828 2383 ipso
2852 2331 2880 2369 a
2896 2319 3116 2371 mortuis
3129 2318 3294 2370 susci-

1731 2414 1894 2470 tatur,
1922 2419 2204 2474 aequumne
2249 2404 2459 2459 videtur
2499 2415 2551 2460 ut
2595 2408 2682 2475 qui
2728 2406 2794 2461 de
2832 2422 2924 2461 sua
2970 2407 3288 2476 subjectiora.

1731 2504 1881 2551 tanta
1900 2512 1962 2552 ac
1993 2498 2110 2552 talia
2141 2497 2286 2562 dicit,
2321 2497 2462 2550 Patri
2489 2496 2752 2552 efﬁciatur
2772 2499 3024 2568 mqualis?

1803 2585 2008 2641 Probus
2029 2588 2198 2656 judea:
2241 2588 2406 2640 dixit:
2434 2588 2488 2642 Si
2526 2590 2806 2643 adversum
2838 2599 2941 2642 tam
2973 2590 3184 2658 cepiosa
3217 2592 3299 2645 di-

1728 2680 1870 2732 vinae
1903 2679 2235 2734 auctoritatis
2268 2680 2593 2746 testimonia,
2630 2695 2748 2748 quae
2786 2682 2854 2734 ab
2899 2683 3026 2736 Ario
3068 2683 3134 2737 de
3181 2682 3301 2738 Filii

1733 2771 2067 2839 subiectione
2096 2771 2302 2840 prolata
2353 2779 2496 2835 sunt,
2526 2772 2722 2841 aliquid
2758 2771 3044 2826 Athanasio
3087 2789 3302 2844 compe-

1733 2870 1849 2916 tere
1871 2861 2103 2928 videtur,
2136 2862 2347 2917 edicere
2376 2879 2479 2916 non
2521 2857 2786 2928 moretur;
2822 2874 2876 2918 ut
2897 2878 3070 2920 amota
3116 2882 3296 2937 super-

1731 2954 2029 3008 structione
2057 2954 2322 3009 sermonis
2358 2969 2421 3008 ex
2455 2954 2653 3009 divinis
2699 2957 2875 3024 pozius
2937 2941 3302 3012 voluminibus

1730 3048 2007 3117 aut/111
2044 3045 2254 3113 similis,
2281 3055 2372 3100 aut
2409 3045 2680 3100 dissimilis
2711 3046 2793 3100 vel
2838 3049 3121 3117 comqualis
3160 3049 3300 3104 Patri

1734 3135 1902 3190 Filius
1929 3138 2351 3202 demonstretur;
2400 3147 2458 3192 ut
2501 3139 2677 3208 agnita
2727 3139 2946 3195 veritate
2991 3156 3108 3210 qua:
3157 3156 3302 3197 sana:

109 3229 200 3268 rum
228 3219 323 3274 alio
368 3222 486 3279 loco
529 3225 805 3295 Scriptura
856 3227 1093 3293 tradidit,
1122 3227 1325 3305 dicens
1360 3246 1372 3281 :
1421 3226 1637 3283 Initium
1664 3220 1709 3281 C
1742 3228 1860 3280 lidei
1890 3241 1954 3282 ae
1986 3226 2174 3282 rationi
2202 3229 2526 3283 conveniunt
2553 3230 2889 3286 roborentur.

111 3310 241 3397 operis
266 3314 459 3397 verbum
505 3314 690 3386 (Eccli.
737 3333 945 3397 xxxvii,
977 3309 1092 3387 20).
1122 3303 1240 3376 Non
1269 3336 1374 3389 quo
1402 3321 1454 3375 in
1484 3335 1634 3377 erea-

112 3396 224 3490 tione
250 3393 415 3470 Verbi,
449 3408 500 3462 id
533 3417 616 3461 est
655 3421 685 3477 a
724 3407 844 3462 Filii
869 3393 1140 3464 creatione
1169 3422 1390 3469 caeteras
1413 3411 1640 3490 coeperit

113 3485 250 3546 facere
269 3508 562 3563 creaturas;
588 3498 681 3552 sed
705 3500 826 3568 quia
851 3515 945 3569 per
969 3499 1198 3556 Verbum
1225 3501 1337 3569 Dei,
1370 3501 1420 3556 id
1443 3511 1524 3556 est
1545 3485 1638 3570 per

113 3577 269 3636 Filium
306 3590 476 3642 omnia
517 3599 697 3643 creata
728 3599 1055 3645 noscuntur.
1101 3590 1251 3646 Unde
1300 3592 1461 3646 David
1517 3605 1637 3660 pro-

114 3669 240 3736 Pbela
264 3679 401 3744 ponit
423 3688 478 3735 et
517 3680 684 3735 dicit:
719 3680 880 3735 Verbo
914 3681 1117 3736 Domini
1147 3685 1258 3737 creti
1294 3684 1488 3751 ﬁrmati
1522 3693 1638 3736 sunt

115 3761 250 3829 (Ρεαι.
283 3784 436 3833 sun,
456 3771 539 3843 6).
571 3773 634 3827 Et
655 3785 716 3828 ut
735 3773 989 3844 Spiritum
1016 3786 1257 3830 sanctum
1287 3777 1443 3846 hujus
1463 3776 1640 3845 operis

113 3853 278 3910 socium
304 3862 621 3928 ostenderet,
647 3864 754 3917 ait:
790 3863 857 3916 Et
878 3866 1060 3934 spiritu
1091 3867 1192 3920 oris
1220 3868 1331 3936 ejus
1360 3868 1522 3920 omnis
1540 3863 1639 3920 uir-

117 3951 362 4004 turturum.
401 3953 562 4007 Multa
609 3964 734 4008 sunt
772 3955 912 4010 enim
941 3971 1057 4026 quae
1078 3957 1146 4011 de
1188 3958 1324 4012 Filio
1352 3957 1640 4027 Scriptura

117 4030 271 4091 divinat
297 4039 935 4111 perhibent‘testimonia;
958 4045 1193 4115 quod'de
1223 4048 1514 4102 substantia
1537 4048 1638 4102 Pa-

120 4124 210 4189 tris,
236 4128 279 4181 id
305 4133 471 4188 estde
499 4147 570 4188 eo
595 4135 736 4204 quod
776 4137 889 4204 ipse
917 4145 1021 4202 est,
1061 4137 1273 4206 genitus
1307 4138 1641 4193 demonstre-

120 4219 215 4267 tur:
236 4216 293 4272 de
321 4224 470 4293 no
499 4239 602 4293 qua
627 4225 921 4280 substantia
951 4241 1056 4281 non
1081 4237 1283 4281 tantum
1310 4229 1521 4296 similis,
1545 4228 1639 4283 sed

121 4311 356 4376 coaqualis
393 4313 541 4369 Patri
577 4304 747 4374 Filius
795 4317 1192 4385 comprobatur.
1237 4318 1359 4372 Haec
1403 4320 1532 4375 lldes
1550 4329 1641 4383 est

121 4409 243 4458 quam
271 4401 505 4460 Christus
534 4408 792 4475 apostolis
825 4409 1064 4473 tradidit,
1104 4421 1157 4461 et
1199 4409 1266 4464 ab
1292 4411 1545 4479 apostolis
1573 4411 1637 4463 ad

1810 3315 1877 3369 Χ.
1912 3316 2218 3372 Athanasius
2262 3318 2391 3370 dixit
2422 3333 2441 3371 :
2470 3319 2731 3385 Quantum
2765 3320 2893 3374 velit
2932 3326 3222 3389 percurrat
3250 3322 3301 3376 in
3403 3344 3412 3352 ·

1739 3407 1970 3461 elatione
1997 3407 2262 3462 sermonis
2291 3407 2401 3462 Arii
2429 3409 2708 3472 calliditas,
2743 3401 2795 3463 ei
2838 3408 2940 3463 sibi
2980 3410 3047 3465 de
3077 3414 3306 3465 auctori-

1739 3507 1847 3552 tate
1877 3499 2078 3552 divinae
2107 3499 2237 3568 legis
2265 3499 2480 3567 prolatis
2508 3499 2721 3567 plaudat
2743 3500 3087 3564 testimoniis;
3117 3501 3305 3569 quibus

1740 3589 1987 3643 videlicet
2034 3590 2220 3643 nititur
2247 3590 2313 3644 ab
2351 3590 2652 3658 :rqualitate
2681 3589 2855 3643 Patris
2883 3590 3073 3644 Filium
3118 3606 3306 3660 seque-

1741 3691 1932 3734 strare.
1967 3680 2163 3734 Cuncta
2188 3694 2306 3749 quae
2327 3679 2392 3733 ab
2415 3694 2478 3733 eo
2502 3679 2760 3748 prolixius
2778 3681 2970 3734 inserta
2997 3690 3306 3743 noscuntur,

1743 3771 1930 3825 iisdem
1955 3769 2114 3824 etiam
2141 3769 2460 3824 testimoniis
2487 3785 2514 3822 a
2541 3769 2694 3823 nobis
2722 3769 2920 3837 absque
2944 3770 3044 3824 ulla
3074 3766 3303 3823 difﬁcul-

1744 3871 1849 3916 tate
1875 3860 2212 3915 frustrantur.
2239 3859 2478 3914 Christus
2512 3861 2668 3925 igitur
2702 3859 2872 3912 Filius
2916 3860 3007 3914 Dei
3047 3862 3097 3914 in
3133 3861 3300 3915 l'orma

1741 3954 1902 4020 servi,
1949 3967 2107 4022 quam
2148 3953 2374 4020 sumpsit
2410 3966 2474 4005 ex
2510 3951 2738 4019 Virgine,
2786 3951 2926 4005 Patri
2958 3952 3150 4006 dicitur
3188 3967 3306 4008 esse

1741 4046 2032 4115 subjectus,
2065 4046 2309 4115 apostolo
2349 4044 2512 4099 Paulo
2537 4045 2714 4099 taliter
2734 4045 3030 4100 altirmante
3057 4064 3070 4097 :
3099 4046 3195 4101 libi
3224 4065 3305 4101 re-

1742 4138 1836 4202 nit,
1855 4138 2044 4206 inquit,
2067 4137 2330 4206 plenitudo
2352 4135 2605 4204 temporis,
2631 4136 2764 4189 misit
2786 4136 2917 4190 Deus
2942 4133 3135 4191 Filium
3157 4156 3305 4192 suum

1743 4228 1932 4297 factum
1953 4244 2014 4281 ea:
2043 4228 2275 4293 muliere,
2310 4231 2498 4296 factum
2525 4228 2614 4280 sub
2639 4229 2757 4299 'lege
2800 4227 2945 4296 (Gal.
2995 4245 3064 4294 tv,
3097 4233 3172 4298 Α).
3218 4233 3308 4286 lllc

1743 4321 1918 4389 itaque
1947 4319 2280 4374 dicituresse
2306 4320 2578 4388 subjectus
2607 4323 2696 4390 qui
2720 4322 2818 4376 sub
2853 4323 2965 4392 lege
2988 4338 3051 4377 ex
3081 4326 3302 4378 muliere

1744 4412 1983 4464 noscitur
2007 4420 2314 4479 generatus,
2345 4421 2401 4465 et
2435 4411 2486 4465 in
2512 4427 2571 4465 ea
2602 4412 2771 4467 l'orma
2804 4415 3055 4481 majorem
3083 4430 3142 4469 se
3173 4401 3304 4469 indi-

126 4497 199 4539 nos
223 4506 367 4559 usque
405 4498 672 4566 pervenit.
726 4498 832 4553 Nec
881 4513 1162 4566 possumus
1204 4515 1318 4552 eam
1361 4502 1414 4552 in
1462 4494 1678 4567 allquo'
1740 4512 1828 4556 cat
1857 4501 2090 4565 Patrem,
2117 4517 2273 4571 quam
2310 4503 2603 4558 voluntarie
2631 4506 2861 4572 sumpsit
2889 4520 2953 4559 ex
2985 4506 3214 4574 Virgine.
3250 4509 3304 4561 Ιιι

127 4575 374 4650 imututare,
397 4603 558 4655 quam
577 4599 789 4642 constat
819 4604 914 4644 nos
934 4588 1131 4645 debere
1156 4591 1221 4645 ah
1243 4591 1413 4656 initio,
1441 4590 1635 4644 utdata
1666 4583 1714 4642 D
1740 4593 1908 4648 forma
1938 4594 2028 4648 Dei
2065 4593 2236 4647 Patris
2264 4595 2534 4664 angelicas
2559 4577 2621 4649 ei
2649 4595 2843 4649 chorus
2879 4597 3130 4664 probatur
3164 4614 3301 4666 prtu-

126 4679 202 4733 est,
230 4674 435 4732 ﬁdeliter
465 4695 806 4736 conservare.

179 4763 250 4817 lx.
280 4771 414 4825 Arius
442 4774 612 4826 dixit:
647 4773 685 4826 Ε
717 4775 976 4841 superiori
1022 4777 1387 4844 prosecutione
1422 4791 1536 4830 mea
1567 4779 1642 4831 ita

127 4849 302 4910 excisus
345 4875 484 4929 sum,
539 4863 677 4932 quod
726 4865 1074 4919 Athanasium
1125 4865 1646 4944 perlldia'cateitatis

128 4948 471 5031 praecipitetur
520 4955 860 5023 profundum.
932 4956 1065 5011 Dum
1103 4958 1243 5013 enim
1291 4957 1400 5011 vult
1459 4957 1638 5011 lacun-

128 5032 234 5088 diam
253 5043 322 5094 sui
349 5047 616 5100 sermonis
638 5045 939 5110 ostendere,
971 5049 1179 5102 nescius
1203 5049 1254 5101 in
1277 5048 1499 5103 crimine
1520 5064 1637 5103 ver-

129 5134 242 5179 satur
266 5131 545 5205 Scriptura:
576 5136 788 5200 divinre,
815 5137 1042 5191 dicendo
1070 5138 1209 5208 quod
1252 5141 1303 5192 in
1341 5140 1634 5194 substantia

133 5213 198 5267 Dei
218 5232 504 5294 eoaquetur
534 5226 698 5281 Filius
719 5228 964 5295 genitori,
995 5243 1112 5282 cum
1141 5229 1254 5299 ipse
1285 5231 1450 5284 Filius
1478 5233 1543 5284 de
1578 5246 1636 5286 se

134 5321 416 5391 protestetur,
445 5326 501 5372 et
527 5317 667 5371 dicat
692 5335 704 5369 :
738 5316 890 5370 Pater
912 5321 1078 5390 major
1109 5335 1186 5374 me
1209 5331 1280 5372 est
1311 5318 1484 5391 (Joan.
1525 5336 1631 5388 ειν,

134 5397 221 5468 ΞΒ);
244 5414 290 5458 et
309 5389 403 5471 Qui
433 5425 511 5461 me
538 5409 695 5472 misit,
717 5409 821 5477 ipse
844 5408 965 5461 mihi
986 5410 1277 5462 mandatum
1299 5389 1432 5463 dedit
1459 5409 1631 5480 (Joan.

138 5507 200 5559 ιιι.
228 5484 402 5569 49);et‘
427 5503 544 5557 Non
577 5520 668 5574 ego
696 5505 824 5567 veni,
857 5507 942 5564 sed
963 5506 1048 5559 ille
1064 5523 1142 5560 me
1163 5507 1296 5560 misit
1323 5507 1497 5577 (Joan.
1523 5525 1633 5572 Vill,

135 5581 218 5647 ﬁl;
236 5599 277 5641 et
300 5591 406 5647 Non
436 5595 544 5647 t'eni
566 5598 737 5663 facere
765 5594 1069 5650 uoluntatem
1095 5615 1277 5664 nteant,
1301 5601 1390 5652 sed
1410 5601 1637 5652 volunta-

142 5684 208 5723 tem
242 5682 332 5747 (jus
360 5688 442 5753 qui
484 5704 560 5740 me
602 5687 737 5754 [nisi]
778 5669 952 5755 (loah.
985 5703 1056 5752 Vl,
1083 5688 1195 5758 38);
1235 5699 1287 5743 et
1318 5689 1462 5744 Sicut
1511 5693 1637 5745 diaét

143 5767 231 5816 uuln
253 5769 399 5844 Pater,
423 5780 491 5831 sic
524 5779 703 5845 loquor
730 5776 903 5847 (Joan.
949 5795 1038 5843 xu,
1069 5780 1187 5850 50);
1223 5792 1275 5836 et
1320 5781 1471 5849 Ωιιιό
1498 5785 1636 5837 dedit

1744 4686 1924 4740 buisse
1955 4686 2329 4740 ministerium.
2366 4679 2436 4738 Ita
2470 4687 2612 4740 enim
2644 4688 2694 4740 in
2737 4688 3022 4756 Evangelia
3049 4692 3304 4758 scriptum

1742 4787 1824 4834 est
1848 4795 1862 4832 :
1895 4778 1957 4832 Et
1987 4779 2214 4832 discessit
2244 4779 2309 4830 ab
2333 4794 2391 4830 eo
2415 4779 2665 4847 diabolus,
2693 4787 2741 4832 et
2770 4791 3008 4834 venerunt
3041 4782 3230 4852 angeli,
3261 4795 3307 4837 et

1742 4871 2092 4925 ministrabant
2111 4871 2159 4924 ei
2178 4869 2391 4941 (Matth.
2427 4887 2500 4936 tv,
2531 4870 2640 4941 ll).
2663 4871 2857 4940 Objicit
2891 4873 3029 4937 quod
3065 4875 3308 4928 volunta-

1745 4971 1851 5017 tem
1885 4961 2055 5016 Patris
2082 4960 2287 5026 lecerit,
2318 4969 2372 5014 et
2405 4976 2512 5015 non
2553 4977 2724 5016 suam.
2771 4963 2826 5016 lu
2869 4963 2968 5017 hoc
2997 4965 3164 5034 magis
3195 4966 3308 5018 lau-

1747 5053 1939 5107 dabilis
1965 5051 2121 5121 hujus
2148 5051 2293 5106 verbi
2323 5051 2465 5106 dicto
2490 5051 2649 5107 debet
2671 5055 2883 5121 agnosci
2911 5072 2922 5106 :
2952 5057 3070 5123 quia
3099 5056 3185 5125 qui
3214 5056 3308 5109 Pa-

1746 5143 1840 5197 tris
1859 5141 2180 5197 voluntatem
2202 5142 2572 5210 aquanimiter
2592 5142 2733 5206 fecit,
2751 5144 3105 5211 aequalitatem
3128 5157 3308 5201 osten-

1747 5234 1847 5300 dit,
1879 5233 2138 5299 Apnstolo
2168 5233 2535 5302 conlirmante.
2567 5233 2691 5288 Haec
2722 5244 2820 5300 est,
2863 5237 3047 5306 inquit,
3075 5240 3306 5294 voluntas

1749 5322 1843 5376 Dei
1871 5326 1922 5376 in
1954 5322 2154 5377 Christo
2181 5322 2307 5376 Iesu
2341 5320 2393 5392 (1
2426 5323 2597 5379 Thess.
2625 5341 2674 5386 v,
2706 5325 2817 5394 l8).
2847 5326 2974 5380 Nam
3003 5329 3120 5396 quia
3151 5331 3303 5385 addi-

1743 5414 1820 5467 dit
1848 5433 1858 5467 :
1891 5413 2033 5469 Sicut
2059 5413 2185 5466 dixit
2212 5415 2336 5466 mihi
2364 5412 2536 5481 Pater,
2565 5416 2638 5467 sic
2658 5417 2834 5484 loquor
2863 5417 3033 5486 (Joan.
3066 5438 3156 5486 xtl,
3185 5423 3301 5494 50);
3326 5473 3330 5476 .

1744 5519 1908 5572 quare
1950 5503 2218 5557 hominum
2250 5507 2436 5572 genus,
2468 5506 2604 5572 quod
2646 5517 2843 5559 rectum
2873 5520 2953 5562 est
2984 5511 3301 5583 intelligens,
3385 5518 3391 5523 ’

1745 5597 1924 5650 audito
1957 5597 2054 5650 hoc
2083 5597 2242 5650 verbo
2289 5597 2560 5651 turbetur?
2600 5597 2654 5651 Si
2703 5600 2842 5651 enim
2884 5601 3036 5655 aliter
3066 5603 3302 5661 Christus

1746 5709 1900 5761 quam
1934 5694 2070 5748 Deus
2103 5693 2257 5746 Pater
2289 5693 2608 5761 loqueretur,
2647 5703 2769 5748 tunc
2799 5695 2962 5764 magis
2996 5697 3135 5750 Patri
3174 5700 3301 5753 ina.-

1747 5785 1914 5853 qnalis
1939 5785 2018 5839 vel
2052 5784 2326 5840 dissimilis
2357 5784 2424 5838 di'
2445 5797 2643 5840 eretur.
2675 5785 2730 5842 Si
2766 5798 2900 5844 vcro’
2926 5803 3040 5857 qum
3074 5793 3303 5859 loquitur
