3842 6226
520 383 613 440 ιςῖι
1807 366 2036 431 Vtcus‘tt
2075 369 2445 430 TAl‘SENSlS

3662 371 3756 427 ne
3820 374 3821 453 ς

516 500 690 563 Pater,
721 515 782 552 ea
825 498 1055 568 loquitur
1088 498 1271 561 Filius,
1315 506 1580 563 nunquam
1632 482 1907 559 ina‘qualis
1936 486 2077 542 Patri
2105 492 2155 553 Α
2184 500 2271 538 ror
2301 483 2478 556 (Joan.
2506 498 2559 553 v,
2593 482 2682 555 17)
2706 500 2719 552 ;
2744 492 2799 541 et
2829 485 2974 542 Sicut
3016 482 3169 541 Pater
3202 486 3410 540 suscitat
3448 494 3680 538 mortuos
3712 502 3754 537 ιι
3820 552 3821 557 η

514 598 603 643 aut
634 591 904 645 dissimilis
928 588 1207 642 invenitur.
1247 585 1393 651 Quod
1420 583 1558 637 dedit
1590 579 1732 644 mihi,
1766 578 2079 649 inquit,ser-

517 688 648 751 oriri,
678 696 750 751 ct,
792 687 957 739 omnia
985 698 1097 753 quin
1131 682 1252 733 milii
1294 680 1453 745 dedit,
1494 691 1635 729 nemo
1681 676 1852 743 aufert
1900 687 1931 722 a
1980 684 2075 721 me.

521 781 661 831 Dona
694 780 833 832 enim
876 777 1051 829 divina
1091 774 1190 827 hoc
1219 771 1375 825 modo
1408 764 1748 835 intelligenda
1779 770 1903 816 sunt
1942 757 2077 812 Filio

515 870 788 921 attributa.
825 866 975 919 Dest
1006 865 1144 917 enim
1171 863 1321 916 Pater
1350 860 1483 915 Filio
1514 856 1800 926 potentiam
1834 851 2082 918 omnipo-

518 960 667 1023 tenti,
711 958 1042 1025 majestatem
1090 954 1273 1009 tribuit
1320 950 1602 1020 rnajestati,
1630 950 1882 1005 virtutem
1931 944 2079 998 dedit

517 1052 716 1117 virtuti,
778 1050 1106 1119 prudentiam
1159 1048 1433 1117 prudenti,
1482 1045 1871 1114 prtescientiarn
1936 1058 2077 1111 prm-

514 1144 721 1207 scienti,
742 1142 1091 1196 arternitatem
1112 1139 1411 1202 aeternitati,
1436 1136 1766 1214 divinitatem
1789 1132 2073 1200 divinitati,

517 1235 871 1304 ίῐξψιθιίωιειιι
894 1230 1168 1299 ουωῳωιὶ,
1191 1226 1641 1282 immortalitatem
1674 1223 1981 1285 immortali,
2001 1221 2079 1274 in.

518 1325 869 1378 visibilitatem
903 1321 1171 1383 invisibili,
1210 1319 1339 1387 Regi
1374 1331 1615 1386 regnum,
1649 1317 1808 1369 vitam
1840 1316 1990 1368 vitm:
2027 1325 2079 1367 et

519 1434 621 1473 non
651 1417 807 1471 aliam
834 1416 899 1469 ab
919 1428 979 1468 ea
1007 1427 1161 1483 quam
1188 1412 1344 1466 habet
1369 1412 1521 1481 112
1545 1408 1719 1472 dedit;
1743 1417 1797 1461 et
1824 1415 2076 1475 quantum

482 1530 487 1535 ο
513 1509 692 1569 habet,
726 1515 924 1559 tantum
955 1502 1122 1570 dedit,
1148 1502 1233 1556 vel
1259 1502 1302 1555 si
1334 1516 1450 1569 qua:
1477 1501 1578 1554 alia
1608 1514 1725 1567 qua:
1758 1499 1913 1554 Pater
1945 1497 2077 1550 Filio

513 1597 901 1653 indivisibilitcr
940 1605 993 1650 et
1024 1593 1446 1663 inseparabiliter
1482 1590 1772 1647 contulisse
1817 1598 2078 1644 monstra-

515 1699 617 1743 tttr.
654 1689 759 1745 Sed
790 1688 903 1742 haec
933 1686 1111 1741 omnia
1160 1684 1375 1739 babenti
1420 1684 1593 1750 ponus
1623 1695 1779 1747 quam
1825 1678 2078 1748 indigenti

510 1779 727 1835 dedisse
754 1778 1028 1848 probatur,
1052 1776 1137 1830 cui
1164 1792 1192 1829 a
1218 1773 1350 1827 Filio
1381 1773 1573 1826 dicitur
1601 1790 1611 1822 :
1640 1765 1834 1824 Omnia
1860 1788 1966 1825 mea
1993 1782 2077 1823 tua

510 1883 646 1938 sunt,
671 1880 714 1925 et
745 1870 913 1923 omnia
937 1879 1024 1921 tua
1056 1882 1165 1919 mea
1190 1877 1306 1918 sunt
1358 1864 1535 1933 (Joau.
1570 1876 1701 1927 xvii,
1734 1861 1841 1931 lli).

582 1963 670 2017 XI.
701 1963 753 2019 Si
784 1963 881 2016 i~ta
903 1960 1081 2015 omnia
1106 1974 1224 2028 qua:
1250 1956 1559 2026 perhibetur
1593 1956 1747 2009 Pater
1779 1955 1912 2009 Filio
1950 1970 2079 2011 con-

512 2055 715 2118 tulisse,
747 2053 847 2104 alia
876 2052 926 2105 in
948 2066 1035 2116 eo,
1064 2058 1117 2105 et
1142 2049 1241 2102 alia
1270 2049 1517 2101 videntur
1539 2061 1656 2101 esse
1675 2047 1727 2100 in
1754 2047 1904 2108 Filio,
1930 2061 2077 2101 men-

512 2150 694 2200 dacem
722 2145 837 2198 sine
866 2143 1027 2197 dubio
1054 2141 1275 2195 facimus
1306 2138 1517 2201 Filium,
1550 2138 1637 2206 qui
1680 2137 1810 2191 dicit
1839 2152 1931 2190 sua
1959 2152 2077 2191 esse

506 2252 624 2304 quae
650 2234 821 2287 Patris
852 2241 991 2287 sunt.
1025 2231 1129 2287 Sed
1152 2230 1264 2284 siin
1286 2228 1366 2280 his
1394 2242 1510 2295 quae
1540 2227 1672 2280 dixit
1724 2225 1946 2280 mendax
1986 2225 2072 2279 Fi-

509 2327 609 2377 ltus
638 2322 926 2385 invenitur,
965 2329 1021 2375 et
1063 2317 1385 2388 evangelista
1429 2316 1590 2371 simili
1642 2319 1800 2370 modo
1829 2317 1914 2385 qui
1957 2317 2073 2370 ait:

510 2416 782 2485 {eqtalcm
811 2431 862 2468 se
902 2413 1092 2483 faciens
1124 2410 1228 2465 Deo
1262 2408 1436 2479 (Joan.
1469 2423 1524 2473 v,
1561 2406 1672 2474 l8),
1706 2408 1849 2460 omni
1883 2407 2076 2460 virtute

510 2509 757 2562 failetur:
790 2521 852 2560 ac
889 2506 961 2559 ita
1015 2504 1117 2559 erit
1162 2512 1217 2558 ut
1259 2517 1356 2556 nec
1398 2499 1555 2554 Pater-
1585 2500 1715 2553 Filio
1753 2499 1957 2569 integre
1987 2509 2077 2555 aut

512 2604 768 2658 veraciter
816 2600 1015 2669 aliquid
1066 2596 1358 2652 contulisse
1400 2600 1744 2657 monstretur,
1788 2608 1895 2679 nec.
1918 2609 2074 2648 verus

511 2696 648 2750 Deus
681 2694 844 2747 Filius
866 2697 1232 2759 cognoscatur.
1254 2684 1355 2738 Sed
1378 2686 1420 2737 si
1446 2695 1565 2735 vera
1594 2691 1713 2733 sunt
1730 2680 1907 2749 (siCUli
1927 2680 2070 2750 sunt)

510 2805 625 2857 qua:
655 2787 811 2840 Pater
843 2784 977 2838 Filio
1000 2777 1419 2848 inseparabiliter
1440 2784 1494 2829 et
1515 2774 1796 2827 indiscrete
1826 2773 2071 2835 contulit,

510 2880 870 2933 conticescant
909 2871 1233 2928 denteutium
1278 2867 1547 2939 hominum
1590 2867 1805 2935 linguae,
1846 2882 1962 2934 quare
1991 2867 2073 2920 tti-

509 2980 692 3025 tuntur
729 2969 920 3022 Filium
960 2982 989 3020 a
1033 2964 1201 3020 Patris
1246 2961 1538 3015 substantia
1587 2974 1857 3027 separare.
1908 2961 2076 3031 Rogat

488 3062 673 3117 Filius
709 3061 945 3127 Patrem,
978 3065 1037 3111 ut
1068 3053 1334 3109 hominem
1369 3063 1550 3104 verum
1582 3065 1636 3102 se
1660 3060 1868 3120 gestare
1897 3062 2067 3103 osten-

508 3163 627 3215 dat;
662 3158 789 3213 Nam
818 3164 872 3210 ut
902 3153 1113 3209 deitatis
1140 3165 1250 3204 sua:
1297 3130 1564 3202 intimaret
1594 3148 1906 3215 potentiam,
1941 3145 2071 3199 mari

509 3251 791 3319 imperavit
827 3256 881 3300 et
919 3242 1109 3309 ventis,
1156 3251 1208 3295 et
1249 3240 1483 3309 quinque
1513 3222 1978 3291 millia'bominum
2009 3236 2075 3292 de

509 3344 743 3411 quinque
798 3336 1023 3411 panibus
1077 3332 1354 3387 saturavit.
1421 3329 1665 3383 Calicem
1704 3324 1965 3396 passionis
2019 3333 2075 3380 ut

509 3436 669 3485 homo
702 3412 1146 3493 tristis‘accepit;
1180 3430 1236 3474 nt
1284 3422 1423 3475 Deus
1471 3430 1646 3473 autem
1680 3418 1876 3472 fontem
1923 3431 2074 3485 aqure

509 3524 639 3575 viva:
670 3516 909 3574 salientis
950 3514 1187 3568 invitam
1220 3519 1475 3573 aeternam
1517 3499 1855 3563 credentibus
1897 3504 2076 3576 propi«

510 3614 674 3666 navit.
711 3608 923 3677 Accepit
946 3620 1161 3671 nomen,
1197 3602 1328 3655 utin
1364 3586 1465 3655 hoc
1498 3600 1710 3655 nomine
1739 3599 1975 3654 cmlestia
2023 3606 2076 3652 et

512 3705 781 3760 terrestria
825 3711 878 3756 et
921 3701 1124 3755 inferna
1156 3696 1400 3750 adorent.
1436 3693 1818 3748 Exaltatuscst
1852 3690 1920 3745 de
1958 3690 2077 3745 imis

508 3798 572 3852 ad
600 3795 889 3865 superiora,
922 3791 973 3845 id
1004 3798 1085 3844 est
1109 3788 1175 3841 de
1201 3801 1359 3840 carne
1391 3785 1635 3837 humana:
1678 3780 1973 3851 fragilitatis
2010 3779 2077 3833 ad

511 3892 674 3946 Deum
713 3883 1095 3948 conscendens,
1130 3880 1281 3933 sedet
1327 3875 1393 3931 ad
1431 3875 1705 3930 dexteram
1756 3870 2071 3940 maiestatis,

516 3999 573 4042 nt
596 3999 715 4041 cum
750 3997 853 4035 non
884 3978 1087 4033 όιώἱιυι
1116 3975 1339 4027 humana
1370 3968 1651 4024 infirmitas
1680 3966 1852 4036 sequi,
1874 3964 1961 4020 ubi
1983 3978 2076 4019 ca-

512 4088 603 4142 ιιιιι
632 4089 783 4129 suum
814 4070 1003 4124 viderit
1052 4064 1287 4136 gloriari.
1323 4061 1523 4117 Unctus
1561 4067 1645 4115 est
1680 4067 1736 4114 ut
1774 4057 2078 4133 chrismatis

512 4140 676 4235 ipsius
700 4164 948 4219 unctione
980 4176 1007 4213 a
1038 4158 1156 4213 labe
1192 4154 1387 4227 prioris
1419 4151 1651 4207 hominis
1677 4140 1857 4204 ’delicti
1890 4162 2080 4219 purge-

515 4280 652 4320 mnr.
692 4260 959 4314 Excitatus
988 4270 1016 4308 a
1048 4251 1269 4307 mortuis
1299 4258 1399 4313 est,
1431 4257 1602 4300 ntnns
1630 4242 1877 4310 exemplo
1900 4254 2080 4303 resur-

513 4352 769 4412 rectionis
790 4351 904 4417 eius
945 4362 973 4400 a
999 4343 1181 4398 mortis
1204 4339 1388 4392 aculeo
1410 4337 1711 4390 liberemur.
1734 4331 1901 4387 Sedes
1917 4329 2078 4383 disci-

514 4450 647 4519 pulis
678 4442 976 4514 petentibus
1008 4452 1111 4492 non
1140 4450 1197 4487 se
1223 4438 1377 4502 posse
1406 4428 1535 4482 dare
1568 4432 1809 4488 test-itur,
1838 4436 1910 4519 ne
1939 4421 2078 4472 inter

509 4508 603 4598 eos
652 4508 933 4592 divortium
988 4532 1313 4583 nasceretur.
1360 4518 1489 4573 Nam
1541 4514 1628 4583 qui
1675 4515 1767 4573 ait,
1831 4508 1949 4563 Non
2005 4517 2076 4559 est

514 4654 676 4693 meum
720 4634 843 4686 dare
873 4628 1005 4681 vobis
1036 4622 1245 4694 (Matth.
1280 4633 1369 4682 xx,
1396 4611 1509 4682 ς25),
1541 4610 1694 4671 dixit,
1732 4606 1859 4657 Volo
1900 4611 1949 4655 ut
1991 4600 2073 4653 uti

511 4752 604 4806 ego
635 4749 765 4797 sunt,
798 4738 841 4781 et
870 4724 951 4778 isti
972 4724 1067 4773 sint
1097 4721 1288 4770 ntecum
1320 4709 1494 4780 (Joan.
1523 4719 1648 4763 xvii,
1670 4700 1785 4770 24).
1809 4699 1935 4764 Οηπῖ
1954 4707 2075 4749 δυ”ῑ

516 4789 657 4878 ίῖυιτὶ
686 4789 876 4891 placita
904 4812 1047 4874 fecit,
1074 4808 1195 4877 quia
1223 4800 1485 4867 cootraria
1524 4797 1695 4848 facere
1728 4790 1914 4845 nescit.
1945 4789 2074 4843 Nam

512 4911 601 4981 qui
632 4882 701 4965 aii
736 4907 877 4968 i'eni,
905 4919 1004 4957 non
1036 4910 1087 4952 ut
1121 4894 1305 4966 faciam
1328 4890 1631 4964 voluntatem
1668 4899 1847 4945 meam,
1878 4882 1966 4935 sed
1993 4896 2078 4934 ra-

520 4971 764 5059 tionalem
800 5001 910 5069 ejus
946 4993 1028 5059 qui
1068 5004 1143 5041 me
1182 4986 1313 5038 misit
1349 4980 1526 5051 (Joan.
1560 4992 1629 5038 vt,
1681 4973 1793 5042 58),
1825 4971 1977 5069 dixit,
2014 4971 2079 5026 Ut

512 5096 697 5163 facian:
732 5064 1035 5143 voluntatem
1074 5093 1212 5134 luant
1258 5092 1272 5127 :
1328 5072 1459 5126 Deus
1512 5085 1671 5132 meus,
1720 5067 1853 5119 volui
1904 5064 2073 5134 (Psaf.

512 5155 694 5245 xxxix,
723 5179 816 5246 9);
843 5186 891 5230 et
921 5172 1218 5227 Velinum-ie
1242 5162 1535 5239 sacriﬁcabo
1559 5161 1642 5213 tibi
1666 5158 1835 5228 (Psal.
1864 5171 1971 5218 un,
1997 5155 2072 5224 8).

512 5274 608 5342 Qui
639 5273 712 5325 ait
762 5245 910 5322 Pater
933 5265 1093 5332 major
1112 5276 1186 5312 me
1206 5268 1275 5311 est
1302 5254 1478 5325 (Joan.
1506 5268 1614 5319 xtv,
1646 5252 1759 5319 23),
1788 5248 1919 5301 dixit
1968 5245 2077 5314 Ego

512 5379 555 5421 et
598 5366 753 5421 Pater
780 5375 935 5417 unum
971 5370 1140 5409 sumus
1170 5352 1348 5421 (Joan.
1385 5367 1434 5411 κ,
1471 5347 1590 5415 50);
1624 5358 1677 5397 «ιι
1709 5347 1819 5399 Sint
1857 5345 1905 5396 in
1937 5343 2074 5395 trabis

516 5458 670 5530 113
696 5471 871 5514 unum,
912 5459 1038 5503 s-rut
1068 5463 1155 5514 ego
1187 5454 1230 5497 rt
1262 5456 1315 5495 tu
1346 5457 1499 5495 unum
1528 5455 1701 5494 sumus
1728 5439 1905 5504 (loau.
1942 5454 2071 5502 χιιι,
2128 5430 2138 5447 ’

510 5528 632 5617 ‘32);
659 5556 711 5600 et
740 5543 922 5597 Omnia
954 5556 1061 5591 mea
1099 5548 1186 5587 tua
1230 5543 1364 5597 sunt,
1398 5544 1442 5587 c.‘
1475 5544 1558 5585 tusi
1591 5548 1697 5583 mea
1734 5540 1849 5584 sunt
1894 5528 2070 5600 (Joan.

517 5651 639 5697 xvtt,
672 5636 787 5704 l0);
819 5647 870 5687 et
896 5628 1109 5683 Creditis
1134 5627 1252 5697 quia
1273 5640 1362 5693 ego
1384 5627 1433 5675 in
1462 5624 1633 5681 Putre.
1662 5635 1708 5674 ct
1739 5622 1887 5677 I’ntcr
1920 5626 1970 5674 in
1998 5640 2072 5675 me

519 5739 584 5781 est
606 5730 778 5799 (Joan.
806 5744 910 5792 xiv,
940 5725 1023 5791 11))
1046 5740 1059 5786 ;
1084 5735 1133 5776 et
1158 5723 1306 5774 l’uter
1330 5736 1465 5773 incus
1489 5730 1746 5790 apemtur,
1776 5730 1817 5773 et
1839 5733 1931 5787 ego
1953 5733 2074 5786 ape-

2182 576 2421 643 viviﬁcat,
2451 576 2523 630 sic
2544 585 2590 629 et
2613 572 2781 630 Filius
2800 593 2927 646 quos
2948 577 3054 631 vult
3077 577 3293 644 vivi/icui
3324 572 3500 645 (Joan.
3539 588 3594 638 v,
3628 573 3752 637 Si);

2182 678 2237 723 et
2269 670 2370 737 Qui
2390 686 2468 723 me
2494 671 2644 737 ttiilet,
2673 672 2803 724 videt
2827 681 2872 727 et
2894 670 3103 725 Patrem
3125 670 3302 741 (Joan.
3332 685 3440 734 xiv,
3467 670 3552 739 9);
3578 679 3636 723 et
3663 668 3755 732 Qui

2187 780 2265 815 me
2288 764 2415 829 odit,
2440 773 2485 817 et
2522 762 2725 817 Patrem
2754 781 2916 818 meum
2940 768 3043 819 odit
3082 763 3257 835 (Joau.
3294 778 3380 827 xv.
3410 762 3529 833 23);
3558 769 3621 815 et
3642 760 3755 815 Clu-

2181 858 2326 925 riﬁca
2355 857 2548 910 Filium
2575 866 2741 924 tuum,
2773 866 2825 910 ut
2856 856 2904 909 F
2907 839 3025 911 ilius
3070 866 3185 910 tuus
3226 856 3471 924 clariﬁcet
3497 866 3543 908 te
3570 851 3755 924 (loco.

2181 966 2307 1015 xvtt,
2341 952 2429 1017 1):
2457 959 2510 1006 et
2544 950 2651 1021 Ego
2678 960 2725 1004 te
2759 950 3033 1018 clariﬁcavi
3070 963 3219 1019 super
3244 956 3428 1000 terram
3456 945 3649 1011 (Ibid.,
3672 947 3751 1010 4).

2182 1052 2236 1097 et
2271 1042 2592 1110 Manifestavi
2616 1057 2797 1093 nomen
2824 1051 2963 1094 tuum
2986 1038 3271 1099 hominibus
3295 1033 3485 1106 (Ibid.,
3505 1035 3582 1104 6).
3613 1035 3682 1086 ει
3704 1043 3752 1085 ut

2184 1135 2360 1190 omnis
2389 1135 2629 1187 humana:
2658 1132 3010 1185 cavillationis
3040 1131 3278 1198 quiescat
3317 1127 3559 1190 intentio,
3588 1123 3751 1179 Joan-

2152 1298 2159 1309 κ
2181 1245 2302 1284 nem
2333 1228 2747 1297 Evangelistarn,
2772 1226 2922 1293 cujus
2947 1222 3192 1299 superius
3213 1234 3340 1274 usus
3360 1233 3476 1273 sum
3504 1217 3749 1272 testimo-

2186 1322 2298 1389 nio,
2332 1320 2590 1389 proferam
2618 1328 2804 1371 testem
2842 1314 2929 1383 qni
2960 1312 3064 1365 ait:
3097 1308 3160 1362 In
3191 1310 3438 1378 principio
3474 1317 3576 1361 erat
3626 1304 3747 1357 Ver-

2181 1413 2321 1479 bum,
2344 1420 2391 1463 et
2418 1409 2638 1463 Verbum
2661 1416 2767 1461 erat
2791 1405 2929 1476 apud
2954 1404 3139 1468 Deum,
3170 1410 3213 1454 et
3237 1399 3377 1453 Deus
3405 1409 3508 1453 erat
3535 1398 3750 1479 Verbum

2184 1474 2358 1571 (Joan.
2406 1514 2442 1559 t.
2497 1482 2675 1569 l)?Si
2722 1474 2833 1550 haec
2873 1503 3017 1548 tanta
3057 1491 3319 1546 divinitati
3355 1474 3746 1551 convenientia,

2181 1589 2372 1659 quibus
2402 1588 2608 1642 Patrem
2640 1596 2697 1642 et
2737 1587 2925 1641 Filium
2959 1600 3116 1638 unttm
3151 1598 3271 1638 esse
3300 1583 3592 1641 docuimus.
3628 1597 3747 1651 per-

2184 1679 2299 1731 lidis
2330 1694 2434 1731 non
2458 1676 2749 1741 sufficiunt,
2779 1677 2882 1729 alia
2915 1677 2982 1747 (si
3024 1672 3255 1744 videtur)
3287 1674 3743 1743 superadj'tcimus.

2249 1766 2364 1821 XII.
2396 1765 2593 1820 Probus
2624 1766 2792 1837 judea:
2820 1764 2948 1819 dixit
2981 1781 3000 1818 :
3041 1765 3094 1818 Si
3147 1766 3272 1818 huic
3315 1774 3420 1819 tam
3466 1765 3651 1819 valida:
3694 1774 3745 1819 et

2079 1928 2086 1936 .
2113 1859 2157 1917 Β
2183 1864 2291 1909 tam
2311 1865 2472 1910 certa:
2490 1856 2842 1926 prosecutioni
2866 1855 3024 1909 Arius
3037 1856 3182 1908 nisus
3203 1853 3608 1920 fueritobviare,
3632 1870 3745 1909 cer-

2182 1954 2292 1999 tum
2324 1956 2404 2000 est
2433 1960 2555 2000 eum
2588 1961 2690 1999 non
2720 1944 2977 2000 rationem
3005 1943 3154 2012 sequi
3174 1984 3188 2008 ,
3220 1944 3313 1998 sed
3346 1959 3443 2012 per
3470 1944 3743 1998 verborum

2181 2035 2623 2090 irrationabilium
2650 2042 2865 2104 camp‘os
2888 2034 3192 2089 eli‘renatius
3213 2035 3448 2103 evagari,
3473 2036 3555 2103 qui
3583 2049 3743 2103 usque

2181 2142 2319 2180 nunc
2349 2128 2505 2197 trium
2532 2124 2940 2178 substantiarum
2973 2123 3252 2189 rationem,
3285 2132 3343 2176 ut
3371 2123 3611 2191 superius
3640 2124 3741 2175 fas-

2181 2228 2271 2268 sus
2295 2222 2376 2266 est
2410 2212 2567 2285 (sicut
2600 2212 2917 2265 Athanasius
2948 2196 3038 2279 per
3066 2212 3289 2264 multum
3323 2214 3480 2267 unius
3509 2212 3740 2266 substan-

2185 2304 2268 2357 tia:
2297 2304 2673 2356 documentum
2701 2301 2975 2371 ostendi),
3010 2316 3103 2369 per
3131 2304 3311 2355 nescio
3342 2319 3496 2371 quam
3528 2302 3740 2357 nebulo-

2184 2408 2294 2447 sam
2325 2394 2603 2462 caliginem
2630 2392 2972 2458 circumiens,
3002 2394 3353 2447 assertionem
3380 2409 3530 2448 suam
3558 2393 3738 2462 nequi-

2185 2484 2320 2538 verit
2345 2484 2731 2537 demonstrare.

2250 2575 2402 2627 Arius
2426 2575 2551 2627 dixit
2576 2588 2592 2626 :
2616 2574 2857 2642 Nunquid
2888 2576 3007 2644 quia
3029 2592 3091 2633 ex
3117 2577 3307 2631 divinis
3337 2578 3562 2631 oraculis
3582 2576 3737 2632 Atha-

2185 2665 2394 2731 nasius,
2447 2668 2629 2719 nescio
2670 2666 2864 2735 quibus
2911 2669 3175 2735 articulis,
3210 2668 3404 2722 Filium
3441 2671 3590 2725 unius
3623 2669 3738 2722 sub-

2183 2757 2390 2809 stantia:
2404 2763 2459 2809 et
2478 2754 2620 2808 Patri
2644 2757 2963 2826 coirqoalem
2982 2772 3123 2821 esse,
3146 2773 3275 2812 ausu
3303 2760 3584 2813 temerario
3604 2760 3737 2811 visus

2181 2854 2262 2899 est
2284 2844 2549 2899 afﬁrmare
2568 2886 2583 2911 ,
2611 2856 2664 2901 et
2685 2846 2940 2914 Spiritum
2970 2849 3056 2917 qui
3085 2849 3254 2902 Patris
3283 2858 3337 2904 et
3370 2850 3487 2903 Filii
3512 2850 3737 2904 minister

2180 2943 2290 3001 est,
2333 2935 2521 2989 iisdem
2550 2936 2707 2990 debet
2737 2938 2926 3005 aequali
2958 2937 3294 2992 confessione
3324 2939 3601 2995 conferre?
3625 2954 3735 2993 eum

2181 3024 2292 3093 ipse
2318 3024 2483 3079 Filius
2506 3024 2645 3079 dicat
2669 3042 2679 3076 :
2712 3024 2813 3079 Ille
2841 3043 2918 3080 me
2943 3027 3266 3098 gloriﬁcabit,
3295 3030 3416 3094 quia
3445 3033 3507 3082 de
3530 3045 3632 3085 meo
3656 3044 3735 3080 ce-

2178 3116 2326 3183 cipiet
2365 3115 2538 3186 (Joan.
2569 3132 2680 3181 xvr,
2709 3117 2827 3186 ‘14);
2858 3127 2911 3172 et
2937 3119 3137 3172 Mittunt
3166 3120 3302 3173 vobis
3340 3119 3586 3188 Spiritum
3612 3120 3735 3173 veri-

2102 3219 2148 3283 c
2180 3205 2296 3259 tatis
2322 3203 2500 3277 (Joan.
2540 3221 2631 3271 xv,
2658 3205 2780 3276 26);
2810 3215 2864 3261 et
2892 3206 3116 3277 Spiritus
3145 3224 3175 3260 a
3202 3224 3281 3261 me
3306 3210 3543 3279 procedet
3565 3208 3729 3281 (Icari.

2177 3309 2264 3347 xvr
2283 3335 2296 3359 ,
2324 3294 2444 3365 {5);
2473 3302 2526 3348 et
2558 3294 2717 3358 Quem
2748 3294 2905 3349 Pater
2926 3298 3084 3349 mittet
3121 3297 3172 3350 in
3198 3302 3403 3353 nomine
3439 3317 3549 3353 meo
3572 3300 3734 3369 (lacn.

2178 3396 2247 3448 tv,
2290 3381 2510 3451 26);'et
2548 3381 2706 3436 Pater
2739 3383 2804 3437 ad
2857 3394 3188 3440 mortuorum
3230 3401 3351 3442 ossa
3393 3389 3563 3443 dicit:
3608 3388 3735 3442 Dabo

2178 3470 2429 3540 Spiritum
2460 3487 2624 3524 meum
2664 3472 2715 3524 in
2758 3488 2872 3537 vos,
2903 3484 2950 3527 et
2987 3474 3157 3528 vinetis
3187 3474 3401 3546 (Eucti.
3440 3493 3638 3541 xxxvii,
3664 3476 3734 3541 5i.

2175 3563 2419 3633 Nunquid
2461 3565 2508 3618 is
2538 3565 2625 3633 qui
2668 3579 2695 3617 a
2725 3565 2881 3620 Patre
2909 3565 3137 3620 mittitur
3166 3566 3250 3621 vel
3277 3568 3550 3635 procedit,
3577 3569 3733 3623 eidem

2175 3653 2336 3709 debet
2363 3669 2391 3707 a
2420 3670 2524 3722 quo
2563 3657 2803 3723 procedit
2832 3657 3068 3726 aequari?
3108 3672 3228 3712 cum
3270 3660 3526 3728 propheta
3573 3660 3636 3714 de
3676 3672 3732 3713 eo

2179 3752 2420 3809 testatur,
2452 3754 2502 3798 et
2545 3744 2708 3799 dicit:
2744 3745 2871 3809 Ecce
2902 3745 3153 3801 Dominus
3190 3748 3407 3815 firmans
3438 3750 3701 3802 tonitruum

2177 3846 2225 3892 et
2254 3854 2431 3892 creatis
2472 3838 2723 3908 Spiritum
2754 3840 2951 3908 (Amos,
2986 3855 3055 3916 IV_,
3092 3838 3202 3911 15).
3236 3840 3461 3894 Prorsus
3487 3852 3729 3907 utinquam

2180 3927 2308 3985 mihi
2338 3928 2599 3982 videbitur
2624 3933 2865 3983 creatura
2888 3944 2990 3983 suo
3017 3930 3248 3984 creatori
3276 3931 3498 3999 aequari,
3531 3938 3619 3984 aut
3639 3939 3726 3982 una

2177 4033 2298 4072 cum
2329 4016 2516 4072 eodem
2550 4022 2706 4087 poste
2736 4026 2998 4084 potestate
3025 4017 3207 4087 potiri.

2248 4108 2557 4161 Athanasius
2596 4106 2725 4160 dixit
2752 4122 2771 4159 :
2802 4105 2856 4161 Si
2881 4105 3074 4175 judicis
3104 4105 3390 4165 clementia
3438 4106 3726 4174 permissum

2182 4195 2364 4250 tribuit
2404 4204 2459 4249 et
2507 4194 2747 4263 largitur,
2796 4209 2861 4259 ex
2908 4194 3104 4250 divinis
3146 4195 3551 4249 auctoritatibus
3589 4192 3727 4248 etiam

2179 4284 2432 4355 Spiritum
2482 4296 2721 4339 sanctum
2771 4300 2876 4341 non
2925 4285 3081 4356 114
3120 4296 3417 4340 creaturam
3464 4299 3610 4349 esse,
3648 4280 3728 4343 sed

2182 4378 2346 4432 Deum
2372 4387 2425 4432 et
2453 4386 2751 4432 creatorem
2783 4394 2900 4432 cum
2934 4378 3089 4434 Patre
3119 4387 3173 4434 et
3204 4380 3365 4443 Filo,
3398 4380 3617 4435 breviter
3648 4376 3727 4430 de-

2184 4466 2513 4520 monstrabo.

2108 4575 2155 4633 υ
2253 4554 2451 4607 Protus
2470 4554 2635 4623 judcx
2664 4555 2838 4608 dixit:
2869 4554 2935 4610 Ut
2969 4564 3051 4609 tua
3090 4556 3349 4624 professio
3375 4556 3623 4621 continet,
3649 4570 3727 4619 apo

2184 4645 2345 4712 proba
2392 4644 2622 4698 breviter
2654 4643 2794 4711 quod
2840 4647 2974 4703 ratio
3012 4646 3175 4714 exigit
3214 4645 3601 4700 documentum.
3631 4642 3725 4696 Non

2180 4748 2242 4785 ex
2271 4742 2584 4802 argumento
2608 4732 2890 4796 sermonis,
2922 4732 3013 4788 scd
3034 4748 3099 4788 ex
3130 4734 3428 4787 divinarum
3461 4734 3720 4803 Scriptura-

2182 4836 2297 4875 rttm
2349 4823 2694 4889 testimoniis,
2744 4824 2993 4892 Spiritum
3029 4834 3270 4879 sanctum
3317 4825 3459 4881 Patri
3494 4825 3570 4879 vel
3613 4824 3724 4878 Filia

2181 4928 2362 4983 comqu
2382 4914 2499 4968 dem
2534 4930 2675 4987 esse,
2703 4925 2811 4982 aut,
2841 4916 2978 4971 sicut
3006 4918 3115 4985 ipse
3145 4918 3316 4973 lassus
3337 4934 3416 4981 es.
3446 4934 3559 4973 curn
3585 4919 3723 4971 Deum

2182 5003 2264 5057 vel
2293 5015 2583 5059 creatorem
2612 5007 2911 5069 communis
2937 5008 3113 5077 operis
3140 5023 3262 5063 esse
3283 5010 3523 5066 ostende.
3547 5009 3603 5063 Ut
3623 5019 3723 5060 eum

2186 5094 2298 5147 haec
2326 5096 2569 5150 veridicis
2602 5096 2917 5152 testimoni's
2956 5100 3339 5165 approbaveris
3360 5144 3373 5165 ,
3409 5104 3558 5157 Arius
3585 5116 3608 5150 a
3644 5114 3722 5150 sua

2186 5183 2508 5251 intentione,
2564 5202 2704 5241 vera:
2755 5188 2877 5243 lidei
2927 5190 3261 5259 professi-tne
3306 5196 3570 5245 convictus
3618 5184 3721 5242 abs-

2184 5280 2361 5332 cedat.

2258 5366 2390 5421 Xlll.
2428 5368 2728 5421 Athanasius
2779 5369 2905 5422 dixit
2941 5386 2957 5422 :
3005 5369 3317 5436 Priusquam
3361 5371 3597 5440 Spiritum
3622 5380 3724 5420 san‘

2185 5464 2325 5509 ctum
2355 5456 2515 5509 Deum
2540 5472 2658 5511 esse
2688 5459 3022 5526 perdoceazn,
3052 5461 3299 5512 eumdem
3330 5470 3607 5513 creatorem
3622 5470 3724 5511 esse

2179 5553 2489 5597 cunctorum
2520 5547 2697 5598 verbis
2727 5546 2983 5615 legalibus
3013 5547 3341 5615 approbabo.
3377 5547 3626 5615 Scriptum
3653 5550 3723 5596 est

2181 5635 2320 5687 enin
2349 5654 2361 5685 :
2395 5634 2558 5688 Verbo
2592 5634 2792 5687 Domini
2815 5634 2925 5688 cwli
2952 5636 3142 5703 ﬁvmati
3172 5616 3323 5698 sunt,
3353 5647 3399 5688 et
3431 5635 3613 5703 Spiritu
3635 5632 3723 5684 oris

2179 5726 2288 5794 ejus
2320 5724 2479 5778 omnis
2510 5727 2663 5777 virtus
2693 5741 2864 5781 eorum
2896 5724 3065 5794 (Pani.
3105 5740 3245 5779 χχιιι
3273 5766 3283 5790 ,
3324 5726 3398 5795 6).
3436 5724 3497 5780 Et
3524 5724 3571 5779 iu
3597 5719 3726 5777 Salo-
3820 5728 3821 5731 ‘
