3802 6242
121 214 203 304 ,π’
1035 240 1299 297 CONI‘RA
1343 238 1639 297 AI'II.\NOS
1681 240 2037 299 DI:\I-OGUS.
2082 244 2207 300 LIB.
2254 245 2314 301 II.

3201 255 3296 310 ΠΕ

119 370 241 410 mone
266 372 276 407 ε
306 353 360 407 ει
384 353 500 422 ipse,
527 350 716 420 mquit,
747 349 928 402 crearit
952 367 1061 403 cum
1085 368 1171 417 per
1195 351 1444 419 Spiritum
1473 370 1621 406 suum
1655 356 1697 415 Α
1726 362 1900 406 sancto
1930 354 2065 423 (Act.
2092 371 2143 421 v,
2174 357 2264 425 5)?
2296 356 2363 411 Et
2393 356 2678 413 ostendens
2701 360 2942 415 eumdem
2968 364 3131 420 Deum
3153 379 3293 433 esse,

118 449 261 516 (Eccli.
289 464 321 515 ι,
342 446 413 515 9).
443 444 503 498 Et
532 444 584 496 in
619 443 848 511 psalmo:
879 441 1087 495 Emittes
1113 434 1363 511 Spiritum
1389 453 1551 509 tutam,
1582 456 1631 499 et

118 539 378 598 creabantur,
404 543 445 585 et
474 532 731 585 innovabis
765 533 947 600 faciem
978 543 1123 586 terra:
1153 533 1330 601 (Psal.
1365 549 1484 599 cm,
1512 537 1627 605 30).

116 626 165 679 Et
187 626 227 679 iu
254 625 371 678 libro
395 621 488 677 Joh
513 637 526 673 :
558 620 781 690 Spiritus
806 621 1004 673 divinus
1027 662 1041 686 ,
1069 620 1266 689 inquit,
1298 623 1383 691 qui
1411 626 1526 683 fecit
1555 640 1633 677 me

117 713 229 781 (Job,
256 727 426 775 sunt,
453 711 528 780 4).
560 710 627 763 Et
649 709 829 764 Judith
855 728 870 765 :
906 710 1037 777 Tibi,
1074 712 1266 781 inquit,
1292 715 1443 766 servit
1469 717 1632 769 omnis

116 814 301 857 creatura
324 813 429 867 tua,
471 803 706 868 quoniam
750 804 956 871 dixisti,
1006 811 1051 856 et
1081 805 1218 872 facta
1255 814 1405 871 sunt,
1443 809 1634 864 misisti

116 893 320 960 Spiritum
345 900 495 958 tuum,
519 903 565 945 et
590 892 861 959 wdi/icavit
894 892 1127 961 (Iudith,
1157 910 1242 947 xw
1263 935 1277 959 ,
1312 896 1420 966 i7).
1451 897 1633 952 Tanta:

116 986 226 1039 enim
285 986 581 1054 potestatis,
642 985 724 1038 vel
778 986 1064 1041 creationis
1127 986 1362 1057 Spiritus
1417 1001 1633 1045 sanetus

114 1077 375 1143 ostenditur,
422 1087 477 1131 ut
522 1078 638 1145 ipso
680 1087 1001 1145 cooperante
1041 1092 1234 1147 corpus
1267 1078 1473 1131 Domini
1502 1078 1629 1132 .Iesu

114 1166 287 1229 Christi,
310 1167 440 1236 quod
469 1167 620 1220 nobis
642 1168 695 1221 in
726 1177 1058 1223 sacramento
1083 1169 1202 1224 fidei
1231 1170 1414 1223 datum
1441 1178 1544 1233 est,
1578 1169 1630 1222 iu

112 1266 230 1308 utero
258 1256 467 1320 Virginis
508 1256 847 1321 formaretur,
888 1258 1211 1327 evangelista
1260 1258 1514 1312 dicente:
1551 1255 1633 1309 Ne

112 1346 252 1397 timeas
275 1347 486 1415 accipere
517 1345 737 1415 Mpriam
774 1351 1038 1420 coniugem
1086 1358 1226 1402 tuam
1262 1366 1278 1402 :
1324 1350 1461 1420 quod
1497 1350 1631 1402 enim

111 1434 149 1483 in
171 1449 217 1485 ea
238 1446 391 1486 natum
425 1446 527 1499 (Si,
567 1437 629 1489 de
665 1436 861 1505 Spiritu
894 1449 1067 1491 sancto
1095 1450 1165 1492 est
1193 1439 1404 1508 (Matth.
1440 1456 1485 1501 ι,
1511 1440 1627 1508 20).

111 1522 160 1575 Et
194 1523 297 1575 item
332 1541 343 1577 :
387 1522 723 1593 Priusquam,
770 1526 970 1594 inquit,
1027 1530 1383 1591 convenirent,
1429 1531 1628 1583 inventa

109 1621 162 1663 est
186 1612 227 1663 in
254 1621 383 1664 utero
414 1613 599 1666 habens
621 1615 680 1667 de
711 1615 912 1681 Spiritu
943 1627 1117 1671 sancto
1146 1618 1333 1687 (Ibid.,
1360 1619 1485 1690 18):
1522 1636 1626 1675 non

1734 442 1787 495 in
1817 442 2259 511 subsequentibus
2289 446 2449 500 dicit:
2483 447 2598 503 Non
2626 468 2675 503 cs
2706 450 2938 504 mentitus
2976 453 3258 509 hominibus
3279 499 3293 521 ,

1731 533 1818 586 sed
1845 531 1948 585 Deo
1983 533 2169 603 (lbid.,
2198 526 2251 605 4')
2275 554 2288 601 ;
2316 550 2369 592 ct
2396 538 2585 593 Paulus
2609 542 2672 594 ad
2702 540 3005 596 Corinthios
3030 560 3043 597 :
3075 543 3294 599 Divisio-

1733 636 1819 673 nes
1841 630 2009 674 autem
2034 623 2363 679 donationum
2390 639 2528 692 sunt,
2559 630 2689 682 idem
2718 647 2832 685 vero
2857 633 3099 701 Spiritus.
3132 633 3194 687 Et
3225 640 3302 690 di-

1733 712 1944 766 visiones
1974 715 2368 770 ministeriorum
2391 729 2531 786 sunt,
2558 721 2689 775 idem
2709 723 2811 792 ipse
2844 723 3111 778 Dominus.
3136 725 3199 780 Et
3222 727 3304 779 di-

1733 805 1945 858 visiones
1966 810 2314 875 aperationum
2348 820 2490 878 sunt,
2523 813 2658 866 idem
2687 830 2802 868 vero
2829 814 2983 882 Deus,
3014 818 3098 886 qui
3120 834 3304 887 opera-

1734 903 1815 946 tur
1830 896 1997 949 omnia
2019 898 2069 950 in
2093 900 2323 953 omnibus
2347 900 2398 968 (I
2422 902 2540 957 Cor.
2563 903 2721 969 λιιμι,
2741 906 2795 972 5,
2819 905 2896 974 6).
2924 907 3055 962 Ecce
3073 908 3303 977 Spiritus

1733 996 1967 1059 sanctus,
1994 992 2315 1058 praedicante
2344 992 2627 1062 Apostolo,
2660 997 2798 1052 idem
2833 997 2969 1053 Deus
2988 1015 3009 1065 ,'
3033 998 3304 1057 idem-Do-

1734 1082 1905 1137 minus
1928 1084 2247 1139 declaratur.
2275 1086 2327 1140 lu
2355 1087 2657 1157 Evangelio,
2688 1091 2823 1145 sicut
2846 1091 2953 1161 jam
2979 1092 3177 1148 dictum
3199 1104 3301 1150 est.

1732 1174 1849 1243 ipse
1881 1176 2134 1230 Dominus
2163 1177 2286 1231 dicit
2316 1195 2328 1231 :
2362 1178 2588 1247 Spiritus
2629 1190 2700 1235 est
2732 1181 2869 1237 Deus
2900 1183 3075 1253 (Joan.
3109 1201 3183 1254 tv,
3210 1186 3303 1257 24)

1735 1267 1861 1322 Item
1894 1269 1959 1322 ad
1987 1268 2292 1324 Corinthios
2316 1270 2506 1325 Paulus
2530 1273 2767 1329 scribens
2791 1275 2863 1328 ait
2891 1293 2903 1328 :
2941 1274 3187 1331 Dominus
3212 1295 3304 1332 au-

1733 1366 1828 1411 tem
1861 1359 2084 1430 Spiritus
2126 1370 2197 1415 est
2238 1359 2332 1433 (Il
2364 1361 2483 1416 Cor.
2512 1380 2567 1418 ιιι
2590 1406 2602 1429 ,
2635 1366 2744 1431 l7).
2778 1365 2843 1420 Et
2882 1368 2945 1420 ad
2998 1368 3254 1437 Ephesios
3287 1388 3301 1427 :

1735 1448 1940 1514 Nolite,
1986 1450 2186 1519 inquit,
2236 1454 2528 1508 contristare
2562 1454 2811 1522 Spiritum
2851 1468 3078 1513 sanctum
3122 1460 3213 1515 Dei
3254 1464 3303 1515 in

1730 1554 1828 1607 quo
1860 1540 2045 1606 signati
2071 1541 2189 1594 estis
2216 1541 2426 1611 (Ep/tes.
2461 1559 2534 1613 tv,
2568 1544 2678 1615 50).
2709 1546 2837 1602 Item
2868 1549 2937 1610 ad
2964 1549 3263 1607 Corinthios
3285 1596 3301 1618 ,

1736 1630 1976 1695 Nescitis,
2009 1633 2196 1701 inquit,
2227 1638 2347 1704 quia
2375 1652 2591 1705 corpora
2619 1648 2781 1693 vestra
2816 1642 2970 1712 116
2990 1645 3226 1715 templum
3253 1646 3302 1700 in

111 1702 217 1768 quod
262 1702 477 1757 Salvator
495 1703 541 1756 is
584 1704 748 1757 nostri
800 1705 955 1759 Pater
1000 1706 1256 1763 dicendus
1287 1712 1355 1764 sit
1400 1710 1630 1778 Spiritus
1665 1719 1708 1777 Β
1736 1720 1870 1772 vobis
1895 1730 1965 1774 est
1989 1720 2210 1792 Spiritus
2230 1702 2411 1793 sancti,
2435 1702 2581 1797 quem
2608 1728 2796 1783 habetis
2821 1748 2850 1782 (ι
2875 1729 3016 1786 Deo?
3039 1734 3100 1787 Et
3128 1744 3305 1790 osten-

108 1801 311 1853 tauctus,
360 1804 412 1845 ut
460 1794 569 1848 duo
613 1796 899 1850 creduntur
938 1796 1153 1861 Patres;
1187 1799 1279 1854 sed
1326 1801 1467 1870 quod
1513 1816 1632 1858 cum

108 1879 233 1933 l’nre
257 1889 303 1934 et
328 1881 456 1936 Filio
489 1883 632 1937 idem
656 1884 890 1953 Spiritus
919 1899 1132 1941 sanctus
1161 1891 1504 1958 cooperarins
1523 1932 1536 1953 ,
1581 1901 1635 1945 et

108 1971 229 2023 unius
256 1973 517 2039 potestatis
570 1990 686 2028 cum
734 1975 923 2029 iisdem
968 1978 1144 2030 socius
1188 1978 1475 2045 invenitur,
1529 1981 1633 2035 Do-

110 2061 223 2113 mino
253 2061 540 2117 affirmante
586 2081 600 2117 :
654 2064 763 2130 Ite,
815 2066 983 2135 inquit
1025 2068 1333 2136 discipulis,
1388 2071 1635 2141 baptizate

107 2168 245 2205 oumes
283 2164 441 2221 gentes
480 2156 532 2209 in
568 2159 769 2211 nomine
812 2158 1009 2225 Patris,
1036 2171 1081 2214 et
1131 2160 1278 2225 Filii,
1319 2172 1365 2217 et
1411 2164 1634 2235 Spiritus

106 2242 237 2292 sancti
270 2241 470 2310 (Matth.
503 2261 706 2311 xxvnt,
740 2246 851 2317 19).
901 2248 1039 2319 Ergo
1076 2249 1120 2304 si
1167 2253 1407 2308 miniSIer
1437 2264 1518 2309 est
1557 2258 1635 2328 (ut

106 2336 173 2380 tua
196 2332 426 2401 sacrilega
457 2336 697 2388 continet
720 2337 1022 2407 professio),
1049 2340 1314 2405 quomodo
1344 2342 1543 2413 absque
1569 2362 1633 2401 eo

108 2418 145 2466 in
187 2418 509 2475 Sacrameuto
564 2422 685 2477 fidei
746 2426 874 2479 nihil
930 2427 1204 2482 confertur
1255 2433 1633 2489 credentibus?

104 2505 206 2560 Nam
234 2509 356 2563 sicut
381 2511 639 2566 Dominus
665 2515 933 2582 apostolos
956 2517 1018 2571 ad
1050 2520 1440 2585 praedicandum
1470 2524 1632 2578 desti-

107 2600 238 2660 navit,
267 2600 366 2665 pari
389 2602 551 2654 etiam
582 2603 740 2657 modo
766 2605 990 2672 Spiritus
1015 2618 1229 2662 sanctus
1257 2609 1433 2665 facere
1455 2614 1633 2668 decla-

104 2694 234 2739 ratur.
265 2687 329 2740 ιω
367 2690 511 2743 enim
563 2690 615 2745 in
665 2694 887 2748 Actibus
928 2700 1285 2764 apostolorum
1336 2706 1632 2771 reperimus

103 2778 349 2845 scriptum:
384 2780 536 2835 Petro
567 2793 735 2835 autem
774 2786 1026 2855 cegitante
1056 2788 1117 2841 de
1154 2791 1375 2857 visione,
1420 2794 1546 2847 dixit
1585 2797 1631 2850 ci

104 2864 284 2933 Spiritus
325 2880 529 2926 sanctus
567 2886 585 2925 :
627 2871 758 2927 Ecce
801 2875 953 2945 115
995 2878 1090 2931 viri
1121 2889 1220 2932 tres
1258 2894 1489 2950 quaerunt
1537 2895 1583 2939 te
1609 2900 1628 2938 :

102 2972 329 3025 exsurgens
352 2962 478 3015 vade
507 2978 623 3016 cum
654 2965 758 3030 eis,
792 2966 923 3019 nihil
952 2969 1220 3035 dubitans,
1251 2975 1370 3041 quia
1391 2992 1480 3044 ego
1513 2978 1629 3031 misi

1739 1809 1873 1865 deus
1901 1827 2019 1865 eum
2059 1812 2226 1868 Deum
2256 1829 2373 1870 esse
2392 1856 2406 1880 ,
2435 1817 2676 1888 adiungit
2698 1828 2763 1874 -et
2793 1820 2918 1875 dicit
2948 1838 2960 1875 :
2994 1822 3302 1893 GIori/icate,

1736 1913 1785 1955 et
1811 1914 2006 1973 portate
2036 1905 2193 1959 Deum
2219 1908 2268 1960 in
2304 1924 2511 1979 corpore
2556 1923 2715 1966 vestro
2734 1916 2786 1984 ⁴(Ι
2816 1915 2931 1969 Cor.
2962 1934 3012 1971 νι
3032 1958 3046 1981 ,
3082 1920 3166 1985 19,
3192 1922 3304 1991 20).

1738 1992 1870 2047 Nam
1895 2006 1949 2047 ut
1975 1996 2109 2051 Deus
2138 2008 2190 2052 et
2214 1999 2466 2054 Dominus
2489 2016 2607 2057 esse
2635 2004 3062 2063 manifestissime
3081 2011 3304 2081 Spiritus

1738 2092 1951 2137 sanctus
1981 2083 2396 2154 demonstretur,
2422 2088 2486 2143 ad
2513 2091 2721 2145 Mariam
2753 2096 2969 2162 angelus
2992 2097 3110 2152 dicit
3137 2116 3150 2153 ε
3185 2100 3304 2170 Spi-

1735 2178 1863 2231 ritus
1882 2188 2085 2234 sanctus
2111 2170 2419 2251 superveniet
2442 2184 2491 2236 in
2518 2194 2580 2251 te,
2612 2194 2655 2237 et
2677 2188 2830 2241 virtus
2862 2189 3107 2247 ditissimi
3127 2198 3307 2249 obum-

1738 2264 1897 2319 brabit
1929 2267 2056 2321 tibi:
2088 2279 2350 2338 prapterea
2378 2283 2425 2326 et
2460 2275 2593 2343 quod
2622 2286 2849 2331 nascetur
2874 2296 2937 2333 ex
2961 2289 3009 2334 te
3043 2292 3302 2354 sanctum,

1735 2356 1993 2412 vocabitur
2020 2358 2188 2415 Filius
2220 2362 2311 2416 Dei
2336 2364 2486 2435 (Luc.
2520 2381 2555 2430 ι,
2587 2361 2698 2437 55).

1806 2447 1919 2502 XV.
1967 2450 2101 2506 Ecce
2130 2455 2338 2521 quantis
2367 2456 2665 2512 divinorum
2700 2461 3115 2518 testimoniorum
3143 2465 3302 2521 docue-

1736 2538 1933 2592 mentis
1979 2539 2236 2606 Spiritum
2267 2553 2503 2598 sanctum
2534 2546 2696 2601 Deum
2719 2590 2733 2615 ,
2766 2559 2819 2604 et
2848 2552 3001 2607 unius
3028 2559 3303 2623 potestatis

1734 2628 1816 2682 vel
1845 2629 2114 2684 societatis
2143 2645 2261 2686 cum
2292 2633 2449 2688 Patre
2479 2645 2529 2690 et
2552 2635 2684 2690 Filio
2706 2652 2823 2692 esse
2847 2640 3142 2697 docuimus.
3167 2645 3301 2710 Quid

1733 2718 1906 2775 adhuc
1936 2721 2154 2788 perfidis
2184 2735 2453 2778 remaneat
2484 2730 2840 2797 responsionis
2870 2732 3073 2802 ignoro.
3109 2737 3301 2791 Paulus

1733 2807 1916 2876 utique
1942 2811 2210 2879 apostolus
2234 2813 2485 2884 Spiritum
2512 2833 2537 2871 s
2554 2826 2749 2873 metum
2773 2838 2890 2876 cum
2915 2823 3067 2881 Patre
3092 2839 3142 2881 ct
3169 2828 3302 2883 Filio

1732 2914 1891 2953 unam
1923 2901 2231 2957 societatem
2280 2904 2478 2961 habere
2516 2912 2850 2978 apertissime
2892 2914 3299 2985 demonstravit,

1733 2987 1912 3043 dicens
1933 3031 1947 3055 ,
1980 2989 2162 3045 Gratia
2194 2992 2402 3049 Domini
2430 3001 2586 3051 nostri
2622 3000 2744 3054 Jesu
2782 3003 2998 3071 Christi,
3040 3017 3086 3061 et
3114 3011 3299 3062 caritas

1934 3048 1944 3055 ,
2624 3048 2743 3054 nm
2787 3048 2998 3071 -.-..-..,
3040 3048 3085 3061 ..
3114 3048 3299 3062 .-.μην

102 3058 164 3154 ξοδ
187 3048 243 3097 ad
270 3056 310 3100 te
332 3050 463 3118 (Act.
496 3067 557 3116 ι,
594 3051 680 3117 l9,
703 3054 814 3122 20).
844 3054 910 3109 Et
936 3057 1125 3112 iterum
1157 3077 1169 3112 :
1205 3060 1480 3134 Segregate
1502 3067 1625 3120 mihi
1652 3083 1696 3141 ο
1734 3076 1861 3141 Dei,
1908 3089 1953 3132 et
1997 3082 2213 3135 societas
2262 3083 2483 3154 Spiritus
2522 3091 2684 3142 sancti
2736 3107 2849 3145 cum
2895 3096 3128 3150 omnibus
3165 3101 3300 3154 vobis

100 3129 337 3189 Barnabam
378 3147 422 3192 et
456 3138 685 3194 Paulum
725 3144 777 3196 in
803 3160 926 3214 apus
960 3165 1061 3217 quo
1091 3129 1340 3219 assumpsi
1365 3129 1458 3207 veos
1496 3155 1630 3225 (Act.

102 3236 193 3289 sm,
217 3226 285 3295 9.).
316 3228 379 3283 Et
406 3230 606 3286 iterum
637 3250 649 3283 ε
680 3233 939 3290 Attendite
969 3240 1105 3292 vobis
1133 3252 1179 3293 et
1208 3245 1441 3298 universo
1470 3249 1627 3317 gregi,

99 3312 236 3380 inquo
265 3333 343 3371 vos
379 3318 612 3387 Spiritus
649 3336 851 3378 sanctus
896 3330 1153 3383 constituit
1194 3333 1452 3404 episcopos
1470 3312 1499 3406 ν(
1517 3312 1629 3394 Act.

100 3413 177 3463 ιι,
198 3404 297 3473 Ξ8).
325 3407 376 3462 Si
406 3412 683 3478 apostolos
712 3415 898 3481 mittit,
929 3428 981 3471 et
1022 3420 1301 3491 episcopos
1332 3404 1626 3493 constituit,

97 3500 137 3543 et
162 3495 375 3553 mtiversa
399 3515 525 3555 cum
553 3502 713 3558 Putre
740 3515 791 3559 et
820 3506 975 3571 Filio,
1009 3520 1065 3564 ut
1092 3514 1336 3581 superius
1358 3525 1627 3573 ostensum

96 3590 184 3643 est,
214 3591 530 3657 procreavit,
586 3592 636 3644 in
678 3608 781 3662 quo
815 3597 1032 3652 minoris
1066 3602 1146 3654 vel
1192 3604 1414 3659 ministri
1449 3624 1629 3676 perso-

97 3682 219 3735 nam,
249 3684 298 3727 ut
338 3676 450 3747 ipse
492 3679 654 3735 fateri
695 3698 797 3738 non
827 3688 1049 3754 metuis,
1086 3700 1227 3746 tanta
1256 3679 1505 3763 majestas
1537 3700 1629 3752 ha-

98 3756 239 3811 chit?

149 3848 262 3909 XIV.
289 3854 391 3912 Sed
418 3869 471 3914 et
496 3859 667 3915 Deum
699 3876 817 3917 eum
849 3878 999 3933 esse,
1030 3869 1167 3924 sicut
1193 3876 1500 3942 promisisse
1541 3894 1627 3936 me

92 3944 293 4009 tuemini,
324 3947 406 4003 his
438 3950 766 4007 testimoniis
808 3958 1131 4025 approbabo,
1167 3962 1326 4017 David
1368 3970 1622 4035 propheta

90 4027 293 4089 dicente:
322 4038 548 4091 Audiam
590 4042 712 4109 quid
743 4042 979 4112 loquatur
1006 4050 1057 4100 in
1095 4065 1171 4104 me
1211 4027 1623 4113 Dominus-Deus

88 4116 222 4177 (Psaf.
265 4141 482 4193 Lux",
531 4128 625 4195 9).
675 4130 813 4185 Nulli
864 4134 1041 4203 itaque
1074 4137 1303 4193 (dubium
1354 4153 1434 4196 est
1483 4148 1621 4213 quod

87 4219 237 4265 omnes
266 4214 535 4284 pr0pheta:
570 4234 675 4270 non
720 4222 819 4274 nisi
856 4238 947 4289 per
976 4225 1230 4293 Spiritum
1262 4240 1499 4285 sanctum
1529 4250 1621 4288 an-

86 4301 288 4354 nuutieut
312 4306 391 4357 vel
429 4305 754 4374 loquantur;
786 4311 925 4365 sicut
955 4311 1006 4366 in
1037 4316 1317 4385 Evangelia
1360 4323 1615 4390 scriptum

84 4398 175 4438 est:
203 4389 316 4445 Cum
339 4401 557 4461 venerit,
606 4402 1062 4471 inquit,’Spiritus
1094 4411 1178 4463 ille
1206 4425 1411 4467 sanctus
1432 4458 1444 4479 ,
1473 4435 1615 4486 quem
1649 4438 1695 4497 ι)

86 4476 211 4530 mittet
234 4480 383 4535 Pafer
404 4488 453 4537 in
478 4489 689 4541 nomine
712 4508 838 4556 meo,
871 4495 976 4562 ipse
1003 4513 1087 4550 vos
1115 4500 1339 4566 docebit,
1373 4515 1419 4555 et
1450 4507 1622 4572 futura

83 4571 353 4624 annuatiabit
393 4574 533 4629 vobis
570 4576 761 4642 (Joan.
798 4596 909 4648 xlv,
943 4584 1040 4648 26;
1071 4586 1223 4640 Joan.
1260 4606 1374 4658 χιι,
1409 4571 1518 4663 l3).
1556 4599 1619 4651 Iit

80 4654 179 4709 item
219 4678 305 4729 per
343 4668 663 4736 prophetam
707 4670 955 4729 Dominus
994 4678 1115 4733 dicit
1150 4698 1162 4731 :
1199 4682 1481 4740 Nolueram
1519 4708 1614 4743 au-

78 4746 162 4797 dire
184 4765 419 4808 sermones
451 4774 623 4821 nicas,
655 4776 780 4828 quos
817 4767 1049 4820 mandavi
1071 4770 1119 4822 in
1149 4771 1349 4840 Spiritu
1380 4794 1486 4830 meo
1528 4799 1617 4847 per

77 4850 117 4885 os
137 4840 477 4905 prophetarum
507 4847 775 4919 priorum,
806 4853 928 4911 dicit
965 4856 1209 4915 Dominus
1234 4862 1483 4932 (Zachar.
1509 4886 1608 4937 vn,

80 4924 164 4989 13).
190 4927 284 4983 Sed
316 4949 379 4987 ne
430 4951 527 5003 per
567 4936 799 4994 florifero
832 4954 978 5011 prata
1027 4924 1411 5021 divinaz‘legis,
1461 4924 1609 5013 testi:

80 5017 219 5070 munia
249 5035 659 5093 percurrentes,
711 5031 912 5097 longius
956 5051 984 5088 a
1023 5049 1199 5093 nostra
1247 5048 1609 5113 pr0positione

78 5115 305 5175 tagemttr,
354 5112 419 5165 ad
466 5114 519 5168 id
577 5118 716 5183 quod
763 5124 1101 5187 promisimus
1148 5112 1492 5190 revertamur.
1530 5140 1606 5193 Ad

80 5192 289 5254 Ili-bruus
328 5220 544 5275 quoque
595 5209 787 5264 Paulus
834 5216 1067 5281 gentium
1120 5224 1431 5287 przediCutor
1473 5232 1606 5282 suri-

78 5286 201 5352 leus,
229 5291 293 5343 ait
323 5310 335 5344 :
374 5293 703 5362 Testiﬁcatur
732 5310 900 5354 autem
932 5306 1071 5359 nobis
1108 5308 1335 5377 Spiritus
1378 5330 1577 5371 sanctus
1607 5356 1620 5369 .

77 5388 108 5425 tt
130 5380 207 5432 hoc
230 5394 295 5434 est
330 5395 691 5440 testamentum
719 5393 853 5458 quod
892 5396 1104 5461 dispono
1135 5404 1200 5452 ad
1245 5420 1327 5455 eos
1370 5420 1479 5471 post
1511 5382 1617 5465 dies,

77 5468 191 5532 ilius,
223 5475 336 5525 dicit
367 5476 618 5532 Dominus
648 5481 835 5549 (Hebr.
866 5502 975 5551 vni,
1014 5490 1117 5558 l0).
1154 5492 1205 5547 In
1235 5468 1450 5550 Actibus
1481 5516 1605 5569 apo-

78 5560 322 5628 stolorum,
351 5566 416 5619 ad
455 5568 719 5622 Ananiam
751 5572 944 5629 dixisse
974 5578 1183 5632 Petrum
1225 5588 1558 5642 tueminitnns
1590 5608 1601 5640 :

80 5640 234 5711 Ctszeid
260 5653 477 5710 Satanas
515 5660 738 5726 itttplct'il
769 5678 851 5715 cor
878 5676 1013 5721 luunt
1037 5710 1047 5733 ,
1086 5674 1283 5725 mentiri
1310 5684 1354 5727 te
1385 5676 1602 5739 Spiritui

1739 3165 1821 3235 (11
1857 3166 1974 3222 Cor.
2003 3184 2127 3236 xm,
2160 3172 2268 3240 15).

1806 3258 2003 3315 Probus
2030 3264 2185 3329 iudex
2214 3266 2341 3319 dixit
2366 3282 2383 3321 :
2407 3267 2460 3322 Si
2489 3280 2605 3338 post
2633 3271 3034 3333 innumerabilia
3066 3280 3300 3336 testimo-

1689 3408 1695 3413 ,
1734 3348 1820 3401 nia
1849 3350 2052 3404 caelesti
2083 3357 2387 3423 magisterio
2409 3362 2734 3431 promulgata
2764 3370 3082 3425 remansisse
3104 3372 3300 3442 aliquid

1732 3436 1859 3492 Ario
1880 3439 2104 3508 videtur,
2139 3459 2435 3512 proponere
2465 3465 2566 3504 non
2593 3463 2855 3520 gravetur.
2887 3453 3195 3530 Quanquam
3223 3466 3300 3536 (ut

1732 3531 1873 3597 reor)
1907 3533 2036 3585 nihil
2068 3535 2140 3588 illi
2173 3542 2531 3606 responsionis
2561 3542 2892 3616 remanserit,
2926 3569 3025 3622 qua
3058 3558 3299 3613 videlicet

1733 3620 1901 3685 possit
1945 3622 2291 3680 Athanasium
2336 3629 2401 3684 de
2433 3634 2585 3687 unius
2629 3620 2972 3706 substantiae;
3010 3645 3059 3698 id
3093 3653 3172 3701 cs't
3210 3654 3300 3704 lto~

1731 3710 1919 3762 mousii
1950 3714 2153 3767 ratione
2180 3715 2462 3785 depellere.
2502 3723 2604 3777 Sed
2637 3740 2701 3779 uc
2748 3739 2897 3796 posta
2923 3734 3080 3788 odum
3114 3738 3179 3792 de
3206 3742 3299 3794 ali-

1708 3808 1828 3863 ‘qua
1860 3803 2204 3867 oppressione
2238 3816 2501 3874 causetur,
2553 3827 2582 3866 a
2625 3815 2777 3871 nobis
2820 3822 2993 3876 nullus
3026 3826 3073 3879 ei
3117 3828 3181 3881 ad
3217 3845 3298 3885 re-

1726 3887 2093 3953 spondendum
2127 3892 2274 3949 locus
2303 3897 2569 3955 adimitur.

1799 3974 1950 4070 drius
1975 3978 2104 4033 dixit
2132 3996 2150 4034 :
2182 3981 2320 4038 Nulli
2353 3986 2565 4044 dubium
2588 4002 2669 4047 est
2692 3997 2831 4064 quod
2856 4002 3071 4070 magicis
3094 4008 3297 4062 artibus

1727 4061 2047 4121 Athanasius
2076 4084 2177 4124 non
2208 4071 2413 4127 desinat
2444 4077 2638 4143 judicis
2670 4061 2974 4151 pervertere
3000 4106 3210 4157 sensus,
3241 4107 3323 4153 ut.

1727 4160 1885 4205 recte
1916 4153 2035 4207 fidei
2071 4160 2333 4216 tramitem
2362 4180 2486 4234 erga
2524 4183 2615 4223 eos
2643 4173 2729 4240 qui
2770 4189 2884 4231 eam
2931 4182 3174 4250 religiose
3212 4202 3294 4241 sm

1726 4248 1938 4297 etantur
1968 4257 2020 4300 et
2052 4250 2253 4317 colunt,
2285 4262 2463 4310 tenere
2493 4274 2595 4313 non
2620 4265 2805 4329 possit.
2843 4266 2907 4321 Et
2935 4248 3127 4327 idcirco
3152 4280 3292 4343 quod

1725 4334 1774 4386 in
1803 4339 2046 4392 examine
2072 4343 2143 4395 tui
2177 4346 2426 4402 culminis
2467 4355 2731 4420 explicare
2764 4373 2865 4411 non
2899 4363 3064 4427 valeo,
3099 4367 3294 4431 princi-

1726 4423 1804 4490 pis
1831 4424 2034 4492 judicio
2058 4434 2374 4500 reservabo;
2406 4438 2491 4492 ubi
2516 4445 2748 4498 Veritatis
2777 4447 2963 4517 indago
2996 4423 3289 4524 pra-pollet,

1724 4520 1776 4562 et
1807 4514 2033 4581 magicas
2067 4527 2209 4573 artes
2242 4522 2309 4575 ob
2338 4539 2474 4581 vera:
2504 4529 2624 4584 fidei
2672 4533 3059 4592 observantiam
3090 4557 3290 4609 prusva-

1722 4599 1831 4653 lere
1860 4618 1962 4655 non
1998 4620 2151 4669 posse
2182 4612 2502 4668 credendum
2534 4629 2633 4671 est.

1790 4692 2102 4748 Athanasius
2124 4699 2254 4751 dixit
2279 4716 2296 4753 :
2322 4704 2415 4766 Qui
2446 4706 2553 4759 suis
2577 4711 2953 4765 assertionibus
2975 4715 3159 4772 adesse
3182 4735 3285 4775 non

1720 4793 1958 4847 possunt,
1989 4786 2313 4851 quibuslibet
2342 4793 2611 4850 fallacibus
2642 4807 2961 4868 argumentis
2995 4808 3073 4861 vel
3120 4812 3285 4867 cavil-

1716 4868 2001 4927 lationibus
2046 4881 2443 4937 excusationem
2488 4888 2586 4941 sibi
2621 4890 2856 4949 invenire
2883 4911 2983 4947 non
3012 4896 3280 4968 desinunt,

1714 4958 1852 5012 sicut
1882 4976 2019 5017 nunc
2051 4964 2225 5023 facere
2256 4970 2436 5025 Arium
2466 4976 2671 5043 plenius
2698 4992 2865 5035 vestra
2900 4989 3148 5052 perspicit
3173 5008 3284 5046 ma-

1722 5051 1959 5115 gnitudo.
2010 5054 2132 5110 Mihi
2178 5075 2302 5115 vero
2332 5064 2393 5115 ad
2441 5069 2613 5119 omnia
2664 5085 2778 5137 qua:
2824 5071 2892 5125 ab
2932 5088 2995 5127 co
3025 5076 3076 5130 in
3122 5085 3285 5136 vestri

1714 5140 1957 5196 culminis
2006 5153 2285 5212 prtescntia
2358 5158 2622 5222 propesita
2678 5169 2829 5225 sunt,
2893 5178 3069 5218 verum
3122 5167 3313 5222 fidem-

1720 5230 2002 5289 viudicanti
2030 5244 2361 5307 respondisse
2386 5247 2627 5302 sufficiat.

1793 5322 1931 5380 XVI.
1966 5327 2157 5382 Probus
2181 5334 2347 5399 judcr
2384 5339 2512 5390 dixit
2539 5355 2556 5390 .'
2586 5339 2973 5413 Imperitorum,
3008 5355 3061 5399 et
3104 5349 3278 5405 minus

1724 5411 1789 5465 de
1818 5428 1909 5467 sua
1942 5418 2158 5472 scientia
2192 5424 2270 5476 vel
2304 5424 2539 5480 doctrina
2569 5434 2995 5495 ttrmsumettlium
3024 5448 3122 5502 est,
3150 5462 3275 5513 pra-

1716 5506 1860 5558 vitali
1903 5510 2073 5572 potius
2114 5514 2263 5581 117
2295 5516 2525 5570 ειυάιιιιιι
2561 5521 2685 5572 dare
2728 5536 2880 5589 quam
2921 5506 3270 5599 veritati-pa-

1714 5592 1949 5647 tientiam
2019 5604 2355 5657 commodare
2400 5622 2409 5655 :
2457 5623 2572 5659 cum
2631 5610 2678 5662 id
2749 5615 3106 5671 assertoribus
3154 5624 3276 5678 fidei
3322 5610 3325 5613 I

1709 5686 2011 5753 conveniat,
2052 5692 2325 5748 tet‘italcm
2374 5700 2541 5763 potius
2572 5700 2717 5767 sequi
2747 5717 2899 5768 quam
2953 5710 3146 5765 erroris
3190 5714 3269 5767 vel
