3842 6226
503 203 600 257 ιτς
1798 183 2024 278 VIGILII’
2054 201 2426 259 TAPSENSIS
3652 205 3761 260 rso

499 314 739 370 falsilalis
767 315 1024 386 compede
1051 313 1346 385 praepediri.
1383 312 1579 367 llorum
1611 313 1770 384 igitur
1807 329 1923 368 mos
1958 324 2062 382 est,
2093 319 2141 376 Α
2168 323 2252 368 est
2281 315 2438 367 unius
2467 310 2801 380 substantiae)
2833 310 3086 367 divellere
3119 313 3328 382 penitus
3351 327 3454 368 non
3477 315 3774 382 potuisse.

499 409 587 475 qui
615 423 736 460 eum
766 422 875 462 suae
907 406 1138 477 perfidia:
1162 419 1374 458 causam
1414 403 1477 458 ad
1507 403 1664 457 ﬂnem
1689 419 1856 472 usque
1885 405 2066 460 venire
2171 403 2279 458 Sed
2305 405 2384 473 (ut
2411 402 2526 472 ejus
2555 401 2819 470 superﬂua
2859 401 3098 458 decrevit
3130 402 3374 474 intentio)
3398 419 3523 459 eum
3578 421 3661 459 ne
3699 406 3778 459 fa-

499 500 897 568 conspexerint,
925 507 1220 553 metuentes
1249 511 1315 552 ne
1335 497 1537 551 cunctis
1559 495 1860 551 horninibus
1879 511 2063 551 eorum
2169 495 2273 549 ciat
2311 493 2456 549 nullo
2511 494 2670 547 modo
2716 492 2993 548 refrenabo
3015 534 3030 558 ,
3063 510 3128 549 ne
3157 495 3278 549 victi
3309 509 3616 565 personam
3653 510 3768 548 non

475 599 484 670 ξ
501 607 513 654 ι
535 590 722 644 erfidia
755 590 1078 653 innotescat,
1110 587 1174 641 ad
1222 586 1443 656 potioris
1471 601 1530 642 se
1559 585 1803 642 conferre
1825 575 2064 655 Imesen-
2171 583 2462 650 sustinens,
2491 580 2558 636 de
2582 582 2830 653 adempto
2855 582 2957 636 sibi
2984 585 3238 652 temporis
3266 585 3436 655 spatio
3464 584 3774 654 glorietur.

400 725 413 732 -
478 671 659 744 'tiazn;
717 682 1020 750 ignorantes
1078 680 1327 748 quoniam
1374 687 1430 732 et
1474 678 1582 733 illic
1608 678 1816 732 veritati
1845 679 2064 733 victoria
2169 674 2299 728 Mem
2325 687 2452 728 vero
2489 672 2725 728 solertia
2752 673 2854 729 erit
2886 675 3130 730 universa
3172 689 3288 744 qua
3314 676 3382 729 ab
3410 676 3685 746 utrisque
3722 675 3778 729 in

465 767 773 857 jtribuitur,
803 769 888 824 ubi
920 769 1166 838 potentia:
1196 767 1429 824 liberalis
1457 769 1719 857 sententia
1764 768 2069 857 promulgaa
2171 775 2355 822 nostra
2397 765 2705 836 cognitione
2747 765 2955 834 prolata
3009 773 3148 857 sunt
3205 765 3419 835 gloriosi
3486 767 3780 838 principis

506 869 612 912 tur.
645 859 860 912 Frustra
886 860 1042 928 igitur
1068 859 1226 913 Arius
1245 858 1450 912 videtur
1475 856 1543 912 de
1569 865 1754 911 nostro
1773 855 1976 926 judicio
1996 857 2064 911 ad
2171 858 2416 913 sensibus
2468 857 2746 924 intimare;
2797 865 2854 910 ut
2904 856 3157 912 falsidicis
3202 858 3508 930 ambagibus
3559 861 3780 930 procul

436 953 443 956 ’
505 949 758 1017 principis
787 951 1056 1018 appellare
1085 962 1359 1017 personam
1381 987 1397 1014 ,
1427 960 1547 1001 cum
1577 947 1628 1001 in
1659 945 1908 1001 conﬂictu
1945 960 2064 1002 cer-
2174 950 2396 1013 amotis,
2426 946 2491 1002 ad
2533 947 2767 1002 victoriae
2797 946 3026 1015 palmam
3069 946 3387 1004 Athanasius
3423 958 3583 1021 pura
3642 949 3780 1004 ﬁdei

506 1040 718 1095 laminis
767 1041 896 1094 nihil
925 1040 1201 1094 adversum
1231 1053 1289 1094 se
1313 1022 1542 1093 senserit
1570 1037 1842 1107 pravitatis
1867 1079 1883 1104 ,
1911 1053 2066 1108 quem
2175 1046 2414 1093 assertor
2439 1037 2609 1093 valeat
2637 1037 2932 1107 pervenire.

510 1142 722 1186 constat
757 1131 1102 1186 Athanasium
1157 1130 1222 1185 ab
1261 1130 1524 1184 homousii
1571 1128 1880 1185 defensione
1908 1130 2068 1200 (quod
2682 1121 2691 1129 ’

518 1269 3766 1300 m

1241 1371 1908 1518 manu
2006 1404 2997 1517 TAPSENSIS

825 1594 1384 1708 CONTRA
1467 1591 2113 1735 ARIANOS,
2203 1591 2581 1735 ETC.,
2677 1594 3411 1711 DIALOGUS.

627 1794 1041 1843 A‘I'BANASIO
1058 1825 1079 1859 ,
1117 1795 1323 1858 amo,
1363 1791 1748 1859 sansnuo,
1785 1794 2143 1859 vaesano,
2171 1796 2262 1843 m-
2298 1796 2541 1844 enono
2576 1796 2831 1845 suntet:
2870 1798 3630 1849 ικτειιωοιποιιιιιυι.

1338 2046 1846 2122 PRIEFATIO
1921 2015 2319 2123 INCERTI
2370 2048 2886 2126 AUCTORIS.

583 2192 740 2260 118
773 2187 902 2242 Cum
945 2190 996 2242 in
1042 2200 1229 2240 manus
1256 2185 1457 2240 strenui
1497 2186 1737 2244 lectoris.
1769 2184 2073 2239 beatissime
2104 2189 2151 2247 Β
2177 2183 2316 2251 quod
2363 2184 2413 2237 in
2461 2184 2738 2240 Chroiticis
2783 2189 2893 2241 su‘s
2943 2188 3112 2243 beatze
3161 2189 3435 2244 memoriae
3477 2187 3763 2258 Sulpicius

507 2295 637 2349 papa
661 2279 923 2344 Materne,
955 2277 1087 2332 liber
1108 2277 1209 2330 iste
1235 2291 1264 2329 a
1289 2275 1549 2329 catlmlico
1574 2274 1852 2328 sacerdote
1875 2282 1930 2328 et
1952 2289 2074 2342 pro-
2176 2266 2408 2336 Severus
2433 2282 2608 2350 posuit
2631 2282 2847 2337 dicens:
2892 2283 3010 2338 Duo
3047 2284 3155 2337 Arii
3180 2327 3196 2352 ,
3225 2293 3462 2353 tamquam
3497 2286 3609 2336 duo
3655 2300 3765 2336 ser-

505 2369 793 2425 batissimte
827 2370 949 2424 vitae
1000 2368 1156 2423 beato
1197 2367 1520 2429 Athanasio,
1564 2373 1748 2418 contra
1796 2363 2073 2419 haereticos
2176 2379 2368 2439 partes,
2401 2387 2464 2425 ea:
2489 2387 2592 2425 uno
2619 2388 2707 2426 ore
2751 2372 3019 2426 sibilabant
3040 2388 3060 2427 :
3087 2373 3220 2428 duos
3247 2373 3403 2428 Arios
3433 2371 3602 2427 fuisse
3641 2373 3758 2427 evi-

504 2458 819 2524 Sabellium,
841 2456 1123 2538 Photinum
1146 2455 1414 2518 etArium,
1435 2454 1730 2520 tiisputatus
1753 2453 2071 2522 pervenerit,
2177 2459 2367 2514 denter
2391 2463 2638 2530 reperiet,
2673 2461 2824 2517 unde
2865 2462 3196 2532 inmiiigim},
3229 2471 3321 2517 aut
3344 2477 3464 2517 cum
3496 2459 3634 2515 Ατίο
3671 2474 3765 2514 su-

507 2547 656 2602 illico
684 2545 1024 2618 respondebit
1053 2564 1065 2599 :
1097 2546 1164 2599 Et
1204 2544 1469 2614 quomodo
1511 2543 1624 2596 ﬁeri
1667 2551 1836 2611 potest
1866 2552 1925 2597 ιιι
1953 2558 2072 2599 cum
2179 2553 2420 2620 perstite,
2451 2565 2556 2606 non
2585 2565 2704 2606 cum
2733 2552 2823 2606 illo
2849 2553 2940 2622 qui
2973 2552 3122 2606 fusus
3147 2561 3260 2618 est,
3297 2559 3392 2606 aut
3421 2565 3540 2606 cum
3571 2551 3762 2617 aliquo

506 2648 695 2694 sancto
716 2637 1006 2692 Athanasio
1034 2649 1340 2691 successore
1365 2635 1499 2688 beati
1523 2633 1812 2689 Alexandri
1833 2632 2072 2704 episcopi
2179 2641 2507 2697 Ariomaniia
2567 2649 2808 2696 sanctum
2871 2641 3220 2697 Διωηπίυω
3270 2642 3517 2696 habuisse
3559 2641 3763 2696 οοηιί-

507 2730 754 2785 h‘abuerit
791 2727 950 2783 Arius
978 2719 1279 2782 conﬂictum
1300 2764 1316 2792 ,
1355 2740 1475 2779 curn
1504 2731 1715 2779 constet
1742 2737 1895 2789 eum,
1934 2723 2074 2778 sicut
2182 2742 2344 2788 ctum.
2376 2733 2707 2802 Quapropter
2730 2741 2939 2804 oportet
2967 2743 3026 2789 ut
3054 2733 3187 2799 hzec,
3228 2748 3363 2802 opus
3390 2741 3449 2787 ut
3475 2732 3758 2787 credimus

505 2821 566 2876 in
590 2819 945 2876 ecclesiastica
977 2817 1204 2873 Historia
1235 2816 1444 2884 legitur,
1477 2813 1779 2883 turpissima
1805 2824 1994 2879 morte,
2020 2814 2069 2867 id
2177 2838 2207 2878 ε
2241 2825 2349 2879 Deo
2378 2824 2650 2894 impletum
2670 2868 2685 2888 ,
2716 2841 2745 2880 a
2791 2826 3069 2881 catholicis
3093 2827 3289 2896 sapius
3327 2825 3663 2894 relegantur,
3705 2830 3763 2875 ut

508 2921 613 2977 est,
643 2911 887 2977 exemplo
935 2908 1082 2963 .ludre
1138 2906 1406 2960 traditoris
1468 2905 1676 2959 Domini
1731 2906 1897 2959 nostri
1947 2906 2071 2961 Jesu
2179 2923 2503 2984 cognoscant
2543 2899 2768 2984 qualiter
2807 2911 3177 2972 haereticorum
3218 2915 3425 2985 possint
3465 2917 3642 2968 vitare
3673 2927 3760 2965 ve-

509 3000 738 3066 Christi,
769 3001 932 3055 fuisse
961 2999 1174 3054 fusum:
1209 3006 1263 3050 ut
1299 2995 1440 3065 quod
1472 2995 1631 3050 fetida
1679 3005 1855 3050 mente
1883 3010 2074 3051 eonee-
2183 3019 2344 3072 nena,
2374 3014 2429 3059 et
2469 3005 2623 3060 ﬂdem
2663 3021 2811 3064 suam
2851 3008 3052 3078 absque
3093 3007 3196 3064 ulla
3231 3007 3566 3062 bzs’tatione
3611 3005 3760 3076 (Deo

508 3101 699 3162 p'crat,
744 3090 906 3146 fetido
943 3090 1247 3146 terminaret
1291 3086 1412 3140 ﬂne.
1443 3085 1548 3141 Sed
1591 3086 1635 3140 si
1681 3085 1811 3139 illud
1851 3088 2070 3156 recolat,
2185 3095 2492 3166 auxiliante)
2525 3096 2732 3152 valeant
2759 3098 3046 3155 custodire.

1561 3315 1564 3319 ,
1659 3231 2170 3309 PBIEFATIO
2219 3235 2605 3316 VIGILII.

771 3365 902 3419 Dum
927 3378 1133 3418 mecum
1161 3362 1227 3416 dt:
1254 3361 1375 3416 fidei
1400 3360 1621 3414 veritate
1641 3359 1730 3412 diu
1753 3361 2078 3428 multumque
2105 3365 2151 3427 C
2182 3377 2414 3436 agerent
2434 3369 2849 3424 introducerent,
2900 3368 2969 3423 Ει
3012 3383 3080 3424 ne
3123 3368 3452 3440 singulorum
3495 3383 3756 3440 prosecu-

511 3469 831 3522 tractarem,
861 3466 1020 3526 atque
1064 3455 1350 3524 Scriptura:
1379 3452 1802 3509 consideratione
1839 3454 2079 3525 requires
2182 3456 2352 3511 tiones
2395 3457 2448 3512 in
2477 3457 2697 3528 dubiut‘n
2727 3460 2876 3513 nullo
2917 3443 3258 3515 examinante
3292 3459 3566 3524 venirent,
3613 3462 3757 3515 arbi-

402 3573 404 3575 ·
510 3566 627 3606 rem
671 3563 901 3620 quonam
931 3548 1089 3603 modo
1118 3546 1439 3616 multiplices
1458 3552 1513 3599 et
1529 3557 1843 3598 numerosas
1866 3543 2079 3597 bareti-
2183 3554 2321 3600 trum
2341 3547 2624 3617 quemdam
2645 3549 2861 3604 nomine
2880 3549 3132 3616 Probum,
3149 3531 3753 3620 auctoritatejudiciaria

510 3654 696 3694 corum
718 3638 1062 3709 quaestiones,
1086 3635 1446 3706 responsionis
1465 3635 1726 3689 brevitate
1747 3632 2077 3701 reiellerem,
2181 3635 2416 3690 functum
2458 3637 2718 3692 interesse
2758 3637 2890 3703 feci,
2938 3653 3044 3707 quo
3088 3637 3155 3693 de
3201 3639 3426 3709 singulis
3455 3640 3756 3709 quibusque

511 3739 568 3785 et
606 3743 789 3784 eorum
817 3727 1069 3797 sacrilega
1111 3725 1249 3781 dicta
1277 3727 1449 3780 variis
1465 3734 1519 3781 et
1542 3725 1730 3794 ’longis
1757 3724 1943 3780 diffusa
1975 3734 2082 3780 tra-
2183 3715 2526 3794 probabiliter
2552 3724 2912 3795 discernente,
2942 3720 3117 3795 impia:
3143 3728 3416 3797 pravitatis
3446 3737 3753 3783 cassaretur

510 3820 741 3875 ctatibus
799 3819 1176 3888 compendioso
1244 3818 1616 3889 disputationis
1662 3817 1947 3873 luctamine
1997 3831 2079 3872 su-
2183 3814 2425 3868 intentio.
2457 3813 2746 3870 Sabellium
2774 3830 2936 3886 ergo,
2975 3816 3293 3884 Photinum,
3327 3819 3542 3884 Arium,
3595 3829 3753 3889 atque

510 3925 779 3981 perarem,
811 3924 877 3965 ne
906 3909 1280 3979 prolixioribus
1309 3908 1594 3977 prolixiora
1648 3907 1886 3963 referens
1915 3900 2100 3962 inter-'
2181 3903 2246 3957 ad
2273 3912 2480 3958 nostras
2509 3913 2685 3973 partes
2713 3905 3060 3960 Athanasium
3099 3907 3396 3973 introduxi,
3440 3917 3496 3962 ut
3524 3909 3746 3974 veritas,

510 4003 821 4059 minabilem
848 4011 901 4057 et
930 4003 1087 4056 nimis
1114 4000 1432 4056 laboriosam
1462 3999 1761 4070 legentibus
1801 4001 2076 4054 materiam
2182 4009 2390 4048 summo
2411 3996 2808 4062 conﬂigentium
2829 3997 3120 4052 certamine
3141 3998 3396 4067 eliquata,
3424 3997 3488 4051 ad
3511 3998 3778 4052 omnium.

512 4093 870 4160 reliquissem,
899 4091 1027 4146 utile
1057 4093 1158 4146 hoc
1183 4101 1237 4146 et
1263 4090 1415 4145 valde
1436 4089 1781 4163 commodum
1812 4090 2077 4156 apparuit,
2182 4085 2421 4138 notitiam
2452 4086 2752 4153 perveniret
2771 4127 2784 4149 ,
2832 4097 2886 4143 et
2929 4086 3236 4142 diversitate
3281 4102 3634 4158 personarum
3669 4087 3748 4140 vel

513 4191 575 4237 ut
604 4180 1017 4249 uniuscujusque
1047 4179 1279 4235 hazretici
1305 4193 1584 4248 personam
1607 4193 1725 4232 cum
1755 4179 1838 4233 sui
1863 4177 2080 4247 dogma-
2181 4175 2585 4245 responsionum
2603 4178 3141 4232 acinterlocutionum
3171 4178 3330 4248 hujus
3347 4180 3525 4248 operis
3546 4181 3745 4234 variata

512 4273 584 4328 tis
614 4270 1065 4342 professionibus,
1091 4268 1242 4340 quasi
1269 4279 1562 4338 praesentes
1583 4283 1701 4324 cum
1729 4266 2080 4337 prmsentihus
2183 4266 2408 4335 digestio
2429 4265 2698 4322 fastidium
2727 4255 3025 4337 legentibus
3052 4277 3370 4338 amputaret.

1155 4443 1834 4550 DMLOGI
1913 4441 2386 4549 LIBER
2457 4417 3112 4584 PRIMUS.

585 4609 629 4662 1.
652 4605 1022 4675 Probusjudez
1051 4603 1176 4658 dixit
1200 4619 1219 4658 :
1242 4603 1574 4672 Perspiciens
1595 4604 1646 4658 in
1677 4604 1939 4659 idolorum
1981 4605 2086 4659 cul-
2107 4611 2163 4672 1)
2187 4618 2306 4659 rere
2331 4619 2521 4674 queam
2539 4646 2555 4672 ,
2583 4620 2650 4661 ne
2680 4607 2878 4662 erroris
2905 4609 3146 4664 caecitate
3190 4612 3311 4666 exui
3350 4615 3571 4682 cupiens
3589 4655 3609 4681 ,
3637 4630 3742 4669 ma-

513 4709 628 4754 tura
679 4695 879 4750 nullam
929 4695 1041 4748 veri
1090 4693 1324 4748 numinis
1373 4693 1665 4750 consistere
1710 4694 2038 4761 majestatem
2065 4735 2079 4759 ,
2179 4688 2386 4764 joribus
2415 4695 2750 4751 tenebrarum
2789 4699 3059 4754 erroribus
3089 4700 3348 4770 implicer,
3394 4703 3439 4758 si
3473 4705 3672 4771 passim
3697 4714 3744 4758 et

509 4788 830 4846 Christianis
859 4786 1229 4854 memetipsum
1267 4783 1604 4854 dogmatibus
1645 4784 1909 4852 subjicere
1939 4786 2077 4849 volo,
2182 4785 2300 4840 sine
2342 4786 2448 4840 ullo
2475 4787 2732 4843 examinis
2762 4788 3102 4858 discrimine,
3141 4793 3367 4863 alicujus
3404 4804 3567 4850 sectae
3640 4812 3743 4866 qua:

511 4879 705 4951 quibus
744 4876 996 4930 astruitur
1025 4880 1157 4930 unus
1184 4883 1239 4930 et
1266 4889 1422 4929 verus
1449 4888 1568 4928 esse
1611 4873 1777 4938 Deus,
1825 4874 1912 4941 qui
1957 4874 2078 4927 uni-
2182 4879 2349 4946 prima
2373 4882 2667 4934 occurrerit
2702 4881 2934 4938 imitator
2963 4885 3211 4953 existam,
3242 4903 3359 4957 qua:
3380 4897 3554 4943 utrum
3590 4906 3739 4961 prava

511 4985 666 5028 versa
715 4981 834 5036 quae
882 4966 1121 5021 videntur
1162 4975 1215 5020 et
1260 4979 1378 5035 qua:
1423 4979 1526 5018 non
1569 4964 1838 5027 videntur,
1886 4965 2078 5018 virtute
2179 4969 2250 5022 sit
2277 4982 2374 5023 nec
2403 4983 2503 5035 ne,
2537 4969 2620 5024 vel
2645 4971 2870 5027 veritate
2911 4975 3158 5040 sull‘ulta,
3193 4975 3398 5044 ignoro.
3442 4979 3506 5032 Et
3535 4981 3662 5035 ideo
3697 4978 3738 5033 si

513 5063 662 5118 verbi
691 5061 773 5115 sui
805 5058 1021 5112 creavit.
1053 5057 1120 5112 Et
1158 5058 1408 5127 quoniam
1437 5071 1554 5110 cum
1582 5059 1761 5125 plures
1790 5055 2075 5111 Christiani
2180 5058 2368 5126 placet,
2406 5059 2513 5136 imp
2542 5061 2660 5128 quia
2696 5061 2904 5130 placere
2928 5063 3105 5128 debet,
3127 5069 3486 5138 unusquisque
3508 5086 3735 5126 vestrum

513 5151 747 5208 nominis
773 5147 928 5202 titulo
947 5157 1281 5212 censeantur,
1308 5161 1338 5202 a
1363 5147 1584 5202 veritate
1605 5146 1720 5215 ejus
1751 5146 1870 5202 fidei
1894 5147 2075 5214 procul
2181 5148 2231 5200 in
2261 5159 2547 5216 conspectu
2578 5160 2758 5206 nostro
2793 5151 2916 5208 ﬂdei
2957 5168 3067 5209 suae
3095 5160 3413 5213 sententiam
3445 5162 3664 5229 pandat,
3691 5171 3739 5214 ut

512 5245 763 5298 aberrare
791 5239 1060 5304 dicuntur,
1083 5239 1290 5294 diversa
1321 5241 1522 5297 scilicet
1547 5242 1825 5295 sentiendo
1851 5249 1904 5295 et
1934 5241 2073 5294 varia
2177 5237 2571 5295 examinatione
2614 5240 2788 5295 habita
2816 5281 2831 5308 ,
2863 5259 2979 5310 qua:
3007 5244 3209 5300 firmior
3234 5251 3442 5304 cunctis
3487 5261 3538 5305 et
3568 5251 3741 5306 verior

513 5338 816 5402 tlogmatnm
856 5333 1093 5386 instituta
1121 5332 1393 5399 sectanda,
1422 5333 1560 5388 scire
1590 5347 1728 5386 nunc
1755 5345 2076 5399 magnopere
2179 5336 2388 5393 reperta
2420 5327 2601 5396 fuerit,
2634 5330 2756 5385 huic
2779 5346 2965 5386 omnes
2989 5334 3108 5401 jure
3131 5336 3405 5403 cedamus,
3438 5351 3488 5394 et
3512 5340 3735 5396 hancin-

512 5423 759 5478 desidero
801 5437 918 5491 qua:
959 5422 1029 5476 sit
1065 5422 1194 5476 recti
1240 5422 1497 5492 dogmatis
1529 5423 1691 5486 fides,
1732 5423 1815 5476 cui
1855 5423 2074 5476 remotis
2183 5418 2485 5475 dubitanter
2513 5433 2693 5491 spreto
2717 5424 2962 5482 falsitatis
2987 5442 3168 5484 errore
3190 5444 3492 5501 sequamur.

515 5513 762 5574 omnibus
790 5512 1068 5568 dubietatis
1102 5513 1253 5584 120
1278 5513 1581 5584 ambagibus
1613 5511 1868 5569 tenaciter
1896 5511 2071 5568 inhm-
2251 5509 2440 5565 Omnes
2480 5512 2757 5569 dixerunt:
2791 5516 3064 5584 Quomodo
3095 5519 3186 5575 tibi
3229 5522 3356 5576 tanti
3396 5523 3638 5589 mysterii
3664 5535 3734 5576 se-

771 4367 3742 4406 ——————————————_—.———————-—_L____‘__—___

521 4388 758 4405 ———
