3842 6226
176 148 260 203 181

758 143 1025 200 CONTRA
1065 142 1372 207 ARIANOS,
1415 141 1902 214 SABELLIANOS,
1947 137 2124 207 ETC,
2171 139 2528 196 DIALOCUS.
2573 141 2699 195 LIB.
2745 141 2782 193 l.

3285 145 3427 197 tm?-

163 269 300 316 rreta
327 256 662 312 committere
690 270 999 324 possumus,
1041 241 1098 310 ‘et
1143 256 1219 310 rei
1250 257 1538 323 inexperta:
1580 256 1718 309 arbi-
1744 265 1792 318 Α
1821 265 1988 324 guttas
2009 295 2022 318 ,
2059 255 2111 307 in
2151 257 2347 307 nomine
2382 255 2551 323 Patris
2573 293 2591 321 ,
2624 265 2669 308 et
2701 253 2828 307 Filii
2853 293 2865 317 ,
2897 265 2943 307 et
2975 254 3193 324 Spit-itus
3221 263 3384 312 εωιαί

163 352 317 405 trium
347 347 640 414 collocare,
687 361 807 400 cum
853 346 1076 400 necdum
1133 345 1441 415 gentilitatis
1480 344 1714 399 maculas

161 443 272 498 veri
293 440 550 509 dogmatis
578 438 921 508 perceptione
949 438 1218 493 ablueris?

235 534 420 588 Probus
441 533 606 599 iudex
626 531 798 587 dixit:
827 530 941 585 Hoc
965 537 1048 584 est
1073 530 1251 598 utique
1268 573 1281 596 ,
1310 528 1451 599 quod
1491 528 1615 582 totis
1641 527 1717 580 vi-

155 626 300 679 ribus
319 637 641 694 cognoscere
665 608 843 690 cupio,
865 621 1005 691 quod
1031 622 1099 675 sit
1121 630 1322 675 rectum
1345 629 1398 674 et
1419 619 1713 672 veridicum

151 716 370 783 dogma,
400 713 455 767 in
489 727 596 782 quo
637 728 724 767 me
762 720 1007 782 oporteat
1033 711 1223 766 occulti
1270 709 1509 779 mysterii
1539 722 1714 762 sacra-

153 812 326 859 menta
354 804 646 872 percipere.
674 802 854 870 Neque
876 801 1016 854 enim
1048 800 1207 855 modo
1224 798 1489 868 profunda
1518 807 1709 867 myste-

153 897 347 950 riorum
368 907 558 948 arcana
590 893 719 946 mihi
747 893 985 960 patefieri
1022 891 1300 956 desidero;
1329 890 1422 946 sed
1453 890 1542 944 illa
1575 904 1713 942 nunc

155 985 282 1039 mihi
324 985 498 1052 ﬂagito
527 983 909 1047 demonstrari,
943 997 1061 1049 quae
1105 982 1158 1034 in
1185 991 1357 1036 vestra
1387 981 1488 1034 fide
1515 979 1714 1034 extrin—

147 1089 305 1129 secus
330 1075 611 1138 habentur,
643 1082 698 1126 et
734 1073 942 1142 publice
971 1071 1346 1140 praedicantur.
1379 1070 1431 1123 ld
1461 1080 1542 1125 est
1571 1069 1710 1138 quod

150 1180 287 1218 unus
323 1163 566 1232 idemque
602 1178 760 1217 verus
795 1164 866 1218 sit
904 1162 1045 1217 Deus
1082 1160 1368 1216 visibilium
1399 1167 1455 1216 et
1480 1160 1712 1215 invisibi-

147 1256 279 1310 lium
306 1255 544 1310 conditor
572 1270 773 1310 rerum.
809 1255 874 1308 Et
901 1254 1022 1324 quia
1052 1253 1155 1309 hoc
1183 1268 1278 1308 vos
1310 1267 1414 1307 uno
1454 1268 1545 1307 ore
1583 1265 1708 1321 pro-

148 1349 286 1403 ﬁteri
328 1363 428 1402 non
477 1348 680 1413 nescio,
727 1347 851 1417 quid
897 1362 1070 1402 causa:
1096 1345 1390 1410 exstiterit,
1425 1353 1479 1399 ut
1516 1346 1568 1398 in
1603 1352 1707 1398 tam

144 1440 318 1492 varias
342 1438 651 1493 dividamini
696 1447 904 1504 sectas,
958 1447 1014 1491 ut
1056 1451 1173 1506 quae
1215 1437 1285 1491 sit
1322 1451 1484 1500 vera,
1521 1449 1708 1504 quaeve

141 1528 298 1592 falsa,
325 1528 546 1598 intelligi
576 1528 796 1582 omnino
816 1542 846 1580 a
879 1527 1033 1582 nobis
1058 1542 1163 1581 non
1192 1526 1377 1596 possit,
1401 1528 1704 1596 priusquam

1825 345 2034 402 (Matth.
2065 361 2225 398 xxvttt
2242 385 2256 410 ,
2286 346 2396 411 i9).

1892 434 2090 488 Probus
2107 435 2272 506 judea:
2299 435 2426 488 dixit
2461 451 2477 488 :
2509 435 2698 502 Magno
2739 434 2977 489 miraculi
3003 443 3217 505 stupore
3247 448 3384 492 atto-

1819 525 1959 578 nitus
1983 527 2177 590 haereo,
2204 535 2313 579 tres
2333 540 2362 578 a
2385 525 2534 578 vobis
2565 525 2696 579 deos
2724 528 2999 593 praedicari
3023 530 3380 596 conspiciens,

1816 629 1843 666 a
1873 615 2064 682 quibus
2086 615 2148 667 ad
2175 615 2327 668 unius
2351 615 2441 669 Dei
2469 614 2750 683 singularis
2782 619 3026 681 potentia:
3049 618 3378 686 majestatent

1816 705 2220 773 confugiendum
2251 719 2370 760 esse
2397 705 2749 769 credideram.
2783 705 2933 760 Unde
2958 723 3072 774 qum
3115 710 3184 762 sit
3225 710 3379 777 hujus
3408 725 3412 730 ·

1816 797 2036 849 rationis
2078 796 2245 862 fi'des,
2287 796 2368 852 vel
2395 797 2520 866 quid
2567 797 2662 850 ista
2709 798 2864 850 trium
2909 813 3081 851 rerum
3115 800 3380 868 triumque

1818 887 2194 940 vocabulorum
2242 889 2454 941 nomina
2504 887 2773 954 iudicent,
2816 903 2994 956 qumso
3023 903 3120 942 nos
3151 890 3382 946 breviter

1815 975 2103 1030 informare
2122 977 2431 1044 dignemini.
2921 967 2924 970 ’

1884 1068 2136 1124 Sabellius
2164 1069 2290 1122 dixit
2323 1083 2340 1122 :
2370 1069 2530 1123 Plane
2557 1084 2588 1122 a
2616 1069 2769 1123 nobis
2795 1077 2904 1123 tres
2932 1069 3206 1140 prmdicari
3247 1070 3394 1126 deos-

1813 1175 1918 1213 nou
1949 1160 2140 1214 audisti
2166 1201 2181 1225 ,
2212 1160 2306 1215 sed
2337 1161 2557 1214 credere
2587 1175 2686 1214 nos
2719 1162 2769 1214 in
2802 1161 3009 1214 Patrem
3030 1201 3046 1227 ,
3075 1169 3130 1214 et
3161 1161 3372 1224 Filium,

1810 1260 1865 1304 et
1884 1248 2138 1318 Spiritum
2162 1260 2423 1315 Sanctum,
2449 1252 2585 1304 sicut
2613 1251 2764 1305 nobis
2795 1263 2875 1304 cst
2905 1253 2970 1304 ab
2999 1253 3249 1320 apostolis
3273 1261 3375 1305 tra-

1810 1340 2000 1407 ditum,
2025 1340 2336 1409 simpliciter
2362 1340 2584 1409 professi
2614 1355 2816 1395 sumus.
2845 1342 2973 1396 Cum
3001 1342 3141 1396 enim
3166 1342 3373 1396 Patrem

1812 1417 2176 1500 nominamus,
2207 1451 2311 1488 non
2340 1435 2502 1488 alium
2546 1434 2792 1499 Patrem,
2827 1435 2990 1488 alium
3019 1435 3264 1489 volumus
3296 1433 3378 1487 in-

1813 1525 1974 1593 tell3gi
2000 1525 2215 1590 Filium,
2237 1525 2328 1579 sed
2359 1527 2497 1579 hunc
2521 1529 2768 1580 eumdem
2791 1534 2846 1580 ct
2873 1525 3080 1581 Patrem
3105 1536 3158 1580 et
3181 1526 3387 1579 Filium-

143 1629 324 1674 vestro
348 1622 674 1685 certamine,
723 1620 884 1690 digno
921 1619 1187 1688 patientia:
1219 1619 1583 1673 moderamine
1613 1619 1705 1674 ha.
1736 1625 1780 1684 B
1813 1615 2182 1682 praedicamus.
2229 1618 2382 1684 122
2421 1615 2560 1668 Deus
2588 1617 2729 1669 enim
2766 1614 3014 1670 ineﬂ‘abili
3045 1616 3252 1670 virtutis
3283 1631 3374 1684 po-

142 1711 276 1772 bito,
304 1709 422 1778 quid
451 1711 522 1763 sit
550 1724 842 1776 congruum
874 1708 1179 1779 diligentius
1207 1720 1586 1778 cognoscamus
1612 1709 1636 1762 ἲ

216 1799 282 1852 II.
313 1801 618 1853 Athanasius
644 1800 773 1854 dixit
801 1798 978 1857 :Cum
1008 1799 1082 1853 sis
1119 1798 1262 1853 omni
1294 1799 1583 1853 litterarum
1615 1814 1704 1868 ge-

138 1907 274 1945 nere
298 1892 556 1956 imbutus,
598 1903 653 1945 et
690 1890 1073 1959 philosophieis
1101 1885 1394 1958 disciplinis
1418 1890 1703 1945 admodum

137 1983 410 2047 eruditus,
453 1982 635 2036 mirari
684 1997 1061 2052 usquequaque
1107 1997 1212 2036 non
1242 1981 1434 2048 debes,
1483 1982 1703 2050 plurima

136 2088 306 2142 penes
343 2088 442 2128 nos
503 2080 558 2126 et
587 2072 730 2126 varia
777 2073 1068 2127 novitatum
1114 2072 1359 2142 dogmata
1402 2073 1701 2138 exstitisse,

136 2177 262 2217 arm
287 2171 337 2217 et
364 2161 502 2231 apud
529 2177 624 2216 vos
664 2169 741 2215 tot
775 2161 1153 2217 sententiarum
1190 2163 1448 2216 novitates
1472 2175 1704 2216 emerse-

135 2253 246 2307 rint
267 2293 282 2317 ,
318 2260 444 2321 quot
473 2266 609 2322 pene
636 2251 850 2306 nomina
879 2253 1112 2321 ipsorum
1138 2253 1483 2306 continentur
1522 2263 1704 2307 aucto-

137 2362 277 2399 rum.
312 2345 442 2400 Nam
472 2360 592 2400 cum
623 2354 730 2401 tres
754 2346 863 2400 sint
891 2346 944 2400 in
985 2344 1181 2400 mundo
1202 2386 1217 2410 ,
1247 2345 1550 2400 Iudaeorum
1569 2386 1583 2408 ,
1617 2360 1705 2414 pa-

134 2452 386 2504 ganorum
413 2445 465 2491 et
490 2436 914 2492 Christianorum
942 2436 1244 2506 religiones,
1268 2437 1445 2491 multis
1465 2447 1518 2492 et
1545 2436 1701 2506 longe

135 2530 378 2584 discretis
405 2529 793 2584 sententiarum
835 2528 1231 2583 diversitatibus
1261 2544 1588 2599 unaquaque
1616 2545 1701 2583 re-

137 2620 262 2687 ligio
283 2635 314 2673 a
333 2619 504 2688 seipsa
535 2620 865 2684 desciscens,
890 2620 943 2681 in
966 2619 1137 2673 varias
1163 2621 1393 2689 propriaa
1412 2620 1698 2674 institutio-

140 2710 219 2764 nis
262 2717 433 2787 secta's
475 2709 645 2764 divisa
692 2705 774 2766 est
814 2710 983 2766 :dum
1031 2711 1392 2791 unusquisque
1438 2711 1699 2766 suavitafe

138 2797 440 2851 recentioris
481 2797 792 2862 sententia,
841 2813 945 2851 non
996 2797 1273 2852 veritatem
1319 2798 1410 2853 sed
1457 2799 1697 2853 veritatis

139 2887 534 2945 similitudinem
566 2889 899 2959 praeferentis
937 2888 1180 2954 illectus,
1213 2891 1363 2958 121
1408 2889 1695 2957 antiquitus

1811 1706 2003 1766 tentia,
2047 1721 2147 1775 qua
2193 1707 2372 1760 omnia
2418 1706 2638 1774 implet,
2679 1705 2855 1760 Maria:
2897 1705 3124 1775 Virginis
3164 1716 3370 1760 uterum

1807 1798 2034 1867 impleas
2056 1839 2070 1861 ,
2102 1807 2260 1866 atque
2295 1813 2360 1852 ex
2390 1812 2468 1862 se,
2499 1797 2568 1851 ob
2596 1798 2820 1852 humana
2849 1799 3052 1867 piacula
3085 1799 3366 1867 expianda,

1803 1887 2034 1942 carnalis
2076 1887 2310 1942 materia:
2347 1887 2696 1942 substantiam
2727 1889 2842 1943 sine
2881 1893 2961 1943 sui
3009 1890 3372 1944 immutatione

1813 1978 2110 2047 suscipiens
2135 2021 2150 2047 ,
2197 1979 2476 2035 visibiliter
2515 1995 2637 2035 sese
2686 1981 2926 2035 humanis
2973 1983 3241 2036 obtutibus
3280 1982 3372 2035 dc-

1806 2072 2162 2139 monstravit,
2217 2071 2269 2127 el
2298 2073 2350 2128 in
2387 2088 2451 2128 eo
2483 2076 2597 2142 ipso
2633 2075 2852 2130 homine
2891 2091 3045 2145 quem
3085 2076 3370 2145 assumpsit

1807 2160 1971 2216 Filius
2013 2173 2376 2231 nuncupatur;
2427 2181 2546 2219 cum
2590 2181 2696 2220 non
2733 2167 2868 2221 alius
2896 2177 3050 2237 atque
3079 2169 3243 2230 alius.
3275 2170 3385 2222 sed'

1804 2253 1942 2307 idem
1974 2253 2133 2308 Pater
2177 2255 2514 2325 intelligatur.
2556 2256 2622 2310 Et
2651 2256 2751 2311 hac
2782 2257 2984 2312 ratione
3013 2274 3171 2311 unum
3204 2259 3371 2312 Deum

1801 2344 2044 2410 colimus,
2064 2359 2167 2400 non
2190 2346 2349 2400 alium
2376 2347 2458 2417 (ut
2477 2346 2608 2416 dixi)
2628 2356 2786 2417 atque
2806 2348 2966 2401 alium
2991 2349 3367 2417 intelligentes,

1802 2437 1894 2492 sed
1926 2437 2068 2492 hunc
2096 2437 2449 2506 eumdemque
2480 2454 2641 2492 unum
2672 2448 2722 2494 et
2752 2453 2934 2493 verum
2968 2440 3294 2508 profitentes.

1873 2526 1960 2580 ιν.
1992 2527 2235 2580 Photinus
2265 2529 2393 2580 dixit
2438 2546 2457 2582 :
2493 2528 2656 2597 lmpie
2689 2528 2952 2585 Sabellius
2985 2530 3255 2598 professus
3286 2542 3389 2584 est'

1803 2616 1968 2671 Deum
2012 2616 2222 2673 Patrem
2274 2633 2369 2686 per
2411 2619 2679 2688 Virginem
2728 2629 2904 2675 natum
2936 2661 2951 2686 ,
3002 2622 3181 2676 nescio
3225 2621 3381 2688 quod'

1798 2707 2154 2776 protensionis
2180 2708 2361 2762 vitium
2393 2717 2551 2762 tanta:
2593 2710 2838 2779 ingerens
2864 2710 3147 2778 maiestati,
3189 2720 3245 2764 ut
3273 2726 3365 2779 per

1798 2797 1849 2851 id
1877 2799 2014 2866 quod
2039 2807 2294 2852 extensus
2318 2808 2400 2853 est
2423 2802 2473 2853 in
2503 2801 2734 2870 Virgine,
2764 2801 2874 2870 ipse
2900 2805 2997 2857 sibi
3029 2803 3201 2866 Pater,
3229 2805 3373 2873 ipsc--

1797 2903 1901 2956 que
1930 2889 2001 2942 sit
2030 2887 2214 2955 Filius,
2247 2892 2384 2958 quod
2416 2892 2594 2945 nullus
2623 2891 3037 2946 Christianorum
3069 2895 3115 2948 ei
3145 2909 3364 2949 conces-

136 2992 162 3029 a
189 2979 419 3043 patribus
445 2979 694 3034 traditam
727 2979 922 3034 lineam
951 2979 1302 3046 derelinquit;
1343 2993 1406 3033 eo
1437 2979 1689 3033 irremea-
1717 2984 1761 3046 ο
1793 2981 1947 3034 serit.
1997 2980 2149 3035 Unde
2187 2981 2352 3049 magis
2393 2997 2494 3051 ego
2535 2983 2654 3036 dico
2705 2983 2867 3037 Deum
2919 2983 3125 3038 Patucm
3173 2986 3359 3040 Filium

139 3067 305 3124 biliter
331 3083 424 3137 per
457 3069 573 3123 avia
614 3071 895 3134 oberrans,
925 3083 1028 3137 quo
1053 3068 1290 3123 novitate
1314 3083 1412 3138 pro
1431 3077 1691 3123 vetustate

139 3161 305 3215 utitur
319 3170 569 3229 tanquam
601 3159 805 3230 antiqui
851 3144 1042 3214 limitis
1073 3166 1128 3213 et
1160 3174 1191 3213 a
1237 3161 1472 3228 patribus
1515 3159 1690 3214 traditi

138 3253 266 3304 viam
292 3251 566 3306 incedens.
611 3252 715 3304 Aut
767 3250 906 3305 enim
938 3251 1162 3304 multum
1202 3250 1380 3312 sentit,
1406 3260 1494 3304 aut
1517 3251 1691 3305 minus

138 3341 312 3409 credit,
339 3341 535 3396 et'ideo
557 3340 788 3394 medium
811 3349 865 3395 et
884 3340 1085 3409 regium
1111 3340 1214 3394 iter
1233 3339 1475 3393 incedere
1499 3340 1688 3393 nescit.

139 3429 252 3485 llaec
280 3432 476 3487 idcirco
506 3431 761 3501 praefatus
786 3445 906 3485 sum
931 3471 947 3496 ,
977 3438 1036 3485 ut
1067 3429 1155 3483 tibi
1184 3431 1477 3485 clarissima
1506 3431 1688 3498 explo-

140 3521 303 3576 raudze
331 3522 573 3577 veritatis
602 3521 796 3576 indicia
827 3521 1282 3582 demonstrarent;
1313 3529 1368 3572 ut
1401 3534 1687 3587 agnoscere

139 3611 372 3671 facillime
402 3628 566 3683 queas
625 3613 772 3666 illum
812 3612 1086 3680 pravitatis
1113 3626 1293 3664 errore
1323 3601 1540 3674 involvi,
1595 3610 1684 3677 qui

141 3703 298 3767 prisca
342 3704 647 3772 apostolicae
691 3701 814 3756 fidei
857 3701 1094 3756 instituta
1138 3701 1533 3767 derelinquens,
1570 3700 1683 3767 ipse

137 3790 226 3844 sbi
271 3806 366 3861 pro
402 3807 512 3846 suae
540 3791 826 3847 voluntatis
879 3789 1096 3844 arbitrio
1151 3789 1307 3844 fidem
1343 3804 1497 3858 quam
1536 3789 1682 3857 sequi

137 3879 315 3936 debeat
365 3879 617 3937 somniat.

199 3971 343 4025 Arius
373 3971 542 4025 dixit:
574 3969 784 4039 Optime
821 3969 1141 4040 Athanasius
1187 3984 1421 4025 errorem
1449 3968 1681 4037 perfidia:

137 4059 186 4112 in
212 4062 427 4131 adjectis
452 4070 508 4116 et
532 4076 702 4130 nuper
729 4061 957 4114 inventis
984 4075 1160 4115 rerum
1189 4061 1512 4116 novitatibus
1549 4075 1680 4116 con-

135 4152 309 4208 sistere
331 4153 630 4220 profitetur,
649 4153 944 4220 apostolico
965 4136 1016 4206 in
1040 4153 1140 4206 hoc
1166 4153 1335 4222 ipsum
1358 4163 1680 4225 congruente

138 4237 590 4309 testimonio,'quo
613 4241 684 4294 ait
712 4259 724 4292 :
757 4239 1014 4310 Profertur
1041 4249 1203 4294 autem
1228 4257 1402 4294 vocum
1439 4244 1679 4296 novitates

1794 3068 1991 3125 habere
2019 3070 2300 3125 Dominum
2329 3070 2508 3126 Jesum
2538 3071 2828 3136 Christum,
2859 3091 2922 3128 ex
2954 3074 3114 3128 Maria
3146 3076 3382 3145 Virgine-

1791 3161 1997 3236 initium
2041 3172 2380 3228 sumentem;
2425 3164 2513 3233 qui
2567 3179 2662 3232 per
2702 3175 2899 3218 sancta:
2941 3168 3356 3220 conversationis

1788 3243 2296 3309 excellentissimum
2329 3265 2486 3324 atque
2517 3257 2828 3311 iuimitabile
2871 3258 3208 3315 beatitudinis
3249 3279 3363 3316 mcv

1787 3346 1968 3411 ritum,
1997 3361 2026 3399 a
2056 3347 2163 3400 Deo
2186 3347 2340 3402 Patre
2364 3348 2415 3401 in
2441 3347 2629 3403 Filium
2661 3359 2741 3404 est
2763 3350 3059 3419 adoptatus,
3082 3365 3133 3406 ct
3159 3357 3296 3412 exim
3323 3371 3371 3407 ο.

1788 3437 2080 3491 divinitatis
2119 3439 2322 3492 honore
2364 3439 2606 3494 donatus.
2649 3442 2909 3496 Gtt-terum
2960 3444 3096 3498 Deus
3136 3448 3355 3499 inviola-

1787 3526 1908 3606 bilis
1939 3538 1992 3580 et
2021 3529 2343 3593 immensus,
2375 3545 2475 3584 nec
2503 3547 2566 3585 ex
2593 3545 2654 3585 se
2683 3531 2841 3585 alium
2870 3536 3043 3602 genuit
3063 3577 3077 3599 ,
3117 3552 3214 3591 nec
3241 3539 3351 3602 ipse

1788 3633 2018 3686 unquam
2048 3620 2257 3686 genitus
2290 3620 2405 3683 fuit,
2433 3629 2491 3673 ut
2522 3622 2710 3675 merito
2736 3632 2824 3676 aut
2854 3624 2920 3678 de
2946 3641 3001 3679 se
3033 3626 3219 3680 Filium
3256 3631 3349 3680 ha-

1786 3709 1932 3771 bere,
1956 3717 2046 3762 aut
2068 3709 2182 3778 ipse
2202 3709 2302 3762 sibi
2327 3708 2487 3763 Filius
2507 3724 2626 3765 esse
2645 3712 2911 3766 credatur.
2937 3714 3039 3770 Sed
3065 3726 3144 3770 est
3167 3719 3350 3771 unicus

1784 3806 1839 3852 et
1866 3799 2173 3866 singularis,
2202 3813 2302 3853 nec
2327 3801 2629 3868 generando
2657 3804 2884 3869 passioui
2925 3807 3214 3875 obnoxius,
3251 3824 3348 3862 nec

1783 3887 2018 3955 seipsum
2045 3890 2408 3958 protendcndo
2430 3893 2746 3957 cumulatus,
2768 3895 2864 3947 uec
2887 3909 3032 3948 suam
3061 3897 3109 3949 in
3137 3898 3351 3967 Virgine.

1785 3978 2079 4045 pnrtionem
2108 3978 2427 4042 derivando,
2465 3979 2712 4034 divisioni
2741 3982 3026 4048 subjectus.

1853 4066 2003 4120 Arius
2035 4067 2203 4139 dixit;
2229 4068 2338 4137 Ego
2364 4069 2502 4122 enim
2527 4061 2786 4124 confiteor
2819 4073 3108 4141 ingenitum
3137 4076 3341 4132 Patrem

1782 4168 1904 4211 ante
1953 4149 2126 4211 omnia
2174 4167 2413 4226 tempora
2456 4161 2790 4216 ineffabiliter
2836 4165 3023 4218 Filium
3074 4170 3337 4236 genuisse,

1781 4263 1876 4313 per
1901 4263 2056 4316 quem
2094 4257 2148 4302 et
2177 4249 2228 4303 in
2261 4265 2367 4318 quo
2396 4252 2634 4305 visibiles
2666 4263 2932 4308 creaturas
2969 4265 3124 4325 atque
3164 4261 3343 4314 invisi-

136 4331 285 4383 ἀρείω
316 4328 370 4401 (1
401 4329 532 4385 Tim.
563 4346 645 4396 vt,
675 4329 792 4404 20).
839 4330 988 4385 Unde
1028 4331 1247 4386 obsecro
1290 4343 1346 4385 ut
1374 4333 1438 4384 ab
1466 4331 1564 4385 hoc
1599 4334 1676 4385 in-
1703 4340 1752 4400 D
1779 4338 1914 4393 biles
1953 4339 2076 4392 fecit
2111 4358 2123 4392 :
2164 4340 2250 4408 qtti
2291 4341 2600 4396 novissimis
2640 4347 2961 4412 temporibus
3002 4359 3212 4416 propter
3243 4353 3340 4406 Int-

135 4421 422 4487 quisitionis
469 4423 679 4476 tramite
720 4436 828 4475 non
873 4422 1121 4487 recedas,
1169 4422 1470 4491 diligentius
1519 4431 1677 4492 atque

136 4513 368 4568 attentius
415 4512 781 4580 investigando
833 4514 950 4582 quis
1008 4527 1170 4574 novo,
1216 4515 1396 4581 quisve
1459 4515 1676 4584 antiquo

136 4601 283 4656 utitur
304 4601 425 4656 fidei
457 4602 762 4656 testimonio
785 4601 878 4672 (al.
911 4601 1031 4656 fidei
1061 4608 1437 4671 sacramento).

196 4691 388 4747 Probus
424 4693 583 4762 iudex
610 4694 737 4746 dixit
764 4710 781 4745 :
814 4692 882 4747 Ut
911 4693 1023 4747 lucc
1050 4707 1166 4762 qua
1195 4695 1386 4750 asseris
1431 4683 1673 4748 facillime

136 4779 472 4849 innotescant,
503 4791 558 4838 et
587 4783 652 4836 ad
678 4782 849 4836 lucem
877 4782 1115 4838 veritatis
1163 4794 1362 4837 remota
1388 4785 1529 4838 omni
1562 4799 1674 4836 am~

137 4869 387 4939 biguitatis
431 4872 656 4941 caligine
705 4873 953 4937 veniant,
1003 4874 1228 4942 antiqum
1280 4874 1396 4927 ﬁdei
1443 4874 1672 4943 regulam

135 4961 348 5027 pandite,
378 4973 429 5017 et
454 4964 523 5017 ita
557 4971 616 5016 ut
636 4973 716 5017 est
740 4965 808 5016 ab
836 4963 1089 5032 apostolis
1142 4963 1329 5017 tradita
1362 4967 1554 5019 nostris
1580 4980 1673 5018 au-

137 5055 260 5110 ribus
285 5059 542 5113 intimate.
1086 5124 1091 5129 1

195 5142 269 5198 lll.
313 5148 497 5199 Omnes
535 5147 771 5200 dixerunt
803 5165 820 5200 :
848 5147 1124 5203 Credimus
1165 5148 1214 5200 in
1253 5148 1416 5201 Deum
1463 5148 1669 5202 Patrem

137 5235 526 5300 omnipotentem
553 5279 567 5303 ,
599 5245 653 5289 et
698 5237 750 5290 in
794 5237 973 5292 Jesum
1003 5237 1268 5294 Christum
1324 5237 1511 5290 Filium
1559 5238 1672 5305 ejus
1727 5251 1730 5253 ’

139 5318 394 5379 Dominum
423 5337 683 5391 nostrum,
708 5336 760 5381 et
789 5329 837 5381 in
869 5327 1122 5396 Spiritum
1152 5338 1411 5382 sanctum.
1444 5328 1565 5382 Haec
1593 5340 1673 5382 est

139 5411 242 5467 fidei
271 5425 464 5472 nostra:
494 5419 673 5486 regula
694 5463 706 5484 ,
738 5435 890 5488 quam
922 5418 1124 5473 cmlesti
1157 5420 1456 5488 mag?sterio
1489 5421 1664 5473 Domi-

139 5512 222 5554 nus
249 5507 451 5562 tradidit
493 5510 785 5577 apostolis,
822 5510 1004 5566 dicens
1032 5525 1044 5561 :
1078 5507 1190 5576 Ite,
1225 5509 1470 5578 baptizate
1505 5527 1671 5566 omnes

1783 4429 1924 4480 mani
1956 4427 2165 4496 generis
2195 4429 2417 4483 salutem
2454 4447 2483 4484 a
2524 4433 2678 4487 Patre
2709 4437 2926 4499 missus,
2961 4454 3139 4493 verum
3175 4443 3341 4496 homi-

1748 4572 1752 4576 _
1781 4532 1900 4570 nem
1930 4510 2160 4586 gestavit
2189 4519 2240 4571 in
2270 4520 2494 4586 mundo,
2527 4537 2683 4588 quem
2723 4526 3096 4581 inviolabiliter
3132 4531 3197 4584 de
3230 4533 3345 4585 Vir-

1778 4609 1898 4678 gine
1921 4609 2079 4663 Maria
2106 4611 2220 4665 sine
2246 4611 2459 4665 humani
2485 4614 2699 4680 pudoris
2724 4621 3070 4684 permixtione
3092 4625 3339 4690 suscepit.

1777 4701 1875 4764 Qui
1915 4715 2033 4754 cum
2080 4703 2149 4756 sit
2190 4712 2447 4758 creatura:
2486 4721 2595 4760 sua:
2625 4708 2763 4762 Deus
2802 4720 2852 4763 et
2899 4712 3188 4776 Dominus,
3236 4732 3356 4770 norb

1778 4798 1951 4844 tamen
1984 4799 2155 4857 potest
2181 4793 2406 4860 genitori
2434 4809 2531 4848 suo
2556 4840 2569 4863 ,
2611 4807 2701 4851 aut
2740 4800 2786 4850 in
2815 4803 3058 4854 omnibus
3089 4806 3340 4868 conferri,

1777 4889 1867 4931 aut
1896 4881 1944 4932 in
1974 4883 2150 4949 aliquo
2181 4883 2463 4951 coaequari,
2494 4901 2647 4954 quem
2681 4897 2732 4940 et
2765 4890 2923 4942 Deum
2956 4905 3126 4956 suum,
3152 4904 3204 4946 et
3234 4910 3358 4948 suar

1780 4973 1999 5042 originis
2023 4975 2301 5041 profitetur
2322 4987 2609 5032 auctorem.
2636 4980 2740 5034 Nec
2769 4991 2940 5034 tamen
2973 4983 3090 5036 ideo
3113 4986 3217 5038 duo
3243 4989 3340 5050 dii,

1779 5065 1900 5130 quia
1929 5072 1983 5116 et
2006 5064 2090 5117 hic
2108 5065 2268 5128 Deus;
2303 5081 2400 5119 nec
2429 5067 2546 5120 ideo
2569 5084 2671 5121 non
2702 5071 2854 5134 Deus,
2879 5073 2999 5138 quia
3020 5075 3161 5126 solus
3189 5075 3342 5130 Pater

1776 5153 1932 5208 Deus.
1985 5156 2129 5210 Sicut
2160 5171 2262 5212 non
2296 5159 2416 5212 ideo
2449 5175 2554 5212 non
2604 5161 2776 5214 bonus
2801 5202 2814 5228 ,
2845 5164 2963 5232 quia
3010 5165 3153 5217 solus
3185 5165 3355 5221 Pater-

1775 5245 1971 5308 bonus;
2005 5263 2120 5301 cum
2148 5247 2215 5301 sit
2241 5258 2294 5302 et
2331 5251 2482 5320 123
2513 5252 2676 5305 Filius
2707 5270 2807 5306 non
2835 5257 3000 5307 solum
3032 5257 3219 5320 bonus,
3246 5259 3372 5313 sed'

1771 5345 1822 5388 et
1854 5337 2110 5389 bonorum
2143 5348 2381 5393 creator.
2410 5341 2476 5392 Et
2511 5342 2645 5395 sicut
2671 5345 2716 5396 ei
2745 5360 2845 5396 non
2874 5345 3119 5398 adimitur
3150 5356 3205 5400 ut
3235 5364 3338 5402 non

1775 5427 1942 5479 bonus
1965 5429 2047 5493 sit,
2075 5443 2192 5482 eum
2229 5432 2375 5484 solus
2408 5431 2564 5486 Pater
2590 5435 2752 5500 ipsius
2784 5435 2898 5487 Filii
2925 5436 3247 5505 professione
3274 5441 3338 5492 sit

1775 5517 1974 5583 bonus;
2025 5520 2097 5574 sic
2130 5521 2177 5575 ei
2210 5537 2311 5576 non
2363 5521 2596 5579 aufertur
2627 5541 2692 5580 ne
2725 5525 2860 5580 Deus
2907 5528 2991 5592 sil,
3043 5542 3163 5580 cum
3195 5531 3337 5583 Soles
