3842 6226
536 288 635 339 185

1820 282 2040 337 VlGllJl
2079 281 2446 337 TM’SEKSiS

3684 283 3778 335 {Si

490 384 491 387 “
531 395 695 448 l’atcr
710 396 778 449 sit
808 396 963 449 Deus.
1008 394 1071 448 Et
1096 394 1230 449 sicut
1255 395 1462 449 bonitas
1494 394 1612 449 Filii
1643 409 1745 449 non
1775 393 2059 463 praeiudico

2190 412 2449 479 prolatos,
2478 410 2563 478 qui
2599 426 2700 463 non
2731 411 2941 480 proprie
2971 411 3111 480 Deo,
3141 411 3232 466 sed
3260 414 3502 478 personis
3540 424 3603 467 ct
3638 426 3776 469 tem-

529 483 875 551 singularitati
916 491 1141 551 paterna:
1185 482 1464 546 bonitatis;
1504 484 1581 538 sic
1614 483 1783 537 deitas
1824 482 1937 549 ejus
1977 498 2080 533 non

528 574 693 628 ofﬁcit
725 574 881 640 Patri,
908 588 973 628 ne
994 575 1177 627 unicus
1206 588 1267 628 ac
1292 574 1572 644 singularis
1599 576 1666 629 sit
1693 573 1850 627 Deus.
1891 573 1953 625 Et
1983 572 2081 626 hoc

529 664 687 716 modo
714 677 874 715 unum
900 662 1203 730 proﬁtemur
1232 663 1416 727 Deum,
1445 679 1548 719 non
1580 661 1818 731 negando
1848 661 1927 731 (ut
1950 661 2080 730 disi)

527 752 711 805 l’ilnnn
747 751 930 816 Deum,
960 753 1051 806 sed
1082 767 1244 822 penes
1271 755 1441 808 solum
1468 755 1672 808 Patrem
1703 752 1861 805 unius
1887 751 2079 805 divini-

526 841 645 892 Iulis
671 840 1034 894 auctoritatem
1063 843 1465 896 constituentes.

596 930 656 983 V.
704 930 1005 984 Athanasius
1045 932 1172 984 dixit
1215 947 1235 985 :
1278 934 1414 987 Bene
1452 933 1657 986 Patrem
1698 947 1765 995 ex,
1798 946 1858 986 se
1889 930 2077 984 Filium

520 1018 851 1074 ineffabiliter
880 1030 1002 1075 ante
1032 1023 1205 1074 omnia
1252 1032 1482 1090 tempora
1519 1023 1765 1088 genuisse
1797 1022 1952 1074 Arius
1982 1035 2077 1075 sua

523 1109 850 1175 professione
879 1110 1151 1175 deﬁnivit;
1197 1111 1289 1165 sed
1322 1123 1491 1164 utrum
1526 1110 1713 1165 Filium
1746 1126 1808 1164 ex
1841 1114 1949 1179 ipsa
1980 1110 2076 1163 Pa-

523 1213 569 1254 tr
590 1216 616 1254 s
651 1204 880 1256 essentia
927 1202 1040 1280 vel,
1068 1214 1254 1255 natura
1278 1243 1292 1267 ,
1325 1218 1389 1255 an
1417 1204 1635 1257 aliunde
1661 1203 1892 1273 genitum
1949 1204 2078 1256 velit

519 1306 775 1357 asserere,
807 1292 905 1347 hac
934 1294 1139 1346 interim
1167 1307 1257 1345 sua
1290 1295 1660 1361 prosecutione
1691 1295 1918 1349 reticuit.
1966 1294 2074 1362 Ego

517 1384 657 1435 enim
692 1385 918 1445 Patrem,
940 1392 993 1435 et
1024 1384 1233 1450 Filium,
1267 1393 1322 1438 et
1348 1384 1602 1452 Spiritum
1653 1397 1892 1438 sanctum
1917 1384 2075 1438 unius

516 1474 821 1527 substantia:
845 1514 860 1539 ,
906 1476 1166 1542 uniusque
1207 1484 1405 1529 natura:
1435 1490 1552 1530 esse
1582 1476 1840 1530 conﬁteor
1870 1492 1883 1527 :
1918 1476 1986 1529 ita
2017 1483 2075 1529 ut

516 1578 619 1617 non
648 1579 714 1618 ex
744 1563 929 1629 nihilo,
964 1579 1134 1631 neque
1162 1582 1226 1619 ex
1256 1565 1452 1634 aliquo,
1485 1565 1577 1620 Sed
1608 1564 1676 1620 de
1702 1564 1854 1619 Patre
1883 1564 2072 1618 Filium

427 1686 439 1697 ι
514 1655 744 1722 genitum
770 1695 785 1719 ,
826 1667 878 1711 et
919 1657 986 1711 de
1031 1657 1186 1713 Patre
1228 1657 1479 1727 Spiritum
1524 1658 1735 1713 credam
1786 1658 2073 1727 procedere

2188 502 2407 570 poribus
2434 502 2516 555 vel
2547 502 2942 570 quibuscunque
2972 518 3148 557 rerum
3179 504 3462 572 generibus
3488 515 3777 571 coaptan-

2187 602 2289 647 tur.
2334 593 2386 646 ld
2415 603 2517 657 est,
2551 607 2668 646 cum
2707 608 2764 646 se
2793 595 2998 649 nescire
3023 596 3172 660 dicit,
3205 596 3288 649 vel
3318 610 3436 649 cum
3465 610 3533 649 se
3569 595 3773 648 iterum

2184 684 2496 751 cognovisse
2540 681 2728 737 fatetur
2757 724 2771 747 ,
2816 691 2908 736 aut
2946 698 3066 737 cum
3098 700 3275 738 rerum
3314 698 3343 737 a
3394 699 3452 738 se
3490 684 3773 736 factarum

2185 773 2566 841 paenitudinem
2591 773 2746 842 gerit,
2770 783 2823 826 et
2844 789 2981 827 nunc
3003 789 3060 828 se
3084 776 3297 839 iratum,
3321 791 3459 830 nunc
3484 776 3771 844 placatum

2182 863 2432 915 Ostendit.
2462 863 2589 929 Quae
2614 863 2789 915 omnia
2819 864 2861 915 si
2892 865 3178 917 secundum
3208 866 3493 937 essentiam
3530 866 3772 919 velimus

2181 953 2421 1021 accipere
2443 993 2457 1016 ,
2490 952 2791 1021 passibilem
2823 955 2937 1007 sine
2964 953 3125 1007 dubio
3150 965 3202 1008 et
3233 955 3598 1023 improvidam
3631 955 3769 1007 divi-

2181 1057 2299 1095 nam
2327 1042 2694 1107 proﬁtebimur
2719 1058 2839 1097 esse
2857 1054 3120 1108 naturam,
3151 1044 3201 1096 in
3221 1060 3321 1112 qua
3345 1056 3433 1099 aut
3459 1045 3765 1115 ignoratio,

2177 1140 2268 1186 aut
2296 1147 2357 1186 ex
2392 1140 2627 1200 tempore
2656 1144 2769 1187 orta
2798 1133 3029 1201 cognitio
3057 1133 3212 1186 cadat
3242 1150 3257 1197 ;
3301 1149 3457 1201 quam
3489 1145 3547 1187 et
3585 1134 3765 1187 tristia

2179 1220 2481 1289 paenitendo
2506 1221 2788 1275 conﬁciant
2810 1260 2825 1285 ,
2875 1231 2928 1276 et
2967 1223 3084 1276 laata
3112 1221 3397 1289 sublevent
3425 1222 3762 1293 vegetando.

2176 1309 2325 1375 Quod
2356 1310 2479 1378 quid
2507 1312 2643 1367 aliud
2666 1313 2788 1375 erit,
2822 1312 2920 1366 nisi
2946 1311 3216 1366 mutabilia
3246 1315 3470 1381 perpeti,
3494 1324 3556 1368 et
3586 1315 3762 1367 insta-

2176 1402 2266 1456 bili
2309 1402 2599 1457 mobilitate
2643 1402 2745 1456 huc
2782 1384 3337 1469 illucque'difﬁuere?
3378 1402 3542 1458 .Unde
3586 1405 3762 1456 mani-

2176 1493 2461 1549 festissime
2482 1496 2859 1564 comprobatur
2880 1511 2985 1549 non
3010 1495 3186 1551 omnia
3217 1495 3283 1549 de
3306 1494 3416 1549 Deo
3454 1493 3761 1548 secundum

2146 1583 2521 1638 .subsmntiam
2546 1586 2658 1643 .dici
2687 1584 2903 1649 debere,
2936 1584 3028 1638 sed
3056 1584 3323 1653 aliquanta
3360 1583 3758 1650 dispensationi

2175 1672 2544 1741 respondentia
2569 1714 2584 1739 ,
2636 1688 2741 1727 non
2791 1682 2994 1727 naturas
3040 1673 3159 1743 ejus
3196 1672 3577 1753 convenientia
3610 1681 3760 1725 certo

513 1754 775 1800 sanctum.
804 1746 869 1800 Et
891 1746 1010 1801 licet
1035 1757 1143 1803 tres
1174 1750 1224 1802 in
1256 1763 1350 1802 sua
1379 1749 1701 1817 proprietate
1728 1750 2073 1804 subsistentes
2105 1746 2147 1805 Β
2177 1764 2369 1816 cel-lius
2400 1764 2659 1832 μιμῇιειρί,

514 1836 765 1901 proﬁtear
811 1851 931 1891 esse
963 1854 1217 1906 personas
1240 1879 1256 1904 ,
1307 1841 1491 1919 horum
1526 1849 1699 1893 tamen
1732 1854 1833 1894 una
1865 1852 2070 1908 natura,

514 1926 1003 2001 unaqueqdivinitas
1028 1931 1419 1999 comprobatur.

584 2013 782 2069 Probus
798 2017 962 2087 judex
986 2020 1112 2072 dixit
1136 2036 1154 2072 :
1181 2020 1492 2089 Quanquam
1524 2020 1635 2074 haec
1667 2021 1810 2074 varia
1838 2031 1891 2074 et
1919 2020 2074 2090 longe

511 2103 780 2160 dissimilis
798 2109 1178 2163 sententiarum
1198 2118 1489 2165 vestrarum
1523 2111 1800 2165 diversitas
1831 2126 2069 2181 magnam

511 2195 832 2249 confusionis
861 2199 1136 2267 caliginem
1168 2201 1362 2255 nostris
1394 2201 1656 2255 mentibus
1696 2202 1951 2267 incutiat,
1995 2210 2071 2256 ta-

510 2302 633 2339 men
680 2295 736 2340 ut
780 2289 886 2341 cito
915 2287 998 2343 bis
1028 2290 1336 2359 ambagibus
1365 2305 1619 2361 exuamgur
1645 2335 1659 2357 ,
1690 2303 1743 2345 et
1772 2300 1828 2345 ut
1858 2307 1974 2361 quae
2002 2291 2072 2346 sit

510 2392 652 2430 verae
700 2378 823 2453 ﬁdei
864 2379 1160 2447 professio,
1200 2396 1585 2452 cognoscamus
1638 2382 1924 2451 dignemini
1964 2384 2072 2437 evi-
2106 2392 2107 2395 ‘

510 2469 840 2524 dentioribus
869 2470 1060 2525 divinat
1114 2471 1401 2541 Scripturte
1445 2474 1787 2537 testimoniis,
1820 2464 2071 2546 assertio-

512 2575 635 2612 num
680 2571 972 2615 vestrarum
1004 2563 1292 2616 sententias
1333 2565 1679 2617 communire.
1730 2565 1795 2618 Et
1822 2580 1887 2618 ne
1916 2566 2071 2633 longo

510 2651 764 2704 orationis
790 2651 989 2705 ambitu
1021 2652 1186 2720 ipsius
1216 2653 1487 2717 permixtas
1516 2654 1887 2721 disputationis
1916 2653 2071 2707 δισυ-

511 2739 659 2791 sione
719 2740 899 2807 procul
955 2740 1289 2809 evagemini,
1342 2741 1647 2810 singillatim
1712 2742 2069 2812 unusquisque

511 2838 746 2881 vestrum
788 2828 1043 2884 adversus
1090 2838 1312 2885 caeteros
1357 2831 1572 2887 dimicet
1612 2850 1626 2887 :
1667 2833 1736 2887 ita
1783 2841 1840 2887 ut
1883 2847 2068 2889 omnes

511 2927 690 2969 contra
713 2915 891 2970 'uuum
921 2918 1271 2987 quaestionum
1295 2936 1438 2974 arma
1460 2932 1749 2989 sumentes,
1774 2925 1828 2978 in
1852 2925 1931 2978 his
1953 2940 2067 2994 qua:

510 3006 662 3059 vobis
706 3021 825 3061 esse
867 3010 1164 3062 communia
1211 3012 1415 3076 nostis,
1453 3022 1635 3067 contra
1664 3014 2063 3070 dissentientem

2245 1852 2442 1908 Probus
2471 1855 2637 1927 judra:
2672 1855 2800 1909 dixit
2842 1870 2861 1909 :
2900 1854 3045 1909 Licet
3086 1853 3410 1908 sufﬁcienter
3448 1862 3501 1909 et
3541 1852 3755 1907 doctius

2174 1945 2423 1999 laudabili
2471 1948 2731 2000 brevitate
2774 1945 3148 2013 responderis,
3186 1959 3290 1998 non
3330 1945 3506 1998 omnia
3541 1944 3616 1997 de
3649 1942 3752 1996 Deo

2171 2037 2459 2087 secundum
2491 2035 2837 2088 substantiam
2867 2034 2991 2098 dici,
3024 2034 3178 2087 latius
3209 2040 3386 2086 tamen
3416 2033 3531 2086 haec
3565 2032 3753 2084 audire

2170 2127 2266 2180 abs
2298 2134 2347 2180 te
2375 2125 2620 2181 desidero
2641 2169 2657 2192 ,
2686 2142 2806 2181 cum
2854 2127 2928 2180 tui
2978 2126 3079 2180 loci
3125 2125 3503 2194 disputationis
3539 2135 3748 2193 tempus

2173 2214 2415 2268 adfuerit.
2446 2215 2597 2270 Nunc
2629 2216 2836 2270 interim
2868 2216 2886 2287 (
2917 2226 2972 2270 ut
2994 2226 3118 2271 ante
3140 2216 3276 2271 fatus
3298 2214 3447 2287 sum)
3480 2216 3748 2272 Sabellius

2172 2313 2230 2358 ut
2256 2313 2520 2374 coeperat,
2549 2314 2915 2375 proseQuatur.

2243 2396 2352 2449 Vll.
2398 2396 2649 2450 Sabellius
2680 2396 2807 2449 dixit
2845 2412 2864 2449 :
2906 2395 3052 2450 Fidei
3102 2403 3301 2450 nostra
3343 2391 3613 2464 professio
3638 2434 3654 2458 ,
3694 2405 3746 2447 ut

2171 2487 2414 2551 superius
2448 2488 2602 2558 125
2628 2488 2763 2552 dixi,
2807 2487 2948 2541 hunc
2982 2486 3334 2556 eumdemque
3361 2496 3417 2541 et
3446 2486 3664 2539 Patrem
3697 2494 3746 2539 et

2172 2572 2360 2628 Filium
2393 2577 2641 2643 pratdicat
2673 2576 2873 2641 Deum;
2916 2591 2982 2630 ne
3007 2576 3189 2645 gentili
3215 2591 3401 2630 errore
3436 2575 3576 2629 duos
3618 2574 3743 2628 deos

2169 2680 2412 2720 asserere
2440 2666 2848 2733 convincamur,
2889 2666 2933 2719 si
2973 2667 3107 2723 alius
3138 2666 3320 2731 Pater,
3359 2665 3497 2719 alius
3528 2680 3559 2718 a
3593 2662 3743 2717 nobis

2171 2755 2334 2809 Filius
2366 2756 2702 2824 prtedicetur.
2751 2755 2900 2810 Unde
2939 2769 3004 2810 ex
3037 2756 3117 2808 his
3147 2756 3274 2824 ipsis
3301 2771 3419 2825 qua:
3448 2769 3475 2807 a
3508 2769 3618 2809 non
3662 2752 3737 2805 in-

2172 2846 2528 2915 telligentibus
2543 2846 2627 2899 vel
2650 2846 2822 2898 minus
2834 2845 3185 2899 sentientibus
3199 2844 3420 2899 adversa
3443 2845 3603 2898 nobis
3623 2857 3738 2897 esse

2171 2944 2440 3004 putantur,
2463 2934 2794 3003 apertissime
2815 2935 3187 2989 demonstrabo
3214 2937 3405 2988 summi
3428 2948 3588 3004 atque
3627 2948 3736 2987 orn-

2169 3029 2455 3094 nipotentis
2495 3026 2587 3081 Dei
2618 3041 2777 3080 unam
2818 3040 2939 3081 esse
2965 3041 3266 3095 personam.
3290 3026 3421 3081 Nam
3442 3025 3571 3098 quid
3598 3025 3733 3081 aliud

508 3094 658 3147 vobis
702 3094 927 3189 Ῐηνίςθξη
975 3099 1352 3189 ξιιίῖτδὲθωίηίο
1408 3102 1611 3169 Ροιτσν
1667 3104 1711 3157 εί
1763 3105 1885 3159 ﬁdei
1934 3106 2062 3160 ηίΙιίῙ
2092 3087 2136 3148 C
2166 3090 2415 3171 estPater
2434 3117 2807 3171 irtmemanens
2829 3120 2953 3187 facit
2972 3134 3133 3189 apere
3166 3116 3345 3187 (Joan.
3371 3135 3475 3183 xiv,
3501 3118 3612 3189 το).
3632 3118 3730 3172 nisi

507 3197 787 3239 commune
819 3186 1023 3240 habetis
1047 3227 1061 3251 ,
1093 3192 1204 3242 suis
1238 3194 1597 3262 unusquisque
1637 3196 1832 3250 nitatur
1862 3196 2065 3264 profes-

506 3273 762 3340 sionibus,
809 3284 865 3330 ut
890 3275 1041 3331 facile
1067 3278 1321 3333 clarescat
1363 3291 1537 3337 utrum
1566 3285 1617 3337 in
1640 3284 1723 3338 his
1744 3301 1859 3355 qute
1882 3288 1933 3341 in
1956 3290 2063 3343 alio

504 3364 722 3419 damnat
776 3368 887 3434 ipse
917 3371 1124 3437 penitus
1151 3386 1254 3423 non
1286 3371 1562 3442 impingat.
1596 3374 1650 3429 Si
1680 3376 1849 3444 placet
1881 3378 2058 3449 igitur,

502 3469 623 3506 cum
656 3455 886 3511 Sabellio
915 3458 1042 3513 inite
1065 3459 1390 3528 conﬂictum,
1412 3472 1465 3517 et
1494 3464 1582 3519 ille
1609 3477 1790 3521 contra
1820 3482 1912 3522 vos
1936 3483 2061 3526 suas

501 3542 734 3599 vindicet
780 3555 999 3613 partes:
1034 3548 1104 3602 ita
1130 3559 1187 3603 ut
1215 3550 1260 3603 si
1301 3554 1422 3606 eum
1465 3567 1720 3623 superare
1764 3558 2056 3626 quiveritis,

500 3634 673 3690 victus
702 3637 973 3692 abscedat.
1004 3638 1128 3694 Post
1157 3657 1309 3709 quem
1350 3642 1608 3698 Photinus
1636 3659 1754 3701 sese
1783 3651 2058 3703 certamini

499 3726 628 3780 dare
673 3727 892 3783 debebit
919 3770 934 3795 ,
975 3740 1028 3785 et
1074 3746 1221 3787 suam
1270 3735 1515 3795 veridicis
1560 3739 1693 3791 tueri
1745 3739 2057 3793 testimoniis

500 3816 681 3874 ﬁdem.
702 3818 899 3874 Contra
919 3836 1096 3890 quem,
1130 3823 1282 3895 124.
1303 3840 1489 3881 omnes
1509 3826 1862 3882 eonﬁictionis
1887 3824 2053 3883 aciem

498 3906 786 3964 obﬁrmare
807 3910 1045 3979 debetis;
1092 3923 1146 3967 ut
1191 3915 1233 3968 si
1273 3924 1327 3971 et
1369 3915 1453 3970 hic
1492 3919 1712 3987 cesserit
1750 3929 2051 3987 superatus,

496 3999 862 4068 disputationis
893 4003 1066 4058 locum
1094 4006 1298 4060 caeteris
1332 3990 1675 4076 sequentibus
1700 4007 2049 4076 derelinquat.

494 4088 563 4142 Et
600 4089 902 4167 hocrmodo
941 4094 1171 4148 arbitror
1212 4082 1309 4149 nos
1352 4096 1418 4150 ad
1464 4096 1764 4167 indaginem
1814 4099 2051 4154 veritatis

494 4192 652 4247 posse
688 4166 1001 4248 quantocius
1047 4184 1344 4252 pervenire.
1394 4166 1736 4244 Permittatur
1765 4190 1960 4258 itaque,
1990 4198 2051 4243 ut

493 4273 641 4335 dixi,
689 4273 950 4331 Sabellius
989 4289 1138 4331 suam
1187 4276 1707 4351 ﬁdem‘documentis
1744 4282 2049 4337 caelestibus

490 4363 803 4431 approbare.
1434 4415 1437 4423 .

564 4454 645 4507 Vl.
689 4455 943 4509 Sabellius
985 4455 1111 4507 dixit
1150 4471 1169 4509 :
1208 4455 1465 4521 Quoniam
1513 4474 1597 4513 me
1642 4474 1760 4514 cum
1805 4462 2049 4516 omnibus

488 4544 737 4610 congredi
786 4546 1119 4612 prmccpisti,
1172 4547 1531 4614 respondeant
1580 4557 1753 4603 tttrum
1793 4550 2047 4618 simplicis

487 4645 691 4687 natura:
731 4635 891 4689 Deum
922 4649 1039 4689 esse
1064 4633 1349 4689 fateantur.
1436 4696 1445 4703 _

554 4725 708 4777 Arius
734 4725 861 4777 dixit
891 4724 1059 4790 :Quis
1091 4725 1187 4778 hoc
1212 4725 1404 4794 impius
1433 4729 1740 4797 negaverit?

554 4814 807 4868 Sabellius
851 4816 979 4868 dixit
1011 4830 1027 4867 :
1062 4815 1437 4883 Respondcant
1469 4820 1626 4872 etiam
1662 4828 1834 4872 utrum
1867 4822 2044 4874 omnia

484 4922 600 4975 quae
638 4906 703 4961 de
733 4906 841 4962 Deo
888 4908 1134 4962 dicuntur
1182 4908 1474 4963 secundum
1513 4911 1865 4965 substantiam
1906 4914 2047 4967 acci-

481 4997 671 5065 pienda
703 4998 830 5050 sint.

547 5089 700 5140 Arius
713 5087 872 5139 dixit:
893 5086 1202 5142 lsta’nostrte
1217 5087 1332 5144 ﬁdei
1352 5090 1561 5158 propria
1581 5104 1702 5144 esse
1727 5097 2041 5144 noscuntur.

550 5180 799 5234 Photinus
821 5181 948 5233 dixit
976 5196 993 5233 :
1021 5182 1294 5236 Assentior
1320 5188 1505 5235 cuncta
1531 5182 1597 5235 de
1622 5182 1728 5236 Deo
1750 5182 2038 5235 secundum

478 5273 821 5327 substantiam
859 5271 980 5325 dici.
1966 5272 1975 5285 ’

515 5431 519 5434 _
548 5364 851 5416 Athanasius
874 5364 1001 5416 dixit
1025 5379 1041 5417 :
1069 5363 1181 5418 Non
1205 5375 1402 5420 temere
1424 5365 1867 5435 pronuntiaverim
1916 5366 2033 5421 uni-

478 5468 629 5506 versa
658 5471 775 5521 qua!
801 5455 867 5509 de
912 5456 1021 5510 Deo
1064 5457 1308 5513 dicuntur
1353 5460 1641 5514 secundum
1681 5462 2030 5517 substantiam

479 5544 671 5597 debere
700 5547 862 5613 accipi
882 5586 898 5612 ,
928 5558 1142 5615 propter
1167 5550 1448 5604 nonnullos
1479 5553 1730 5607 relatives
1761 5555 2031 5608 nominum

482 5648 655 5700 casus,
672 5634 958 5691 secundum
980 5638 1225 5693 usitatum
1252 5640 1464 5697 humani
1488 5646 1743 5698 setmonis
1766 5644 2032 5714 eloquium

2166 3208 2278 3278 Ego
2313 3209 2364 3262 in
2396 3224 2480 3265 me
2506 3224 2727 3264 manens
2750 3209 2886 3263 facio
2912 3210 3107 3285 Opera?
3132 3220 3184 3264 et
3215 3210 3315 3275 Qui
3334 3226 3413 3263 me
3434 3212 3586 3274 ridet,
3608 3212 3731 3263 videt

2164 3308 2209 3352 et
2240 3298 2444 3352 Patrem
2471 3298 2645 3370 (Joan.
2675 3313 2788 3365 xxv,
2819 3298 2908 3369 9),
2928 3299 2978 3353 id
3010 3311 3112 3363 est,
3144 3300 3257 3369 Ego
3291 3316 3408 3355 sum
3432 3302 3553 3369 ipse
3578 3301 3727 3355 Pater

2161 3388 2248 3459 qui
2274 3388 2467 3453 Filius;
2498 3399 2555 3444 ut
2584 3404 2677 3457 per
2701 3404 2859 3443 unam
2900 3390 3188 3449 divinitatis
3228 3390 3723 3462 contemplationem

2161 3495 2317 3535 uuam
2350 3481 2611 3549 intelligas
2636 3494 2755 3535 esse
2782 3486 3064 3547 personam
3083 3482 3104 3533 ‘i
3125 3481 3227 3535 Sed
3257 3491 3313 3536 et
3337 3485 3477 3549 quod
3502 3485 3596 3549 sit,
3620 3480 3724 3551 Ego

2158 3570 2213 3623 in
2262 3569 2425 3645 Patre
2478 3584 2527 3623 et
2590 3568 2745 3623 Pater
2791 3570 2845 3623 in
2886 3586 3007 3637 me;
3098 3572 3182 3626 vel
3248 3572 3392 3642 quod
3442 3572 3606 3627 lsaias
3660 3571 3722 3626 ad

2159 3659 2408 3713 eumdem
2446 3658 2697 3728 loquitur,
2751 3660 2936 3715 dicens
2960 3703 2975 3728 ,
3027 3660 3093 3715 Ia
3138 3672 3185 3715 te
3225 3672 3297 3716 est
3333 3662 3463 3719 Deus
3486 3707 3501 3729 ,
3550 3673 3597 3725 et
3630 3678 3721 3715 non

2157 3758 2229 3803 est
2275 3748 2413 3803 Deus
2467 3736 2645 3818 praeter
2691 3761 2735 3805 te
2781 3749 2933 3823 (Iani.
2964 3766 3087 3815 xu,
3118 3751 3230 3821 14),
3280 3753 3330 3807 id
3381 3752 3719 3823 proculdubio

2157 3840 2488 3894 manifestius
2510 3840 2671 3895 vbluit
2697 3841 2951 3903 indicare,
2978 3842 3093 3896 sine
3118 3843 3343 3898 alterius
3373 3827 3720 3914 permixtione

2158 3946 2420 4001 personas,
2451 3932 2504 3986 in
2533 3933 2708 4002 seipse
2738 3931 3075 3989 luet'fabiliter
3102 3947 3438 4001 permanere.
3478 3933 3535 3990 Si
3561 3932 3713 3991 enim.

2154 4029 2214 4077 ut
2260 4022 2361 4091 ipsi
2399 4038 2613 4091 quoque
2652 4024 2951 4077 concedunt
2981 4031 3036 4076 et
3064 4035 3119 4078 ut
3147 4026 3397 4094 superius
3427 4027 3553 4081 fassi
3582 4032 3715 4087 sunt,

2153 4112 2377 4180 simplex
2406 4121 2487 4167 est
2528 4112 2705 4166 divina
2736 4123 2920 4167 natura
2945 4154 2960 4177 ,
3010 4128 3114 4168 non
3148 4114 3262 4169 ﬁeri
3295 4124 3471 4183 potest
3496 4128 3552 4169 ut
3582 4114 3711 4167 velut

2152 4201 2263 4269 ipsa
2296 4202 2611 4257 intrinsecus
2663 4217 2825 4257 vacua
2881 4203 3100 4258 alterius
3138 4204 3190 4258 in
3218 4218 3277 4259 se
3306 4215 3512 4260 natura
3542 4219 3712 4274 perte.

2150 4308 2272 4346 nam
2294 4294 2584 4359 contineat,
2612 4305 2665 4349 et
2689 4295 2802 4364 ipsa
2828 4296 3066 4350 vicissim
3088 4298 3429 4352 contineatur
3448 4303 3514 4353 ab
3535 4299 3705 4352 altera.

2153 4383 2381 4438 Necesse
2411 4394 2492 4439 est
2529 4386 2669 4439 enim
2702 4396 2759 4439 ut
2787 4386 2961 4454 seipsa
2992 4398 3081 4441 aut
3111 4388 3402 4442 minuendo
3418 4390 3705 4447 contrahat,

2152 4484 2243 4528 aut
2286 4478 2591 4530 evacuando
2633 4478 2901 4532 exinaniat
2925 4519 2938 4543 ,
2985 4489 3076 4532 aut
3113 4478 3386 4534 dilatando
3416 4479 3700 4534 diﬂ'undat:

2152 4566 2402 4634 quoniatn
2442 4577 2773 4635 receptorum
2819 4568 2898 4621 vel
2942 4569 3309 4636 recipientium
3357 4571 3592 4624 conditio
3619 4570 3702 4621 ista

2151 4667 2251 4719 est,
2278 4665 2333 4710 ut
2359 4668 2448 4711 aut
2478 4668 2786 4726 recepturus
2815 4659 2987 4728 Spatio
3009 4660 3259 4714 dilatetur
3285 4660 3352 4713 ad
3385 4662 3605 4715 alterum
3632 4674 3701 4711 re-

2099 4767 2104 4772 ·
2147 4748 2474 4815 cipiettdum;
2506 4757 2595 4801 aut
2625 4749 2954 4817 recipiendus
3018 4751 3383 4805 contractione
3414 4754 3588 4820 aliqua
3613 4749 3699 4802 mi-

2152 4846 2359 4904 nuatur,
2391 4848 2448 4891 ut
2472 4839 2607 4892 intra
2635 4850 2939 4893 evacuatam
2963 4840 3025 4895 ad
3057 4841 3457 4909 suscipiendum
3489 4858 3548 4897 se
3573 4850 3699 4895 natu-

2148 4942 2260 4979 ram
2296 4928 2464 4981 valeat
2493 4929 2773 4982 contineri.
2816 4929 2945 4995 Quze
2973 4932 3220 4999 quoniam
3252 4944 3358 4983 tam
3397 4934 3556 4999 impia
3583 4943 3695 4982 tam-

2147 5031 2249 5085 que
2306 5019 2533 5072 absurda
2581 5019 2807 5089 simplici
2855 5021 2925 5073 illi
2962 5030 3015 5074 et
3060 5020 3308 5076 ineffabili
3354 5033 3560 5078 natura:
3591 5034 3696 5073 con-

2144 5121 2337 5176 gruere
2363 5109 2576 5161 minime
2608 5118 2859 5177 possunt,
2895 5110 2945 5165 id
2970 5112 3086 5166 sine
3113 5112 3273 5165 dubio
3302 5125 3471 5168 restat
3503 5111 3691 5177 intelligi

2144 5205 2200 5249 nt
2232 5212 2367 5252 unus
2397 5197 2642 5267 idemque
2667 5201 2717 5253 in
2749 5202 2922 5269 seipso
2950 5215 3194 5265 manens,
3228 5203 3295 5257 de
3326 5205 3508 5271 seipse
3536 5205 3689 5270 singu-

2144 5285 2323 5341 lariter
2357 5286 2531 5341 dicere
2570 5288 2806 5343 videatur
2835 5306 2849 5342 :
2886 5290 2994 5359 Ego
3031 5293 3081 5344 in
3110 5290 3261 5343 Patre
3287 5301 3332 5343 at
3365 5291 3521 5345 Pater
3549 5296 3593 5345 in
3619 5307 3682 5343 me

2146 5375 2321 5447 (Joan.
2354 5394 2406 5441 χ,
2440 5380 2567 5447 58);
2596 5389 2649 5432 et
2676 5380 2777 5441 Qui
2797 5396 2873 5431 me
2896 5381 3044 5443 videt,
3067 5380 3196 5432 videt
3222 5392 3266 5433 et
3291 5381 3501 5436 Patrem
3534 5382 3683 5454 (latnt.

2141 5483 2249 5533 xw,
2287 5468 2342 5537 9)
2373 5489 2383 5520 ;
2417 5485 2481 5521 ne
2513 5470 2555 5522 si
2600 5470 2666 5523 de
2712 5469 2916 5522 duobus
2945 5469 3143 5523 dictum
3176 5472 3423 5540 accipere
3463 5474 3682 5529 volueris.

2140 5557 2273 5610 duos
2303 5558 2642 5614 nihilominus
2669 5560 2793 5611 deos
2822 5560 3107 5627 separatim
3140 5560 3425 5617 distinctos
3478 5573 3685 5620 asserere

2142 5649 2489 5704 convincaris.
2536 5651 2639 5705 Aut
2664 5651 2706 5704 si
2736 5649 2803 5703 ita
2834 5663 2926 5705 eos
2953 5651 3003 5707 in
3035 5663 3096 5709 se
3134 5653 3363 5710 invicem
3396 5664 3681 5725 permanere
