3842 6226
90 328 185 383 185

713 325 979 383 CONTRA
1022 323 1340 392 AR'IANOS,
1383 322 1871 391 SABELLIANOS,
1916 325 2093 393 E'I'C.,
2138 322 2499 391 DIALOGUS,
2542 322 2667 377 ΗΒ.
2707 323 2747 376 I.

3245 330 3340 384 I86

86 440 359 507 defendis,
389 448 443 495 ut
473 440 671 495 borum
697 454 850 494 unam
883 437 1025 491 dicas
1057 422 1175 493 esse
1204 446 1465 501 naturam,
1492 439 1675 493 nescio
1697 458 1751 516 Α
1782 438 1891 509 13).
1926 438 2112 493 Posset
2152 438 2359 505 dicere,
2397 438 2485 506 qui
2524 437 2668 491 visus
2695 450 2811 490 sum
2845 435 2935 491 tibi
2978 438 3030 492 in
3056 437 3174 492 loco
3204 458 3339 506 ιιιθυ,

87 547 241 601 quam
274 545 637 601 personarum
670 528 1041 583 biformitatem
1068 570 1084 594 ,
1127 536 1377 599 portento
1411 528 1568 582 alicui
1597 530 1673 583 si-

90 626 293 688 milem,
320 640 393 677 ex
420 626 578 679 unius
608 622 686 677 rei
709 621 858 676 initio
884 622 1271 690 prominentem
1290 664 1305 688 ,
1332 630 1423 675 aut
1450 620 1503 674 in
1522 621 1677 675 unius

86 726 295 768 natura:
351 715 657 768 substantia
710 713 985 767 COIIfIlsIUS
1033 724 1083 768 et
1136 712 1458 781 permistius
1528 712 1677 766 habi-

94 821 289 861 tantem
339 806 613 860 videberis
636 805 900 874 profiteri,
926 814 979 859 et
1014 806 1111 858 hac
1144 805 1351 859 ratione
1380 802 1674 871 simplicem

92 908 141 951 et
190 876 579 971 inte’meratam
624 898 819 951 divina:
873 898 1085 952 virtutis
1134 906 1376 951 naturam
1446 896 1677 964 indignis

93 993 447 1059 compositam
508 991 848 1057 qualitatibus
903 990 1201 1044 defensare.
1241 988 1475 1043 Rccurre
1524 989 1680 1058 126

93 1081 256 1150 magis
310 1081 384 1133 ad
431 1081 519 1133 illa
565 1078 854 1146 singularia
894 1079 1192 1132 cmlestium
1240 1077 1504 1147 prmeouia
1553 1091 1677 1129 san-

93 1182 296 1225 ctorum
327 1213 343 1237 ,
402 1171 597 1239 quibus
658 1171 815 1222 unius
862 1170 914 1223 in
966 1183 1067 1222 una
1115 1183 1341 1237 persona
1413 1167 1676 1222 manentis

91 1264 345 1315 divinitas
393 1263 715 1331 prmdicatur
738 1301 754 1325 ,
804 1270 863 1315 ut
905 1261 1115 1332 Moyses
1152 1262 1405 1315 admonet
1440 1261 1625 1315 dicens
1659 1276 1675 1315 :

93 1354 242 1419 Audi,
267 1353 476 1420 Israel;
520 1354 773 1407 Dominus
814 1352 949 1406 Deus
975 1363 1123 1423 tuus,
1166 1353 1413 1407 Dominus
1444 1368 1571 1405 unus
1604 1360 1677 1404 est

92 1443 265 1511 (Deut.
299 1461 375 1510 vi,
409 1444 488 1513 4).
543 1446 608 1498 Et
647 1455 703 1498 ut
748 1445 861 1512 ipse
900 1460 1110 1514 quoque
1143 1444 1281 1498 Deus
1306 1454 1677 1510 stepcuumero

93 1544 427 1605 contestatur
458 1553 471 1588 :
504 1536 705 1603 Videte,
731 1539 910 1601 videte,
934 1536 1172 1602 quoniam
1197 1550 1288 1602 cgo
1308 1550 1418 1586 sum
1446 1532 1605 1596 Deus,
1630 1540 1677 1585 et

95 1642 186 1677 non
210 1635 286 1679 est
309 1627 453 1679 alius
479 1626 666 1689 absque
686 1642 764 1678 me
800 1626 973 1692 (Deut.
1005 1638 1169 1688 χχιιι,
1201 1621 1314 1689 59).
1346 1622 1411 1674 Ει
1441 1622 1630 1675 iterum
1660 1638 1673 1671 :

95 1715 376 1771 Testes'ros
401 1718 540 1782 estis,
567 1718 611 1769 si
632 1727 702 1769 est
723 1716 855 1769 alius
883 1713 1017 1767 Deus
1040 1725 1221 1780 praeter
1245 1729 1321 1765 me
1343 1710 1491 1781 (lsai.
1522 1727 1675 1775 sun,

100 1808 204 1875 10).
248 1808 371 1860 Non
406 1806 665 1860 debemus
694 1813 854 1859 tanta:
884 1803 1217 1858 auctoritatis
1264 1802 1474 1857 coalitus
1522 1803 1676 1856 nobis

97 1900 415 1953 sententiam
469 1899 841 1967 depromptam
899 1897 1121 1951 alterius
1194 1895 1286 1949 Dei
1339 1892 1677 1947 confessione

99 1991 386 2053 frustrare,
416 2005 483 2044 ne
514 1991 566 2043 in
597 1989 763 2043 nostri
805 1988 1093 2058 perniciem
1129 1987 1257 2040 tanti
1290 1986 1539 2056 praeconii
1571 1999 1679 2039 cas-

99 2091 269 2134 santes
299 2081 613 2149 imperium,
641 2079 813 2133 debita
843 2079 1065 2134 deorum
1087 2077 1382 2133 cultoribus
1411 2084 1675 2131 tormenta

105 2174 403 2228 subeamus.

162 2268 296 2322 VIII.
334 2268 538 2322 Probus
566 2270 734 2335 judea:
761 2269 890 2322 dixit
916 2283 934 2320 :
962 2266 1017 2321 Si
1050 2265 1172 2319 huic
1202 2273 1307 2318 tam
1336 2263 1521 2316 validae
1548 2277 1675 2330 pro-

106 2360 354 2413 secutioni
391 2374 549 2427 posse
586 2358 787 2429 aliquid
816 2356 1002 2411 referri
1034 2355 1252 2425 putatis,
1284 2366 1537 2422 perorare
1564 2351 1680 2420 dig-

105 2452 311 2507 nemini.

170 2544 317 2611 Arius
345 2544 478 2597 dixit
506 2559 524 2597 :
557 2543 690 2597 Dum
736 2543 888 2597 unius
937 2540 1030 2596 Dei
1072 2538 1329 2607 probabili
1378 2535 1591 2606 quidem
1625 2542 1679 2589 et

109 2634 380 2689 admodum
448 2634 567 2688 utili
612 2634 949 2688 confessione
995 2632 1191 2687 bifaria:
1235 2628 1448 2683 deitatis
1495 2640 1678 2680 errore

112 2718 361 2781 Sabellius
396 2727 744 2793 semetipsum
773 2734 995 2778 conatur
1021 2736 1235 2785 exuere,
1272 2716 1553 2773 nefandam
1578 2715 1675 2771 Ju-

114 2818 236 2872 daici
286 2827 479 2875 settsus
510 2819 837 2885 impietatem
870 2816 1126 2879 incurrit,
1164 2814 1353 2867 Filium
1379 2812 1473 2865 Dei
1512 2811 1675 2866 Deum

115 2909 161 2962 in
180 2924 266 2962 sua
295 2924 518 2964 manere
547 2908 862 2972 substantia,
896 2916 949 2960 et
1000 2904 1265 2972 propriam
1317 2904 1514 2957 habere
1556 2910 1676 2971 per:

118 3015 304 3067 sonam,
338 2987 520 3056 mente
557 3000 820 3069 sacrilega
866 2996 1200 3066 deneganda.
1247 2996 1413 3062 Cujus
1452 2994 1677 3048 insanis-

119 3091 224 3145 εἰηιί
248 3091 442 3146 furoris
464 3090 763 3155 audaciam,
796 3095 1207 3158 quantocunque
1235 3085 1508 3140 brevitatis
1524 3098 1674 3137 com-

1778 531 1951 585 siuna
2001 531 2263 600 loquentis
2306 530 2687 598 intelligeretur
2715 543 2835 583 esse
2880 543 3128 597 persona.
3172 528 3341 584 Item:

1781 626 2033 690 Ascende,
2064 626 2263 694 inquit,
2299 626 2355 677 in
2396 624 2599 690 Betltel,
2642 633 2689 677 et
2726 625 2808 695 {ac
2833 623 2902 677 ibi
2921 624 3081 677 altare
3112 622 3234 690 Deo,
3262 625 3347 693 qui

1779 718 2015 787 apparuit
2046 718 2131 770 tibi
2160 716 2309 787 (Ceu.
2344 732 2504 782 xxxv,
2533 716 2606 780 I).
2640 718 2746 771 Nec
2793 717 2932 771 istud
2964 716 3216 784 singulari
3244 732 3344 769 un-

1778 822 1935 876 quam
1966 823 2206 877 personre
2238 822 2531 875 congruere
2577 817 2767 874 potest,
2810 807 2897 862 ubi
2932 816 3035 861 tam
3064 807 3346 881 distinctu;

1779 899 1911 954 alius
1965 901 2134 953 altero
2186 901 2474 954 sacrarium
2528 900 2752 967 imperat
2784 901 3233 954 constituendum.
3294 899 3323 950 Ιι

1778 992 1920 1045 enim
1946 991 2243 1045 solitarium
2274 991 2452 1046 dicere
2498 991 2821 1044 conveniens
2852 1001 2964 1044 erat
2996 1008 3009 1043 ε
3044 989 3151 1042 Fac
3184 989 3348 1041 altare

1780 1083 1903 1134 mihi
1930 1081 2055 1149 Deo,
2080 1084 2166 1151 qui
2195 1082 2410 1151 apparui
2439 1082 2544 1134 tibi.
2579 1082 2704 1135 ltem
2748 1082 2886 1135 Deus
2934 1084 3083 1135 Ijater
3128 1081 3195 1136 de
3238 1081 3345 1133 sal-

1781 1176 1965 1229 vandis
2004 1176 2053 1228 in
2091 1175 2199 1229 Deo
2250 1175 2384 1228 Filio
2446 1174 2651 1243 populis
2716 1188 2805 1241 per
2851 1174 2985 1227 Osee
3034 1174 3344 1241 prophettm

1779 1265 2033 1335 loquitur,
2060 1264 2243 1319 dicens
2270 1282 2281 1316 :
2314 1264 2379 1317 Et
2404 1264 2609 1317 salvabo
2633 1280 2717 1317 eos
2742 1264 2795 1317 in
2830 1264 3045 1315 Domino
3075 1261 3181 1314 Deo
3211 1264 3350 1329 ipso-

1779 1373 1894 1410 rum
1914 1356 2090 1430 (0see,
2119 1371 2157 1424 ι,
2184 1353 2258 1427 7).
2285 1355 2415 1412 Item
2445 1356 2604 1409 David
2637 1355 2700 1408 ad
2732 1352 2924 1408 Filium
2959 1353 3052 1407 Dei
3084 1352 3304 1420 loquens
3332 1369 3344 1403 :

1782 1449 2015 1503 Tltrouus
2048 1458 2191 1513 tuus,
2221 1448 2353 1501 Deus
2375 1489 2389 1513 ,
2414 1448 2467 1501 in
2499 1448 2737 1500 siccatum
2766 1444 2943 1499 steculi
2978 1460 2999 1498 :
3022 1445 3160 1513 virga
3188 1444 3349 1508 crauis

1781 1541 1917 1604 tatis,
1941 1541 2081 1609 uirga
2120 1540 2261 1609 regni
2296 1540 2385 1592 tui.
2427 1538 2704 1607 PrOpterea
2746 1537 2889 1588 unxit
2939 1544 2986 1589 te
3026 1533 3179 1595 Deus,
3216 1532 3351 1585 Deus

1780 1639 1915 1692 tuus,
1946 1629 2057 1683 oleo
2087 1630 2275 1682 lwtitice
2305 1643 2411 1698 prae
2431 1628 2744 1680 consortibus
2777 1628 2873 1678 tuis
2896 1620 3070 1693 (Psal.
3115 1639 3259 1687 XLIV,
3298 1624 3349 1687 7,

1781 1721 1855 1787 8).
1887 1719 2019 1785 Quid
2054 1719 2155 1773 huc
2191 1719 2253 1771 ad
2289 1718 2638 1776 confessionis
2668 1732 2904 1770 errorem
2933 1716 3352 1770 submovendum

1711 1830 1752 1889 Β
1782 1810 2120 1865 manifestius
2151 1812 2319 1879 potuit
2346 1809 2445 1862 dici
2466 1850 2480 1873 ,
2512 1808 2598 1862 tibi
2626 1804 2767 1861 Deus
2798 1808 2960 1861 Deum
2994 1806 3205 1860 unxisse
3236 1822 3354 1875 per-

1780 1903 2073 1958 scribitur?
2107 1903 2228 1956 llaec
2268 1902 2479 1956 interim
2514 1916 2673 1969 pauca
2704 1900 2771 1954 de
2804 1899 2973 1953 Veteri
3013 1899 3353 1952 Testamento

1780 1994 2044 2061 decerpsi.
2075 1994 2204 2047 Nam
2239 1993 2385 2062 plura
2434 2002 2489 2047 et
2529 1990 2890 2046 manifesaiora
2923 1990 3098 2045 studio
3127 1990 3355 2044 brevita-

1782 2090 1851 2141 tis
1903 2089 2085 2155 omisi,
2116 2088 2305 2155 quibus
2341 2078 2455 2140 luce
2502 2086 2700 2140 clarius
2745 2084 3119 2152 comprobatur
3153 2092 3206 2137 et
3251 2086 3347 2137 l’a-

1779 2187 1913 2231 trem
1945 2188 1999 2231 et
2021 2178 2209 2231 Filium
2239 2176 2501 2231 distinctis
2542 2186 2595 2230 et
2639 2175 2898 2245 separatis
2930 2173 3348 2228 substantiarutu

1780 2269 2193 2336 proprietatibus
2219 2270 2467 2322 existere.
2488 2267 2636 2333 Quod
2665 2275 2841 2321 autem
2862 2265 3145 2332 Sabellius,
3167 2280 3229 2318 ex
3253 2266 3352 2319 hoc

1778 2352 1920 2427 quod
1953 2360 2025 2411 ait
2050 2374 2062 2408 :
2092 2357 2202 2427 Ego
2224 2360 2274 2411 in
2298 2357 2483 2422 .Patre,
2515 2368 2560 2411 et
2590 2356 2744 2411 Pater
2774 2358 2825 2409 in
2852 2372 2927 2409 me
2948 2357 3127 2427 (Joau.
3155 2372 3209 2419 ι,
3240 2355 3349 2423 58),

1782 2463 1939 2499 uuam
1964 2449 2111 2503 nisus
2134 2459 2213 2502 est
2235 2449 2601 2502 demonstrare
2633 2459 2870 2501 naturam
2903 2451 3015 2502 sive
3038 2462 3349 2517 personam;

1779 2538 1919 2608 quod
1950 2538 2196 2593 videlicet
2225 2540 2326 2594 alia
2359 2542 2494 2594 intra
2532 2542 2688 2593 aliam
2733 2541 2847 2593 sine
2875 2540 3202 2594 confusionis
3234 2554 3355 2609 pcr-

1781 2635 2058 2697 mixtione,
2088 2635 2167 2685 vel
2203 2643 2396 2700 prteter
2436 2641 2632 2687 castera
2685 2632 2929 2685 vitiorum
2980 2646 3206 2699 genera,
3236 2648 3354 2698 qure

1781 2743 1930 2782 more
1989 2726 2375 2794 sopltismatum
2430 2726 2781 2793 quaestionum
2837 2725 3001 2778 voluit
3051 2726 3351 2786 intentare,

1780 2819 1958 2873 inesse
1990 2832 2093 2871 non
2123 2816 2319 2887 possit,
2353 2819 2422 2869 ita
2450 2831 2558 2869 non
2589 2831 2745 2869 unum
2797 2816 3030 2870 indicant
3072 2830 3191 2881 esse
3229 2815 3355 2868 sub-

1779 2910 2028 2961 stantiam
2056 2908 2136 2961 vel
2172 2922 2475 2976 personam,
2505 2907 2639 2959 sicut
2668 2922 2774 2959 non
2817 2921 2916 2959 una
2964 2907 3055 2959 Dei
3102 2917 3154 2958 et
3186 2906 3355 2959 ltomi-

1780 3014 1905 3053 num
1935 3007 2111 3069 potest
2138 3013 2258 3053 esse
2282 3008 2465 3052 natura
2484 3037 2499 3063 ,
2530 2999 2596 3052 de
2621 2998 2812 3067 quibus
2841 2998 3033 3051 dicitur
3074 2997 3213 3066 quod
3255 2997 3351 3065 ip~i

1779 3093 1830 3146 iu
1866 3093 1977 3147 Deo
2004 3101 2058 3147 et
2083 3091 2223 3147 Deus
2251 3093 2301 3145 in
2335 3091 2414 3147 eis
2442 3100 2540 3147 est.
2572 3092 2812 3156 Denique
2857 3091 2994 3144 idem
3035 3090 3099 3144 ad
3142 3090 3349 3143 Patrem

120 3183 295 3252 Pendit:
320 3183 393 3238 uti
428 3192 673 3253 potum,
704 3181 1002 3236 caelestium
1032 3178 1460 3233 testimoniorum
1490 3183 1674 3228 aucto-
1702 3189 1748 3249 c
1779 3184 1845 3239 de
1868 3183 2213 3239 credentibus
2242 3183 2462 3253 loquens
2498 3183 2662 3237 Filius
2691 3182 2806 3237 ait:
2838 3182 2905 3236 Ut
2938 3184 3065 3236 sicut
3101 3192 3155 3236 lu
3197 3182 3352 3236 Pater

121 3275 255 3328 ritate
276 3274 519 3335 frenabo,
551 3272 617 3326 ad
644 3271 1114 3326 demonstrandam
1147 3268 1358 3338 praprie
1384 3265 1675 3320 subsisten-

126 3380 209 3422 tam
240 3366 356 3422 Filii
401 3378 686 3435 personam
720 3380 733 3416 :
767 3379 871 3416 non
909 3363 997 3417 illa
1043 3376 1160 3430 quae
1200 3359 1414 3429 quidem
1467 3357 1672 3411 homini

125 3466 343 3526 suscepto
367 3472 668 3526 congruere
698 3455 1013 3510 cavillantur
1041 3467 1338 3519 assumens,
1375 3454 1467 3505 sed
1501 3451 1587 3504 illa
1620 3451 1672 3504 in

126 3547 328 3603 medium
360 3548 639 3617 proferens
672 3547 996 3607 testimonia.
1028 3560 1147 3613 quae
1186 3544 1302 3597 Sine
1333 3544 1442 3595 “"0
1472 3542 1673 3612 διιοίρί·

127 3636 183 3690 tis
206 3638 563 3709 intelligentia:
591 3639 839 3707 scrupulo
887 3636 1153 3690 divinitati
1201 3635 1317 3702 ejus
1366 3644 1673 3701 competere

126 3742 286 3784 omnes
331 3730 535 3800 pariter
600 3728 941 3783 confitentur.
1015 3727 1070 3779 tn
1144 3725 1335 3779 Genesi
1394 3723 1672 3776 Dominum

126 3819 300 3877 dixisse
322 3824 547 3894 legimus
580 3841 591 3875 :
625 3821 896 3876 Faciamus
927 3820 1180 3873 hominem
1220 3819 1287 3870 ad
1336 3817 1602 3884 imaginem
1628 3823 1673 3867 et

126 3912 480 3969 similitudinem
526 3924 750 3967 nostram
784 3910 938 3983 (Gen.
980 3926 1017 3977 t,
1061 3908 1174 3976 26).
1217 3907 1354 3961 Ecce
1397 3906 1675 3975 pluraliter

128 4001 256 4069 dixit,
304 4007 572 4075 faciamus,
624 4005 787 4059 alium
837 4002 1092 4057 videlicet
1132 4000 1371 4053 indicans
1409 3998 1473 4052 ad
1515 4012 1673 4065 quem

129 4092 363 4164 loquentis
408 4099 502 4153 Dei
546 4098 716 4162 factus
754 4104 836 4151 cst
880 4108 1078 4149 sermo.
1108 4092 1224 4146 Non
1255 4093 1397 4147 enim
1428 4100 1533 4144 tam
1582 4089 1675 4142 ab-
1745 4100 1750 4107 '

129 4188 263 4244 surde
291 4190 683 4261 intelligendum
716 4198 801 4245 est
832 4188 993 4242 fuisse
1024 4188 1282 4252 locutum,
1316 4195 1372 4238 ut
1407 4184 1509 4238 sibi
1554 4184 1671 4252 ipse

129 4276 298 4335 diceret
340 4284 626 4351 faciamus,
675 4279 817 4347 quod
892 4278 1106 4348 proprie
1162 4278 1374 4331 illorum
1431 4284 1514 4329 est
1588 4278 1671 4344 qui

130 4372 340 4425 amentiae
369 4372 671 4441 passionem
698 4372 994 4425 incurrunt.
1028 4369 1265 4438 Namque
1286 4368 1581 4422 utalterum
1605 4367 1669 4420 ad

130 4460 325 4517 alterum
339 4464 571 4519 locutum
605 4464 769 4517 fuisse
785 4464 1055 4533 Scriptura
1075 4461 1675 4528 monstraret,continuo

1779 3276 1829 3327 in
1857 3291 1936 3326 me
1966 3284 2012 3328 et
2042 3290 2133 3345 ego
2162 3275 2213 3328 in
2240 3283 2306 3340 te,
2338 3275 2409 3326 ita
2437 3282 2483 3328 et
2511 3274 2609 3342 ipsi
2637 3275 2689 3327 in
2718 3274 2856 3327 nobis
2880 3275 2981 3327 sint
3010 3273 3185 3343 (Joo't.
3220 3289 3349 3336 xm,

1776 3365 1892 3432 2f).
1929 3366 1992 3419 Et
2020 3365 2212 3421 iterum
2241 3383 2253 3418 :
2283 3366 2383 3431 Qui
2404 3366 2506 3419 edit
2528 3380 2732 3418 carnem
2760 3382 2941 3431 meam,
2975 3376 3019 3418 et
3045 3365 3161 3418 bibit
3189 3380 3352 3417 meum

1775 3456 2097 3527 sanguinem,
2128 3456 2180 3509 in
2210 3472 2287 3509 me
2317 3464 2507 3521 manet,
2551 3464 2598 3509 et
2626 3472 2719 3525 ego
2753 3456 2805 3508 in
2833 3470 2890 3507 eo
2917 3453 3093 3523 (Joau.
3129 3468 3208 3516 vt,
3235 3451 3346 3523 56).

1778 3551 2063 3619 Apostolus
2093 3567 2305 3621 quoque
2350 3551 2417 3605 de
2464 3551 2621 3605 idiota
2654 3569 2665 3604 :
2700 3550 2764 3604 Et
2805 3559 3086 3614 prostratus
3111 3591 3125 3614 ,
3159 3549 3349 3617 inquit,

1776 3644 2095 3711 conﬁtebitur
2150 3643 2268 3707 quia
2298 3658 2409 3695 vere
2437 3642 2570 3694 Deus
2603 3644 2655 3695 in
2698 3643 2834 3695 vobis
2868 3651 2939 3695 est
2988 3638 3037 3712 (1
3070 3640 3189 3695 Cor.
3240 3656 3350 3705 xw,

1777 3734 1889 3802 25)).
1931 3735 2087 3804 128
2115 3734 2263 3788 Sicut
2306 3748 2434 3802 ergo
2470 3747 2588 3786 cum
2625 3734 2762 3786 Deus
2788 3732 2840 3785 in
2874 3732 3021 3785 nobis
3043 3773 3058 3795 ,
3088 3742 3141 3786 et
3172 3747 3267 3785 nos
3298 3732 3350 3787 In

1780 3826 1889 3879 Deo
1915 3841 2098 3880 sumus
2128 3842 2232 3879 non
2263 3826 2573 3880 confusione
2601 3839 2862 3894 personae,
2894 3840 2999 3879 non
3032 3826 3234 3879 unitate
3257 3840 3350 3879 na-

1778 3929 1930 3981 llll‘ii’,
1965 3933 2070 3973 non
2100 3920 2366 3986 augmenti
2392 3918 2699 3974 accessione
2720 3959 2733 3984 ,
2764 3932 2867 3971 non
2895 3917 3197 3971 detrimenti
3226 3916 3351 3969 sub-

1776 4013 2058 4074 tractione,
2091 4026 2195 4065 non
2239 4011 2473 4079 qualibet
2516 4012 2811 4078 composita
2848 4010 2927 4063 vel
2968 4008 3209 4061 ordinata
3241 4024 3353 4060 tnu-

1779 4106 1955 4160 tabilis
1984 4104 2294 4159 substantia:
2337 4103 2620 4172 qualitate,
2661 4102 2752 4157 sed
2803 4115 2949 4169 pura:
2998 4110 3052 4155 et
3095 4100 3355 4168 simplicis

1779 4198 1897 4251 fidei
1922 4196 2202 4249 sanctitate
2234 4194 2461 4248 Domino
2488 4194 2540 4247 in
2566 4194 2719 4248 nobis
2752 4191 3108 4247 habitaculum
3146 4205 3354 4258 prmpa-

1776 4302 1953 4341 ramus
1979 4326 1995 4350 ,
2023 4297 2077 4340 et
2106 4286 2195 4340 ille
2224 4300 2321 4339 nos
2350 4285 2401 4339 in
2432 4300 2579 4339 suam
2610 4284 2797 4352 recipit
2828 4283 3158 4347 mansionem
3186 4322 3200 4346 ,
3228 4282 3353 4332 dum

1775 4381 1891 4448 ejus
1926 4380 2247 4433 voluntatem
2298 4379 2540 4433 faciendo
2572 4379 2622 4431 in
2664 4380 2779 4445 ipso
2808 4390 3118 4438 manemus;
3156 4376 3221 4426 ita
3256 4373 3356 4426 Pa-

1778 4481 1858 4525 ter
1898 4481 1950 4525 et
1996 4470 2164 4525 Filius
2204 4484 2300 4540 pro
2346 4470 2693 4524 indissolubili
2725 4468 2922 4523 ftedere
2978 4465 3264 4521 voluntatis
3299 4464 3349 4517 in

131 4552 344 4620 subjecit,
373 4556 592 4609 dicens:
626 4552 691 4606 Et
714 4553 834 4621 fecit
864 4552 999 4604 Deus
1021 4551 1271 4604 hominem
1289 4552 1384 4603 :ad
1405 4552 1673 4627 imaginem
1705 4548 1754 4607 Ι)
1780 4581 1836 4617 se
1868 4564 2096 4616 invicem
2129 4578 2344 4617 manere
2374 4571 2680 4616 noscuntur,

136 4639 210 4694 Dei
234 4645 336 4710 fecit
360 4645 505 4700 illum
556 4644 743 4711 (lbid.,
792 4644 907 4712 27).
941 4642 997 4697 Si
1030 4656 1165 4696 unus
1191 4653 1354 4707 esset,
1389 4642 1453 4695 ad
1485 4643 1669 4710 imagi-

135 4746 233 4784 nem
259 4752 393 4789 suam
431 4735 621 4789 fecisse
670 4732 954 4788 diceretur.
1003 4733 1154 4787 Nunc
1197 4742 1373 4786 autem
1422 4733 1556 4785 alius
1603 4732 1668 4786 ad

135 4825 317 4881 alterius
343 4830 621 4897 imaginem
650 4827 885 4893 apertius
925 4826 1114 4879 fecisse
1161 4824 1504 4881 describitur.
1538 4825 1666 4880 Item

137 4928 231 4968 cum
256 4920 318 4972 ob
342 4922 495 4973 multa
528 4918 745 4973 nefandi
796 4917 1016 4971 sceleris
1060 4918 1293 4973 facinora
1320 4960 1334 4982 ,
1381 4917 1671 4973 Sodomitis

136 5017 233 5056 cum
257 5011 356 5061 suis
384 5008 573 5063 incolis
620 5018 789 5060 terras
833 5007 1003 5076 igneis
1032 5006 1280 5062 divinitas
1312 5010 1462 5078 127
1488 5008 1671 5061 imbri-

142 5088 215 5146 bus
238 5098 479 5155 sanxisset
531 5098 785 5165 urendas,
835 5100 904 5153 ita
952 5099 1195 5154 refertur.
1244 5094 1430 5165 ‘Pluit,
1480 5100 1666 5170 inquit,

141 5182 347 5243 Dominus
374 5185 648 5246 aDomino
680 5194 848 5262 ignem
878 5200 923 5245 et
950 5192 1165 5261 sulphur
1208 5192 1359 5263 (Gen.
1397 5190 1518 5259 hx,
1549 5194 1666 5266 ‘24).

140 5270 247 5330 Nihil
274 5290 365 5335 tam
393 5284 695 5339 evidentius
725 5283 788 5337 ad
817 5285 1201 5339 ostendendum
1235 5285 1447 5340 Patrem
1501 5297 1554 5342 et
1580 5288 1671 5343 de-

141 5375 491 5428 monstrandum
524 5368 719 5429 Filium
759 5375 997 5443 Iegaliter
1037 5378 1210 5443 potuit
1254 5379 1486 5431 intimari
1512 5417 1528 5444 ,
1582 5380 1668 5435 ubi

144 5455 248 5511 alius
270 5463 325 5514 ab
352 5468 532 5535 altero,
567 5481 673 5520 non
708 5482 841 5520 unus
880 5481 907 5519 a
939 5482 995 5521 se
1022 5467 1137 5536 ipso
1166 5468 1490 5537 sulphureas
1516 5472 1670 5525 caeli-

147 5555 207 5599 tus
225 5551 459 5617 iaculatus
486 5569 567 5613 est
604 5559 875 5613 ﬂammas.

198 5639 273 5701 IX.
292 5646 409 5703 item
430 5652 544 5719 ipse
570 5649 735 5704 Filius
755 5649 818 5701 ad
843 5648 1004 5703 Jacob
1028 5650 1277 5720 loquitur,
1311 5652 1493 5707 dicens
1519 5672 1531 5707 :
1561 5654 1673 5726 Ego

149 5745 233 5788 tum
252 5735 386 5811 Deus,
414 5745 498 5814 qui
517 5744 654 5798 visus
682 5758 792 5795 sum
818 5742 908 5796 tibi
937 5743 988 5798 ir:
1036 5744 1147 5799 loco
1188 5746 1281 5799 Dci
1326 5745 1477 5819 ((-‘m.
1522 5764 1673 5817 xui,

1850 4652 1913 4705 Χ.
1942 4651 2142 4705 Probus
2178 4655 2343 4724 judtx
2373 4652 2501 4704 dixit
2534 4668 2550 4703 :
2592 4651 2852 4717 Quoniam
2902 4659 3006 4701 tam
3038 4647 3351 4701 clarissimis

1779 4743 2200 4797 testimoniorum
2241 4742 2577 4796 documentis
2603 4742 2809 4795 Patrem
2835 4748 2887 4794 et
2915 4740 3105 4793 Filium
3139 4738 3350 4804 proprie

1738 4836 2068 4888 subsistere
2129 4834 2505 4889 demonstrasti
2557 4833 2717 4904 (quod
2783 4831 3047 4887 Sabellius
3107 4830 3350 4882 lnnuanis

1777 4928 2042 4982 tuentibus
2076 4930 2428 4998 quatstionum
2462 4929 2681 4981 nebulas
2711 4926 3036 4981 offuttdentlo
3080 4922 3347 4992 negabat),

1778 5018 1827 5071 id
1865 5034 2002 5072 nunc
2030 5036 2057 5071 a
2093 5020 2193 5072 tuis
2224 5020 2479 5087 quatrilur
2508 5018 2760 5087 partibus,
2796 5016 3062 5085 quomodo
3088 5025 3139 5067 et
3184 5014 3348 5066 Deum

1779 5106 1989 5162 Patrem
2040 5117 2095 5163 et
2152 5110 2316 5163 Deum
2367 5110 2557 5162 Filium
2609 5109 2896 5175 separatim
2948 5115 3000 5159 et
3052 5103 3348 5157 distinctius

1781 5199 2096 5267 profitendo,
2130 5214 2231 5252 non
2261 5198 2513 5266 pluralem
2544 5197 2833 5250 divinitatis
2862 5210 3140 5250 numerum
3182 5193 3347 5244 intro.

1779 5290 1973 5344 ducere
2027 5290 2275 5345 videaris.
2334 5290 2396 5342 Et
2448 5302 2745 5358 quanquam
2802 5287 2868 5341 de
2926 5286 3023 5339 hoc
3075 5281 3349 5349 superiore

1778 5364 2149 5450 prt-sccutitine
2169 5382 2398 5436 breviter
2419 5396 2581 5447 pauca
2616 5377 3011 5445 perstrinxeris,
3043 5376 3143 5427 lata
3172 5384 3347 5427 tamen

1777 5484 1832 5528 et
1863 5475 2071 5542 pr0pria
2103 5473 2409 5543 qumStionis
2438 5471 2801 5541 hujuscemodi
2826 5469 2985 5522 debet
3015 5482 3131 5521 esse
3162 5465 3349 5533 proba-

1778 5569 1870 5621 tio.
1896 5567 2062 5632 Quam
2098 5579 2220 5620 tunc
2250 5568 2519 5635 copiosius
2548 5566 2798 5635 expedire
2828 5562 3075 5627 debebis,
3109 5561 3232 5613 dum
3266 5564 3315 5612 in
3341 5591 3351 5602 .

1781 5669 1858 5713 tcr
1884 5666 1934 5713 te
1957 5669 2113 5728 atque
2145 5659 2490 5712 Athanasium
2516 5655 2889 5725 disputat‘onis
2920 5669 3141 5708 examen
3168 5667 3350 5719 ,t‘tepe-

1781 5753 1848 5806 rit
1882 5752 2105 5823 ‘agitari.
2157 5752 2221 5805 Et
2265 5753 2511 5820 quoniam
2564 5765 2699 5803 nunc
2746 5750 2828 5815 (ut
2876 5746 3006 5817 dixi)
3055 5747 3351 5801 assertione
