3842 6226
519 110 618 169 l8?

1833 79 2055 164 vthLu
2092 100 2455 163 mussans

3670 127 3776 180 {5’8

515 230 742 284 veridica
813 229 1028 285 Sabellii
1085 237 1167 284 est
1221 228 1437 297 perfidia
1489 218 1746 295 refutata,
1801 227 1921 282 fidei
1968 240 2077 280 suae
2105 225 2155 282 Δ
2185 224 2360 278 aiebat
2393 243 2404 275 :
2435 223 2571 277 Data
2590 235 2660 280 est
2683 227 2806 281 mihi
2824 228 2986 286 omnis
3005 238 3226 302 potestas
3253 233 3304 287 in
3333 235 3454 288 celo
3479 237 3595 290 etin
3619 248 3769 292 terra

514 319 769 374 Photinus
795 320 972 383 certis,
1004 320 1047 374 si
1075 320 1229 383 valet,
1256 321 1575 375 testimoniis
1599 319 1757 373 adsit.

584 409 836 473 Photinus
865 411 993 465 dixit
1019 427 1036 464 :
1067 409 1181 479 Ego
1207 411 1431 464 Domino
1481 419 1665 465 nostro
1701 409 1827 464 Jesu
1866 409 2084 464 Christo

514 500 720 555 initium
752 502 947 566 tribuo,
995 517 1291 571 purumque
1332 501 1602 557 hominem
1646 501 1806 556 fuisse
1850 500 2079 566 affirmo,

514 598 565 644 ct
593 607 687 658 per
709 592 875 646 beatae
906 593 1025 646 vita:
1048 593 1556 648 excellentissimum
1582 594 1827 647 meritum
1846 632 1860 656 ,
1891 592 2084 646 divini-

519 685 644 736 tatis
674 685 927 738 honorem
972 684 1135 740 fuisse
1185 685 1453 756 adeptum.
1503 687 1632 753 Quis
1676 685 1818 740 enim
1851 684 2084 739 femineo

513 783 760 843 portatus
782 785 934 830 utero
959 791 1054 846 per
1085 787 1289 846 partum
1323 779 1598 846 egeritur?
1626 777 1754 843 Quis
1785 778 2083 847 puerperia:

514 877 678 918 cunas
704 875 983 935 expertus,
1032 877 1086 923 et
1125 867 1279 923 lactei
1310 867 1484 937 poculi
1525 868 1780 924 alimento
1824 873 2078 936 nutritus,

515 954 777 1008 maternis
797 967 1035 1024 gestatus
1061 969 1137 1012 est
1170 959 1350 1014 uluis‘l
1381 959 1508 1025 Quis
1547 960 1842 1028 proiectum
1880 964 2083 1030 accepit

514 1042 726 1096 atatis?
754 1043 886 1110 Quis
932 1047 1208 1102 universas
1253 1062 1529 1127 corporeae.
1561 1050 1856 1120 fragilitatis
1900 1053 2084 1106 condi-

514 1131 685 1188 tiones
714 1134 985 1205 implevit,
1030 1138 1153 1192 dum
1193 1139 1419 1195 esuriem
1450 1142 1667 1208 patitur,
1697 1143 1822 1198 dum
1865 1145 2082 1213 nequis-

514 1221 638 1276 simi
665 1225 882 1292 spiritus
913 1228 1202 1283 tentatione
1230 1231 1569 1298 percellitur,
1611 1233 1734 1288 dum
1776 1236 2083 1292 lassitudine

515 1311 782 1383 fatigatur,
813 1315 935 1369 dum
974 1317 1030 1371 in
1073 1333 1290 1374 somnos
1323 1322 1638 1389 resolvitur,
1670 1324 1793 1378 dum
1837 1340 2082 1395 compre-

515 1402 712 1458 hensus
742 1406 967 1462 nexibus
989 1410 1257 1478 alligatur,
1283 1411 1407 1466 dum
1436 1413 1657 1481 flagellis
1683 1416 1990 1472 uerberatur
2027 1427 2084 1473 et

514 1496 742 1564 palmis,
794 1488 918 1552 dum
972 1500 1211 1555 ludibriis
1242 1488 1600 1557 insultantium
1640 1507 1870 1575 agitatur
1896 1548 1913 1572 ,
1953 1508 2076 1563 dum

2187 315 2400 385 (Matth.
2442 319 2770 390 xxvm,18).
2823 320 2974 388 Quod
3024 324 3208 395 utique
3261 329 3306 380 si
3345 337 3469 380 ante
3516 337 3766 398 tempora

2186 406 2328 463 Deus
2355 418 2516 474 esset,
2550 417 2868 479 potestatem
2912 428 2980 468 ex
3030 423 3268 486 tempore
3298 433 3403 474 non
3441 422 3762 488 accepisset.

2184 513 2343 568 quam
2380 501 2535 571 130
2557 516 2769 572 semper
2793 503 3046 562 habuisse
3062 511 3357 565 constabat.
3383 512 3510 576 Sed,
3541 524 3591 566 ut
3617 515 3765 575 disi,

2187 591 2257 644 ob
2285 592 2597 658 praedarum
2626 594 2945 651 obcdientia
2975 611 3038 652 ac
3066 599 3325 667 passionis
3355 603 3598 656 meritum
3632 647 3651 671 ,
3683 605 3764 656 di-

2187 682 2310 734 vino
2337 690 2420 736 est
2448 682 2650 738 honore
2675 684 2925 750 donatus,
2953 697 3008 742 et
3041 703 3200 758 super
3238 693 3415 746 omnia
3457 695 3763 754 exaltatus.

2185 771 2322 825 sicut
2350 778 2405 825 et
2431 771 2618 828 Petrus
2640 773 2870 844 loquitur
2890 776 3076 833 dicens
3109 795 3123 832 :
3156 779 3290 834 Deus
3321 791 3521 848 patrum
3549 795 3761 837 nostro-

2185 876 2298 913 rum
2325 863 2565 916 exaltavit
2590 879 2815 933 puerum
2855 883 3003 920 suum
3041 867 3214 923 Iesum
3247 873 3384 937 (Act.
3431 888 3507 938 tu,
3547 874 3666 942 I3).
3699 874 3765 928 Et

2185 952 2377 1006 iterum
2409 969 2420 1004 :
2449 952 2669 1007 Dextera
2690 955 2845 1026 igitur
2871 957 2966 1011 Dei
2993 961 3239 1014 exaltatus
3269 963 3407 1031 (Act.
3441 979 3500 1029 tt,
3532 964 3650 1033 35).
3685 965 3762 1018 Ac

2183 1058 2369 1099 rursus
2401 1063 2414 1097 :
2448 1043 2752 1112 Certissiine,
2787 1049 2976 1119 inquit,
3001 1052 3126 1104 sciat
3157 1055 3318 1106 omnis
3347 1053 3526 1107 domus
3562 1053 3758 1116 Israel,

2183 1138 2305 1204 quia
2330 1145 2376 1189 et
2405 1135 2684 1191 Dominum
2720 1140 2870 1193 illum
2903 1152 2950 1195 et
2987 1143 3242 1196 Christum
3285 1144 3424 1198 Deus
3455 1148 3588 1214 fecit,
3621 1147 3762 1200 hunc

2182 1222 2533 1293 Jesum'q‘uem
2561 1243 2646 1281 ros
2674 1229 2999 1297 cruciﬁzistis
3019 1231 3155 1303 (Act.
3185 1248 3266 1298 tv,
3299 1236 3386 1304 10)
3422 1253 3436 1289 :
3468 1236 3759 1290 ostendens

2185 1316 2502 1380 evidentius,
2539 1328 2758 1388 propter
2800 1323 3098 1389 passionem
3147 1326 3342 1389 crucis,
3390 1341 3454 1381 ex
3512 1337 3759 1396 tempore

2186 1406 2560 1463 Deumfuisse
2611 1410 2829 1474 factum,
2878 1427 2982 1466 non
3035 1414 3198 1468 Deum
3237 1425 3361 1470 aute
3389 1426 3626 1485 tempora
3660 1435 3756 1470 na-

2185 1505 2317 1551 tum.
2348 1495 2498 1552 Unde
2528 1508 2582 1552 et
2608 1499 2840 1555 Paulus:
2877 1501 3062 1570 Tanto,
3107 1505 3310 1574 inquit,
3340 1509 3531 1577 angelis
3561 1512 3751 1563 melior

515 1587 688 1642 crucis
711 1588 947 1658 patibulo
969 1592 1328 1662 suspenditur,
1360 1604 1414 1648 et
1441 1597 1628 1651 mortis
1655 1597 1928 1666 dispendia
1954 1615 2074 1668 per-

2191 1586 2368 1654 laetus,
2411 1597 2603 1657 quanto
2648 1590 2973 1646 excellentius
3031 1610 3137 1661 prce
3179 1596 3283 1649 illis
3325 1613 3506 1652 nomen
3563 1604 3755 1668 accepit

517 1681 715 1748 petitur
745 1699 756 1734 :
788 1687 943 1752 quem
971 1683 1196 1738 humana
1225 1685 1463 1742 conditio
1488 1688 1797 1756 parentibus
1824 1691 2077 1757 subdidit,

511 1772 667 1841 cujus
690 1773 920 1829 fraterna
944 1774 1215 1844 utriusque
1236 1791 1396 1832 sexus
1415 1788 1539 1832 sunt
1571 1779 1726 1849 129
1746 1781 1954 1835 nomina
1991 1782 2084 1836 de-

515 1862 741 1932 signata,
771 1863 860 1932 qui
889 1864 955 1918 de
996 1865 1231 1920 locorum
1275 1868 1851 1938 cognitionejallitur,
1902 1873 1989 1938 qui
2015 1873 2082 1926 de

515 1953 640 2008 mali
671 1955 889 2022 spiritus
915 1956 1480 2029 nominesciscitatur,
1512 1960 1600 2029 qui
1626 1960 1812 2028 judicii
1853 1964 1991 2017 diem
2023 1978 2082 2018 se

417 2097 433 2105 ,
515 2045 768 2114 ignorare
798 2046 1009 2112 fatetur,
1033 2027 1562 2118 qui‘tribuendarum
1595 2027 1800 2107 sedium
1851 2063 2083 2123 potesta-

517 2147 624 2200 tem
655 2155 762 2194 non
785 2155 844 2196 se
874 2141 1072 2198 habere
1103 2151 1348 2211 testatur,
1377 2145 1467 2214 qui
1509 2160 1584 2201 se-
1612 2147 1665 2201 in
1703 2161 1861 2203 cruce
1890 2150 2082 2204 dereli-

515 2238 659 2285 ctum
689 2233 1053 2301 conqueritur,
1083 2234 1172 2303 qui
1198 2236 1463 2303 passionis
1494 2235 1777 2293 formidine
1813 2246 1868 2294 et
1893 2243 2081 2295 mortis

514 2329 722 2376 terrore
766 2324 1088 2390 concutitur,
1140 2333 1360 2395 propter
1400 2327 1544 2396 quod
1595 2337 1652 2382 et
1700 2328 1918 2385 calicem
1965 2345 1994 2383 a
2023 2345 2082 2386 se

514 2412 791 2466 transferri
825 2422 1088 2481 precatur,
1117 2421 1173 2469 et
1196 2430 1352 2483 quam
1384 2416 1546 2470 multa
1581 2418 1600 2489 (
1617 2432 1736 2486 quae
1755 2433 2083 2475 commemo-

515 2517 637 2557 rare
668 2505 888 2572 longutn
925 2508 1032 2576 est)
1074 2507 1386 2562 humanitati
1433 2509 1800 2564 convenientia
1844 2511 2080 2580 patitur:
2109 2525 2126 2532 '

511 2597 632 2666 quis
664 2605 768 2652 tam
798 2598 1053 2668 insipiens
1078 2607 1239 2655 estut
1263 2600 1377 2656 btet:
1402 2599 1512 2657 Deo
1535 2615 1829 2672 congruere
1858 2605 2084 2660 arbitre-

511 2688 643 2741 tur?

588 2779 680 2836 XI.
713 2779 843 2834 Nam
869 2782 955 2836 illa
979 2782 1234 2838 virtutum
1272 2783 1526 2839 miracula
1567 2799 1672 2838 non
1717 2786 1928 2855 propria
1963 2801 2084 2855 per-

515 2879 758 2940 petrasse
784 2872 996 2937 virtute,
1020 2872 1114 2928 sed
1149 2873 1310 2928 Deum
1333 2888 1429 2943 per
1461 2888 1584 2928 eum
1629 2873 1822 2930 fecisse
1859 2875 2082 2931 creden-

2182 1677 2366 1748 (Hebr.
2402 1695 2439 1746 t,
2470 1679 2546 1747 4).
2581 1680 2731 1748 Quod
2760 1683 2900 1737 enim
2927 1682 2984 1737 fit
3003 1683 3086 1737 vel
3111 1686 3387 1753 accipitur,
3427 1702 3488 1740 ex
3517 1696 3758 1757 tempore

2181 1769 2344 1822 sumit
2381 1769 2616 1827 initium.
2662 1772 2791 1825 Nam
2833 1788 2898 1826 ex
2927 1774 3131 1829 semine
3162 1775 3323 1829 David
3353 1778 3571 1845 originis
3612 1794 3755 1832 sum-

2183 1860 2356 1928 psisse
2381 1859 2732 1928 principium,
2773 1861 2951 1917 divina
2997 1865 3189 1934 ubique
3230 1875 3493 1920 testantur
3518 1870 3755 1938 eloquia,

2182 1951 2322 2004 sicut
2353 1950 2489 2004 Deus
2541 1956 2608 2004 ad
2660 1950 2828 2006 David
2884 1953 3138 2023 loquitur,
3189 1956 3374 2010 dicens
3407 1975 3419 2008 :
3450 1956 3620 2011 Filius
3672 1962 3755 2026 qui

2182 2040 2464 2108 egredietur
2486 2042 2548 2093 de
2567 2042 2770 2096 renibus
2790 2043 2912 2107 tuis,
2939 2043 3050 2112 ipse
3081 2046 3352 2114 ludiﬁcabit
3386 2048 3512 2100 mihi
3547 2048 3754 2101 domum

2185 2130 2308 2203 (Ill
2335 2133 2460 2202 Reg.
2488 2148 2605 2201 VIII,’
2638 2133 2746 2203 l9).
2781 2135 2847 2189 Et
2874 2136 3066 2191 iterum
3096 2153 3112 2192 :
3143 2137 3220 2193 De
3241 2141 3412 2208 [ructu
3455 2143 3646 2195 ventris
3684 2145 3754 2194 lui

2185 2239 2374 2290 ponam
2389 2239 2541 2292 super
2563 2224 2731 2279 sedem
2754 2241 2916 2280 meam
2935 2226 3104 2298 (Psal.
3126 2243 3306 2294 cxsxr,
3330 2231 3439 2302 ll).
3465 2231 3532 2286 Et
3563 2233 3750 2286 Isaias:

2190 2311 2319 2365 Ecce
2342 2314 2494 2365 radix
2517 2311 2661 2368 Jesse
2679 2323 2912 2386 exsurget
2940 2333 3110 2387 regere
3137 2331 3307 2391 gentes
3335 2321 3384 2390 (Ι
3393 2324 3485 2376 sai.
3527 2338 3578 2375 at
3597 2363 3614 2386 ,
3647 2323 3750 2389 l0).

2187 2401 2253 2456 Et
2275 2403 2560 2470 Apostolus
2591 2422 2605 2458 :
2633 2404 2708 2459 De
2728 2403 2888 2472 Filio,
2920 2406 3120 2476 inquit,
3156 2425 3279 2472 suo,
3312 2413 3400 2480 qui
3420 2415 3586 2481 {actus
3613 2423 3686 2466 est
3713 2416 3753 2464 ei

2183 2506 2246 2543 ea:
2267 2493 2454 2545 seruias
2485 2492 2647 2546 David
2675 2493 2852 2564 (Rom.
2884 2511 2924 2560 t,
2951 2497 3028 2565 5).
3056 2496 3123 2550 Et
3152 2498 3342 2552 iterum
3374 2517 3388 2554 :
3423 2499 3621 2554 Memor
3657 2513 3755 2554 este

2184 2580 2445 2636 Christum
2470 2582 2648 2637 Iesum
2677 2587 3012 2642 resurrezt'rse
3040 2603 3073 2640 a
3119 2591 3329 2644 mortuis
3351 2606 3416 2644 ea:
3443 2593 3630 2645 semine
3657 2589 3753 2644 De-

2183 2672 2268 2726 oid
2294 2671 2388 2742 (II
2412 2673 2541 2727 Tim.
2571 2689 2632 2738 tt,
2661 2674 2740 2742 8).
2772 2674 2839 2728 Et
2866 2676 3084 2744 angelus
3106 2678 3171 2730 ad
3198 2678 3417 2732 Mariam
3445 2695 3460 2730 :
3491 2679 3640 2732 Dabit
3659 2681 3754 2741 illi,

2185 2764 2372 2831 inquit,
2403 2764 2536 2818 Deus
2556 2765 2723 2819 sedem
2750 2763 2918 2819 David
2937 2768 3094 2836 patris
3114 2768 3196 2821 sui
3217 2766 3370 2836 (Luc.
3391 2769 3558 2839 539).
3581 2769 3658 2822 Es
3678 2769 3751 2823 his

2183 2853 2346 2924 igitur
2373 2862 2530 2922 atque
2569 2856 2690 2909 aliis
2733 2870 2892 2925 quam
2928 2856 3168 2925 pluribus
3207 2857 3604 2913 demonstratur
3650 2862 3750 2913 evi-

514 2961 664 3028 dum,
693 2961 832 3015 sicut
855 2960 968 3030 ipse
989 2961 1060 3016 ait
1091 2979 1102 3015 ε
1129 2961 1287 3016 pum
1309 2964 1362 3017 δη
1389 2979 1469 3017 ,η
1492 2980 1729 3029 mum,
1767 2965 1892 3034 [πει
1931 2981 2084 3035 opem
2109 2943 2157 3005 (Ξ
2188 2945 2400 3000 dentius
2447 2960 2557 3000 non
2582 2946 2750 3000 Deum
2789 2956 2913 3002 ante
2941 2947 3133 3030 saecula
3165 2947 3348 3014 fuisse,
3380 2952 3477 3005 sed
3509 2953 3559 3004 in
3589 2950 3748 3005 Deum

514 3051 698 3124 (Joan.
729 3068 836 3122 xw,
862 3052 970 3124 10).
1005 3053 1071 3108 Ει
1096 3050 1284 3109 iterum
1308 3070 1324 3110 :
1353 3053 1474 3108 Non
1502 3065 1666 3125 potest
1685 3071 1788 3109 ase
1815 3055 1981 3110 Filius
2002 3058 2084 3126 fa-

510 3162 624 3200 cere
677 3147 956 3216 quidquam
1005 3145 1186 3218 (Joan.
1218 3144 1427 3216 v,'l9).
1485 3145 1619 3211 Quia
1666 3146 1809 3200 enim
1861 3147 2084 3201 multum

517 3237 627 3292 Deo
657 3245 907 3304 acceptus
932 3233 1051 3303 fuit,
1084 3236 1336 3306 quidquid
1359 3237 1527 3290 voluit
1554 3237 1886 3291 orationibus
1916 3239 2082 3306 impe-

502 3328 836 3383 .travit.l\'am
869 3327 915 3382 si
945 3328 1166 3402 mortuis
1211 3327 1416 3382 reddita
1455 3337 1539 3382 est
1573 3329 1710 3392 vita,
1739 3327 1783 3380 si
1815 3327 1974 3381 caecis
2005 3328 2083 3381 lu-

389 3414 396 3421 ’
509 3437 654 3488 men,
683 3423 728 3477 si
756 3422 1015 3478 debilibus
1037 3422 1226 3486 virtus,
1244 3423 1288 3476 si
1309 3421 1537 3492 leprosis
1566 3420 1843 3487 munditia,
1871 3421 1914 3475 si
1937 3436 2084 3476 mare

512 3516 762 3583 ventique
789 3522 1098 3576 cesserunt,
1128 3513 1171 3566 si
1206 3512 1579 3566 alimentorum
1626 3521 1865 3567 creatura
1909 3513 2083 3566 multi-

398 3648 410 3654 .
511 3605 692 3673 plicati
748 3603 946 3657 fenoris
1013 3603 1184 3658 sensit
1243 3609 1604 3672 augmentum,
1662 3619 1769 3656 non
1818 3601 1918 3656 nisi
1968 3602 2082 3657 haec

512 3693 690 3748 omnia
713 3693 969 3746 orationis
998 3707 1220 3746 munere
1246 3692 1421 3746 elicita
1447 3706 1568 3747 esse
1595 3699 1903 3745 noscuntur.
1928 3689 2082 3745 Simi-

510 3783 652 3851 lique
681 3781 842 3835 modo
867 3781 1094 3850 perfecta
1117 3780 1356 3850 quaedam
1378 3780 1650 3848 prophetae
1669 3781 1721 3832 in
1753 3779 1845 3833 Dei
1863 3778 2080 3833 nomine

511 3873 870 3946 perfecerunt.
903 3872 1100 3926 Verum
1142 3871 1264 3941 quia
1306 3870 1392 3925 hic
1439 3872 1492 3925 in
1539 3855 1739 3924 tantum
1771 3884 1830 3924 se
1861 3868 1969 3923 Deo
1997 3868 2080 3922 di-

510 3980 697 4035 gnum,
727 3965 1096 4033 carioremque
1134 3962 1525 4031 perseverando
1563 3961 1617 4014 in
1664 3960 1928 4014 mandatis
1964 3959 2078 4028 ejus

509 4055 774 4122 exhibuit,
807 4063 865 4108 ut
895 4055 1007 4122 ipse
1040 4054 1113 4106 ait
1142 4069 1156 4104 :
1189 4053 1298 4123 Ego
1329 4067 1442 4120 quur
1485 4051 1675 4119 placita
1702 4059 1817 4104 sunt
1857 4051 1904 4104 ei
1947 4050 2079 4118 facio

507 4162 707 4218 semper
730 4146 906 4215 (Joan.
931 4159 1045 4209 vnt,
1076 4142 1196 4212 29),
1229 4151 1285 4197 et
1323 4152 1379 4196 ut
1416 4141 1575 4196 Pater
1612 4155 1819 4210 quoque
1861 4139 1927 4192 ad
1955 4155 2075 4194 eum

513 4254 607 4310 per
633 4238 877 4308 angelum
907 4232 1158 4304 loquitur,
1181 4233 1366 4290 dicens
1395 4232 1557 4306 (sicut
1585 4233 1636 4287 in
1666 4231 1918 4287 Zacharia
1946 4231 2079 4287 scri-

2190 3035 2345 3091 bona:
2372 3035 2600 3091 actionis
2629 3037 2819 3091 merito
2850 3028 3157 3106 profecisse.

2256 3126 2372 3180 XII.
2399 3124 2600 3185 Probus
2628 3127 2794 3195 judea:
2829 3127 2998 3193 dixit:
3020 3126 3297 3181 Intentatis
3317 3142 3344 3180 a
3372 3128 3593 3182 Pbotino
3613 3142 3746 3198 qu:-

2184 3218 2449 3272 stionihus
2495 3234 2527 3273 e
2569 3219 2783 3274 diverso
2811 3218 3136 3274 venientium
3184 3221 3620 3290 responsionibus
3660 3237 3746 3276 oc-

2194 3317 2458 3362 curratur.

2257 3400 2570 3453 Athanasius
2595 3398 2726 3452 dixit
2748 3415 2768 3453 :
2793 3398 2849 3454 Si
2885 3413 2948 3455 ea
2996 3416 3115 3469 qua
3142 3401 3300 3456 Arius
3341 3409 3526 3456 contra
3563 3392 3744 3457 Sabel-

2185 3488 2314 3542 lium
2357 3499 2668 3557 prosecutus
2714 3497 2798 3544 est
2840 3490 3122 3559 diligenter
3166 3491 3434 3558 advertas,
3490 3491 3560 3546 ibi
3593 3491 3740 3547 etiam

2185 3580 2395 3635 Photini
2421 3581 2698 3650 perfidiam
2731 3583 2930 3650 pariter
2951 3582 3228 3651 cognoscis
3251 3585 3548 3639 exclusam.
3624 3581 3637 3593 '

2254 3671 2454 3726 Probus
2467 3672 2634 3742 judes
2653 3673 2782 3727 dixit
2812 3689 2830 3727 :
2861 3673 2931 3728 Ut
2957 3674 3118 3743 puta?

2252 3760 2564 3836 Athanasius
2589 3762 2718 3816 dixit
2744 3763 3043 3818 :Sahellius
3085 3778 3241 3818 unam
3286 3764 3586 3820 conﬁtendo
3632 3778 3740 3833 per-

2182 3865 2394 3918 sonam,
2429 3851 2618 3906 Filium
2650 3860 2775 3906 ante
2803 3861 3112 3908 cunctorum
3140 3853 3401 3923 originem
3432 3855 3737 3908 saeculorum

2182 3944 2481 4012 subsistere
2510 3944 2794 4015 denegavit
2819 3944 2997 4014 :~quod
3035 3946 3203 4014 ipsum
3233 3961 3444 4014 quoque
3493 3945 3736 4000 Photinus

2183 4035 2362 4104 impiis
2390 4048 2702 4090 asseverare
2721 4033 3039 4098 commentis
3076 4034 3402 4103 aggreditur,
3446 4033 3570 4111 dum
3617 4032 3746 4087 Filio

2183 4143 2252 4184 ex
2279 4128 2496 4186 humani
2526 4124 2676 4180 ortus
2704 4125 2977 4180 nativitate
3003 4125 3208 4180 initium
3240 4125 3501 4190 tribuens,
3533 4125 3735 4178 omnino

2183 4234 2304 4274 eum
2348 4227 2452 4272 non
2498 4204 2665 4271 fuisse.
2707 4225 2947 4269 testatur.
2995 4216 3122 4282 Quae
3179 4215 3433 4284 sacrilega
3484 4212 3734 4282 opinionis

508 4301 658 4399 ptum
689 4301 794 4397 est)
825 4343 838 4381 :
870 4301 1114 4396 Angelus,
1139 4325 1328 4395 inquit,
1366 4301 1570 4377 Domini
1605 4326 1799 4388 stabat,
1821 4333 1866 4377 et
1903 4332 2076 4376 eonte-

2191 4311 2476 4373 senteutia,
2514 4308 2641 4362 Ario
2670 4306 2940 4374 copiosius
2987 4315 3341 4383 prosequente
3388 4315 3593 4358 cassata
3638 4310 3735 4354 est.

506 4420 734 4474 stabatur
760 4417 794 4471 Ι
800 4433 940 4472 esum
968 4433 985 4471 :
1009 4416 1135 4471 Hec
1160 4411 1286 4469 dicit
1309 4413 1556 4468 Dominus
1571 4413 1705 4467 Deus
1725 4416 2031 4467 exercituum
2055 4430 2074 4467 :

508 4512 569 4567 Si
592 4513 644 4564 in
666 4512 756 4564 viis
776 4511 894 4564 meis
915 4508 1279 4574 ambulaveris,
1307 4516 1355 4561 et
1382 4509 1665 4562 custodiam
1703 4523 1869 4561 meam
1907 4516 2075 4560 custo-

506 4601 684 4664 dieris,
716 4610 769 4652 tu
789 4615 983 4669 quoque
999 4598 1258 4669 judieabis
1278 4598 1484 4652 domum
1523 4606 1687 4650 meam
1722 4596 1962 4666 (Zachar.
1990 4611 2069 4660 ιιι,

510 4692 604 4759 5),
653 4697 707 4744 et
751 4697 807 4741 ut
844 4697 1069 4744 mortem
1119 4702 1215 4757 pro
1269 4687 1450 4741 mundi
1497 4689 1667 4743 salute
1707 4679 2074 4755 aequanimiter

507 4781 625 4835 tulit
649 4797 663 4844 ;
690 4778 760 4834 ob
789 4777 909 4842 hoc,
939 4779 1175 4846 inquam,
1202 4776 1340 4845 quod
1371 4791 1431 4830 se
1446 4784 1643 4830 tantum
1661 4791 1722 4830 ac
1742 4776 1896 4831 talem
1919 4775 2071 4831 exhi-

509 4876 643 4939 buit,
693 4872 843 4927 dedit
892 4868 963 4924 illi
1016 4871 1153 4926 Deus
1204 4869 1569 4924 universorum
1615 4853 1975 4937 potestatem,
2013 4883 2076 4922 ac

508 4969 676 5024 Deum
709 4967 857 5020 illum
880 4964 1039 5018 totius
1067 4973 1320 5018 creatura:
1346 4962 1641 5026 constituit,
1674 4962 1812 5016 sicut
1855 4963 2078 5030 Aposto-

513 5065 594 5117 lus
631 5061 806 5126 docet,
855 5057 1040 5111 dicens
1066 5072 1079 5108 :
1105 5055 1405 5110 Humiliavit
1445 5055 1768 5122 semetipsum
1812 5069 1968 5122 usque
2012 5055 2079 5104 ad

510 5161 740 5216 mortem,
764 5158 975 5203 mortem
999 5156 1166 5200 autem
1191 5148 1374 5201 crucis.
1416 5146 1635 5215 Propter
1668 5146 1803 5214 quod
1850 5155 1897 5197 et
1939 5141 2076 5197 Deus

508 5246 653 5298 illum
685 5241 940 5303 exultavit,
962 5247 1009 5291 et
1027 5237 1165 5290 dedit
1183 5237 1258 5289 illi
1284 5252 1462 5290 nomen
1490 5238 1626 5306 quod
1655 5245 1727 5288 est
1752 5250 1904 5304 super
1930 5249 2076 5286 omne

513 5339 800 5395 nomen;ut
829 5331 881 5383 in
909 5333 1110 5382 nomine
1147 5326 1273 5380 Iesu
1313 5343 1456 5379 omne
1489 5344 1616 5396 genu
1647 5328 1898 5394 ﬂectatur,
1931 5324 2074 5377 caele-

512 5437 684 5486 stium,
709 5421 1014 5481 terrestrium
1043 5428 1088 5472 ct
1109 5419 1424 5485 infernarum
1454 5415 1618 5484 (Phil.
1649 5430 1704 5477 Il,
1732 5416 1808 5482 8).
1843 5413 1993 5468 Unde
2020 5421 2075 5468 et

515 5519 629 5585 ipse
662 5522 774 5584 post
800 5514 1118 5584 passionem,
1151 5525 1268 5581 qua:
1310 5508 1359 5565 ei
1398 5506 1501 5563 tale
1537 5506 1756 5564 contulit
1800 5505 2068 5570 meritum,

2185 4404 2383 4470 Aperte
2411 4401 2553 4456 enim
2592 4410 2646 4455 et
2691 4398 2916 4454 lucidius
2961 4397 3367 4461 demonstravit,
3419 4396 3608 4450 Filium
3648 4391 3739 4446 Dei

2183 4499 2350 4554 Deum
2375 4505 2501 4550 ante
2529 4503 2769 4564 tempora
2799 4485 3124 4549 substitisse.
3529 4565 3534 4569 ι

2253 4591 2452 4647 Probus
2492 4589 2646 4653 iudex
2663 4573 3068 4641 disinhlemini
3095 4582 3338 4654 equidem
3374 4583 3524 4653 131
3565 4580 3737 4635 Arium

2184 4689 2250 4743 de
2295 4684 2621 4752 proprietate
2659 4694 2900 4749 personae
2926 4679 3043 4734 Filii
3071 4676 3409 4732 subsistentis
3443 4683 3619 4729 contra
3644 4670 3726 4723 Sa-

2181 4778 2397 4833 bellium
2427 4774 2558 4828 satis
2585 4772 2788 4841 egisse;
2812 4770 2905 4824 sed
2933 4768 3305 4837 disputationis
3340 4766 3472 4821 ordo
3499 4766 3582 4820 vel
3605 4761 3732 4817 ratio

2182 4870 2353 4942 poscit
2385 4844 2461 4922 ἰιι
2510 4864 2716 4946 Photini
2780 4876 2992 4931 quoque
3031 4860 3256 4914 assertio
3297 4857 3511 4926 proprio
3561 4854 3728 4908 debeat

2187 4963 2371 5018 contra
2407 4959 2685 5016 nitentium
2731 4951 3064 5008 refutationis
3085 4951 3236 5004 obice
3283 4947 3624 5007 submovcri;
3667 4954 3721 4992 ne

2185 5055 2310 5108 dum
2341 5052 2498 5105 nimis
2528 5046 2770 5102 brevitati
2800 5041 3056 5114 studetis,
3106 5055 3189 5095 res
3232 5039 3560 5094 necessarias
3583 5031 3717 5088 omit-

2187 5154 2299 5197 tcre
2325 5136 2630 5194 videamini.
2675 5134 2789 5188 Non
2820 5133 2961 5188 enim
3008 5144 3222 5199 parvam
3269 5128 3444 5182 intulit
3482 5141 3589 5180 sua:
3618 5118 3719 5174 fidei

2183 5231 2562 5301 qumstionem,
2605 5225 2789 5280 multis
2836 5220 3189 5276 asseverando
3245 5216 3611 5278 documentis,
3651 5207 3720 5262 Fi'

2181 5323 2308 5378 lium
2351 5320 2441 5375 Dei
2485 5333 2547 5371 ex
2589 5315 2752 5370 Maria
2792 5313 2996 5367 initium
3041 5309 3338 5377 accepisse,
3381 5315 3436 5361 et
3483 5307 3536 5360 in
3579 5303 3718 5357 Deum

2187 5409 2494 5468 clarissimae
2525 5405 2746 5461 actionis
2772 5403 2960 5457 merito
2991 5398 3298 5470 profecisse.

2250 5499 2554 5557 Athanasius
2585 5496 2714 5553 dixit
2742 5512 2758 5550 .'
2785 5493 2899 5551 Non
2930 5491 3127 5563 pigebit
3157 5499 3242 5545 aut
3272 5501 3378 5553 me,
3409 5494 3504 5540 aut
3539 5483 3713 5539 Arium,
