  <div class='ocr_page' id='page_1' title='image "/cluster/home/n/w/nwhite01/storage/ocr_20150623/61-62/uva.x000827102/682.png"; bbox 0 0 3842 6226; ppageno 0'>
   <div class='ocr_carea' id='block_1_1' title="bbox 98 232 193 289">
    <p class='ocr_par' dir='ltr' id='par_1_1' title="bbox 98 232 193 289">
     <span class='ocr_line' id='line_1_1' title="bbox 98 232 193 289; baseline 0 0"><span class='ocrx_word' id='word_1_1' title='bbox 98 232 193 289; x_wconf 71' lang='grc' dir='ltr'><strong>ιδο</strong></span> 
     </span>
    </p>
   </div>
   <div class='ocr_carea' id='block_1_2' title="bbox 94 438 1652 515">
    <p class='ocr_par' dir='ltr' id='par_1_2' title="bbox 94 438 1652 515">
     <span class='ocr_line' id='line_1_2' title="bbox 94 438 1652 515; baseline 0.008 -26"><span class='ocrx_word' id='word_1_2' title='bbox 94 451 329 506; x_wconf 69' lang='lat' dir='ltr'><strong>arguere,</strong></span> <span class='ocrx_word' id='word_1_3' title='bbox 359 438 452 506; x_wconf 91' lang='lat' dir='ltr'><strong>qui</strong></span> <span class='ocrx_word' id='word_1_4' title='bbox 475 439 526 492; x_wconf 89' lang='lat' dir='ltr'><strong>in</strong></span> <span class='ocrx_word' id='word_1_5' title='bbox 555 448 761 494; x_wconf 82' lang='lat' dir='ltr'><strong>tantum</strong></span> <span class='ocrx_word' id='word_1_6' title='bbox 785 443 1024 511; x_wconf 91' lang='lat' dir='ltr'><strong>prorupit</strong></span> <span class='ocrx_word' id='word_1_7' title='bbox 1051 442 1297 508; x_wconf 68' lang='lat' dir='ltr'><strong>insaniae,</strong></span> <span class='ocrx_word' id='word_1_8' title='bbox 1335 453 1395 500; x_wconf 93' lang='lat' dir='ltr'><strong>ut</strong></span> <span class='ocrx_word' id='word_1_9' title='bbox 1420 446 1652 515; x_wconf 81' lang='lat' dir='ltr'><strong>prophe-</strong></span> 
     </span>
    </p>
   </div>
   <div class='ocr_carea' id='block_1_3' title="bbox 96 525 1651 599">
    <p class='ocr_par' dir='ltr' id='par_1_3' title="bbox 96 525 1651 599">
     <span class='ocr_line' id='line_1_3' title="bbox 96 525 1651 599; baseline 0.007 -19"><span class='ocrx_word' id='word_1_10' title='bbox 96 525 392 599; x_wconf 70' lang='lat' dir='ltr'><strong>tieisatqne</strong></span> <span class='ocrx_word' id='word_1_11' title='bbox 411 529 720 597; x_wconf 76' lang='lat' dir='ltr'><strong>apostolicis</strong></span> <span class='ocrx_word' id='word_1_12' title='bbox 732 530 907 599; x_wconf 88' lang='lat' dir='ltr'><strong>dictis,</strong></span> <span class='ocrx_word' id='word_1_13' title='bbox 933 547 1131 587; x_wconf 79' lang='lat' dir='ltr'><strong>vesano</strong></span> <span class='ocrx_word' id='word_1_14' title='bbox 1154 533 1346 588; x_wconf 81' lang='lat' dir='ltr'><strong>luroris</strong></span> <span class='ocrx_word' id='word_1_15' title='bbox 1370 533 1450 588; x_wconf 91' lang='lat' dir='ltr'><strong>sul</strong></span> <span class='ocrx_word' id='word_1_16' title='bbox 1471 534 1651 591; x_wconf 87' lang='lat' dir='ltr'><strong>animo</strong></span> 
     </span>
    </p>
   </div>
   <div class='ocr_carea' id='block_1_4' title="bbox 96 598 1652 693">
    <p class='ocr_par' dir='ltr' id='par_1_4' title="bbox 96 598 1652 693">
     <span class='ocr_line' id='line_1_4' title="bbox 96 598 1652 693; baseline 0.006 -23"><span class='ocrx_word' id='word_1_17' title='bbox 96 598 393 686; x_wconf 74' lang='lat' dir='ltr'><strong>repugnans</strong></span> <span class='ocrx_word' id='word_1_18' title='bbox 409 657 429 682; x_wconf 91' lang='lat'><strong>,</strong></span> <span class='ocrx_word' id='word_1_19' title='bbox 453 618 635 673; x_wconf 88' lang='lat' dir='ltr'><strong>nescio</strong></span> <span class='ocrx_word' id='word_1_20' title='bbox 662 634 782 690; x_wconf 70' lang='lat' dir='ltr'><strong>qua:</strong></span> <span class='ocrx_word' id='word_1_21' title='bbox 809 598 1062 676; x_wconf 88' lang='lat' dir='ltr'><strong>vilissima</strong></span> <span class='ocrx_word' id='word_1_22' title='bbox 1092 622 1451 693; x_wconf 84' lang='lat' dir='ltr'><strong>derogationis</strong></span> <span class='ocrx_word' id='word_1_23' title='bbox 1469 637 1652 680; x_wconf 86' lang='lat' dir='ltr'><strong>exem-</strong></span> 
     </span>
    </p>
   </div>
   <div class='ocr_carea' id='block_1_5' title="bbox 97 708 1653 783">
    <p class='ocr_par' dir='ltr' id='par_1_5' title="bbox 97 708 1653 783">
     <span class='ocr_line' id='line_1_5' title="bbox 97 708 1653 783; baseline 0.007 -24"><span class='ocrx_word' id='word_1_24' title='bbox 97 709 193 774; x_wconf 88' lang='lat' dir='ltr'><strong>pla,</strong></span> <span class='ocrx_word' id='word_1_25' title='bbox 223 720 343 776; x_wconf 76' lang='lat' dir='ltr'><strong>qua:</strong></span> <span class='ocrx_word' id='word_1_26' title='bbox 376 708 519 764; x_wconf 89' lang='lat' dir='ltr'><strong>Deus</strong></span> <span class='ocrx_word' id='word_1_27' title='bbox 557 725 654 779; x_wconf 90' lang='lat' dir='ltr'><strong>pro</strong></span> <span class='ocrx_word' id='word_1_28' title='bbox 692 720 888 767; x_wconf 64' lang='lat' dir='ltr'><strong>nostra:</strong></span> <span class='ocrx_word' id='word_1_29' title='bbox 924 712 1307 783; x_wconf 74' lang='lat' dir='ltr'><strong>redemptionis</strong></span> <span class='ocrx_word' id='word_1_30' title='bbox 1341 715 1512 771; x_wconf 88' lang='lat' dir='ltr'><strong>salute</strong></span> <span class='ocrx_word' id='word_1_31' title='bbox 1557 731 1653 772; x_wconf 61' lang='lat' dir='ltr'><strong>vo.</strong></span> 
     </span>
    </p>
   </div>
   <div class='ocr_carea' id='block_1_6' title="bbox 99 796 1652 875">
    <p class='ocr_par' dir='ltr' id='par_1_6' title="bbox 99 796 1652 875">
     <span class='ocr_line' id='line_1_6' title="bbox 99 796 1652 875; baseline 0.008 -25"><span class='ocrx_word' id='word_1_32' title='bbox 99 796 317 851; x_wconf 90' lang='lat' dir='ltr'><strong>Iuntario</strong></span> <span class='ocrx_word' id='word_1_33' title='bbox 345 797 514 854; x_wconf 90' lang='lat' dir='ltr'><strong>subiit</strong></span> <span class='ocrx_word' id='word_1_34' title='bbox 541 800 766 870; x_wconf 68' lang='lat' dir='ltr'><strong>adeetu,</strong></span> <span class='ocrx_word' id='word_1_35' title='bbox 812 800 866 856; x_wconf 92' lang='lat' dir='ltr'><strong>in</strong></span> <span class='ocrx_word' id='word_1_36' title='bbox 906 803 1152 872; x_wconf 88' lang='lat' dir='ltr'><strong>iujuriam</strong></span> <span class='ocrx_word' id='word_1_37' title='bbox 1180 813 1338 860; x_wconf 76' lang='lat' dir='ltr'><strong>tanta:</strong></span> <span class='ocrx_word' id='word_1_38' title='bbox 1369 807 1652 875; x_wconf 73' lang='lat' dir='ltr'><strong>protulerit</strong></span> 
     </span>
    </p>
   </div>
   <div class='ocr_carea' id='block_1_7' title="bbox 97 885 1229 951">
    <p class='ocr_par' dir='ltr' id='par_1_7' title="bbox 97 885 1229 951">
     <span class='ocr_line' id='line_1_7' title="bbox 97 885 1229 951; baseline 0.013 -16"><span class='ocrx_word' id='word_1_39' title='bbox 97 885 408 951; x_wconf 72' lang='lat' dir='ltr'><strong>maiestatis.</strong></span> <span class='ocrx_word' id='word_1_40' title='bbox 1226 918 1229 919; x_wconf 49' lang='grc' dir='ltr'><em>ν</em></span> 
     </span>
    </p>
   </div>
   <div class='ocr_carea' id='block_1_8' title="bbox 160 974 1655 1043">
    <p class='ocr_par' dir='ltr' id='par_1_8' title="bbox 160 974 1655 1043">
     <span class='ocr_line' id='line_1_8' title="bbox 160 974 1655 1043; baseline 0.01 -15"><span class='ocrx_word' id='word_1_41' title='bbox 160 974 293 1031; x_wconf 76' lang='lat' dir='ltr'>XIII.</span> <span class='ocrx_word' id='word_1_42' title='bbox 327 977 488 1034; x_wconf 79' lang='lat' dir='ltr'><strong>Arius</strong></span> <span class='ocrx_word' id='word_1_43' title='bbox 512 980 644 1034; x_wconf 67' lang='lat' dir='ltr'><strong>dixit</strong></span> <span class='ocrx_word' id='word_1_44' title='bbox 670 997 690 1036; x_wconf 90' lang='lat'><strong><em>:</em></strong></span> <span class='ocrx_word' id='word_1_45' title='bbox 719 981 1064 1040; x_wconf 83' lang='lat' dir='ltr'><strong>Tolerabilius</strong></span> <span class='ocrx_word' id='word_1_46' title='bbox 1109 985 1655 1043; x_wconf 62' lang='lat' dir='ltr'><strong>JudaeorumChristo</strong></span> 
     </span>
    </p>
   </div>
   <div class='ocr_carea' id='block_1_9' title="bbox 102 1062 1657 1149">
    <p class='ocr_par' dir='ltr' id='par_1_9' title="bbox 102 1062 1657 1149">
     <span class='ocr_line' id='line_1_9' title="bbox 102 1062 1657 1149; baseline 0.01 -29"><span class='ocrx_word' id='word_1_47' title='bbox 102 1062 464 1124; x_wconf 72' lang='lat' dir='ltr'><strong>insultantium</strong></span> <span class='ocrx_word' id='word_1_48' title='bbox 487 1086 669 1138; x_wconf 85' lang='lat' dir='ltr'><strong>voces,</strong></span> <span class='ocrx_word' id='word_1_49' title='bbox 699 1086 788 1127; x_wconf 88' lang='lat' dir='ltr'><strong>aut</strong></span> <span class='ocrx_word' id='word_1_50' title='bbox 814 1076 1047 1130; x_wconf 76' lang='lat' dir='ltr'><strong>cruciﬁxi</strong></span> <span class='ocrx_word' id='word_1_51' title='bbox 1069 1077 1288 1134; x_wconf 90' lang='lat' dir='ltr'><strong>latronis</strong></span> <span class='ocrx_word' id='word_1_52' title='bbox 1310 1079 1657 1149; x_wconf 69' lang='lat' dir='ltr'><strong>blaSphemim</strong></span> 
     </span>
    </p>
   </div>
   <div class='ocr_carea' id='block_1_10' title="bbox 99 1156 1657 1239">
    <p class='ocr_par' dir='ltr' id='par_1_10' title="bbox 99 1156 1657 1239">
     <span class='ocr_line' id='line_1_10' title="bbox 99 1156 1657 1239; baseline 0.01 -29"><span class='ocrx_word' id='word_1_53' title='bbox 99 1156 394 1225; x_wconf 78' lang='lat' dir='ltr'><strong>audiuntur,</strong></span> <span class='ocrx_word' id='word_1_54' title='bbox 410 1175 574 1229; x_wconf 88' lang='lat' dir='ltr'><strong>quam</strong></span> <span class='ocrx_word' id='word_1_55' title='bbox 601 1162 824 1218; x_wconf 77' lang='lat' dir='ltr'><strong>nefanda</strong></span> <span class='ocrx_word' id='word_1_56' title='bbox 845 1164 998 1235; x_wconf 82' lang='lat' dir='ltr'><strong>hujus</strong></span> <span class='ocrx_word' id='word_1_57' title='bbox 1015 1167 1229 1224; x_wconf 83' lang='lat' dir='ltr'><strong>Pho&#39;tini</strong></span> <span class='ocrx_word' id='word_1_58' title='bbox 1254 1168 1473 1239; x_wconf 81' lang='lat' dir='ltr'><strong>perﬁdia</strong></span> <span class='ocrx_word' id='word_1_59' title='bbox 1494 1169 1657 1225; x_wconf 83' lang='lat' dir='ltr'><strong>susti-</strong></span> 
     </span>
    </p>
   </div>
   <div class='ocr_carea' id='block_1_11' title="bbox 102 1249 1656 1330">
    <p class='ocr_par' dir='ltr' id='par_1_11' title="bbox 102 1249 1656 1330">
     <span class='ocr_line' id='line_1_11' title="bbox 102 1249 1656 1330; baseline 0.008 -28"><span class='ocrx_word' id='word_1_60' title='bbox 102 1260 266 1306; x_wconf 84' lang='lat' dir='ltr'><strong>netur.</strong></span> <span class='ocrx_word' id='word_1_61' title='bbox 296 1250 432 1318; x_wconf 77' lang='lat' dir='ltr'><strong>Quis</strong></span> <span class='ocrx_word' id='word_1_62' title='bbox 463 1253 769 1310; x_wconf 79' lang='lat' dir='ltr'><strong>enim&#39;ierat</strong></span> <span class='ocrx_word' id='word_1_63' title='bbox 823 1271 1011 1324; x_wconf 88' lang='lat' dir='ltr'><strong>purum</strong></span> <span class='ocrx_word' id='word_1_64' title='bbox 1042 1249 1308 1314; x_wconf 80' lang='lat' dir='ltr'><strong>hominem</strong></span> <span class='ocrx_word' id='word_1_65' title='bbox 1356 1260 1656 1330; x_wconf 71' lang='lat' dir='ltr'><strong>pmtlieari,</strong></span> 
     </span>
    </p>
   </div>
   <div class='ocr_carea' id='block_1_12' title="bbox 101 1341 1656 1419">
    <p class='ocr_par' dir='ltr' id='par_1_12' title="bbox 101 1341 1656 1419">
     <span class='ocr_line' id='line_1_12' title="bbox 101 1341 1656 1419; baseline 0.006 -27"><span class='ocrx_word' id='word_1_66' title='bbox 101 1349 180 1393; x_wconf 83' lang='lat' dir='ltr'><strong>aut</strong></span> <span class='ocrx_word' id='word_1_67' title='bbox 203 1354 268 1395; x_wconf 88' lang='lat' dir='ltr'><strong>ex</strong></span> <span class='ocrx_word' id='word_1_68' title='bbox 292 1341 465 1397; x_wconf 66' lang='lat' dir='ltr'><strong>Maria</strong></span> <span class='ocrx_word' id='word_1_69' title='bbox 487 1343 777 1413; x_wconf 79' lang='lat' dir='ltr'><strong>sumpsisse</strong></span> <span class='ocrx_word' id='word_1_70' title='bbox 807 1346 1012 1400; x_wconf 87' lang='lat' dir='ltr'><strong>initium</strong></span> <span class='ocrx_word' id='word_1_71' title='bbox 1040 1363 1161 1402; x_wconf 91' lang='lat' dir='ltr'><strong>eum</strong></span> <span class='ocrx_word' id='word_1_72' title='bbox 1212 1349 1300 1419; x_wconf 85' lang='lat' dir='ltr'><strong>qui</strong></span> <span class='ocrx_word' id='word_1_73' title='bbox 1337 1361 1397 1403; x_wconf 88' lang='lat' dir='ltr'><strong>se</strong></span> <span class='ocrx_word' id='word_1_74' title='bbox 1425 1348 1494 1404; x_wconf 91' lang='lat' dir='ltr'><strong>dc</strong></span> <span class='ocrx_word' id='word_1_75' title='bbox 1517 1349 1656 1404; x_wconf 69' lang='lat' dir='ltr'><strong>coelo</strong></span> 
     </span>
    </p>
   </div>
   <div class='ocr_carea' id='block_1_13' title="bbox 103 1429 1662 1507">
    <p class='ocr_par' dir='ltr' id='par_1_13' title="bbox 103 1429 1662 1507">
     <span class='ocr_line' id='line_1_13' title="bbox 103 1429 1662 1507; baseline 0.01 -28"><span class='ocrx_word' id='word_1_76' title='bbox 103 1429 294 1485; x_wconf 84' lang='lat' dir='ltr'><strong>venisse</strong></span> <span class='ocrx_word' id='word_1_77' title='bbox 319 1441 378 1486; x_wconf 86' lang='lat' dir='ltr'><strong>et</strong></span> <span class='ocrx_word' id='word_1_78' title='bbox 404 1441 534 1488; x_wconf 91' lang='lat' dir='ltr'><strong>ante</strong></span> <span class='ocrx_word' id='word_1_79' title='bbox 557 1434 749 1489; x_wconf 72' lang='lat' dir='ltr'><strong>saecula</strong></span> <span class='ocrx_word' id='word_1_80' title='bbox 797 1436 1032 1505; x_wconf 85' lang='lat' dir='ltr'><strong>genitum</strong></span> <span class='ocrx_word' id='word_1_81' title='bbox 1081 1447 1400 1507; x_wconf 89' lang='lat' dir='ltr'><strong>protestatur</strong></span> <span class='ocrx_word' id='word_1_82' title='bbox 1433 1479 1450 1504; x_wconf 92' lang='lat'><strong>,</strong></span> <span class='ocrx_word' id='word_1_83' title='bbox 1523 1441 1662 1495; x_wconf 85' lang='lat' dir='ltr'><strong>sicut</strong></span> 
     </span>
    </p>
   </div>
   <div class='ocr_carea' id='block_1_14' title="bbox 103 1519 1663 1602">
    <p class='ocr_par' dir='ltr' id='par_1_14' title="bbox 103 1519 1663 1602">
     <span class='ocr_line' id='line_1_14' title="bbox 103 1519 1663 1602; baseline 0.008 -29"><span class='ocrx_word' id='word_1_84' title='bbox 103 1519 226 1574; x_wconf 84' lang='lat' dir='ltr'><strong>idem</strong></span> <span class='ocrx_word' id='word_1_85' title='bbox 251 1520 319 1576; x_wconf 90' lang='lat' dir='ltr'><strong>de</strong></span> <span class='ocrx_word' id='word_1_86' title='bbox 339 1521 504 1578; x_wconf 81' lang='lat' dir='ltr'><strong>Patre</strong></span> <span class='ocrx_word' id='word_1_87' title='bbox 527 1524 767 1594; x_wconf 83' lang='lat' dir='ltr'><strong>loquens,</strong></span> <span class='ocrx_word' id='word_1_88' title='bbox 797 1536 850 1580; x_wconf 88' lang='lat' dir='ltr'><strong>et</strong></span> <span class='ocrx_word' id='word_1_89' title='bbox 878 1537 1090 1582; x_wconf 67' lang='lat' dir='ltr'><strong>clerum</strong></span> <span class='ocrx_word' id='word_1_90' title='bbox 1143 1528 1432 1584; x_wconf 75' lang='lat' dir='ltr'><strong>nativitatis</strong></span> <span class='ocrx_word' id='word_1_91' title='bbox 1460 1539 1663 1602; x_wconf 84' lang='lat' dir='ltr'><strong>myste-</strong></span> 
     </span>
    </p>
   </div>
   <div class='ocr_carea' id='block_1_15' title="bbox 105 1610 1663 1689">
    <p class='ocr_par' dir='ltr' id='par_1_15' title="bbox 105 1610 1663 1689">
     <span class='ocr_line' id='line_1_15' title="bbox 105 1610 1663 1689; baseline 0.006 -25"><span class='ocrx_word' id='word_1_92' title='bbox 105 1610 228 1666; x_wconf 82' lang='lat' dir='ltr'><strong>rium</strong></span> <span class='ocrx_word' id='word_1_93' title='bbox 254 1613 517 1682; x_wconf 85' lang='lat' dir='ltr'><strong>pandens,</strong></span> <span class='ocrx_word' id='word_1_94' title='bbox 544 1616 654 1670; x_wconf 87' lang='lat' dir='ltr'><strong>ait:</strong></span> <span class='ocrx_word' id='word_1_95' title='bbox 679 1617 804 1671; x_wconf 78' lang='lat' dir='ltr'><strong>Ante</strong></span> <span class='ocrx_word' id='word_1_96' title='bbox 826 1620 1011 1672; x_wconf 67' lang='lat' dir='ltr'><strong>secuta</strong></span> <span class='ocrx_word' id='word_1_97' title='bbox 1060 1620 1291 1689; x_wconf 81' lang='lat' dir='ltr'><strong>fundavit</strong></span> <span class='ocrx_word' id='word_1_98' title='bbox 1334 1637 1430 1685; x_wconf 82' lang='lat' dir='ltr'><strong>nte,</strong></span> <span class='ocrx_word' id='word_1_99' title='bbox 1459 1628 1504 1674; x_wconf 85' lang='lat' dir='ltr'><strong>et</strong></span> <span class='ocrx_word' id='word_1_100' title='bbox 1546 1629 1663 1675; x_wconf 84' lang='lat' dir='ltr'><strong>ante</strong></span> 
     </span>
    </p>
   </div>
   <div class='ocr_carea' id='block_1_16' title="bbox 108 1704 1663 1778">
    <p class='ocr_par' dir='ltr' id='par_1_16' title="bbox 108 1704 1663 1778">
     <span class='ocr_line' id='line_1_16' title="bbox 108 1704 1663 1778; baseline 0.01 -25"><span class='ocrx_word' id='word_1_101' title='bbox 108 1716 260 1756; x_wconf 75' lang='lat' dir='ltr'><strong>altrm</strong></span> <span class='ocrx_word' id='word_1_102' title='bbox 284 1704 444 1759; x_wconf 77' lang='lat' dir='ltr'><strong>calles</strong></span> <span class='ocrx_word' id='word_1_103' title='bbox 473 1707 645 1776; x_wconf 82' lang='lat' dir='ltr'><strong>genuit</strong></span> <span class='ocrx_word' id='word_1_104' title='bbox 671 1725 767 1762; x_wconf 85' lang='lat' dir='ltr'><strong>me.</strong></span> <span class='ocrx_word' id='word_1_105' title='bbox 810 1707 936 1763; x_wconf 85' lang='lat' dir='ltr'><strong>Cum</strong></span> <span class='ocrx_word' id='word_1_106' title='bbox 990 1722 1192 1778; x_wconf 79' lang='lat' dir='ltr'><strong>pararet</strong></span> <span class='ocrx_word' id='word_1_107' title='bbox 1236 1711 1405 1778; x_wconf 71' lang='lat' dir='ltr'><strong>ets/os,</strong></span> <span class='ocrx_word' id='word_1_108' title='bbox 1456 1714 1663 1768; x_wconf 81' lang='lat' dir='ltr'><strong>aderant</strong></span> 
     </span>
    </p>
   </div>
   <div class='ocr_carea' id='block_1_17' title="bbox 108 1789 1669 1876">
    <p class='ocr_par' dir='ltr' id='par_1_17' title="bbox 108 1789 1669 1876">
     <span class='ocr_line' id='line_1_17' title="bbox 108 1789 1669 1876; baseline 0.01 -33"><span class='ocrx_word' id='word_1_109' title='bbox 108 1792 176 1844; x_wconf 78' lang='lat' dir='ltr'><strong>illi</strong></span> <span class='ocrx_word' id='word_1_110' title='bbox 193 1789 374 1860; x_wconf 71' lang='lat' dir='ltr'><strong>(Prov.</strong></span> <span class='ocrx_word' id='word_1_111' title='bbox 399 1810 522 1862; x_wconf 83' lang='lat' dir='ltr'><strong>vm,</strong></span> <span class='ocrx_word' id='word_1_112' title='bbox 542 1796 778 1867; x_wconf 77' lang='lat' dir='ltr'><strong>23).Sed</strong></span> <span class='ocrx_word' id='word_1_113' title='bbox 809 1807 862 1854; x_wconf 89' lang='lat' dir='ltr'><strong>et</strong></span> <span class='ocrx_word' id='word_1_114' title='bbox 890 1800 1045 1856; x_wconf 88' lang='lat' dir='ltr'><strong>Pater</strong></span> <span class='ocrx_word' id='word_1_115' title='bbox 1065 1802 1128 1856; x_wconf 85' lang='lat' dir='ltr'><strong>ad</strong></span> <span class='ocrx_word' id='word_1_116' title='bbox 1160 1803 1403 1857; x_wconf 89' lang='lat' dir='ltr'><strong>eumdem</strong></span> <span class='ocrx_word' id='word_1_117' title='bbox 1436 1805 1669 1876; x_wconf 84' lang='lat' dir='ltr'><strong>loquitur</strong></span> 
     </span>
    </p>
   </div>
   <div class='ocr_carea' id='block_1_18' title="bbox 107 1880 1666 1964">
    <p class='ocr_par' dir='ltr' id='par_1_18' title="bbox 107 1880 1666 1964">
     <span class='ocr_line' id='line_1_18' title="bbox 107 1880 1666 1964; baseline 0.012 -32"><span class='ocrx_word' id='word_1_118' title='bbox 107 1880 274 1937; x_wconf 85' lang='lat' dir='ltr'><strong>dicens</strong></span> <span class='ocrx_word' id='word_1_119' title='bbox 311 1900 328 1937; x_wconf 90' lang='lat'><strong>:</strong></span> <span class='ocrx_word' id='word_1_120' title='bbox 361 1882 452 1939; x_wconf 71' lang='lat' dir='ltr'><strong>Ex</strong></span> <span class='ocrx_word' id='word_1_121' title='bbox 481 1896 624 1941; x_wconf 75' lang='lat' dir='ltr'><strong>utero</strong></span> <span class='ocrx_word' id='word_1_122' title='bbox 668 1898 782 1944; x_wconf 84' lang='lat' dir='ltr'><strong>ante</strong></span> <span class='ocrx_word' id='word_1_123' title='bbox 808 1889 1071 1961; x_wconf 75' lang='lat' dir='ltr'><strong>luciferum</strong></span> <span class='ocrx_word' id='word_1_124' title='bbox 1094 1894 1244 1962; x_wconf 86' lang='lat' dir='ltr'><strong>genui</strong></span> <span class='ocrx_word' id='word_1_125' title='bbox 1281 1905 1329 1948; x_wconf 87' lang='lat' dir='ltr'><strong>te</strong></span> <span class='ocrx_word' id='word_1_126' title='bbox 1357 1894 1527 1964; x_wconf 87' lang='lat' dir='ltr'><strong>(Psal.</strong></span> <span class='ocrx_word' id='word_1_127' title='bbox 1559 1911 1666 1963; x_wconf 78' lang='lat' dir='ltr'><strong>cu,</strong></span> 
     </span>
    </p>
   </div>
   <div class='ocr_carea' id='block_1_19' title="bbox 111 1969 1667 2052">
    <p class='ocr_par' dir='ltr' id='par_1_19' title="bbox 111 1969 1667 2052">
     <span class='ocr_line' id='line_1_19' title="bbox 111 1969 1667 2052; baseline 0.008 -28"><span class='ocrx_word' id='word_1_128' title='bbox 111 1969 177 2039; x_wconf 76' lang='lat'><strong>3).</strong></span> <span class='ocrx_word' id='word_1_129' title='bbox 196 1973 319 2039; x_wconf 86' lang='lat' dir='ltr'><strong>Quia</strong></span> <span class='ocrx_word' id='word_1_130' title='bbox 351 1975 503 2030; x_wconf 81' lang='lat' dir='ltr'><strong>enim</strong></span> <span class='ocrx_word' id='word_1_131' title='bbox 531 1977 700 2031; x_wconf 67' lang='lat' dir='ltr'><strong>stellae</strong></span> <span class='ocrx_word' id='word_1_132' title='bbox 727 1979 779 2032; x_wconf 90' lang='lat' dir='ltr'><strong>in</strong></span> <span class='ocrx_word' id='word_1_133' title='bbox 807 1980 974 2048; x_wconf 78' lang='lat' dir='ltr'><strong>signis</strong></span> <span class='ocrx_word' id='word_1_134' title='bbox 990 1990 1284 2051; x_wconf 87' lang='lat' dir='ltr'><strong>temporum</strong></span> <span class='ocrx_word' id='word_1_135' title='bbox 1315 1985 1502 2052; x_wconf 65' lang='lat' dir='ltr'><strong>positae</strong></span> <span class='ocrx_word' id='word_1_136' title='bbox 1523 1994 1667 2051; x_wconf 88' lang='lat' dir='ltr'><strong>sunt,</strong></span> 
     </span>
    </p>
   </div>
   <div class='ocr_carea' id='block_1_20' title="bbox 111 2061 1671 2145">
    <p class='ocr_par' dir='ltr' id='par_1_20' title="bbox 111 2061 1671 2145">
     <span class='ocr_line' id='line_1_20' title="bbox 111 2061 1671 2145; baseline 0.011 -33"><span class='ocrx_word' id='word_1_137' title='bbox 111 2061 430 2118; x_wconf 76' lang='lat' dir='ltr'><strong>nativitatem</strong></span> <span class='ocrx_word' id='word_1_138' title='bbox 462 2064 582 2120; x_wconf 79' lang='lat' dir='ltr'><strong>Filii</strong></span> <span class='ocrx_word' id='word_1_139' title='bbox 609 2067 692 2122; x_wconf 89' lang='lat' dir='ltr'><strong>sui</strong></span> <span class='ocrx_word' id='word_1_140' title='bbox 725 2067 866 2122; x_wconf 89' lang='lat' dir='ltr'><strong>Deus</strong></span> <span class='ocrx_word' id='word_1_141' title='bbox 887 2069 1044 2132; x_wconf 78' lang='lat' dir='ltr'><strong>Pater</strong></span> <span class='ocrx_word' id='word_1_142' title='bbox 1062 2081 1185 2127; x_wconf 85' lang='lat' dir='ltr'><strong>ante</strong></span> <span class='ocrx_word' id='word_1_143' title='bbox 1221 2082 1481 2127; x_wconf 87' lang='lat' dir='ltr'><strong>astrorum</strong></span> <span class='ocrx_word' id='word_1_144' title='bbox 1509 2074 1671 2145; x_wconf 86' lang='lat' dir='ltr'><strong>origi-</strong></span> 
     </span>
    </p>
   </div>
   <div class='ocr_carea' id='block_1_21' title="bbox 120 2151 1672 2227">
    <p class='ocr_par' dir='ltr' id='par_1_21' title="bbox 120 2151 1672 2227">
     <span class='ocr_line' id='line_1_21' title="bbox 120 2151 1672 2227; baseline 0.01 -24"><span class='ocrx_word' id='word_1_145' title='bbox 120 2151 306 2220; x_wconf 86' lang='lat' dir='ltr'><strong>nem,id</strong></span> <span class='ocrx_word' id='word_1_146' title='bbox 333 2162 419 2209; x_wconf 79' lang='lat' dir='ltr'><strong>est</strong></span> <span class='ocrx_word' id='word_1_147' title='bbox 441 2163 569 2210; x_wconf 87' lang='lat' dir='ltr'><strong>ante</strong></span> <span class='ocrx_word' id='word_1_148' title='bbox 598 2158 832 2211; x_wconf 90' lang='lat' dir='ltr'><strong>omnium</strong></span> <span class='ocrx_word' id='word_1_149' title='bbox 862 2169 1155 2227; x_wconf 87' lang='lat' dir='ltr'><strong>temporum</strong></span> <span class='ocrx_word' id='word_1_150' title='bbox 1181 2162 1370 2216; x_wconf 88' lang='lat' dir='ltr'><strong>seriem</strong></span> <span class='ocrx_word' id='word_1_151' title='bbox 1400 2163 1672 2219; x_wconf 80' lang='lat' dir='ltr'><strong>exstitisse</strong></span> 
     </span>
    </p>
   </div>
   <div class='ocr_carea' id='block_1_22' title="bbox 115 2246 1672 2323">
    <p class='ocr_par' dir='ltr' id='par_1_22' title="bbox 115 2246 1672 2323">
     <span class='ocr_line' id='line_1_22' title="bbox 115 2246 1672 2323; baseline 0.01 -31"><span class='ocrx_word' id='word_1_152' title='bbox 115 2249 348 2323; x_wconf 58' lang='lat' dir='ltr'><strong>testatur.</strong></span> <span class='ocrx_word' id='word_1_153' title='bbox 384 2246 513 2302; x_wconf 80' lang='lat' dir='ltr'><strong>Sive</strong></span> <span class='ocrx_word' id='word_1_154' title='bbox 537 2248 844 2316; x_wconf 87' lang='lat' dir='ltr'><strong>spiritaliter</strong></span> <span class='ocrx_word' id='word_1_155' title='bbox 890 2250 1087 2306; x_wconf 91' lang='lat' dir='ltr'><strong>dictum</strong></span> <span class='ocrx_word' id='word_1_156' title='bbox 1136 2252 1512 2323; x_wconf 75' lang='lat' dir='ltr'><strong>intelligamus,</strong></span> <span class='ocrx_word' id='word_1_157' title='bbox 1553 2263 1672 2308; x_wconf 82' lang='lat' dir='ltr'><strong>ante</strong></span> 
     </span>
    </p>
   </div>
   <div class='ocr_carea' id='block_1_23' title="bbox 121 2317 1669 2414">
    <p class='ocr_par' dir='ltr' id='par_1_23' title="bbox 121 2317 1669 2414">
     <span class='ocr_line' id='line_1_23' title="bbox 121 2317 1669 2414; baseline 0.009 -30"><span class='ocrx_word' id='word_1_158' title='bbox 121 2317 364 2403; x_wconf 72' lang='lat' dir='ltr'><strong>lseiferxris</strong></span> <span class='ocrx_word' id='word_1_159' title='bbox 388 2376 406 2402; x_wconf 95' lang='lat'><strong>,</strong></span> <span class='ocrx_word' id='word_1_160' title='bbox 437 2337 494 2391; x_wconf 90' lang='lat' dir='ltr'><strong>id</strong></span> <span class='ocrx_word' id='word_1_161' title='bbox 522 2346 606 2392; x_wconf 87' lang='lat' dir='ltr'><strong>est</strong></span> <span class='ocrx_word' id='word_1_162' title='bbox 639 2347 763 2394; x_wconf 87' lang='lat' dir='ltr'><strong>ante</strong></span> <span class='ocrx_word' id='word_1_163' title='bbox 813 2341 1116 2410; x_wconf 79' lang='lat' dir='ltr'><strong>angelorum</strong></span> <span class='ocrx_word' id='word_1_164' title='bbox 1157 2317 1504 2409; x_wconf 39' lang='lat' dir='ltr'><strong>creaturam}</strong></span> <span class='ocrx_word' id='word_1_165' title='bbox 1533 2357 1669 2414; x_wconf 86' lang='lat' dir='ltr'><strong>quo-</strong></span> 
     </span>
    </p>
   </div>
   <div class='ocr_carea' id='block_1_24' title="bbox 117 2419 1671 2502">
    <p class='ocr_par' dir='ltr' id='par_1_24' title="bbox 117 2419 1671 2502">
     <span class='ocr_line' id='line_1_24' title="bbox 117 2419 1671 2502; baseline 0.01 -30"><span class='ocrx_word' id='word_1_166' title='bbox 117 2419 240 2474; x_wconf 88' lang='lat' dir='ltr'><strong>niam</strong></span> <span class='ocrx_word' id='word_1_167' title='bbox 269 2422 335 2478; x_wconf 88' lang='lat' dir='ltr'><strong>de</strong></span> <span class='ocrx_word' id='word_1_168' title='bbox 356 2425 554 2495; x_wconf 71' lang='lat' dir='ltr'><strong>angelo</strong></span> <span class='ocrx_word' id='word_1_169' title='bbox 589 2426 785 2482; x_wconf 89' lang='lat' dir='ltr'><strong>dictum</strong></span> <span class='ocrx_word' id='word_1_170' title='bbox 819 2440 935 2483; x_wconf 92' lang='lat' dir='ltr'><strong>est:</strong></span> <span class='ocrx_word' id='word_1_171' title='bbox 970 2428 1170 2498; x_wconf 80' lang='lat' dir='ltr'><strong>Lucifer</strong></span> <span class='ocrx_word' id='word_1_172' title='bbox 1204 2431 1293 2502; x_wconf 88' lang='lat' dir='ltr'><strong>qui</strong></span> <span class='ocrx_word' id='word_1_173' title='bbox 1343 2447 1491 2486; x_wconf 80' lang='lat' dir='ltr'><strong>mane</strong></span> <span class='ocrx_word' id='word_1_174' title='bbox 1538 2433 1671 2487; x_wconf 84' lang='lat' dir='ltr'><strong>orie-</strong></span> 
     </span>
    </p>
   </div>
   <div class='ocr_carea' id='block_1_25' title="bbox 119 2510 1356 2589">
    <p class='ocr_par' dir='ltr' id='par_1_25' title="bbox 119 2510 1356 2589">
     <span class='ocr_line' id='line_1_25' title="bbox 119 2510 1356 2589; baseline 0.012 -23"><span class='ocrx_word' id='word_1_175' title='bbox 119 2510 245 2567; x_wconf 72' lang='lat' dir='ltr'><strong>batur</strong></span> <span class='ocrx_word' id='word_1_176' title='bbox 274 2513 403 2585; x_wconf 79' lang='lat' dir='ltr'><strong>(las.</strong></span> <span class='ocrx_word' id='word_1_177' title='bbox 427 2532 544 2585; x_wconf 78' lang='lat' dir='ltr'><strong>xiv,</strong></span> <span class='ocrx_word' id='word_1_178' title='bbox 577 2517 688 2589; x_wconf 79' lang='lat' dir='ltr'><strong>l2).</strong></span> <span class='ocrx_word' id='word_1_179' title='bbox 1350 2562 1356 2565; x_wconf 97' lang='lat'><em>-</em></span> 
     </span>
    </p>
   </div>
   <div class='ocr_carea' id='block_1_26' title="bbox 181 2602 1672 2681">
    <p class='ocr_par' dir='ltr' id='par_1_26' title="bbox 181 2602 1672 2681">
     <span class='ocr_line' id='line_1_26' title="bbox 181 2602 1672 2681; baseline 0.009 -25"><span class='ocrx_word' id='word_1_180' title='bbox 181 2602 422 2662; x_wconf 64' lang='lat' dir='ltr'><strong>Phemius</strong></span> <span class='ocrx_word' id='word_1_181' title='bbox 457 2609 593 2663; x_wconf 70' lang='lat' dir='ltr'><strong>dixit</strong></span> <span class='ocrx_word' id='word_1_182' title='bbox 624 2625 645 2664; x_wconf 91' lang='lat'><strong><em>:</em></strong></span> <span class='ocrx_word' id='word_1_183' title='bbox 691 2609 803 2665; x_wconf 84' lang='lat' dir='ltr'><strong>Hoc</strong></span> <span class='ocrx_word' id='word_1_184' title='bbox 851 2610 1140 2666; x_wconf 91' lang='lat' dir='ltr'><strong>secundum</strong></span> <span class='ocrx_word' id='word_1_185' title='bbox 1195 2611 1672 2681; x_wconf 65' lang='lat' dir='ltr'><strong>praedestinat‘onis</strong></span> 
     </span>
    </p>
   </div>
   <div class='ocr_carea' id='block_1_27' title="bbox 120 2695 1670 2772">
    <p class='ocr_par' dir='ltr' id='par_1_27' title="bbox 120 2695 1670 2772">
     <span class='ocr_line' id='line_1_27' title="bbox 120 2695 1670 2772; baseline 0.01 -25"><span class='ocrx_word' id='word_1_186' title='bbox 120 2695 371 2751; x_wconf 78' lang='lat' dir='ltr'><strong>veritatem</strong></span> <span class='ocrx_word' id='word_1_187' title='bbox 392 2698 600 2754; x_wconf 89' lang='lat' dir='ltr'><strong>dictum</strong></span> <span class='ocrx_word' id='word_1_188' title='bbox 620 2703 898 2772; x_wconf 91' lang='lat' dir='ltr'><strong>accipitur,</strong></span> <span class='ocrx_word' id='word_1_189' title='bbox 923 2704 1181 2772; x_wconf 86' lang='lat' dir='ltr'><strong>Apostolo</strong></span> <span class='ocrx_word' id='word_1_190' title='bbox 1225 2713 1558 2762; x_wconf 80' lang='lat' dir='ltr'><strong>contestante</strong></span> <span class='ocrx_word' id='word_1_191' title='bbox 1588 2716 1670 2762; x_wconf 80' lang='lat' dir='ltr'><strong>at-</strong></span> 
     </span>
    </p>
   </div>
   <div class='ocr_carea' id='block_1_28' title="bbox 125 2784 1672 2861">
    <p class='ocr_par' dir='ltr' id='par_1_28' title="bbox 125 2784 1672 2861">
     <span class='ocr_line' id='line_1_28' title="bbox 125 2784 1672 2861; baseline 0.009 -25"><span class='ocrx_word' id='word_1_192' title='bbox 125 2797 208 2850; x_wconf 83' lang='lat' dir='ltr'><strong>que</strong></span> <span class='ocrx_word' id='word_1_193' title='bbox 232 2784 471 2843; x_wconf 83' lang='lat' dir='ltr'><strong>dicente&#39;:</strong></span> <span class='ocrx_word' id='word_1_194' title='bbox 504 2789 608 2855; x_wconf 82' lang='lat' dir='ltr'><strong>Qui</strong></span> <span class='ocrx_word' id='word_1_195' title='bbox 635 2792 1020 2861; x_wconf 68' lang='lat' dir='ltr'><strong>prtedestinalus</strong></span> <span class='ocrx_word' id='word_1_196' title='bbox 1046 2802 1116 2847; x_wconf 88' lang='lat' dir='ltr'><strong>est</strong></span> <span class='ocrx_word' id='word_1_197' title='bbox 1146 2790 1314 2847; x_wconf 82' lang='lat' dir='ltr'><strong>Filius</strong></span> <span class='ocrx_word' id='word_1_198' title='bbox 1344 2794 1440 2849; x_wconf 83' lang='lat' dir='ltr'><strong>Dei</strong></span> <span class='ocrx_word' id='word_1_199' title='bbox 1483 2797 1536 2848; x_wconf 87' lang='lat' dir='ltr'><strong>in</strong></span> <span class='ocrx_word' id='word_1_200' title='bbox 1566 2798 1672 2850; x_wconf 81' lang='lat' dir='ltr'><strong>vir-</strong></span> 
     </span>
    </p>
   </div>
   <div class='ocr_carea' id='block_1_29' title="bbox 120 2874 1670 2957">
    <p class='ocr_par' dir='ltr' id='par_1_29' title="bbox 120 2874 1670 2957">
     <span class='ocr_line' id='line_1_29' title="bbox 120 2874 1670 2957; baseline 0.01 -31"><span class='ocrx_word' id='word_1_201' title='bbox 120 2874 402 2946; x_wconf 68' lang='lat' dir='ltr'><strong>tutemini.</strong></span> <span class='ocrx_word' id='word_1_202' title='bbox 425 2895 463 2942; x_wconf 86' lang='grc' dir='ltr'>ι.</span> <span class='ocrx_word' id='word_1_203' title='bbox 494 2881 576 2949; x_wconf 72' lang='grc'><strong>4).</strong></span> <span class='ocrx_word' id='word_1_204' title='bbox 604 2880 735 2935; x_wconf 77' lang='lat' dir='ltr'><strong>Nam</strong></span> <span class='ocrx_word' id='word_1_205' title='bbox 757 2882 837 2937; x_wconf 88' lang='lat' dir='ltr'><strong>sic</strong></span> <span class='ocrx_word' id='word_1_206' title='bbox 867 2881 1064 2937; x_wconf 91' lang='lat' dir='ltr'><strong>dictum</strong></span> <span class='ocrx_word' id='word_1_207' title='bbox 1090 2890 1173 2938; x_wconf 88' lang='lat' dir='ltr'><strong>est</strong></span> <span class='ocrx_word' id='word_1_208' title='bbox 1198 2901 1209 2936; x_wconf 92' lang='lat'><strong>:</strong></span> <span class='ocrx_word' id='word_1_209' title='bbox 1242 2886 1373 2939; x_wconf 81' lang='lat' dir='ltr'><strong>Ante</strong></span> <span class='ocrx_word' id='word_1_210' title='bbox 1399 2885 1554 2941; x_wconf 80' lang='lat' dir='ltr'><strong>colles</strong></span> <span class='ocrx_word' id='word_1_211' title='bbox 1579 2904 1670 2957; x_wconf 80' lang='lat' dir='ltr'><strong>ge-</strong></span> 
     </span>
    </p>
   </div>
   <div class='ocr_carea' id='block_1_30' title="bbox 129 2967 1672 3047">
    <p class='ocr_par' dir='ltr' id='par_1_30' title="bbox 129 2967 1672 3047">
     <span class='ocr_line' id='line_1_30' title="bbox 129 2967 1672 3047; baseline 0.012 -34"><span class='ocrx_word' id='word_1_212' title='bbox 129 2967 307 3021; x_wconf 71' lang='lat' dir='ltr'><strong>nuit-te</strong></span> <span class='ocrx_word' id='word_1_213' title='bbox 330 2968 517 3037; x_wconf 72' lang='lat' dir='ltr'><strong>(Prov.</strong></span> <span class='ocrx_word' id='word_1_214' title='bbox 550 2987 662 3040; x_wconf 72' lang='grc' dir='ltr'><strong>πη,</strong></span> <span class='ocrx_word' id='word_1_215' title='bbox 689 2973 808 3042; x_wconf 77' lang='lat'><strong>25),</strong></span> <span class='ocrx_word' id='word_1_216' title='bbox 839 2974 960 3028; x_wconf 87' lang='lat' dir='ltr'><strong>vel:</strong></span> <span class='ocrx_word' id='word_1_217' title='bbox 992 2975 1420 3043; x_wconf 77' lang='lat' dir='ltr'><strong>Anteiuciferum</strong></span> <span class='ocrx_word' id='word_1_218' title='bbox 1449 2980 1601 3047; x_wconf 82' lang='lat' dir='ltr'><strong>genui</strong></span> <span class='ocrx_word' id='word_1_219' title='bbox 1625 2990 1672 3032; x_wconf 85' lang='lat' dir='ltr'><strong>te</strong></span> 
     </span>
    </p>
   </div>
   <div class='ocr_carea' id='block_1_31' title="bbox 129 3050 1742 3151">
    <p class='ocr_par' dir='ltr' id='par_1_31' title="bbox 129 3050 1742 3151">
     <span class='ocr_line' id='line_1_31' title="bbox 129 3050 1742 3151; baseline 0.01 -44"><span class='ocrx_word' id='word_1_220' title='bbox 129 3050 404 3128; x_wconf 80' lang='lat' dir='ltr'><strong>(Psst.ctx,</strong></span> <span class='ocrx_word' id='word_1_221' title='bbox 435 3060 526 3132; x_wconf 71' lang='grc' dir='ltr'><strong>ὅ),</strong></span> <span class='ocrx_word' id='word_1_222' title='bbox 583 3075 704 3117; x_wconf 87' lang='lat' dir='ltr'><strong>cum</strong></span> <span class='ocrx_word' id='word_1_223' title='bbox 748 3072 920 3118; x_wconf 90' lang='lat' dir='ltr'><strong>tamen</strong></span> <span class='ocrx_word' id='word_1_224' title='bbox 977 3064 1276 3120; x_wconf 84' lang='lat' dir='ltr'><strong>novissimis</strong></span> <span class='ocrx_word' id='word_1_225' title='bbox 1344 3069 1742 3151; x_wconf 75' lang='lat' dir='ltr'><strong>temporibusc</strong></span> 
     </span>
    </p>
   </div>
   <div class='ocr_carea' id='block_1_32' title="bbox 132 3140 1671 3222">
    <p class='ocr_par' dir='ltr' id='par_1_32' title="bbox 132 3140 1671 3222">
     <span class='ocr_line' id='line_1_32' title="bbox 132 3140 1671 3222; baseline 0.011 -27"><span class='ocrx_word' id='word_1_226' title='bbox 132 3140 264 3198; x_wconf 71' lang='lat' dir='ltr'><strong>fuerit</strong></span> <span class='ocrx_word' id='word_1_227' title='bbox 285 3157 435 3204; x_wconf 88' lang='lat' dir='ltr'><strong>natus</strong></span> <span class='ocrx_word' id='word_1_228' title='bbox 465 3190 482 3216; x_wconf 92' lang='lat'><strong>,</strong></span> <span class='ocrx_word' id='word_1_229' title='bbox 510 3151 780 3221; x_wconf 84' lang='lat' dir='ltr'><strong>quomodo</strong></span> <span class='ocrx_word' id='word_1_230' title='bbox 800 3161 854 3208; x_wconf 92' lang='lat' dir='ltr'><strong>et</strong></span> <span class='ocrx_word' id='word_1_231' title='bbox 881 3155 1165 3222; x_wconf 79' lang='lat' dir='ltr'><strong>Apostolus</strong></span> <span class='ocrx_word' id='word_1_232' title='bbox 1203 3155 1518 3211; x_wconf 86' lang='lat' dir='ltr'><strong>electionem</strong></span> <span class='ocrx_word' id='word_1_233' title='bbox 1547 3170 1671 3212; x_wconf 83' lang='lat' dir='ltr'><strong>san-</strong></span> 
     </span>
    </p>
   </div>
   <div class='ocr_carea' id='block_1_33' title="bbox 131 3241 1669 3303">
    <p class='ocr_par' dir='ltr' id='par_1_33' title="bbox 131 3241 1669 3303">
     <span class='ocr_line' id='line_1_33' title="bbox 131 3241 1669 3303; baseline 0.011 -17"><span class='ocrx_word' id='word_1_234' title='bbox 131 3241 305 3290; x_wconf 81' lang='lat' dir='ltr'><strong>ctorunt</strong></span> <span class='ocrx_word' id='word_1_235' title='bbox 346 3248 470 3296; x_wconf 88' lang='lat' dir='ltr'><strong>ante</strong></span> <span class='ocrx_word' id='word_1_236' title='bbox 515 3243 792 3300; x_wconf 80' lang='lat' dir='ltr'><strong>exordium</strong></span> <span class='ocrx_word' id='word_1_237' title='bbox 827 3241 1018 3297; x_wconf 78' lang='lat' dir='ltr'><strong>iactam</strong></span> <span class='ocrx_word' id='word_1_238' title='bbox 1071 3245 1260 3300; x_wconf 86' lang='lat' dir='ltr'><strong>asserit</strong></span> <span class='ocrx_word' id='word_1_239' title='bbox 1334 3245 1669 3303; x_wconf 61' lang='lat' dir='ltr'><strong>saeculorum.</strong></span> 
     </span>
    </p>
   </div>
   <div class='ocr_carea' id='block_1_34' title="bbox 137 3320 1667 3408">
    <p class='ocr_par' dir='ltr' id='par_1_34' title="bbox 137 3320 1667 3408">
     <span class='ocr_line' id='line_1_34' title="bbox 137 3320 1667 3408; baseline 0.01 -30"><span class='ocrx_word' id='word_1_240' title='bbox 137 3320 217 3408; x_wconf 67' lang='lat' dir='ltr'><strong>Qui</strong></span> <span class='ocrx_word' id='word_1_241' title='bbox 233 3342 332 3392; x_wconf 77' lang='lat' dir='ltr'><strong>nos,</strong></span> <span class='ocrx_word' id='word_1_242' title='bbox 347 3328 521 3400; x_wconf 83' lang='lat' dir='ltr'><strong>inquit</strong></span> <span class='ocrx_word' id='word_1_243' title='bbox 550 3331 700 3402; x_wconf 71' lang='lat' dir='ltr'><strong>elegit</strong></span> <span class='ocrx_word' id='word_1_244' title='bbox 719 3342 833 3385; x_wconf 88' lang='lat' dir='ltr'><strong>ante</strong></span> <span class='ocrx_word' id='word_1_245' title='bbox 852 3335 1252 3387; x_wconf 84' lang='lat' dir='ltr'><strong>constitutionem</strong></span> <span class='ocrx_word' id='word_1_246' title='bbox 1267 3336 1439 3388; x_wconf 86' lang='lat' dir='ltr'><strong>mundi</strong></span> <span class='ocrx_word' id='word_1_247' title='bbox 1454 3336 1667 3408; x_wconf 72' lang='lat' dir='ltr'><strong>(Epiros.</strong></span> 
     </span>
    </p>
   </div>
   <div class='ocr_carea' id='block_1_35' title="bbox 135 3403 1670 3490">
    <p class='ocr_par' dir='ltr' id='par_1_35' title="bbox 135 3403 1670 3490">
     <span class='ocr_line' id='line_1_35' title="bbox 135 3403 1670 3490; baseline 0.003 -17"><span class='ocrx_word' id='word_1_248' title='bbox 135 3403 165 3474; x_wconf 77' lang='grc'><strong>¹,</strong></span> <span class='ocrx_word' id='word_1_249' title='bbox 188 3412 429 3490; x_wconf 60' lang='lat' dir='ltr'><strong>H.133</strong></span> <span class='ocrx_word' id='word_1_250' title='bbox 464 3420 534 3474; x_wconf 79' lang='lat' dir='ltr'><strong>Et</strong></span> <span class='ocrx_word' id='word_1_251' title='bbox 564 3420 745 3490; x_wconf 88' lang='lat' dir='ltr'><strong>utique</strong></span> <span class='ocrx_word' id='word_1_252' title='bbox 771 3436 875 3476; x_wconf 93' lang='lat' dir='ltr'><strong>non</strong></span> <span class='ocrx_word' id='word_1_253' title='bbox 916 3431 1037 3476; x_wconf 88' lang='lat' dir='ltr'><strong>sunt</strong></span> <span class='ocrx_word' id='word_1_254' title='bbox 1059 3424 1176 3478; x_wconf 72' lang='lat' dir='ltr'><strong>&quot;nisi</strong></span> <span class='ocrx_word' id='word_1_255' title='bbox 1230 3425 1282 3479; x_wconf 91' lang='lat' dir='ltr'><strong>in</strong></span> <span class='ocrx_word' id='word_1_256' title='bbox 1336 3425 1440 3480; x_wconf 85' lang='lat' dir='ltr'><strong>ilne</strong></span> <span class='ocrx_word' id='word_1_257' title='bbox 1463 3403 1670 3480; x_wconf 78' lang='lat' dir='ltr'><strong>mundi</strong></span> 
     </span>
    </p>
   </div>
   <div class='ocr_carea' id='block_1_36' title="bbox 137 3501 1669 3586">
    <p class='ocr_par' dir='ltr' id='par_1_36' title="bbox 137 3501 1669 3586">
     <span class='ocr_line' id='line_1_36' title="bbox 137 3501 1669 3586; baseline 0.01 -30"><span class='ocrx_word' id='word_1_258' title='bbox 137 3501 282 3560; x_wconf 86' lang='lat' dir='ltr'><strong>electi.</strong></span> <span class='ocrx_word' id='word_1_259' title='bbox 304 3505 449 3564; x_wconf 90' lang='lat' dir='ltr'><strong>Sicut</strong></span> <span class='ocrx_word' id='word_1_260' title='bbox 471 3525 604 3581; x_wconf 87' lang='lat' dir='ltr'><strong>ergo</strong></span> <span class='ocrx_word' id='word_1_261' title='bbox 633 3511 889 3580; x_wconf 87' lang='lat' dir='ltr'><strong>apostoli,</strong></span> <span class='ocrx_word' id='word_1_262' title='bbox 915 3513 1002 3582; x_wconf 91' lang='lat' dir='ltr'><strong>qui</strong></span> <span class='ocrx_word' id='word_1_263' title='bbox 1030 3521 1153 3569; x_wconf 87' lang='lat' dir='ltr'><strong>ante</strong></span> <span class='ocrx_word' id='word_1_264' title='bbox 1172 3515 1362 3568; x_wconf 63' lang='lat' dir='ltr'><strong>saecula</strong></span> <span class='ocrx_word' id='word_1_265' title='bbox 1407 3529 1513 3586; x_wconf 88' lang='lat' dir='ltr'><strong>non</strong></span> <span class='ocrx_word' id='word_1_266' title='bbox 1538 3515 1669 3571; x_wconf 84' lang='lat' dir='ltr'><strong>sub-</strong></span> 
     </span>
    </p>
   </div>
   <div class='ocr_carea' id='block_1_37' title="bbox 139 3592 1665 3672">
    <p class='ocr_par' dir='ltr' id='par_1_37' title="bbox 139 3592 1665 3672">
     <span class='ocr_line' id='line_1_37' title="bbox 139 3592 1665 3672; baseline 0.012 -28"><span class='ocrx_word' id='word_1_267' title='bbox 139 3592 378 3666; x_wconf 81' lang='lat' dir='ltr'><strong>sistebant,</strong></span> <span class='ocrx_word' id='word_1_268' title='bbox 407 3609 587 3656; x_wconf 84' lang='lat' dir='ltr'><strong>tamen</strong></span> <span class='ocrx_word' id='word_1_269' title='bbox 621 3602 673 3656; x_wconf 91' lang='lat' dir='ltr'><strong>in</strong></span> <span class='ocrx_word' id='word_1_270' title='bbox 704 3602 1163 3672; x_wconf 68' lang='lat' dir='ltr'><strong>praedestinatione</strong></span> <span class='ocrx_word' id='word_1_271' title='bbox 1211 3605 1367 3660; x_wconf 86' lang='lat' dir='ltr'><strong>electi</strong></span> <span class='ocrx_word' id='word_1_272' title='bbox 1416 3620 1537 3661; x_wconf 87' lang='lat' dir='ltr'><strong>esse</strong></span> <span class='ocrx_word' id='word_1_273' title='bbox 1585 3607 1665 3661; x_wconf 90' lang='lat' dir='ltr'><strong>di-</strong></span> 
     </span>
    </p>
   </div>
   <div class='ocr_carea' id='block_1_38' title="bbox 140 3689 1665 3763">
    <p class='ocr_par' dir='ltr' id='par_1_38' title="bbox 140 3689 1665 3763">
     <span class='ocr_line' id='line_1_38' title="bbox 140 3689 1665 3763; baseline 0.011 -29"><span class='ocrx_word' id='word_1_274' title='bbox 140 3691 333 3751; x_wconf 82' lang='lat' dir='ltr'><strong>cuntur;</strong></span> <span class='ocrx_word' id='word_1_275' title='bbox 360 3689 548 3744; x_wconf 87' lang='lat' dir='ltr'><strong>eodem</strong></span> <span class='ocrx_word' id='word_1_276' title='bbox 571 3691 936 3760; x_wconf 65' lang='lat' dir='ltr'><strong>intelligentiae</strong></span> <span class='ocrx_word' id='word_1_277' title='bbox 978 3706 1172 3760; x_wconf 89' lang='lat' dir='ltr'><strong>genere</strong></span> <span class='ocrx_word' id='word_1_278' title='bbox 1213 3703 1267 3748; x_wconf 91' lang='lat' dir='ltr'><strong>et</strong></span> <span class='ocrx_word' id='word_1_279' title='bbox 1313 3694 1380 3749; x_wconf 91' lang='lat' dir='ltr'><strong>de</strong></span> <span class='ocrx_word' id='word_1_280' title='bbox 1431 3694 1665 3763; x_wconf 84' lang='lat' dir='ltr'><strong>Christo,</strong></span> 
     </span>
    </p>
   </div>
   <div class='ocr_carea' id='block_1_39' title="bbox 141 3772 1666 3853">
    <p class='ocr_par' dir='ltr' id='par_1_39' title="bbox 141 3772 1666 3853">
     <span class='ocr_line' id='line_1_39' title="bbox 141 3772 1666 3853; baseline 0.011 -29"><span class='ocrx_word' id='word_1_281' title='bbox 141 3772 253 3837; x_wconf 84' lang='lat' dir='ltr'><strong>quod</strong></span> <span class='ocrx_word' id='word_1_282' title='bbox 275 3787 390 3832; x_wconf 91' lang='lat' dir='ltr'><strong>ante</strong></span> <span class='ocrx_word' id='word_1_283' title='bbox 403 3779 596 3834; x_wconf 70' lang='lat' dir='ltr'><strong>saecula</strong></span> <span class='ocrx_word' id='word_1_284' title='bbox 615 3780 786 3835; x_wconf 91' lang='lat' dir='ltr'><strong>dictus</strong></span> <span class='ocrx_word' id='word_1_285' title='bbox 808 3789 888 3835; x_wconf 87' lang='lat' dir='ltr'><strong>est</strong></span> <span class='ocrx_word' id='word_1_286' title='bbox 915 3792 1090 3847; x_wconf 87' lang='lat' dir='ltr'><strong>natus,</strong></span> <span class='ocrx_word' id='word_1_287' title='bbox 1118 3784 1168 3836; x_wconf 91' lang='lat' dir='ltr'><strong>in</strong></span> <span class='ocrx_word' id='word_1_288' title='bbox 1209 3785 1666 3853; x_wconf 70' lang='lat' dir='ltr'><strong>praedestinatione</strong></span> 
     </span>
    </p>
   </div>
   <div class='ocr_carea' id='block_1_40' title="bbox 140 3859 1663 3943">
    <p class='ocr_par' dir='ltr' id='par_1_40' title="bbox 140 3859 1663 3943">
     <span class='ocr_line' id='line_1_40' title="bbox 140 3859 1663 3943; baseline 0.012 -30"><span class='ocrx_word' id='word_1_289' title='bbox 140 3859 306 3918; x_wconf 85' lang='lat' dir='ltr'><strong>dictum</strong></span> <span class='ocrx_word' id='word_1_290' title='bbox 332 3869 606 3938; x_wconf 87' lang='lat' dir='ltr'><strong>accipitur.</strong></span> <span class='ocrx_word' id='word_1_291' title='bbox 636 3870 794 3925; x_wconf 78' lang='lat' dir='ltr'><strong>Moris</strong></span> <span class='ocrx_word' id='word_1_292' title='bbox 818 3880 898 3927; x_wconf 86' lang='lat' dir='ltr'><strong>est</strong></span> <span class='ocrx_word' id='word_1_293' title='bbox 913 3873 1050 3926; x_wconf 90' lang='lat' dir='ltr'><strong>enim</strong></span> <span class='ocrx_word' id='word_1_294' title='bbox 1080 3872 1274 3928; x_wconf 69' lang='lat' dir='ltr'><strong>divina:</strong></span> <span class='ocrx_word' id='word_1_295' title='bbox 1294 3874 1582 3943; x_wconf 67' lang='lat' dir='ltr'><strong>Scriptura:</strong></span> <span class='ocrx_word' id='word_1_296' title='bbox 1610 3877 1663 3933; x_wconf 88' lang='lat' dir='ltr'><strong>id</strong></span> 
     </span>
    </p>
   </div>
   <div class='ocr_carea' id='block_1_41' title="bbox 141 3953 1665 4029">
    <p class='ocr_par' dir='ltr' id='par_1_41' title="bbox 141 3953 1665 4029">
     <span class='ocr_line' id='line_1_41' title="bbox 141 3953 1665 4029; baseline 0.011 -25"><span class='ocrx_word' id='word_1_297' title='bbox 141 3953 254 4014; x_wconf 83' lang='lat' dir='ltr'><strong>quod</strong></span> <span class='ocrx_word' id='word_1_298' title='bbox 279 3969 366 4021; x_wconf 91' lang='lat' dir='ltr'><strong>pro</strong></span> <span class='ocrx_word' id='word_1_299' title='bbox 389 3967 537 4013; x_wconf 89' lang='lat' dir='ltr'><strong>certo</strong></span> <span class='ocrx_word' id='word_1_300' title='bbox 567 3961 798 4014; x_wconf 75' lang='lat' dir='ltr'><strong>futurum</strong></span> <span class='ocrx_word' id='word_1_301' title='bbox 822 3969 902 4014; x_wconf 89' lang='lat' dir='ltr'><strong>est</strong></span> <span class='ocrx_word' id='word_1_302' title='bbox 921 3976 982 4015; x_wconf 89' lang='lat' dir='ltr'><strong>ac</strong></span> <span class='ocrx_word' id='word_1_303' title='bbox 1009 3960 1052 4014; x_wconf 87' lang='lat' dir='ltr'><strong>si</strong></span> <span class='ocrx_word' id='word_1_304' title='bbox 1070 3963 1176 4029; x_wconf 90' lang='lat' dir='ltr'><strong>jam</strong></span> <span class='ocrx_word' id='word_1_305' title='bbox 1201 3963 1392 4017; x_wconf 79' lang='lat' dir='ltr'><strong>factum</strong></span> <span class='ocrx_word' id='word_1_306' title='bbox 1415 3965 1484 4018; x_wconf 88' lang='lat' dir='ltr'><strong>sit</strong></span> <span class='ocrx_word' id='word_1_307' title='bbox 1509 3980 1665 4023; x_wconf 84' lang='lat' dir='ltr'><strong>enar-</strong></span> 
     </span>
    </p>
   </div>
   <div class='ocr_carea' id='block_1_42' title="bbox 141 4045 1665 4124">
    <p class='ocr_par' dir='ltr' id='par_1_42' title="bbox 141 4045 1665 4124">
     <span class='ocr_line' id='line_1_42' title="bbox 141 4045 1665 4124; baseline 0.01 -28"><span class='ocrx_word' id='word_1_308' title='bbox 141 4052 256 4097; x_wconf 73' lang='lat' dir='ltr'><strong>l‘arc.</strong></span> <span class='ocrx_word' id='word_1_309' title='bbox 285 4045 422 4103; x_wconf 88' lang='lat' dir='ltr'><strong>Unde</strong></span> <span class='ocrx_word' id='word_1_310' title='bbox 447 4060 501 4105; x_wconf 84' lang='lat' dir='ltr'><strong>et</strong></span> <span class='ocrx_word' id='word_1_311' title='bbox 523 4052 780 4120; x_wconf 84' lang='lat' dir='ltr'><strong>propheta</strong></span> <span class='ocrx_word' id='word_1_312' title='bbox 811 4052 882 4106; x_wconf 86' lang='lat' dir='ltr'><strong>ait</strong></span> <span class='ocrx_word' id='word_1_313' title='bbox 914 4069 925 4104; x_wconf 89' lang='lat'>:</span> <span class='ocrx_word' id='word_1_314' title='bbox 953 4052 1049 4116; x_wconf 85' lang='lat' dir='ltr'><strong>Qui</strong></span> <span class='ocrx_word' id='word_1_315' title='bbox 1077 4055 1191 4122; x_wconf 75' lang='lat' dir='ltr'><strong>fecit</strong></span> <span class='ocrx_word' id='word_1_316' title='bbox 1211 4071 1322 4119; x_wconf 64' lang='lat' dir='ltr'><strong>quia</strong></span> <span class='ocrx_word' id='word_1_317' title='bbox 1353 4057 1524 4124; x_wconf 76' lang='lat' dir='ltr'><strong>futura</strong></span> <span class='ocrx_word' id='word_1_318' title='bbox 1548 4069 1665 4112; x_wconf 81' lang='lat' dir='ltr'><strong>sunt</strong></span> 
     </span>
    </p>
   </div>
   <div class='ocr_carea' id='block_1_43' title="bbox 142 4127 1656 4212">
    <p class='ocr_par' dir='ltr' id='par_1_43' title="bbox 142 4127 1656 4212">
     <span class='ocr_line' id='line_1_43' title="bbox 142 4127 1656 4212; baseline 0.016 -32"><span class='ocrx_word' id='word_1_319' title='bbox 142 4127 267 4198; x_wconf 73' lang='lat' dir='ltr'><strong>(Issi.</strong></span> <span class='ocrx_word' id='word_1_320' title='bbox 295 4151 410 4204; x_wconf 76' lang='lat' dir='ltr'><strong>xu,</strong></span> <span class='ocrx_word' id='word_1_321' title='bbox 445 4140 530 4204; x_wconf 82' lang='lat' dir='ltr'><strong>Il,</strong></span> <span class='ocrx_word' id='word_1_322' title='bbox 559 4130 660 4193; x_wconf 74' lang='lat' dir='ltr'><strong>sec.</strong></span> <span class='ocrx_word' id='word_1_323' title='bbox 699 4140 888 4210; x_wconf 84' lang='lat' dir='ltr'><strong>LXX),</strong></span> <span class='ocrx_word' id='word_1_324' title='bbox 913 4141 962 4194; x_wconf 93' lang='lat' dir='ltr'><strong>id</strong></span> <span class='ocrx_word' id='word_1_325' title='bbox 990 4153 1098 4207; x_wconf 89' lang='lat' dir='ltr'><strong>est;</strong></span> <span class='ocrx_word' id='word_1_326' title='bbox 1127 4145 1175 4196; x_wconf 91' lang='lat' dir='ltr'><strong>in</strong></span> <span class='ocrx_word' id='word_1_327' title='bbox 1196 4146 1656 4212; x_wconf 60' lang='lat' dir='ltr'><strong>praedestinatiune</strong></span> 
     </span>
    </p>
   </div>
   <div class='ocr_carea' id='block_1_44' title="bbox 145 4219 1664 4291">
    <p class='ocr_par' dir='ltr' id='par_1_44' title="bbox 145 4219 1664 4291">
     <span class='ocr_line' id='line_1_44' title="bbox 145 4219 1664 4291; baseline 0.011 -17"><span class='ocrx_word' id='word_1_328' title='bbox 145 4219 272 4287; x_wconf 81' lang='lat' dir='ltr'><strong>laeta,</strong></span> <span class='ocrx_word' id='word_1_329' title='bbox 299 4227 346 4279; x_wconf 90' lang='lat' dir='ltr'><strong>in</strong></span> <span class='ocrx_word' id='word_1_330' title='bbox 372 4244 426 4282; x_wconf 91' lang='lat' dir='ltr'><strong>re</strong></span> <span class='ocrx_word' id='word_1_331' title='bbox 453 4219 636 4285; x_wconf 74' lang='lat' dir='ltr'><strong>autem</strong></span> <span class='ocrx_word' id='word_1_332' title='bbox 658 4231 878 4284; x_wconf 88' lang='lat' dir='ltr'><strong>necdum</strong></span> <span class='ocrx_word' id='word_1_333' title='bbox 908 4232 1202 4286; x_wconf 84' lang='lat' dir='ltr'><strong>existentia.</strong></span> <span class='ocrx_word' id='word_1_334' title='bbox 1229 4233 1297 4286; x_wconf 85' lang='lat' dir='ltr'><strong>lta</strong></span> <span class='ocrx_word' id='word_1_335' title='bbox 1325 4242 1380 4287; x_wconf 90' lang='lat' dir='ltr'><strong>et</strong></span> <span class='ocrx_word' id='word_1_336' title='bbox 1425 4235 1540 4290; x_wconf 88' lang='lat' dir='ltr'><strong>Filii</strong></span> <span class='ocrx_word' id='word_1_337' title='bbox 1570 4253 1664 4291; x_wconf 89' lang='lat' dir='ltr'><strong>na-</strong></span> 
     </span>
    </p>
   </div>
   <div class='ocr_carea' id='block_1_45' title="bbox 146 4308 1705 4389">
    <p class='ocr_par' dir='ltr' id='par_1_45' title="bbox 146 4308 1705 4389">
     <span class='ocr_line' id='line_1_45' title="bbox 146 4308 1705 4389; baseline 0.017 -31"><span class='ocrx_word' id='word_1_338' title='bbox 146 4308 288 4366; x_wconf 79' lang='lat' dir='ltr'><strong>livitas</strong></span> <span class='ocrx_word' id='word_1_339' title='bbox 308 4327 422 4372; x_wconf 84' lang='lat' dir='ltr'><strong>ante</strong></span> <span class='ocrx_word' id='word_1_340' title='bbox 447 4321 642 4376; x_wconf 56' lang='lat' dir='ltr'><strong>saecla</strong></span> <span class='ocrx_word' id='word_1_341' title='bbox 666 4321 1054 4389; x_wconf 75' lang='lat' dir='ltr'><strong>praedestinata&#39;,</strong></span> <span class='ocrx_word' id='word_1_342' title='bbox 1074 4323 1124 4376; x_wconf 90' lang='lat' dir='ltr'><strong>in</strong></span> <span class='ocrx_word' id='word_1_343' title='bbox 1150 4324 1248 4378; x_wconf 86' lang='lat' dir='ltr'><strong>[ine</strong></span> <span class='ocrx_word' id='word_1_344' title='bbox 1273 4340 1398 4380; x_wconf 88' lang='lat' dir='ltr'><strong>vero</strong></span> <span class='ocrx_word' id='word_1_345' title='bbox 1427 4336 1508 4381; x_wconf 88' lang='lat' dir='ltr'><strong>est</strong></span> <span class='ocrx_word' id='word_1_346' title='bbox 1531 4337 1663 4384; x_wconf 88' lang='lat' dir='ltr'><strong>tem-</strong></span> <span class='ocrx_word' id='word_1_347' title='bbox 1693 4354 1705 4363; x_wconf 62' lang='grc' dir='ltr'><strong>ι</strong></span> 
     </span>
    </p>
   </div>
   <div class='ocr_carea' id='block_1_46' title="bbox 1685 4437 1739 4496">
    <p class='ocr_par' dir='ltr' id='par_1_46' title="bbox 1685 4437 1739 4496">
     <span class='ocr_line' id='line_1_46' title="bbox 1685 4437 1739 4496; baseline 0 0"><span class='ocrx_word' id='word_1_348' title='bbox 1685 4437 1739 4496; x_wconf 90' lang='lat' dir='ltr'><strong>D</strong></span> 
     </span>
    </p>
   </div>
   <div class='ocr_carea' id='block_1_47' title="bbox 147 4409 736 4464">
    <p class='ocr_par' dir='ltr' id='par_1_47' title="bbox 147 4409 736 4464">
     <span class='ocr_line' id='line_1_47' title="bbox 147 4409 736 4464; baseline 0.019 -13"><span class='ocrx_word' id='word_1_349' title='bbox 147 4411 298 4463; x_wconf 87' lang='lat' dir='ltr'><strong>porum</strong></span> <span class='ocrx_word' id='word_1_350' title='bbox 323 4409 577 4464; x_wconf 75' lang='lat' dir='ltr'><strong>veraciter</strong></span> <span class='ocrx_word' id='word_1_351' title='bbox 597 4417 736 4464; x_wconf 87' lang='lat' dir='ltr'><strong>orta.</strong></span> 
     </span>
    </p>
   </div>
   <div class='ocr_carea' id='block_1_48' title="bbox 202 4489 1662 4577">
    <p class='ocr_par' dir='ltr' id='par_1_48' title="bbox 202 4489 1662 4577">
     <span class='ocr_line' id='line_1_48' title="bbox 202 4489 1662 4577; baseline 0.016 -36"><span class='ocrx_word' id='word_1_352' title='bbox 202 4489 555 4567; x_wconf 67' lang='lat' dir='ltr'><strong>Probssjudea</strong></span> <span class='ocrx_word' id='word_1_353' title='bbox 584 4499 716 4554; x_wconf 71' lang='lat' dir='ltr'><strong>dixit</strong></span> <span class='ocrx_word' id='word_1_354' title='bbox 745 4515 762 4553; x_wconf 93' lang='lat'><em>:</em></span> <span class='ocrx_word' id='word_1_355' title='bbox 793 4499 881 4554; x_wconf 86' lang='lat' dir='ltr'><strong>illa</strong></span> <span class='ocrx_word' id='word_1_356' title='bbox 929 4516 1046 4569; x_wconf 66' lang='lat' dir='ltr'><strong>quae</strong></span> <span class='ocrx_word' id='word_1_357' title='bbox 1089 4513 1211 4558; x_wconf 84' lang='lat' dir='ltr'><strong>ante</strong></span> <span class='ocrx_word' id='word_1_358' title='bbox 1249 4505 1498 4560; x_wconf 92' lang='lat' dir='ltr'><strong>mundum</strong></span> <span class='ocrx_word' id='word_1_359' title='bbox 1529 4523 1662 4577; x_wconf 75' lang='lat' dir='ltr'><strong>pra:-</strong></span> 
     </span>
    </p>
   </div>
   <div class='ocr_carea' id='block_1_49' title="bbox 146 4575 1662 4665">
    <p class='ocr_par' dir='ltr' id='par_1_49' title="bbox 146 4575 1662 4665">
     <span class='ocr_line' id='line_1_49' title="bbox 146 4575 1662 4665; baseline 0.016 -35"><span class='ocrx_word' id='word_1_360' title='bbox 146 4575 395 4640; x_wconf 84' lang='lat' dir='ltr'><strong>destinatur</strong></span> <span class='ocrx_word' id='word_1_361' title='bbox 422 4588 539 4644; x_wconf 81' lang='lat' dir='ltr'><strong>Filii</strong></span> <span class='ocrx_word' id='word_1_362' title='bbox 567 4590 837 4656; x_wconf 88' lang='lat' dir='ltr'><strong>nativitas,</strong></span> <span class='ocrx_word' id='word_1_363' title='bbox 863 4605 924 4646; x_wconf 79' lang='lat' dir='ltr'><strong>ex</strong></span> <span class='ocrx_word' id='word_1_364' title='bbox 956 4592 1047 4646; x_wconf 91' lang='lat' dir='ltr'><strong>Dei</strong></span> <span class='ocrx_word' id='word_1_365' title='bbox 1077 4592 1246 4648; x_wconf 88' lang='lat' dir='ltr'><strong>Patris</strong></span> <span class='ocrx_word' id='word_1_366' title='bbox 1275 4602 1426 4650; x_wconf 85' lang='lat' dir='ltr'><strong>utero</strong></span> <span class='ocrx_word' id='word_1_367' title='bbox 1446 4575 1662 4665; x_wconf 78' lang='lat' dir='ltr'><strong>proces-</strong></span> 
     </span>
    </p>
   </div>
   <div class='ocr_carea' id='block_1_50' title="bbox 148 4667 1659 4744">
    <p class='ocr_par' dir='ltr' id='par_1_50' title="bbox 148 4667 1659 4744">
     <span class='ocr_line' id='line_1_50' title="bbox 148 4667 1659 4744; baseline 0.013 -20"><span class='ocrx_word' id='word_1_368' title='bbox 148 4667 256 4726; x_wconf 77' lang='lat' dir='ltr'><strong>tisse</strong></span> <span class='ocrx_word' id='word_1_369' title='bbox 276 4673 612 4744; x_wconf 84' lang='lat' dir='ltr'><strong>describitur;</strong></span> <span class='ocrx_word' id='word_1_370' title='bbox 647 4687 702 4734; x_wconf 90' lang='lat' dir='ltr'><strong>tu</strong></span> <span class='ocrx_word' id='word_1_371' title='bbox 748 4695 876 4736; x_wconf 87' lang='lat' dir='ltr'><strong>vero</strong></span> <span class='ocrx_word' id='word_1_372' title='bbox 926 4680 1112 4738; x_wconf 82' lang='lat' dir='ltr'><strong>Filium</strong></span> <span class='ocrx_word' id='word_1_373' title='bbox 1142 4697 1204 4738; x_wconf 91' lang='lat' dir='ltr'><strong>ex</strong></span> <span class='ocrx_word' id='word_1_374' title='bbox 1254 4684 1413 4739; x_wconf 79' lang='lat' dir='ltr'><strong>Maria</strong></span> <span class='ocrx_word' id='word_1_375' title='bbox 1455 4687 1659 4743; x_wconf 90' lang='lat' dir='ltr'><strong>initium</strong></span> 
     </span>
    </p>
   </div>
   <div class='ocr_carea' id='block_1_51' title="bbox 146 4763 1374 4828">
    <p class='ocr_par' dir='ltr' id='par_1_51' title="bbox 146 4763 1374 4828">
     <span class='ocr_line' id='line_1_51' title="bbox 146 4763 1374 4828; baseline 0.015 -16"><span class='ocrx_word' id='word_1_376' title='bbox 146 4763 372 4828; x_wconf 81' lang='lat' dir='ltr'><strong>accepisse</strong></span> <span class='ocrx_word' id='word_1_377' title='bbox 402 4769 636 4824; x_wconf 79' lang='lat' dir='ltr'><strong>testaris.</strong></span> <span class='ocrx_word' id='word_1_378' title='bbox 1368 4784 1374 4789; x_wconf 91' lang='lat'><em>‘</em></span> 
     </span>
    </p>
   </div>
   <div class='ocr_carea' id='block_1_52' title="bbox 203 4847 1660 4936">
    <p class='ocr_par' dir='ltr' id='par_1_52' title="bbox 203 4847 1660 4936">
     <span class='ocr_line' id='line_1_52' title="bbox 203 4847 1660 4936; baseline 0.016 -35"><span class='ocrx_word' id='word_1_379' title='bbox 203 4847 320 4905; x_wconf 75' lang='lat' dir='ltr'><strong>XIV.</strong></span> <span class='ocrx_word' id='word_1_380' title='bbox 355 4853 602 4913; x_wconf 82' lang='lat' dir='ltr'><strong>Photinus</strong></span> <span class='ocrx_word' id='word_1_381' title='bbox 623 4858 750 4912; x_wconf 71' lang='lat' dir='ltr'><strong>dixit</strong></span> <span class='ocrx_word' id='word_1_382' title='bbox 779 4875 806 4918; x_wconf 91' lang='lat'><strong>:.</strong></span> <span class='ocrx_word' id='word_1_383' title='bbox 823 4861 924 4915; x_wconf 89' lang='lat' dir='ltr'><strong>Sed</strong></span> <span class='ocrx_word' id='word_1_384' title='bbox 957 4877 1057 4916; x_wconf 93' lang='lat' dir='ltr'><strong>non</strong></span> <span class='ocrx_word' id='word_1_385' title='bbox 1107 4851 1223 4919; x_wconf 87' lang='lat' dir='ltr'><strong>ideo</strong></span> <span class='ocrx_word' id='word_1_386' title='bbox 1267 4865 1660 4936; x_wconf 83' lang='lat' dir='ltr'><strong>intelligendum</strong></span> 
     </span>
    </p>
   </div>
   <div class='ocr_carea' id='block_1_53' title="bbox 149 4939 1668 5026">
    <p class='ocr_par' dir='ltr' id='par_1_53' title="bbox 149 4939 1668 5026">
     <span class='ocr_line' id='line_1_53' title="bbox 149 4939 1668 5026; baseline 0.018 -40"><span class='ocrx_word' id='word_1_387' title='bbox 149 4944 212 4987; x_wconf 84' lang='lat' dir='ltr'><strong>est</strong></span> <span class='ocrx_word' id='word_1_388' title='bbox 249 4939 491 5000; x_wconf 83' lang='lat' dir='ltr'><strong>Christum</strong></span> <span class='ocrx_word' id='word_1_389' title='bbox 519 4948 592 5004; x_wconf 83' lang='lat' dir='ltr'><strong>de</strong></span> <span class='ocrx_word' id='word_1_390' title='bbox 635 4948 742 5002; x_wconf 90' lang='lat' dir='ltr'><strong>Deo</strong></span> <span class='ocrx_word' id='word_1_391' title='bbox 785 4949 937 5004; x_wconf 81' lang='lat' dir='ltr'><strong>Patre</strong></span> <span class='ocrx_word' id='word_1_392' title='bbox 985 4966 1102 5007; x_wconf 87' lang='lat' dir='ltr'><strong>esse</strong></span> <span class='ocrx_word' id='word_1_393' title='bbox 1146 4963 1355 5018; x_wconf 89' lang='lat' dir='ltr'><strong>natum,</strong></span> <span class='ocrx_word' id='word_1_394' title='bbox 1411 4957 1528 5026; x_wconf 89' lang='lat' dir='ltr'><strong>quia</strong></span> <span class='ocrx_word' id='word_1_395' title='bbox 1578 4968 1668 5014; x_wconf 93' lang='lat' dir='ltr'><strong>aut</strong></span> 
     </span>
    </p>
   </div>
   <div class='ocr_carea' id='block_1_54' title="bbox 149 5027 1659 5113">
    <p class='ocr_par' dir='ltr' id='par_1_54' title="bbox 149 5027 1659 5113">
     <span class='ocr_line' id='line_1_54' title="bbox 149 5027 1659 5113; baseline 0.016 -34"><span class='ocrx_word' id='word_1_396' title='bbox 149 5027 238 5092; x_wconf 76' lang='lat' dir='ltr'><strong>ipse</strong></span> <span class='ocrx_word' id='word_1_397' title='bbox 260 5043 311 5085; x_wconf 84' lang='lat' dir='ltr'><strong>se</strong></span> <span class='ocrx_word' id='word_1_398' title='bbox 334 5034 394 5088; x_wconf 92' lang='lat' dir='ltr'><strong>de</strong></span> <span class='ocrx_word' id='word_1_399' title='bbox 420 5036 572 5093; x_wconf 85' lang='lat' dir='ltr'><strong>Patre</strong></span> <span class='ocrx_word' id='word_1_400' title='bbox 598 5040 858 5107; x_wconf 87' lang='lat' dir='ltr'><strong>genitum,</strong></span> <span class='ocrx_word' id='word_1_401' title='bbox 883 5051 971 5096; x_wconf 84' lang='lat' dir='ltr'><strong>aut</strong></span> <span class='ocrx_word' id='word_1_402' title='bbox 995 5043 1149 5097; x_wconf 86' lang='lat' dir='ltr'><strong>Pater</strong></span> <span class='ocrx_word' id='word_1_403' title='bbox 1169 5047 1413 5113; x_wconf 89' lang='lat' dir='ltr'><strong>genuisse</strong></span> <span class='ocrx_word' id='word_1_404' title='bbox 1444 5046 1659 5103; x_wconf 80' lang='lat' dir='ltr'><strong>fatetur.</strong></span> 
     </span>
    </p>
   </div>
   <div class='ocr_carea' id='block_1_55' title="bbox 151 5113 1665 5203">
    <p class='ocr_par' dir='ltr' id='par_1_55' title="bbox 151 5113 1665 5203">
     <span class='ocr_line' id='line_1_55' title="bbox 151 5113 1665 5203; baseline 0.016 -34"><span class='ocrx_word' id='word_1_405' title='bbox 151 5113 370 5178; x_wconf 81' lang='lat' dir='ltr'><strong>Hocenim</strong></span> <span class='ocrx_word' id='word_1_406' title='bbox 393 5126 524 5183; x_wconf 88' lang='lat' dir='ltr'><strong>Deus</strong></span> <span class='ocrx_word' id='word_1_407' title='bbox 551 5130 711 5185; x_wconf 85' lang='lat' dir='ltr'><strong>Pater</strong></span> <span class='ocrx_word' id='word_1_408' title='bbox 734 5131 800 5185; x_wconf 91' lang='lat' dir='ltr'><strong>de</strong></span> <span class='ocrx_word' id='word_1_409' title='bbox 821 5131 1077 5200; x_wconf 86' lang='lat' dir='ltr'><strong>adoptatis</strong></span> <span class='ocrx_word' id='word_1_410' title='bbox 1099 5135 1179 5188; x_wconf 85' lang='lat' dir='ltr'><strong>vel</strong></span> <span class='ocrx_word' id='word_1_411' title='bbox 1205 5135 1519 5203; x_wconf 88' lang='lat' dir='ltr'><strong>adoptandis</strong></span> <span class='ocrx_word' id='word_1_412' title='bbox 1539 5138 1665 5193; x_wconf 68' lang='lat' dir='ltr'><strong>[illis</strong></span> 
     </span>
    </p>
   </div>
   <div class='ocr_carea' id='block_1_56' title="bbox 150 5205 1658 5293">
    <p class='ocr_par' dir='ltr' id='par_1_56' title="bbox 150 5205 1658 5293">
     <span class='ocr_line' id='line_1_56' title="bbox 150 5205 1658 5293; baseline 0.013 -31"><span class='ocrx_word' id='word_1_413' title='bbox 150 5205 294 5266; x_wconf 78' lang='lat' dir='ltr'><strong>dicere</strong></span> <span class='ocrx_word' id='word_1_414' title='bbox 317 5224 608 5286; x_wconf 88' lang='lat' dir='ltr'><strong>consuevit,</strong></span> <span class='ocrx_word' id='word_1_415' title='bbox 637 5225 775 5278; x_wconf 86' lang='lat' dir='ltr'><strong>sicut</strong></span> <span class='ocrx_word' id='word_1_416' title='bbox 827 5239 918 5293; x_wconf 91' lang='lat' dir='ltr'><strong>per</strong></span> <span class='ocrx_word' id='word_1_417' title='bbox 968 5226 1152 5279; x_wconf 86' lang='lat' dir='ltr'><strong>Isaiam</strong></span> <span class='ocrx_word' id='word_1_418' title='bbox 1203 5227 1433 5281; x_wconf 91' lang='lat' dir='ltr'><strong>dicitur:</strong></span> <span class='ocrx_word' id='word_1_419' title='bbox 1491 5228 1658 5282; x_wconf 81' lang='lat' dir='ltr'><strong>Filios</strong></span> 
     </span>
    </p>
   </div>
   <div class='ocr_carea' id='block_1_57' title="bbox 152 5305 1656 5388">
    <p class='ocr_par' dir='ltr' id='par_1_57' title="bbox 152 5305 1656 5388">
     <span class='ocr_line' id='line_1_57' title="bbox 152 5305 1656 5388; baseline 0.004 -22"><span class='ocrx_word' id='word_1_420' title='bbox 152 5305 270 5366; x_wconf 67' lang='lat' dir='ltr'><strong>imi</strong></span> <span class='ocrx_word' id='word_1_421' title='bbox 288 5316 329 5358; x_wconf 87' lang='lat' dir='ltr'><strong>et</strong></span> <span class='ocrx_word' id='word_1_422' title='bbox 346 5316 552 5388; x_wconf 69' lang='lat' dir='ltr'><strong>excitavi</strong></span> <span class='ocrx_word' id='word_1_423' title='bbox 577 5314 735 5385; x_wconf 85' lang='lat' dir='ltr'><strong>(lsai.</strong></span> <span class='ocrx_word' id='word_1_424' title='bbox 765 5330 802 5378; x_wconf 89' lang='lat' dir='ltr'><strong>t,</strong></span> <span class='ocrx_word' id='word_1_425' title='bbox 843 5314 921 5385; x_wconf 72' lang='lat'><strong>2).</strong></span> <span class='ocrx_word' id='word_1_426' title='bbox 957 5316 1020 5370; x_wconf 81' lang='lat' dir='ltr'><strong>Et</strong></span> <span class='ocrx_word' id='word_1_427' title='bbox 1049 5317 1265 5374; x_wconf 90' lang='lat' dir='ltr'><strong>iterum:</strong></span> <span class='ocrx_word' id='word_1_428' title='bbox 1287 5317 1656 5388; x_wconf 83' lang='lat' dir='ltr'><strong>Primagenitus</strong></span> 
     </span>
    </p>
   </div>
   <div class='ocr_carea' id='block_1_58' title="bbox 698 237 1664 331">
    <p class='ocr_par' dir='ltr' id='par_1_58' title="bbox 698 237 1664 331">
     <span class='ocr_line' id='line_1_58' title="bbox 698 237 1664 331; baseline 0.003 -37"><span class='ocrx_word' id='word_1_429' title='bbox 698 237 982 296; x_wconf 68' lang='lat' dir='ltr'><strong>CONTRA.</strong></span> <span class='ocrx_word' id='word_1_430' title='bbox 1004 238 1316 331; x_wconf 47' lang='lat' dir='ltr'><strong>ARIANOS,</strong></span> <span class='ocrx_word' id='word_1_431' title='bbox 1358 239 1664 297; x_wconf 78' lang='lat' dir='ltr'><strong>SABELLU</strong></span> 
     </span>
    </p>
   </div>
   <div class='ocr_carea' id='block_1_59' title="bbox 1776 237 2720 331">
    <p class='ocr_par' dir='ltr' id='par_1_59' title="bbox 1776 243 2720 316">
     <span class='ocr_line' id='line_1_59' title="bbox 1776 243 2720 316; baseline 0.024 -24"><span class='ocrx_word' id='word_1_432' title='bbox 1776 243 1842 313; x_wconf 60' lang='lat' dir='ltr'><strong>is,</strong></span> <span class='ocrx_word' id='word_1_433' title='bbox 1885 245 2061 313; x_wconf 82' lang='lat' dir='ltr'><strong>ETC.,</strong></span> <span class='ocrx_word' id='word_1_434' title='bbox 2102 247 2462 312; x_wconf 85' lang='lat' dir='ltr'><strong>DIALOGUS.</strong></span> <span class='ocrx_word' id='word_1_435' title='bbox 2503 256 2639 314; x_wconf 90' lang='lat' dir='ltr'><strong>LIB.</strong></span> <span class='ocrx_word' id='word_1_436' title='bbox 2679 260 2720 316; x_wconf 86' lang='grc'><strong>1.</strong></span> 
     </span>
    </p>
   </div>
   <div class='ocr_carea' id='block_1_60' title="bbox 94 325 3331 448">
    <p class='ocr_par' dir='ltr' id='par_1_60' title="bbox 94 325 3331 448">
     <span class='ocr_line' id='line_1_60' title="bbox 94 325 3331 448; baseline 0.014 -51"><span class='ocrx_word' id='word_1_437' title='bbox 94 343 296 397; x_wconf 79' lang='lat' dir='ltr'><strong>l‘botini</strong></span> <span class='ocrx_word' id='word_1_438' title='bbox 324 325 651 402; x_wconf 80' lang='lat' dir='ltr'><strong>dementiam</strong></span> <span class='ocrx_word' id='word_1_439' title='bbox 689 348 896 404; x_wconf 66' lang='lat' dir='ltr'><strong>divinae.</strong></span> <span class='ocrx_word' id='word_1_440' title='bbox 919 325 1206 419; x_wconf 73' lang='lat' dir='ltr'><strong>Scriptum</strong></span> <span class='ocrx_word' id='word_1_441' title='bbox 1251 352 1652 409; x_wconf 86' lang='lat' dir='ltr'><strong>auctoritatibus</strong></span> <span class='ocrx_word' id='word_1_442' title='bbox 1680 360 1730 418; x_wconf 78' lang='grc' dir='ltr'><strong>Α</strong></span> <span class='ocrx_word' id='word_1_443' title='bbox 1753 358 1884 448; x_wconf 66' lang='lat' dir='ltr'><strong>sitas</strong></span> <span class='ocrx_word' id='word_1_444' title='bbox 1911 357 2004 412; x_wconf 87' lang='lat' dir='ltr'><strong>Dsi</strong></span> <span class='ocrx_word' id='word_1_445' title='bbox 2029 372 2193 417; x_wconf 74' lang='lat' dir='ltr'><strong>seruat</strong></span> <span class='ocrx_word' id='word_1_446' title='bbox 2217 365 2384 421; x_wconf 78' lang='lat' dir='ltr'><strong>illum.</strong></span> <span class='ocrx_word' id='word_1_447' title='bbox 2416 368 2548 426; x_wconf 82' lang='lat' dir='ltr'><strong>Num</strong></span> <span class='ocrx_word' id='word_1_448' title='bbox 2578 373 2737 444; x_wconf 82' lang='lat' dir='ltr'><strong>igitur</strong></span> <span class='ocrx_word' id='word_1_449' title='bbox 2758 378 2880 448; x_wconf 88' lang='lat' dir='ltr'><strong>quia</strong></span> <span class='ocrx_word' id='word_1_450' title='bbox 2923 380 3160 442; x_wconf 78' lang='lat' dir='ltr'><strong>homines</strong></span> <span class='ocrx_word' id='word_1_451' title='bbox 3203 391 3331 447; x_wconf 71' lang='lat' dir='ltr'><strong>nde.</strong></span> 
     </span>
    </p>
   </div>
   <div class='ocr_carea' id='block_1_61' title="bbox 3229 275 3387 338">
    <p class='ocr_par' dir='ltr' id='par_1_61' title="bbox 3229 275 3387 338">
     <span class='ocr_line' id='line_1_61' title="bbox 3229 275 3387 338; baseline 0.051 -8"><span class='ocrx_word' id='word_1_452' title='bbox 3229 275 3330 331; x_wconf 69' lang='lat'><strong>£90</strong></span> <span class='ocrx_word' id='word_1_453' title='bbox 3383 334 3387 338; x_wconf 84' lang='lat'><strong>.</strong></span> 
     </span>
    </p>
   </div>
   <div class='ocr_carea' id='block_1_62' title="bbox 1751 447 3330 536">
    <p class='ocr_par' dir='ltr' id='par_1_62' title="bbox 1751 447 3330 536">
     <span class='ocr_line' id='line_1_62' title="bbox 1751 447 3330 536; baseline 0.023 -36"><span class='ocrx_word' id='word_1_454' title='bbox 1751 447 1828 501; x_wconf 81' lang='lat' dir='ltr'><strong>les</strong></span> <span class='ocrx_word' id='word_1_455' title='bbox 1857 447 1924 504; x_wconf 81' lang='lat' dir='ltr'><strong>de</strong></span> <span class='ocrx_word' id='word_1_456' title='bbox 1953 449 2063 506; x_wconf 86' lang='lat' dir='ltr'><strong>Deo</strong></span> <span class='ocrx_word' id='word_1_457' title='bbox 2091 454 2204 512; x_wconf 84' lang='lat' dir='ltr'><strong>nati</strong></span> <span class='ocrx_word' id='word_1_458' title='bbox 2232 471 2350 514; x_wconf 87' lang='lat' dir='ltr'><strong>esse</strong></span> <span class='ocrx_word' id='word_1_459' title='bbox 2395 462 2660 531; x_wconf 83' lang='lat' dir='ltr'><strong>dicuntur,</strong></span> <span class='ocrx_word' id='word_1_460' title='bbox 2712 447 2910 526; x_wconf 86' lang='lat' dir='ltr'><strong>idcirco</strong></span> <span class='ocrx_word' id='word_1_461' title='bbox 2961 473 3038 528; x_wconf 90' lang='lat' dir='ltr'><strong>eis</strong></span> <span class='ocrx_word' id='word_1_462' title='bbox 3086 477 3330 536; x_wconf 82' lang='lat' dir='ltr'><strong>humanae</strong></span> 
     </span>
    </p>
   </div>
   <div class='ocr_carea' id='block_1_63' title="bbox 1754 541 3327 634">
    <p class='ocr_par' dir='ltr' id='par_1_63' title="bbox 1754 541 3327 634">
     <span class='ocr_line' id='line_1_63' title="bbox 1754 541 3327 634; baseline 0.026 -42"><span class='ocrx_word' id='word_1_463' title='bbox 1754 541 2041 634; x_wconf 65' lang='lat' dir='ltr'><strong>nativitatis</strong></span> <span class='ocrx_word' id='word_1_464' title='bbox 2072 547 2312 606; x_wconf 82' lang='lat' dir='ltr'><strong>aufertur</strong></span> <span class='ocrx_word' id='word_1_465' title='bbox 2336 555 2632 624; x_wconf 77' lang='lat' dir='ltr'><strong>origolaut</strong></span> <span class='ocrx_word' id='word_1_466' title='bbox 2677 563 2982 634; x_wconf 88' lang='lat' dir='ltr'><strong>priusquam</strong></span> <span class='ocrx_word' id='word_1_467' title='bbox 3032 545 3099 627; x_wconf 87' lang='lat' dir='ltr'><strong>de</strong></span> <span class='ocrx_word' id='word_1_468' title='bbox 3151 574 3327 632; x_wconf 81' lang='lat' dir='ltr'><strong>horni-</strong></span> 
     </span>
    </p>
   </div>
   <div class='ocr_carea' id='block_1_64' title="bbox 1754 628 3331 732">
    <p class='ocr_par' dir='ltr' id='par_1_64' title="bbox 1754 628 3331 732">
     <span class='ocr_line' id='line_1_64' title="bbox 1754 628 3331 732; baseline 0.028 -51"><span class='ocrx_word' id='word_1_469' title='bbox 1754 628 1908 687; x_wconf 90' lang='lat' dir='ltr'><strong>nibus</strong></span> <span class='ocrx_word' id='word_1_470' title='bbox 1946 649 2293 732; x_wconf 78' lang='lat' dir='ltr'><strong>nascerentur</strong></span> <span class='ocrx_word' id='word_1_471' title='bbox 2313 652 2437 700; x_wconf 90' lang='lat' dir='ltr'><strong>ante</strong></span> <span class='ocrx_word' id='word_1_472' title='bbox 2465 651 2646 704; x_wconf 91' lang='lat' dir='ltr'><strong>mundi</strong></span> <span class='ocrx_word' id='word_1_473' title='bbox 2675 628 3013 727; x_wconf 82' lang='lat' dir='ltr'><strong>principium,</strong></span> <span class='ocrx_word' id='word_1_474' title='bbox 3048 679 3146 732; x_wconf 93' lang='lat' dir='ltr'><strong>per</strong></span> 
     </span>
    </p>
   </div>
   <div class='ocr_carea' id='block_1_65' title="bbox 1754 724 3330 820">
    <p class='ocr_par' dir='ltr' id='par_1_65' title="bbox 1754 724 3330 820">
     <span class='ocr_line' id='line_1_65' title="bbox 1754 724 3330 820; baseline 0.029 -45"><span class='ocrx_word' id='word_1_475' title='bbox 1754 735 1838 775; x_wconf 68' lang='lat' dir='ltr'><strong>na:</strong></span> <span class='ocrx_word' id='word_1_476' title='bbox 1859 724 2149 782; x_wconf 84' lang='lat' dir='ltr'><strong>nativitatis</strong></span> <span class='ocrx_word' id='word_1_477' title='bbox 2179 739 2738 799; x_wconf 85' lang='lat' dir='ltr'><strong>commemorationem</strong></span> <span class='ocrx_word' id='word_1_478' title='bbox 2767 724 3330 820; x_wconf 49' lang='lat' dir='ltr'><strong>exstitisse-credendi</strong></span> 
     </span>
    </p>
   </div>
   <div class='ocr_carea' id='block_1_66' title="bbox 1755 811 2323 864">
    <p class='ocr_par' dir='ltr' id='par_1_66' title="bbox 1755 811 2323 864">
     <span class='ocr_line' id='line_1_66' title="bbox 1755 811 2323 864; baseline 0.011 -1"><span class='ocrx_word' id='word_1_479' title='bbox 1755 811 1917 864; x_wconf 74' lang='lat' dir='ltr'><strong>Sunt?</strong></span> <span class='ocrx_word' id='word_1_480' title='bbox 2310 838 2323 846; x_wconf 65' lang='grc' dir='ltr'><em>ο</em></span> 
     </span>
    </p>
   </div>
   <div class='ocr_carea' id='block_1_67' title="bbox 1825 903 3332 999">
    <p class='ocr_par' dir='ltr' id='par_1_67' title="bbox 1825 903 3332 999">
     <span class='ocr_line' id='line_1_67' title="bbox 1825 903 3332 999; baseline 0.031 -46"><span class='ocrx_word' id='word_1_481' title='bbox 1825 903 1979 999; x_wconf 59' lang='lat' dir='ltr'><strong>Arius</strong></span> <span class='ocrx_word' id='word_1_482' title='bbox 2007 906 2139 960; x_wconf 80' lang='lat' dir='ltr'><strong>dixit</strong></span> <span class='ocrx_word' id='word_1_483' title='bbox 2169 924 2189 963; x_wconf 89' lang='lat'><strong><em>:</em></strong></span> <span class='ocrx_word' id='word_1_484' title='bbox 2214 910 2472 979; x_wconf 85' lang='lat' dir='ltr'><strong>Quoniam</strong></span> <span class='ocrx_word' id='word_1_485' title='bbox 2502 922 2946 986; x_wconf 62' lang='lat' dir='ltr'><strong>manifestissimae</strong></span> <span class='ocrx_word' id='word_1_486' title='bbox 2970 936 3175 994; x_wconf 88' lang='lat' dir='ltr'><strong>veritati</strong></span> <span class='ocrx_word' id='word_1_487' title='bbox 3220 945 3332 999; x_wconf 82' lang='lat' dir='ltr'><strong>cai-</strong></span> 
     </span>
    </p>
   </div>
   <div class='ocr_carea' id='block_1_68' title="bbox 1756 990 3421 1093">
    <p class='ocr_par' dir='ltr' id='par_1_68' title="bbox 1756 990 3421 1093">
     <span class='ocr_line' id='line_1_68' title="bbox 1756 990 3421 1093; baseline 0.031 -50"><span class='ocrx_word' id='word_1_488' title='bbox 1756 990 1866 1093; x_wconf 77' lang='lat' dir='ltr'><strong>lida</strong></span> <span class='ocrx_word' id='word_1_489' title='bbox 1887 993 2263 1093; x_wconf 77' lang='lat' dir='ltr'><strong>disputationis</strong></span> <span class='ocrx_word' id='word_1_490' title='bbox 2287 1015 2401 1062; x_wconf 87' lang='lat' dir='ltr'><strong>arte</strong></span> <span class='ocrx_word' id='word_1_491' title='bbox 2422 1008 2683 1070; x_wconf 87' lang='lat' dir='ltr'><strong>Photinus</strong></span> <span class='ocrx_word' id='word_1_492' title='bbox 2708 1018 2987 1093; x_wconf 77' lang='lat' dir='ltr'><strong>obnititur,</strong></span> <span class='ocrx_word' id='word_1_493' title='bbox 3038 990 3328 1092; x_wconf 63' lang='lat' dir='ltr'><strong>evideniis-</strong></span> <span class='ocrx_word' id='word_1_494' title='bbox 3417 1021 3421 1025; x_wconf 41' lang='grc'><strong><em>’</em></strong></span> 
     </span>
    </p>
   </div>
   <div class='ocr_carea' id='block_1_69' title="bbox 1761 1084 3325 1194">
    <p class='ocr_par' dir='ltr' id='par_1_69' title="bbox 1761 1084 3325 1194">
     <span class='ocr_line' id='line_1_69' title="bbox 1761 1084 3325 1194; baseline 0.031 -57"><span class='ocrx_word' id='word_1_495' title='bbox 1761 1084 1902 1194; x_wconf 62' lang='lat' dir='ltr'><strong>sima</strong></span> <span class='ocrx_word' id='word_1_496' title='bbox 1931 1089 2224 1194; x_wconf 55' lang='grc' dir='ltr'><strong>ξειάίνίοω</strong></span> <span class='ocrx_word' id='word_1_497' title='bbox 2278 1097 2566 1170; x_wconf 65' lang='lat' dir='ltr'><strong>Scriptura:</strong></span> <span class='ocrx_word' id='word_1_498' title='bbox 2613 1114 2928 1172; x_wconf 88' lang='lat' dir='ltr'><strong>auctoritate</strong></span> <span class='ocrx_word' id='word_1_499' title='bbox 2956 1086 3325 1194; x_wconf 22' lang='lat' dir='ltr'><strong>Ifrangentius.</strong></span> 
     </span>
    </p>
   </div>
   <div class='ocr_carea' id='block_1_70' title="bbox 1759 1172 3330 1290">
    <p class='ocr_par' dir='ltr' id='par_1_70' title="bbox 1759 1172 3330 1290">
     <span class='ocr_line' id='line_1_70' title="bbox 1759 1172 3330 1290; baseline 0.031 -61"><span class='ocrx_word' id='word_1_500' title='bbox 1759 1172 1991 1282; x_wconf 73' lang='lat' dir='ltr'><strong>Joannes</strong></span> <span class='ocrx_word' id='word_1_501' title='bbox 2173 1192 2447 1257; x_wconf 87' lang='lat' dir='ltr'><strong>apostolus</strong></span> <span class='ocrx_word' id='word_1_502' title='bbox 2464 1194 2618 1252; x_wconf 78' lang='lat' dir='ltr'><strong>iStius</strong></span> <span class='ocrx_word' id='word_1_503' title='bbox 2639 1200 2848 1275; x_wconf 89' lang='lat' dir='ltr'><strong>(credo)</strong></span> <span class='ocrx_word' id='word_1_504' title='bbox 2880 1172 3330 1290; x_wconf 55' lang='grc' dir='ltr'><strong>εηρηηῖέὶῖὶᾏξξὲ</strong></span> 
     </span>
    </p>
   </div>
   <div class='ocr_carea' id='block_1_71' title="bbox 1760 1271 3328 1378">
    <p class='ocr_par' dir='ltr' id='par_1_71' title="bbox 1760 1271 3328 1378">
     <span class='ocr_line' id='line_1_71' title="bbox 1760 1271 3328 1378; baseline 0.029 -56"><span class='ocrx_word' id='word_1_505' title='bbox 1760 1277 1883 1323; x_wconf 90' lang='lat' dir='ltr'><strong>ante</strong></span> <span class='ocrx_word' id='word_1_506' title='bbox 1908 1271 1962 1328; x_wconf 91' lang='lat' dir='ltr'><strong>in</strong></span> <span class='ocrx_word' id='word_1_507' title='bbox 2003 1273 2201 1344; x_wconf 89' lang='lat' dir='ltr'><strong>Spiritu</strong></span> <span class='ocrx_word' id='word_1_508' title='bbox 2239 1291 2426 1337; x_wconf 88' lang='lat' dir='ltr'><strong>saneto</strong></span> <span class='ocrx_word' id='word_1_509' title='bbox 2455 1292 2811 1360; x_wconf 85' lang='lat' dir='ltr'><strong>conspiciens,</strong></span> <span class='ocrx_word' id='word_1_510' title='bbox 2829 1271 2962 1354; x_wconf 79' lang='lat' dir='ltr'><strong>ante</strong></span> 
     </span>
    </p>
   </div>
   <div class='ocr_carea' id='block_1_72' title="bbox 1761 1361 3326 1457">
    <p class='ocr_par' dir='ltr' id='par_1_72' title="bbox 1761 1361 3326 1457">
     <span class='ocr_line' id='line_1_72' title="bbox 1761 1361 3326 1457; baseline 0.029 -46"><span class='ocrx_word' id='word_1_511' title='bbox 1761 1361 2075 1419; x_wconf 70' lang='lat' dir='ltr'><strong>saeculorum</strong></span> <span class='ocrx_word' id='word_1_512' title='bbox 2097 1368 2516 1430; x_wconf 84' lang='lat' dir='ltr'><strong>substantialiter</strong></span> <span class='ocrx_word' id='word_1_513' title='bbox 2542 1381 2678 1448; x_wconf 88' lang='lat' dir='ltr'><strong>apud</strong></span> <span class='ocrx_word' id='word_1_514' title='bbox 2701 1383 2907 1442; x_wconf 89' lang='lat' dir='ltr'><strong>Patrem</strong></span> <span class='ocrx_word' id='word_1_515' title='bbox 2933 1361 3094 1449; x_wconf 79' lang='lat' dir='ltr'><strong>Deum</strong></span> <span class='ocrx_word' id='word_1_516' title='bbox 3135 1361 3326 1457; x_wconf 69' lang='lat' dir='ltr'><strong>Filium</strong></span> 
     </span>
    </p>
   </div>
   <div class='ocr_carea' id='block_1_73' title="bbox 1761 1452 3331 1557">
    <p class='ocr_par' dir='ltr' id='par_1_73' title="bbox 1761 1452 3331 1557">
     <span class='ocr_line' id='line_1_73' title="bbox 1761 1452 3331 1557; baseline 0.032 -59"><span class='ocrx_word' id='word_1_517' title='bbox 1761 1452 2029 1510; x_wconf 78' lang='lat' dir='ltr'><strong>exstitisse</strong></span> <span class='ocrx_word' id='word_1_518' title='bbox 2058 1465 2313 1531; x_wconf 82' lang='lat' dir='ltr'><strong>testatur,</strong></span> <span class='ocrx_word' id='word_1_519' title='bbox 2365 1481 2429 1520; x_wconf 92' lang='lat' dir='ltr'><strong>ac</strong></span> <span class='ocrx_word' id='word_1_520' title='bbox 2456 1461 2534 1524; x_wconf 84' lang='lat' dir='ltr'><strong>sic</strong></span> <span class='ocrx_word' id='word_1_521' title='bbox 2557 1468 2836 1554; x_wconf 80' lang='lat' dir='ltr'><strong>Photinum</strong></span> <span class='ocrx_word' id='word_1_522' title='bbox 2884 1482 2994 1537; x_wconf 86' lang='lat' dir='ltr'><strong>alto</strong></span> <span class='ocrx_word' id='word_1_523' title='bbox 3049 1452 3331 1557; x_wconf 58' lang='lat' dir='ltr'><strong>imperiti;</strong></span> 
     </span>
    </p>
   </div>
   <div class='ocr_carea' id='block_1_74' title="bbox 1763 1545 3334 1644">
    <p class='ocr_par' dir='ltr' id='par_1_74' title="bbox 1763 1545 3334 1644">
     <span class='ocr_line' id='line_1_74' title="bbox 1763 1545 3334 1644; baseline 0.028 -49"><span class='ocrx_word' id='word_1_524' title='bbox 1763 1556 1957 1613; x_wconf 89' lang='lat' dir='ltr'><strong>sopore</strong></span> <span class='ocrx_word' id='word_1_525' title='bbox 1977 1545 2304 1633; x_wconf 86' lang='lat' dir='ltr'><strong>demersum,</strong></span> <span class='ocrx_word' id='word_1_526' title='bbox 2338 1565 2391 1610; x_wconf 88' lang='lat' dir='ltr'><strong>et</strong></span> <span class='ocrx_word' id='word_1_527' title='bbox 2420 1558 2600 1616; x_wconf 88' lang='lat' dir='ltr'><strong>lethali</strong></span> <span class='ocrx_word' id='word_1_528' title='bbox 2623 1545 2799 1633; x_wconf 79' lang='lat' dir='ltr'><strong>quiete</strong></span> <span class='ocrx_word' id='word_1_529' title='bbox 2828 1545 3334 1644; x_wconf 45' lang='lat' dir='ltr'><strong>sepultum-claris-</strong></span> 
     </span>
    </p>
   </div>
   <div class='ocr_carea' id='block_1_75' title="bbox 1764 1634 3333 1743">
    <p class='ocr_par' dir='ltr' id='par_1_75' title="bbox 1764 1634 3333 1743">
     <span class='ocr_line' id='line_1_75' title="bbox 1764 1634 3333 1743; baseline 0.028 -56"><span class='ocrx_word' id='word_1_530' title='bbox 1764 1634 1913 1690; x_wconf 72' lang='lat' dir='ltr'><strong>simae</strong></span> <span class='ocrx_word' id='word_1_531' title='bbox 1939 1651 2049 1717; x_wconf 66' lang='lat' dir='ltr'><strong>sua:</strong></span> <span class='ocrx_word' id='word_1_532' title='bbox 2069 1644 2214 1699; x_wconf 87' lang='lat' dir='ltr'><strong>vocis</strong></span> <span class='ocrx_word' id='word_1_533' title='bbox 2239 1652 2506 1714; x_wconf 67' lang='lat' dir='ltr'><strong>praeconio</strong></span> <span class='ocrx_word' id='word_1_534' title='bbox 2534 1656 2748 1725; x_wconf 90' lang='lat' dir='ltr'><strong>excitat,</strong></span> <span class='ocrx_word' id='word_1_535' title='bbox 2773 1661 2955 1721; x_wconf 87' lang='lat' dir='ltr'><strong>dicens</strong></span> <span class='ocrx_word' id='word_1_536' title='bbox 2987 1684 3000 1722; x_wconf 92' lang='lat'>:</span> <span class='ocrx_word' id='word_1_537' title='bbox 3029 1667 3094 1723; x_wconf 85' lang='lat' dir='ltr'><strong>In</strong></span> <span class='ocrx_word' id='word_1_538' title='bbox 3138 1676 3333 1743; x_wconf 74' lang='lat' dir='ltr'><strong>primi-</strong></span> 
     </span>
    </p>
   </div>
   <div class='ocr_carea' id='block_1_76' title="bbox 1769 1816 3331 1922">
    <p class='ocr_par' dir='ltr' id='par_1_76' title="bbox 1769 1816 3331 1922">
     <span class='ocr_line' id='line_1_76' title="bbox 1769 1816 3331 1922; baseline 0.028 -54"><span class='ocrx_word' id='word_1_539' title='bbox 1769 1827 1876 1870; x_wconf 87' lang='lat' dir='ltr'><strong>erat</strong></span> <span class='ocrx_word' id='word_1_540' title='bbox 1901 1816 2140 1878; x_wconf 75' lang='lat' dir='ltr'><strong>Verbum.</strong></span> <span class='ocrx_word' id='word_1_541' title='bbox 2166 1825 2281 1881; x_wconf 86' lang='lat' dir='ltr'><strong>Hoc</strong></span> <span class='ocrx_word' id='word_1_542' title='bbox 2303 1840 2405 1883; x_wconf 88' lang='lat' dir='ltr'><strong>erat</strong></span> <span class='ocrx_word' id='word_1_543' title='bbox 2434 1833 2486 1886; x_wconf 85' lang='lat' dir='ltr'><strong>in</strong></span> <span class='ocrx_word' id='word_1_544' title='bbox 2507 1837 2755 1909; x_wconf 81' lang='lat' dir='ltr'><strong>p:incipio</strong></span> <span class='ocrx_word' id='word_1_545' title='bbox 2773 1816 2920 1912; x_wconf 78' lang='lat' dir='ltr'><strong>apud</strong></span> <span class='ocrx_word' id='word_1_546' title='bbox 2965 1816 3124 1903; x_wconf 63' lang='lat' dir='ltr'><strong>Deum</strong></span> <span class='ocrx_word' id='word_1_547' title='bbox 3149 1816 3331 1922; x_wconf 65' lang='lat' dir='ltr'><strong>(latin:</strong></span> 
     </span>
    </p>
   </div>
   <div class='ocr_carea' id='block_1_77' title="bbox 1769 1909 3334 2010">
    <p class='ocr_par' dir='ltr' id='par_1_77' title="bbox 1769 1909 3334 2010">
     <span class='ocr_line' id='line_1_77' title="bbox 1769 1909 3334 2010; baseline 0.026 -50"><span class='ocrx_word' id='word_1_548' title='bbox 1769 1922 1809 1974; x_wconf 82' lang='lat'><strong>1,</strong></span> <span class='ocrx_word' id='word_1_549' title='bbox 1940 1909 2081 2010; x_wconf 73' lang='lat' dir='ltr'><strong>Ergo</strong></span> <span class='ocrx_word' id='word_1_550' title='bbox 2106 1915 2155 1970; x_wconf 91' lang='lat' dir='ltr'><strong>ei</strong></span> <span class='ocrx_word' id='word_1_551' title='bbox 2177 1920 2265 1987; x_wconf 85' lang='lat' dir='ltr'><strong>qui</strong></span> <span class='ocrx_word' id='word_1_552' title='bbox 2291 1921 2342 1974; x_wconf 89' lang='lat' dir='ltr'><strong>in</strong></span> <span class='ocrx_word' id='word_1_553' title='bbox 2366 1923 2628 1996; x_wconf 86' lang='lat' dir='ltr'><strong>principio</strong></span> <span class='ocrx_word' id='word_1_554' title='bbox 2647 1941 2762 1985; x_wconf 83' lang='lat' dir='ltr'><strong>erat</strong></span> <span class='ocrx_word' id='word_1_555' title='bbox 2812 1909 2949 2003; x_wconf 80' lang='lat' dir='ltr'><strong>apud</strong></span> <span class='ocrx_word' id='word_1_556' title='bbox 2991 1909 3177 2010; x_wconf 58' lang='lat' dir='ltr'><strong>Deum,</strong></span> <span class='ocrx_word' id='word_1_557' title='bbox 3227 1909 3334 2003; x_wconf 82' lang='lat' dir='ltr'><strong>non</strong></span> 
     </span>
    </p>
   </div>
   <div class='ocr_carea' id='block_1_78' title="bbox 1771 1999 3336 2102">
    <p class='ocr_par' dir='ltr' id='par_1_78' title="bbox 1771 1999 3336 2102">
     <span class='ocr_line' id='line_1_78' title="bbox 1771 1999 3336 2102; baseline 0.026 -51"><span class='ocrx_word' id='word_1_558' title='bbox 1771 1999 2088 2071; x_wconf 88' lang='lat' dir='ltr'><strong>relinquitur</strong></span> <span class='ocrx_word' id='word_1_559' title='bbox 2109 2015 2166 2061; x_wconf 92' lang='lat' dir='ltr'><strong>ut</strong></span> <span class='ocrx_word' id='word_1_560' title='bbox 2191 2011 2481 2069; x_wconf 85' lang='lat' dir='ltr'><strong>novissimo</strong></span> <span class='ocrx_word' id='word_1_561' title='bbox 2511 2027 2745 2089; x_wconf 90' lang='lat' dir='ltr'><strong>tempore</strong></span> <span class='ocrx_word' id='word_1_562' title='bbox 2771 2027 2988 2094; x_wconf 86' lang='lat' dir='ltr'><strong>originis</strong></span> <span class='ocrx_word' id='word_1_563' title='bbox 3008 2043 3117 2085; x_wconf 66' lang='lat' dir='ltr'><strong>suae</strong></span> <span class='ocrx_word' id='word_1_564' title='bbox 3137 2036 3336 2102; x_wconf 88' lang='lat' dir='ltr'><strong>princi-</strong></span> 
     </span>
    </p>
   </div>
   <div class='ocr_carea' id='block_1_79' title="bbox 1771 2090 3334 2197">
    <p class='ocr_par' dir='ltr' id='par_1_79' title="bbox 1771 2090 3334 2197">
     <span class='ocr_line' id='line_1_79' title="bbox 1771 2090 3334 2197; baseline 0.027 -55"><span class='ocrx_word' id='word_1_565' title='bbox 1771 2090 1914 2197; x_wconf 70' lang='lat' dir='ltr'><strong>pium</strong></span> <span class='ocrx_word' id='word_1_566' title='bbox 1934 2093 2002 2194; x_wconf 74' lang='lat' dir='ltr'><strong>ab</strong></span> <span class='ocrx_word' id='word_1_567' title='bbox 2025 2094 2239 2155; x_wconf 88' lang='lat' dir='ltr'><strong>homine</strong></span> <span class='ocrx_word' id='word_1_568' title='bbox 2267 2107 2570 2173; x_wconf 86' lang='lat' dir='ltr'><strong>sumpserit.</strong></span> <span class='ocrx_word' id='word_1_569' title='bbox 2597 2107 2663 2163; x_wconf 84' lang='lat' dir='ltr'><strong>Et</strong></span> <span class='ocrx_word' id='word_1_570' title='bbox 2689 2127 2753 2166; x_wconf 90' lang='lat' dir='ltr'><strong>ne</strong></span> <span class='ocrx_word' id='word_1_571' title='bbox 2782 2090 2882 2197; x_wconf 77' lang='lat' dir='ltr'><strong>hoc</strong></span> <span class='ocrx_word' id='word_1_572' title='bbox 2904 2090 3154 2190; x_wconf 64' lang='lat' dir='ltr'><strong>Verbum;</strong></span> <span class='ocrx_word' id='word_1_573' title='bbox 3181 2090 3334 2197; x_wconf 49' lang='lat'><strong>133</strong></span> 
     </span>
    </p>
   </div>
   <div class='ocr_carea' id='block_1_80' title="bbox 1771 2179 3335 2270">
    <p class='ocr_par' dir='ltr' id='par_1_80' title="bbox 1771 2179 3335 2270">
     <span class='ocr_line' id='line_1_80' title="bbox 1771 2179 3335 2270; baseline 0.026 -39"><span class='ocrx_word' id='word_1_574' title='bbox 1771 2179 1910 2250; x_wconf 91' lang='lat' dir='ltr'><strong>quod</strong></span> <span class='ocrx_word' id='word_1_575' title='bbox 1935 2183 1988 2236; x_wconf 91' lang='lat' dir='ltr'><strong>in</strong></span> <span class='ocrx_word' id='word_1_576' title='bbox 2012 2186 2270 2257; x_wconf 86' lang='lat' dir='ltr'><strong>principio</strong></span> <span class='ocrx_word' id='word_1_577' title='bbox 2290 2204 2406 2248; x_wconf 89' lang='lat' dir='ltr'><strong>erat</strong></span> <span class='ocrx_word' id='word_1_578' title='bbox 2432 2196 2571 2265; x_wconf 90' lang='lat' dir='ltr'><strong>apud</strong></span> <span class='ocrx_word' id='word_1_579' title='bbox 2601 2200 2764 2256; x_wconf 91' lang='lat' dir='ltr'><strong>Deum</strong></span> <span class='ocrx_word' id='word_1_580' title='bbox 2785 2188 2974 2262; x_wconf 70' lang='lat' dir='ltr'><strong>divina:</strong></span> <span class='ocrx_word' id='word_1_581' title='bbox 2989 2179 3335 2270; x_wconf 45' lang='lat' dir='ltr'><strong>vocis&#39;ta‘tis‘:</strong></span> 
     </span>
    </p>
   </div>
   <div class='ocr_carea' id='block_1_81' title="bbox 1771 2275 3334 2358">
    <p class='ocr_par' dir='ltr' id='par_1_81' title="bbox 1771 2275 3334 2358">
     <span class='ocr_line' id='line_1_81' title="bbox 1771 2275 3334 2358; baseline 0.02 -31"><span class='ocrx_word' id='word_1_582' title='bbox 1771 2281 1984 2328; x_wconf 79' lang='lat' dir='ltr'><strong>euntem</strong></span> <span class='ocrx_word' id='word_1_583' title='bbox 2011 2275 2282 2338; x_wconf 81' lang='lat' dir='ltr'><strong>existimet</strong></span> <span class='ocrx_word' id='word_1_584' title='bbox 2304 2291 2525 2350; x_wconf 88' lang='lat' dir='ltr'><strong>sonum&#39;,</strong></span> <span class='ocrx_word' id='word_1_585' title='bbox 2567 2286 2680 2342; x_wconf 87' lang='lat' dir='ltr'><strong>ait:</strong></span> <span class='ocrx_word' id='word_1_586' title='bbox 2715 2290 2779 2344; x_wconf 85' lang='lat' dir='ltr'><strong>Et</strong></span> <span class='ocrx_word' id='word_1_587' title='bbox 2809 2293 2944 2348; x_wconf 85' lang='lat' dir='ltr'><strong>Deus</strong></span> <span class='ocrx_word' id='word_1_588' title='bbox 2973 2310 3081 2352; x_wconf 82' lang='lat' dir='ltr'><strong>erat</strong></span> <span class='ocrx_word' id='word_1_589' title='bbox 3121 2300 3334 2358; x_wconf 80' lang='lat' dir='ltr'><strong>Verbum</strong></span> 
     </span>
    </p>
   </div>
   <div class='ocr_carea' id='block_1_82' title="bbox 1772 2361 3334 2452">
    <p class='ocr_par' dir='ltr' id='par_1_82' title="bbox 1772 2361 3334 2452">
     <span class='ocr_line' id='line_1_82' title="bbox 1772 2361 3334 2452; baseline 0.024 -39"><span class='ocrx_word' id='word_1_590' title='bbox 1772 2361 1981 2435; x_wconf 85' lang='lat' dir='ltr'><strong>(lbid.).</strong></span> <span class='ocrx_word' id='word_1_591' title='bbox 2013 2366 2165 2434; x_wconf 86' lang='lat' dir='ltr'><strong>Quod</strong></span> <span class='ocrx_word' id='word_1_592' title='bbox 2191 2370 2238 2424; x_wconf 90' lang='lat' dir='ltr'><strong>si</strong></span> <span class='ocrx_word' id='word_1_593' title='bbox 2269 2370 2369 2427; x_wconf 87' lang='lat' dir='ltr'><strong>hoc</strong></span> <span class='ocrx_word' id='word_1_594' title='bbox 2400 2372 2634 2431; x_wconf 79' lang='lat' dir='ltr'><strong>Verbum</strong></span> <span class='ocrx_word' id='word_1_595' title='bbox 2676 2378 2816 2437; x_wconf 80' lang='lat' dir='ltr'><strong>Deus</strong></span> <span class='ocrx_word' id='word_1_596' title='bbox 2865 2396 2996 2452; x_wconf 84' lang='lat' dir='ltr'><strong>erat,</strong></span> <span class='ocrx_word' id='word_1_597' title='bbox 3044 2391 3334 2451; x_wconf 86' lang='lat' dir='ltr'><strong>substan:ia</strong></span> 
     </span>
    </p>
   </div>
   <div class='ocr_carea' id='block_1_83' title="bbox 1771 2468 3333 2540">
    <p class='ocr_par' dir='ltr' id='par_1_83' title="bbox 1771 2468 3333 2540">
     <span class='ocr_line' id='line_1_83' title="bbox 1771 2468 3333 2540; baseline 0.021 -33"><span class='ocrx_word' id='word_1_598' title='bbox 1771 2469 2011 2526; x_wconf 89' lang='lat' dir='ltr'><strong>manens,</strong></span> <span class='ocrx_word' id='word_1_599' title='bbox 2059 2474 2162 2514; x_wconf 91' lang='lat' dir='ltr'><strong>non</strong></span> <span class='ocrx_word' id='word_1_600' title='bbox 2191 2477 2354 2518; x_wconf 85' lang='lat' dir='ltr'><strong>sonus</strong></span> <span class='ocrx_word' id='word_1_601' title='bbox 2395 2468 2658 2526; x_wconf 89' lang='lat' dir='ltr'><strong>transiens</strong></span> <span class='ocrx_word' id='word_1_602' title='bbox 2700 2484 2834 2528; x_wconf 88' lang='lat' dir='ltr'><strong>erat.</strong></span> <span class='ocrx_word' id='word_1_603' title='bbox 2886 2475 3142 2535; x_wconf 76' lang='lat' dir='ltr'><strong>Fundata:</strong></span> <span class='ocrx_word' id='word_1_604' title='bbox 3192 2484 3333 2540; x_wconf 88' lang='lat' dir='ltr'><strong>enim</strong></span> 
     </span>
    </p>
   </div>
   <div class='ocr_carea' id='block_1_84' title="bbox 1771 2548 3334 2629">
    <p class='ocr_par' dir='ltr' id='par_1_84' title="bbox 1771 2548 3334 2629">
     <span class='ocr_line' id='line_1_84' title="bbox 1771 2548 3334 2629; baseline 0.022 -33"><span class='ocrx_word' id='word_1_605' title='bbox 1771 2550 1974 2600; x_wconf 76' lang='lat' dir='ltr'><strong>natura:</strong></span> <span class='ocrx_word' id='word_1_606' title='bbox 2000 2548 2166 2606; x_wconf 89' lang='lat' dir='ltr'><strong>virtus</strong></span> <span class='ocrx_word' id='word_1_607' title='bbox 2184 2553 2499 2621; x_wconf 88' lang='lat' dir='ltr'><strong>ostenditur,</strong></span> <span class='ocrx_word' id='word_1_608' title='bbox 2557 2573 2676 2628; x_wconf 56' lang='lat' dir='ltr'><strong>quae</strong></span> <span class='ocrx_word' id='word_1_609' title='bbox 2719 2561 2883 2619; x_wconf 82' lang='lat' dir='ltr'><strong>fuisse</strong></span> <span class='ocrx_word' id='word_1_610' title='bbox 2910 2568 2992 2622; x_wconf 89' lang='lat' dir='ltr'><strong>vel</strong></span> <span class='ocrx_word' id='word_1_611' title='bbox 3043 2584 3160 2625; x_wconf 87' lang='lat' dir='ltr'><strong>esse</strong></span> <span class='ocrx_word' id='word_1_612' title='bbox 3208 2577 3334 2629; x_wconf 88' lang='lat' dir='ltr'><strong>sub-</strong></span> 
     </span>
    </p>
   </div>
   <div class='ocr_carea' id='block_1_85' title="bbox 1771 2639 3332 2731">
    <p class='ocr_par' dir='ltr' id='par_1_85' title="bbox 1771 2639 3332 2731">
     <span class='ocr_line' id='line_1_85' title="bbox 1771 2639 3332 2731; baseline 0.02 -42"><span class='ocrx_word' id='word_1_613' title='bbox 1771 2639 2089 2695; x_wconf 87' lang='lat' dir='ltr'><strong>stantialiter</strong></span> <span class='ocrx_word' id='word_1_614' title='bbox 2113 2643 2449 2711; x_wconf 68' lang='lat' dir='ltr'><strong>praedicatur.</strong></span> <span class='ocrx_word' id='word_1_615' title='bbox 2475 2648 2540 2703; x_wconf 88' lang='lat' dir='ltr'><strong>Et</strong></span> <span class='ocrx_word' id='word_1_616' title='bbox 2559 2654 2806 2719; x_wconf 90' lang='lat' dir='ltr'><strong>quoniam</strong></span> <span class='ocrx_word' id='word_1_617' title='bbox 2831 2641 2971 2712; x_wconf 87' lang='lat' dir='ltr'><strong>nunc</strong></span> <span class='ocrx_word' id='word_1_618' title='bbox 2995 2674 3203 2731; x_wconf 88' lang='lat' dir='ltr'><strong>quoque</strong></span> <span class='ocrx_word' id='word_1_619' title='bbox 3230 2665 3332 2720; x_wconf 81' lang='lat' dir='ltr'><strong>Sa-</strong></span> 
     </span>
    </p>
   </div>
   <div class='ocr_carea' id='block_1_86' title="bbox 1771 2729 3330 2828">
    <p class='ocr_par' dir='ltr' id='par_1_86' title="bbox 1771 2729 3330 2828">
     <span class='ocr_line' id='line_1_86' title="bbox 1771 2729 3330 2828; baseline 0.016 -45"><span class='ocrx_word' id='word_1_620' title='bbox 1771 2729 1988 2785; x_wconf 91' lang='lat' dir='ltr'><strong>bellium</strong></span> <span class='ocrx_word' id='word_1_621' title='bbox 2015 2732 2070 2786; x_wconf 90' lang='lat' dir='ltr'><strong>in</strong></span> <span class='ocrx_word' id='word_1_622' title='bbox 2100 2733 2202 2791; x_wconf 88' lang='lat' dir='ltr'><strong>hoc</strong></span> <span class='ocrx_word' id='word_1_623' title='bbox 2234 2737 2497 2806; x_wconf 84' lang='lat' dir='ltr'><strong>auditorio</strong></span> <span class='ocrx_word' id='word_1_624' title='bbox 2523 2743 2796 2800; x_wconf 88' lang='lat' dir='ltr'><strong>nobiscum</strong></span> <span class='ocrx_word' id='word_1_625' title='bbox 2819 2757 2993 2804; x_wconf 86' lang='lat' dir='ltr'><strong>astare</strong></span> <span class='ocrx_word' id='word_1_626' title='bbox 3036 2729 3330 2828; x_wconf 70' lang='lat' dir='ltr'><strong>conspicio,</strong></span> 
     </span>
    </p>
   </div>
   <div class='ocr_carea' id='block_1_87' title="bbox 1774 2824 3334 2914">
    <p class='ocr_par' dir='ltr' id='par_1_87' title="bbox 1774 2824 3334 2914">
     <span class='ocr_line' id='line_1_87' title="bbox 1774 2824 3334 2914; baseline 0.02 -38"><span class='ocrx_word' id='word_1_627' title='bbox 1774 2824 1825 2878; x_wconf 91' lang='lat' dir='ltr'><strong>in</strong></span> <span class='ocrx_word' id='word_1_628' title='bbox 1868 2833 2118 2897; x_wconf 88' lang='lat' dir='ltr'><strong>utrosque</strong></span> <span class='ocrx_word' id='word_1_629' title='bbox 2147 2833 2435 2889; x_wconf 89' lang='lat' dir='ltr'><strong>testimonii</strong></span> <span class='ocrx_word' id='word_1_630' title='bbox 2482 2837 2638 2908; x_wconf 88' lang='lat' dir='ltr'><strong>hujus</strong></span> <span class='ocrx_word' id='word_1_631' title='bbox 2669 2841 2768 2895; x_wconf 89' lang='lat' dir='ltr'><strong>tela</strong></span> <span class='ocrx_word' id='word_1_632' title='bbox 2797 2843 3050 2914; x_wconf 87' lang='lat' dir='ltr'><strong>vibrabo,</strong></span> <span class='ocrx_word' id='word_1_633' title='bbox 3103 2858 3157 2903; x_wconf 84' lang='lat' dir='ltr'><strong>et</strong></span> <span class='ocrx_word' id='word_1_634' title='bbox 3208 2824 3334 2907; x_wconf 81' lang='lat' dir='ltr'><strong>inde</strong></span> 
     </span>
    </p>
   </div>
   <div class='ocr_carea' id='block_1_88' title="bbox 1771 2918 3332 3006">
    <p class='ocr_par' dir='ltr' id='par_1_88' title="bbox 1771 2918 3332 3006">
     <span class='ocr_line' id='line_1_88' title="bbox 1771 2918 3332 3006; baseline 0.017 -34"><span class='ocrx_word' id='word_1_635' title='bbox 1771 2918 2064 2981; x_wconf 76' lang='lat' dir='ltr'><strong>PbOtiuum.</strong></span> <span class='ocrx_word' id='word_1_636' title='bbox 2099 2923 2285 2980; x_wconf 90' lang='lat' dir='ltr'><strong>occido</strong></span> <span class='ocrx_word' id='word_1_637' title='bbox 2349 2927 2488 2984; x_wconf 89' lang='lat' dir='ltr'><strong>unde</strong></span> <span class='ocrx_word' id='word_1_638' title='bbox 2532 2922 2815 2989; x_wconf 86' lang='lat' dir='ltr'><strong>Sabellium</strong></span> <span class='ocrx_word' id='word_1_639' title='bbox 2867 2941 3088 3006; x_wconf 89' lang='lat' dir='ltr'><strong>perimo.</strong></span> <span class='ocrx_word' id='word_1_640' title='bbox 3141 2944 3332 2998; x_wconf 89' lang='lat' dir='ltr'><strong>Audiat</strong></span> 
     </span>
    </p>
   </div>
   <div class='ocr_carea' id='block_1_89' title="bbox 1773 3010 3333 3098">
    <p class='ocr_par' dir='ltr' id='par_1_89' title="bbox 1773 3010 3333 3098">
     <span class='ocr_line' id='line_1_89' title="bbox 1773 3010 3333 3098; baseline 0.017 -35"><span class='ocrx_word' id='word_1_641' title='bbox 1773 3022 1900 3078; x_wconf 89' lang='lat' dir='ltr'><strong>ergo</strong></span> <span class='ocrx_word' id='word_1_642' title='bbox 1922 3010 2182 3068; x_wconf 89' lang='lat' dir='ltr'><strong>Sabellius</strong></span> <span class='ocrx_word' id='word_1_643' title='bbox 2212 3015 2376 3072; x_wconf 92' lang='lat' dir='ltr'><strong>Deum</strong></span> <span class='ocrx_word' id='word_1_644' title='bbox 2407 3022 2544 3090; x_wconf 88' lang='lat' dir='ltr'><strong>apud</strong></span> <span class='ocrx_word' id='word_1_645' title='bbox 2573 3023 2739 3079; x_wconf 90' lang='lat' dir='ltr'><strong>Deum</strong></span> <span class='ocrx_word' id='word_1_646' title='bbox 2788 3026 2970 3098; x_wconf 82' lang='lat' dir='ltr'><strong>fuisse,</strong></span> <span class='ocrx_word' id='word_1_647' title='bbox 3027 3040 3081 3086; x_wconf 92' lang='lat' dir='ltr'><strong>et</strong></span> <span class='ocrx_word' id='word_1_648' title='bbox 3123 3033 3333 3090; x_wconf 87' lang='lat' dir='ltr'><strong>desinat</strong></span> 
     </span>
    </p>
   </div>
   <div class='ocr_carea' id='block_1_90' title="bbox 1775 3103 3330 3183">
    <p class='ocr_par' dir='ltr' id='par_1_90' title="bbox 1775 3103 3330 3183">
     <span class='ocr_line' id='line_1_90' title="bbox 1775 3103 3330 3183; baseline 0.018 -30"><span class='ocrx_word' id='word_1_649' title='bbox 1775 3105 1840 3154; x_wconf 88' lang='lat' dir='ltr'><strong>ab</strong></span> <span class='ocrx_word' id='word_1_650' title='bbox 1873 3103 2071 3158; x_wconf 90' lang='lat' dir='ltr'><strong>unitate</strong></span> <span class='ocrx_word' id='word_1_651' title='bbox 2101 3120 2362 3174; x_wconf 65' lang='lat' dir='ltr'><strong>persona.</strong></span> <span class='ocrx_word' id='word_1_652' title='bbox 2393 3112 2586 3168; x_wconf 82' lang='lat' dir='ltr'><strong>Audiat</strong></span> <span class='ocrx_word' id='word_1_653' title='bbox 2612 3114 2888 3183; x_wconf 86' lang='lat' dir='ltr'><strong>Photinus,</strong></span> <span class='ocrx_word' id='word_1_654' title='bbox 2942 3120 3043 3176; x_wconf 90' lang='lat' dir='ltr'><strong>hoc</strong></span> <span class='ocrx_word' id='word_1_655' title='bbox 3098 3123 3330 3180; x_wconf 87' lang='lat' dir='ltr'><strong>Verbum</strong></span> 
     </span>
    </p>
   </div>
   <div class='ocr_carea' id='block_1_91' title="bbox 1772 3193 3325 3293">
    <p class='ocr_par' dir='ltr' id='par_1_91' title="bbox 1772 3193 3325 3293">
     <span class='ocr_line' id='line_1_91' title="bbox 1772 3193 3325 3293; baseline 0.017 -46"><span class='ocrx_word' id='word_1_656' title='bbox 1772 3193 1940 3249; x_wconf 88' lang='lat' dir='ltr'><strong>Deum</strong></span> <span class='ocrx_word' id='word_1_657' title='bbox 1968 3198 2019 3250; x_wconf 93' lang='lat' dir='ltr'><strong>in</strong></span> <span class='ocrx_word' id='word_1_658' title='bbox 2053 3197 2313 3269; x_wconf 86' lang='lat' dir='ltr'><strong>principio</strong></span> <span class='ocrx_word' id='word_1_659' title='bbox 2337 3203 2628 3272; x_wconf 78' lang='lat' dir='ltr'><strong>exstitisse,</strong></span> <span class='ocrx_word' id='word_1_660' title='bbox 2655 3216 2708 3262; x_wconf 91' lang='lat' dir='ltr'><strong>et</strong></span> <span class='ocrx_word' id='word_1_661' title='bbox 2735 3208 2934 3265; x_wconf 88' lang='lat' dir='ltr'><strong>desinat</strong></span> <span class='ocrx_word' id='word_1_662' title='bbox 2956 3211 3022 3267; x_wconf 92' lang='lat' dir='ltr'><strong>de</strong></span> <span class='ocrx_word' id='word_1_663' title='bbox 3043 3213 3202 3271; x_wconf 81' lang='lat' dir='ltr'><strong>Maria</strong></span> <span class='ocrx_word' id='word_1_664' title='bbox 3227 3220 3325 3293; x_wconf 50' lang='lat' dir='ltr'><strong>vir:</strong></span> 
     </span>
    </p>
   </div>
   <div class='ocr_carea' id='block_1_92' title="bbox 1771 3285 3332 3379">
    <p class='ocr_par' dir='ltr' id='par_1_92' title="bbox 1771 3285 3332 3379">
     <span class='ocr_line' id='line_1_92' title="bbox 1771 3285 3332 3379; baseline 0.018 -43"><span class='ocrx_word' id='word_1_665' title='bbox 1771 3285 1893 3354; x_wconf 85' lang='lat' dir='ltr'><strong>gine</strong></span> <span class='ocrx_word' id='word_1_666' title='bbox 1920 3285 2127 3341; x_wconf 90' lang='lat' dir='ltr'><strong>initium</strong></span> <span class='ocrx_word' id='word_1_667' title='bbox 2155 3291 2409 3348; x_wconf 89' lang='lat' dir='ltr'><strong>tribuere.</strong></span> <span class='ocrx_word' id='word_1_668' title='bbox 2435 3293 2572 3364; x_wconf 85' lang='lat' dir='ltr'><strong>Hoc,</strong></span> <span class='ocrx_word' id='word_1_669' title='bbox 2605 3298 2793 3368; x_wconf 88' lang='lat' dir='ltr'><strong>inquit,</strong></span> <span class='ocrx_word' id='word_1_670' title='bbox 2821 3313 2930 3356; x_wconf 87' lang='lat' dir='ltr'><strong>erat</strong></span> <span class='ocrx_word' id='word_1_671' title='bbox 2983 3304 3037 3358; x_wconf 88' lang='lat' dir='ltr'><strong>in</strong></span> <span class='ocrx_word' id='word_1_672' title='bbox 3081 3285 3332 3379; x_wconf 82' lang='lat' dir='ltr'><strong>principio</strong></span> 
     </span>
    </p>
   </div>
   <div class='ocr_carea' id='block_1_93' title="bbox 1769 3376 3351 3470">
    <p class='ocr_par' dir='ltr' id='par_1_93' title="bbox 1769 3376 3351 3470">
     <span class='ocr_line' id='line_1_93' title="bbox 1769 3376 3351 3470; baseline 0.018 -42"><span class='ocrx_word' id='word_1_673' title='bbox 1769 3378 1910 3447; x_wconf 82' lang='lat' dir='ltr'><strong>apud</strong></span> <span class='ocrx_word' id='word_1_674' title='bbox 1930 3376 2112 3435; x_wconf 88' lang='lat' dir='ltr'><strong>Deum.</strong></span> <span class='ocrx_word' id='word_1_675' title='bbox 2148 3380 2332 3436; x_wconf 86' lang='lat' dir='ltr'><strong>Omnia</strong></span> <span class='ocrx_word' id='word_1_676' title='bbox 2354 3401 2443 3453; x_wconf 68' lang='lat' dir='ltr'><strong>per</strong></span> <span class='ocrx_word' id='word_1_677' title='bbox 2463 3387 2630 3457; x_wconf 84' lang='lat' dir='ltr'><strong>ipsum</strong></span> <span class='ocrx_word' id='word_1_678' title='bbox 2679 3391 2816 3460; x_wconf 80' lang='lat' dir='ltr'><strong>facta</strong></span> <span class='ocrx_word' id='word_1_679' title='bbox 2860 3406 2997 3463; x_wconf 83' lang='lat' dir='ltr'><strong>sunt,</strong></span> <span class='ocrx_word' id='word_1_680' title='bbox 3024 3406 3069 3451; x_wconf 91' lang='lat' dir='ltr'><strong>et</strong></span> <span class='ocrx_word' id='word_1_681' title='bbox 3089 3401 3195 3452; x_wconf 80' lang='lat' dir='ltr'><strong>sine</strong></span> <span class='ocrx_word' id='word_1_682' title='bbox 3221 3376 3351 3470; x_wconf 32' lang='lat' dir='ltr'><strong>ipso-</strong></span> 
     </span>
    </p>
   </div>
   <div class='ocr_carea' id='block_1_94' title="bbox 1770 3471 3331 3557">
    <p class='ocr_par' dir='ltr' id='par_1_94' title="bbox 1770 3471 3331 3557">
     <span class='ocr_line' id='line_1_94' title="bbox 1770 3471 3331 3557; baseline 0.019 -40"><span class='ocrx_word' id='word_1_683' title='bbox 1770 3471 2054 3536; x_wconf 65' lang='lat' dir='ltr'><strong>factum&#39;est</strong></span> <span class='ocrx_word' id='word_1_684' title='bbox 2077 3471 2206 3525; x_wconf 81' lang='lat' dir='ltr'><strong>nihil</strong></span> <span class='ocrx_word' id='word_1_685' title='bbox 2233 3472 2409 3544; x_wconf 81' lang='lat' dir='ltr'><strong>(Joan.</strong></span> <span class='ocrx_word' id='word_1_686' title='bbox 2441 3491 2480 3546; x_wconf 84' lang='grc' dir='ltr'>ι,</span> <span class='ocrx_word' id='word_1_687' title='bbox 2505 3475 2584 3545; x_wconf 72' lang='grc'><strong>2).</strong></span> <span class='ocrx_word' id='word_1_688' title='bbox 2615 3478 2679 3532; x_wconf 85' lang='lat' dir='ltr'><strong>lu</strong></span> <span class='ocrx_word' id='word_1_689' title='bbox 2727 3481 2822 3535; x_wconf 78' lang='lat' dir='ltr'><strong>hoc</strong></span> <span class='ocrx_word' id='word_1_690' title='bbox 2872 3489 3060 3541; x_wconf 84' lang='lat' dir='ltr'><strong>mundo</strong></span> <span class='ocrx_word' id='word_1_691' title='bbox 3105 3502 3234 3557; x_wconf 83' lang='lat' dir='ltr'><strong>erat,</strong></span> <span class='ocrx_word' id='word_1_692' title='bbox 3284 3503 3331 3547; x_wconf 86' lang='lat' dir='ltr'><strong>et</strong></span> 
     </span>
    </p>
   </div>
   <div class='ocr_carea' id='block_1_95' title="bbox 1768 3561 3332 3648">
    <p class='ocr_par' dir='ltr' id='par_1_95' title="bbox 1768 3561 3332 3648">
     <span class='ocr_line' id='line_1_95' title="bbox 1768 3561 3332 3648; baseline 0.02 -38"><span class='ocrx_word' id='word_1_693' title='bbox 1768 3561 1988 3615; x_wconf 85' lang='lat' dir='ltr'><strong>mundus</strong></span> <span class='ocrx_word' id='word_1_694' title='bbox 2013 3577 2105 3634; x_wconf 86' lang='lat' dir='ltr'><strong>per</strong></span> <span class='ocrx_word' id='word_1_695' title='bbox 2150 3565 2314 3635; x_wconf 83' lang='lat' dir='ltr'><strong>ipsum</strong></span> <span class='ocrx_word' id='word_1_696' title='bbox 2357 3569 2523 3645; x_wconf 81' lang='lat' dir='ltr'><strong>factus</strong></span> <span class='ocrx_word' id='word_1_697' title='bbox 2574 3582 2648 3625; x_wconf 80' lang='lat' dir='ltr'><strong>est</strong></span> <span class='ocrx_word' id='word_1_698' title='bbox 2695 3574 3015 3648; x_wconf 70' lang='lat' dir='ltr'><strong>(Ibid.,10).</strong></span> <span class='ocrx_word' id='word_1_699' title='bbox 3053 3585 3332 3642; x_wconf 83' lang='lat' dir='ltr'><strong>Auteeedit</strong></span> 
     </span>
    </p>
   </div>
   <div class='ocr_carea' id='block_1_96' title="bbox 1767 3667 3008 3734">
    <p class='ocr_par' dir='ltr' id='par_1_96' title="bbox 1767 3667 3008 3734">
     <span class='ocr_line' id='line_1_96' title="bbox 1767 3667 3008 3734; baseline 0.015 -25"><span class='ocrx_word' id='word_1_700' title='bbox 1767 3667 1975 3711; x_wconf 87' lang='lat' dir='ltr'><strong>creator</strong></span> <span class='ocrx_word' id='word_1_701' title='bbox 1997 3667 2258 3714; x_wconf 71' lang='lat' dir='ltr'><strong>creatum</strong></span> <span class='ocrx_word' id='word_1_702' title='bbox 2284 3676 2394 3717; x_wconf 71' lang='lat' dir='ltr'><strong>suze</strong></span> <span class='ocrx_word' id='word_1_703' title='bbox 2428 3667 2715 3734; x_wconf 82' lang='lat' dir='ltr'><strong>Opilieium,</strong></span> <span class='ocrx_word' id='word_1_704' title='bbox 2745 3685 2809 3724; x_wconf 89' lang='lat' dir='ltr'><strong>an</strong></span> <span class='ocrx_word' id='word_1_705' title='bbox 2838 3673 2978 3726; x_wconf 79' lang='lat' dir='ltr'><strong>non?</strong></span> <span class='ocrx_word' id='word_1_706' title='bbox 3004 3707 3008 3713; x_wconf 85' lang='lat'><strong><em>-</em></strong></span> 
     </span>
    </p>
   </div>
   <div class='ocr_carea' id='block_1_97' title="bbox 1837 3746 3328 3831">
    <p class='ocr_par' dir='ltr' id='par_1_97' title="bbox 1837 3746 3328 3831">
     <span class='ocr_line' id='line_1_97' title="bbox 1837 3746 3328 3831; baseline 0.016 -30"><span class='ocrx_word' id='word_1_707' title='bbox 1837 3746 1949 3802; x_wconf 87' lang='lat' dir='ltr'><strong>XV.</strong></span> <span class='ocrx_word' id='word_1_708' title='bbox 1983 3747 2185 3804; x_wconf 89' lang='lat' dir='ltr'><strong>Probus</strong></span> <span class='ocrx_word' id='word_1_709' title='bbox 2202 3752 2369 3819; x_wconf 82' lang='lat' dir='ltr'><strong>judea:</strong></span> <span class='ocrx_word' id='word_1_710' title='bbox 2394 3755 2522 3807; x_wconf 76' lang='lat' dir='ltr'><strong>dixit</strong></span> <span class='ocrx_word' id='word_1_711' title='bbox 2551 3757 2808 3819; x_wconf 74' lang='lat' dir='ltr'><strong>:Constat</strong></span> <span class='ocrx_word' id='word_1_712' title='bbox 2830 3766 3006 3831; x_wconf 90' lang='lat' dir='ltr'><strong>operis</strong></span> <span class='ocrx_word' id='word_1_713' title='bbox 3033 3769 3113 3820; x_wconf 89' lang='lat' dir='ltr'><strong>sui</strong></span> <span class='ocrx_word' id='word_1_714' title='bbox 3163 3768 3328 3825; x_wconf 81' lang='lat' dir='ltr'><strong>fabri-</strong></span> 
     </span>
    </p>
   </div>
   <div class='ocr_carea' id='block_1_98' title="bbox 1764 3841 3329 3924">
    <p class='ocr_par' dir='ltr' id='par_1_98' title="bbox 1764 3841 3329 3924">
     <span class='ocr_line' id='line_1_98' title="bbox 1764 3841 3329 3924; baseline 0.015 -32"><span class='ocrx_word' id='word_1_715' title='bbox 1764 3851 1880 3892; x_wconf 81' lang='lat' dir='ltr'><strong>cam</strong></span> <span class='ocrx_word' id='word_1_716' title='bbox 1915 3841 2547 3898; x_wconf 86' lang='lat' dir='ltr'><strong>autecedereereatorem</strong></span> <span class='ocrx_word' id='word_1_717' title='bbox 2583 3861 2598 3910; x_wconf 93' lang='lat'><strong>;</strong></span> <span class='ocrx_word' id='word_1_718' title='bbox 2630 3863 2796 3918; x_wconf 81' lang='lat' dir='ltr'><strong>neque</strong></span> <span class='ocrx_word' id='word_1_719' title='bbox 2825 3854 2966 3907; x_wconf 90' lang='lat' dir='ltr'><strong>enim</strong></span> <span class='ocrx_word' id='word_1_720' title='bbox 3024 3867 3196 3924; x_wconf 81' lang='lat' dir='ltr'><strong>potest</strong></span> <span class='ocrx_word' id='word_1_721' title='bbox 3226 3863 3329 3915; x_wconf 67' lang='lat' dir='ltr'><strong>ulla</strong></span> 
     </span>
    </p>
   </div>
   <div class='ocr_carea' id='block_1_99' title="bbox 1767 3932 3329 4018">
    <p class='ocr_par' dir='ltr' id='par_1_99' title="bbox 1767 3932 3329 4018">
     <span class='ocr_line' id='line_1_99' title="bbox 1767 3932 3329 4018; baseline 0.014 -32"><span class='ocrx_word' id='word_1_722' title='bbox 1767 3932 1969 3987; x_wconf 62' lang='lat' dir='ltr'><strong>ratione</strong></span> <span class='ocrx_word' id='word_1_723' title='bbox 2010 3932 2218 3989; x_wconf 87' lang='lat' dir='ltr'><strong>admitti</strong></span> <span class='ocrx_word' id='word_1_724' title='bbox 2274 3945 2331 3991; x_wconf 87' lang='lat' dir='ltr'><strong>ut</strong></span> <span class='ocrx_word' id='word_1_725' title='bbox 2390 3947 2570 4006; x_wconf 85' lang='lat' dir='ltr'><strong>postea</strong></span> <span class='ocrx_word' id='word_1_726' title='bbox 2604 3939 2717 4009; x_wconf 91' lang='lat' dir='ltr'><strong>ipse</strong></span> <span class='ocrx_word' id='word_1_727' title='bbox 2771 3948 3010 4013; x_wconf 71' lang='lat' dir='ltr'><strong>coeperit,</strong></span> <span class='ocrx_word' id='word_1_728' title='bbox 3069 3951 3157 4018; x_wconf 91' lang='lat' dir='ltr'><strong>qui</strong></span> <span class='ocrx_word' id='word_1_729' title='bbox 3209 3952 3329 4008; x_wconf 82' lang='lat' dir='ltr'><strong>laeti</strong></span> 
     </span>
    </p>
   </div>
   <div class='ocr_carea' id='block_1_100' title="bbox 1764 4027 2200 4080">
    <p class='ocr_par' dir='ltr' id='par_1_100' title="bbox 1764 4027 2200 4080">
     <span class='ocr_line' id='line_1_100' title="bbox 1764 4027 2200 4080; baseline 0.007 -3"><span class='ocrx_word' id='word_1_730' title='bbox 1764 4034 1947 4078; x_wconf 87' lang='lat' dir='ltr'><strong>auctor</strong></span> <span class='ocrx_word' id='word_1_731' title='bbox 1973 4027 2200 4080; x_wconf 90' lang='lat' dir='ltr'><strong>exstitit.</strong></span> 
     </span>
    </p>
   </div>
   <div class='ocr_carea' id='block_1_101' title="bbox 1833 4112 3324 4200">
    <p class='ocr_par' dir='ltr' id='par_1_101' title="bbox 1833 4112 3324 4200">
     <span class='ocr_line' id='line_1_101' title="bbox 1833 4112 3324 4200; baseline 0.013 -33"><span class='ocrx_word' id='word_1_732' title='bbox 1833 4116 1983 4169; x_wconf 83' lang='lat' dir='ltr'><strong>Arius</strong></span> <span class='ocrx_word' id='word_1_733' title='bbox 2013 4117 2138 4169; x_wconf 73' lang='lat' dir='ltr'><strong>dixit</strong></span> <span class='ocrx_word' id='word_1_734' title='bbox 2171 4131 2190 4170; x_wconf 90' lang='lat'><strong><em>:</em></strong></span> <span class='ocrx_word' id='word_1_735' title='bbox 2217 4118 2274 4174; x_wconf 92' lang='lat' dir='ltr'><strong>Si</strong></span> <span class='ocrx_word' id='word_1_736' title='bbox 2305 4112 2431 4190; x_wconf 83' lang='lat' dir='ltr'><strong>ergo</strong></span> <span class='ocrx_word' id='word_1_737' title='bbox 2459 4123 2632 4178; x_wconf 90' lang='lat' dir='ltr'><strong>omnia</strong></span> <span class='ocrx_word' id='word_1_738' title='bbox 2659 4140 2752 4194; x_wconf 84' lang='lat' dir='ltr'><strong>per</strong></span> <span class='ocrx_word' id='word_1_739' title='bbox 2776 4125 2963 4180; x_wconf 87' lang='lat' dir='ltr'><strong>Filium</strong></span> <span class='ocrx_word' id='word_1_740' title='bbox 3004 4127 3138 4200; x_wconf 70' lang='lat' dir='ltr'><strong>[acta</strong></span> <span class='ocrx_word' id='word_1_741' title='bbox 3178 4143 3324 4198; x_wconf 82' lang='lat' dir='ltr'><strong>sunt,</strong></span> 
     </span>
    </p>
   </div>
   <div class='ocr_carea' id='block_1_102' title="bbox 1763 4210 3325 4285">
    <p class='ocr_par' dir='ltr' id='par_1_102' title="bbox 1763 4210 3325 4285">
     <span class='ocr_line' id='line_1_102' title="bbox 1763 4210 3325 4285; baseline 0.01 -22"><span class='ocrx_word' id='word_1_742' title='bbox 1763 4219 1816 4263; x_wconf 90' lang='lat' dir='ltr'><strong>et</strong></span> <span class='ocrx_word' id='word_1_743' title='bbox 1846 4210 2071 4264; x_wconf 82' lang='lat' dir='ltr'><strong>mundus</strong></span> <span class='ocrx_word' id='word_1_744' title='bbox 2100 4225 2192 4279; x_wconf 89' lang='lat' dir='ltr'><strong>per</strong></span> <span class='ocrx_word' id='word_1_745' title='bbox 2210 4226 2330 4266; x_wconf 92' lang='lat' dir='ltr'><strong>eum</strong></span> <span class='ocrx_word' id='word_1_746' title='bbox 2349 4213 2514 4268; x_wconf 79' lang='lat' dir='ltr'><strong>factus</strong></span> <span class='ocrx_word' id='word_1_747' title='bbox 2530 4226 2633 4281; x_wconf 91' lang='lat' dir='ltr'><strong>est,</strong></span> <span class='ocrx_word' id='word_1_748' title='bbox 2663 4230 2881 4285; x_wconf 89' lang='lat' dir='ltr'><strong>apparet</strong></span> <span class='ocrx_word' id='word_1_749' title='bbox 2927 4232 3049 4275; x_wconf 86' lang='lat' dir='ltr'><strong>ante</strong></span> <span class='ocrx_word' id='word_1_750' title='bbox 3071 4226 3325 4279; x_wconf 86' lang='lat' dir='ltr'><strong>mundum</strong></span> 
     </span>
    </p>
   </div>
   <div class='ocr_carea' id='block_1_103' title="bbox 1763 4301 3169 4379">
    <p class='ocr_par' dir='ltr' id='par_1_103' title="bbox 1763 4301 3169 4379">
     <span class='ocr_line' id='line_1_103' title="bbox 1763 4301 3169 4379; baseline 0.011 -27"><span class='ocrx_word' id='word_1_751' title='bbox 1763 4301 1841 4354; x_wconf 88' lang='lat' dir='ltr'><strong>vel</strong></span> <span class='ocrx_word' id='word_1_752' title='bbox 1873 4311 1994 4355; x_wconf 88' lang='lat' dir='ltr'><strong>ante</strong></span> <span class='ocrx_word' id='word_1_753' title='bbox 2024 4304 2198 4355; x_wconf 87' lang='lat' dir='ltr'><strong>omnia</strong></span> <span class='ocrx_word' id='word_1_754' title='bbox 2229 4318 2347 4372; x_wconf 72' lang='lat' dir='ltr'><strong>quae</strong></span> <span class='ocrx_word' id='word_1_755' title='bbox 2380 4304 2514 4359; x_wconf 80' lang='lat' dir='ltr'><strong>facta</strong></span> <span class='ocrx_word' id='word_1_756' title='bbox 2534 4319 2654 4361; x_wconf 89' lang='lat' dir='ltr'><strong>sunt</strong></span> <span class='ocrx_word' id='word_1_757' title='bbox 2678 4309 2864 4363; x_wconf 81' lang='lat' dir='ltr'><strong>Filium</strong></span> <span class='ocrx_word' id='word_1_758' title='bbox 2885 4305 3169 4379; x_wconf 74' lang='lat' dir='ltr'><strong>exstitisse.</strong></span> 
     </span>
    </p>
   </div>
   <div class='ocr_carea' id='block_1_104' title="bbox 1831 4391 3324 4470">
    <p class='ocr_par' dir='ltr' id='par_1_104' title="bbox 1831 4391 3324 4470">
     <span class='ocr_line' id='line_1_104' title="bbox 1831 4391 3324 4470; baseline 0.012 -28"><span class='ocrx_word' id='word_1_759' title='bbox 1831 4391 2031 4444; x_wconf 86' lang='lat' dir='ltr'><strong>Probus</strong></span> <span class='ocrx_word' id='word_1_760' title='bbox 2060 4394 2225 4462; x_wconf 76' lang='lat' dir='ltr'><strong>judea:</strong></span> <span class='ocrx_word' id='word_1_761' title='bbox 2263 4393 2431 4448; x_wconf 76' lang='lat' dir='ltr'><strong>dixit:</strong></span> <span class='ocrx_word' id='word_1_762' title='bbox 2454 4395 2588 4450; x_wconf 87' lang='lat' dir='ltr'><strong>Nihil</strong></span> <span class='ocrx_word' id='word_1_763' title='bbox 2630 4398 2729 4453; x_wconf 81' lang='lat' dir='ltr'><strong>hac</strong></span> <span class='ocrx_word' id='word_1_764' title='bbox 2773 4401 3082 4470; x_wconf 87' lang='lat' dir='ltr'><strong>probatione</strong></span> <span class='ocrx_word' id='word_1_765' title='bbox 3105 4399 3324 4460; x_wconf 77' lang='lat' dir='ltr'><strong>manife-</strong></span> 
     </span>
    </p>
   </div>
   <div class='ocr_carea' id='block_1_105' title="bbox 1767 4483 2516 4551">
    <p class='ocr_par' dir='ltr' id='par_1_105' title="bbox 1767 4483 2516 4551">
     <span class='ocr_line' id='line_1_105' title="bbox 1767 4483 2516 4551; baseline 0.007 -18"><span class='ocrx_word' id='word_1_766' title='bbox 1767 4484 1898 4534; x_wconf 66' lang='lat' dir='ltr'><strong>stius</strong></span> <span class='ocrx_word' id='word_1_767' title='bbox 1922 4485 2115 4551; x_wconf 90' lang='lat' dir='ltr'><strong>poterit</strong></span> <span class='ocrx_word' id='word_1_768' title='bbox 2139 4483 2516 4539; x_wconf 86' lang='lat' dir='ltr'><strong>demonstrari.</strong></span> 
     </span>
    </p>
   </div>
   <div class='ocr_carea' id='block_1_106' title="bbox 1835 4573 3320 4652">
    <p class='ocr_par' dir='ltr' id='par_1_106' title="bbox 1835 4573 3320 4652">
     <span class='ocr_line' id='line_1_106' title="bbox 1835 4573 3320 4652; baseline 0.012 -30"><span class='ocrx_word' id='word_1_769' title='bbox 1835 4573 1987 4625; x_wconf 84' lang='lat' dir='ltr'><strong>Arius</strong></span> <span class='ocrx_word' id='word_1_770' title='bbox 2013 4573 2142 4626; x_wconf 75' lang='lat' dir='ltr'><strong>dixit</strong></span> <span class='ocrx_word' id='word_1_771' title='bbox 2170 4588 2189 4625; x_wconf 92' lang='lat'><strong><em>:</em></strong></span> <span class='ocrx_word' id='word_1_772' title='bbox 2225 4575 2328 4627; x_wconf 87' lang='lat' dir='ltr'><strong>Sed</strong></span> <span class='ocrx_word' id='word_1_773' title='bbox 2356 4589 2421 4629; x_wconf 89' lang='lat' dir='ltr'><strong>ue</strong></span> <span class='ocrx_word' id='word_1_774' title='bbox 2449 4577 2583 4631; x_wconf 78' lang='lat' dir='ltr'><strong>forte</strong></span> <span class='ocrx_word' id='word_1_775' title='bbox 2610 4581 2762 4632; x_wconf 89' lang='lat' dir='ltr'><strong>unius</strong></span> <span class='ocrx_word' id='word_1_776' title='bbox 2812 4583 3035 4648; x_wconf 83' lang='lat' dir='ltr'><strong>apostoli</strong></span> <span class='ocrx_word' id='word_1_777' title='bbox 3083 4583 3320 4652; x_wconf 83' lang='lat' dir='ltr'><strong>probatio</strong></span> 
     </span>
    </p>
   </div>
   <div class='ocr_carea' id='block_1_107' title="bbox 1766 4660 3318 4742">
    <p class='ocr_par' dir='ltr' id='par_1_107' title="bbox 1766 4660 3318 4742">
     <span class='ocr_line' id='line_1_107' title="bbox 1766 4660 3318 4742; baseline 0.009 -28"><span class='ocrx_word' id='word_1_778' title='bbox 1766 4660 2093 4717; x_wconf 83' lang='lat' dir='ltr'><strong>insuiliciens</strong></span> <span class='ocrx_word' id='word_1_779' title='bbox 2117 4677 2236 4718; x_wconf 88' lang='lat' dir='ltr'><strong>esse</strong></span> <span class='ocrx_word' id='word_1_780' title='bbox 2264 4665 2481 4731; x_wconf 83' lang='lat' dir='ltr'><strong>perlidis</strong></span> <span class='ocrx_word' id='word_1_781' title='bbox 2503 4666 2770 4733; x_wconf 89' lang='lat' dir='ltr'><strong>videatur,</strong></span> <span class='ocrx_word' id='word_1_782' title='bbox 2825 4670 2949 4738; x_wconf 90' lang='lat' dir='ltr'><strong>alia,</strong></span> <span class='ocrx_word' id='word_1_783' title='bbox 2973 4671 3018 4725; x_wconf 90' lang='lat' dir='ltr'><strong>si</strong></span> <span class='ocrx_word' id='word_1_784' title='bbox 3052 4674 3318 4742; x_wconf 70' lang='lat' dir='ltr'><strong>prmcipis,</strong></span> 
     </span>
    </p>
   </div>
   <div class='ocr_carea' id='block_1_108' title="bbox 1769 4753 3323 4821">
    <p class='ocr_par' dir='ltr' id='par_1_108' title="bbox 1769 4753 3323 4821">
     <span class='ocr_line' id='line_1_108' title="bbox 1769 4753 3323 4821; baseline 0.01 -15"><span class='ocrx_word' id='word_1_785' title='bbox 1769 4753 2085 4817; x_wconf 88' lang='lat' dir='ltr'><strong>testimonia,</strong></span> <span class='ocrx_word' id='word_1_786' title='bbox 2133 4753 2319 4808; x_wconf 86' lang='lat' dir='ltr'><strong>Filium</strong></span> <span class='ocrx_word' id='word_1_787' title='bbox 2375 4756 2465 4810; x_wconf 92' lang='lat' dir='ltr'><strong>Dei</strong></span> <span class='ocrx_word' id='word_1_788' title='bbox 2515 4767 2636 4810; x_wconf 88' lang='lat' dir='ltr'><strong>ante</strong></span> <span class='ocrx_word' id='word_1_789' title='bbox 2692 4764 2882 4814; x_wconf 67' lang='lat' dir='ltr'><strong>saecula</strong></span> <span class='ocrx_word' id='word_1_790' title='bbox 2947 4763 3323 4821; x_wconf 86' lang='lat' dir='ltr'><strong>subsistentem</strong></span> 
     </span>
    </p>
   </div>
   <div class='ocr_carea' id='block_1_109' title="bbox 1767 4844 3070 4913">
    <p class='ocr_par' dir='ltr' id='par_1_109' title="bbox 1767 4844 3070 4913">
     <span class='ocr_line' id='line_1_109' title="bbox 1767 4844 3070 4913; baseline 0.006 -16"><span class='ocrx_word' id='word_1_791' title='bbox 1767 4844 2138 4908; x_wconf 87' lang='lat' dir='ltr'><strong>eontestantia,</strong></span> <span class='ocrx_word' id='word_1_792' title='bbox 2174 4845 2316 4898; x_wconf 89' lang='lat' dir='ltr'><strong>brevi</strong></span> <span class='ocrx_word' id='word_1_793' title='bbox 2350 4847 2716 4913; x_wconf 86' lang='lat' dir='ltr'><strong>prosecutione</strong></span> <span class='ocrx_word' id='word_1_794' title='bbox 2744 4852 3070 4905; x_wconf 67' lang='lat' dir='ltr'><strong>sulnnectam.</strong></span> 
     </span>
    </p>
   </div>
   <div class='ocr_carea' id='block_1_110' title="bbox 1837 4933 3324 5012">
    <p class='ocr_par' dir='ltr' id='par_1_110' title="bbox 1837 4933 3324 5012">
     <span class='ocr_line' id='line_1_110' title="bbox 1837 4933 3324 5012; baseline 0.012 -25"><span class='ocrx_word' id='word_1_795' title='bbox 1837 4933 2036 4989; x_wconf 85' lang='lat' dir='ltr'><strong>Probus</strong></span> <span class='ocrx_word' id='word_1_796' title='bbox 2058 4935 2224 5006; x_wconf 75' lang='lat' dir='ltr'><strong>judex</strong></span> <span class='ocrx_word' id='word_1_797' title='bbox 2243 4938 2430 5004; x_wconf 74' lang='lat' dir='ltr'><strong>dixit:</strong></span> <span class='ocrx_word' id='word_1_798' title='bbox 2457 4939 2603 4994; x_wconf 85' lang='lat' dir='ltr'><strong>Licet</strong></span> <span class='ocrx_word' id='word_1_799' title='bbox 2631 4947 2708 5010; x_wconf 92' lang='lat' dir='ltr'><strong>(ut</strong></span> <span class='ocrx_word' id='word_1_800' title='bbox 2733 4946 2875 5012; x_wconf 91' lang='lat' dir='ltr'><strong>reor)</strong></span> <span class='ocrx_word' id='word_1_801' title='bbox 2905 4945 3082 5002; x_wconf 88' lang='lat' dir='ltr'><strong>utilius</strong></span> <span class='ocrx_word' id='word_1_802' title='bbox 3104 4959 3156 5002; x_wconf 92' lang='lat' dir='ltr'><strong>et</strong></span> <span class='ocrx_word' id='word_1_803' title='bbox 3193 4949 3324 5004; x_wconf 85' lang='lat' dir='ltr'><strong>vali-</strong></span> 
     </span>
    </p>
   </div>
   <div class='ocr_carea' id='block_1_111' title="bbox 1767 5020 3318 5109">
    <p class='ocr_par' dir='ltr' id='par_1_111' title="bbox 1767 5020 3318 5109">
     <span class='ocr_line' id='line_1_111' title="bbox 1767 5020 3318 5109; baseline 0.01 -29"><span class='ocrx_word' id='word_1_804' title='bbox 1767 5027 1884 5081; x_wconf 86' lang='lat' dir='ltr'><strong>dius</strong></span> <span class='ocrx_word' id='word_1_805' title='bbox 1914 5029 2014 5083; x_wconf 90' lang='lat' dir='ltr'><strong>hoe</strong></span> <span class='ocrx_word' id='word_1_806' title='bbox 2036 5031 2338 5084; x_wconf 89' lang='lat' dir='ltr'><strong>testimonio</strong></span> <span class='ocrx_word' id='word_1_807' title='bbox 2361 5020 2490 5085; x_wconf 90' lang='lat' dir='ltr'><strong>nihil</strong></span> <span class='ocrx_word' id='word_1_808' title='bbox 2516 5033 2604 5097; x_wconf 87' lang='lat' dir='ltr'><strong>sit,</strong></span> <span class='ocrx_word' id='word_1_809' title='bbox 2622 5041 2818 5102; x_wconf 88' lang='lat' dir='ltr'><strong>tamen,</strong></span> <span class='ocrx_word' id='word_1_810' title='bbox 2851 5045 2905 5090; x_wconf 93' lang='lat' dir='ltr'><strong>ut</strong></span> <span class='ocrx_word' id='word_1_811' title='bbox 2933 5043 3157 5093; x_wconf 80' lang='lat' dir='ltr'><strong>diversis</strong></span> <span class='ocrx_word' id='word_1_812' title='bbox 3189 5057 3318 5109; x_wconf 83' lang='lat' dir='ltr'><strong>pro-</strong></span> 
     </span>
    </p>
   </div>
   <div class='ocr_carea' id='block_1_112' title="bbox 1766 5128 3318 5204">
    <p class='ocr_par' dir='ltr' id='par_1_112' title="bbox 1766 5128 3318 5204">
     <span class='ocr_line' id='line_1_112' title="bbox 1766 5128 3318 5204; baseline 0.005 -22"><span class='ocrx_word' id='word_1_813' title='bbox 1766 5128 2036 5182; x_wconf 87' lang='lat' dir='ltr'><strong>bationum</strong></span> <span class='ocrx_word' id='word_1_814' title='bbox 2070 5128 2388 5183; x_wconf 90' lang='lat' dir='ltr'><strong>testimoniis</strong></span> <span class='ocrx_word' id='word_1_815' title='bbox 2418 5130 2697 5184; x_wconf 87' lang='lat' dir='ltr'><strong>assertioni</strong></span> <span class='ocrx_word' id='word_1_816' title='bbox 2728 5139 2829 5184; x_wconf 67' lang='lat' dir='ltr'><strong>tua:</strong></span> <span class='ocrx_word' id='word_1_817' title='bbox 2858 5135 3092 5188; x_wconf 89' lang='lat' dir='ltr'><strong>cumules</strong></span> <span class='ocrx_word' id='word_1_818' title='bbox 3135 5134 3318 5204; x_wconf 83' lang='lat' dir='ltr'><strong>iidem,</strong></span> 
     </span>
    </p>
   </div>
   <div class='ocr_carea' id='block_1_113' title="bbox 1766 5221 3291 5296">
    <p class='ocr_par' dir='ltr' id='par_1_113' title="bbox 1766 5221 3291 5296">
     <span class='ocr_line' id='line_1_113' title="bbox 1766 5221 3291 5296; baseline 0.007 -24"><span class='ocrx_word' id='word_1_819' title='bbox 1766 5233 1932 5291; x_wconf 75' lang='lat' dir='ltr'><strong>pauca</strong></span> <span class='ocrx_word' id='word_1_820' title='bbox 1981 5221 2059 5289; x_wconf 91' lang='lat' dir='ltr'><strong>(ut</strong></span> <span class='ocrx_word' id='word_1_821' title='bbox 2087 5221 2189 5290; x_wconf 89' lang='lat' dir='ltr'><strong>ais)</strong></span> <span class='ocrx_word' id='word_1_822' title='bbox 2235 5221 2633 5290; x_wconf 86' lang='lat' dir='ltr'><strong>circumscripta</strong></span> <span class='ocrx_word' id='word_1_823' title='bbox 2667 5224 2921 5280; x_wconf 88' lang='lat' dir='ltr'><strong>brevitate</strong></span> <span class='ocrx_word' id='word_1_824' title='bbox 2969 5241 3291 5296; x_wconf 83' lang='lat' dir='ltr'><strong>prosequere</strong></span> 
     </span>
    </p>
   </div>
   <div class='ocr_carea' id='block_1_114' title="bbox 1835 5315 3320 5379">
    <p class='ocr_par' dir='ltr' id='par_1_114' title="bbox 1835 5315 3320 5379">
     <span class='ocr_line' id='line_1_114' title="bbox 1835 5315 3320 5379; baseline 0.009 -13"><span class='ocrx_word' id='word_1_825' title='bbox 1835 5315 1983 5368; x_wconf 84' lang='lat' dir='ltr'><strong>Arius</strong></span> <span class='ocrx_word' id='word_1_826' title='bbox 2012 5315 2137 5367; x_wconf 71' lang='lat' dir='ltr'><strong>dixit</strong></span> <span class='ocrx_word' id='word_1_827' title='bbox 2167 5330 2184 5367; x_wconf 92' lang='lat'><strong><em>:</em></strong></span> <span class='ocrx_word' id='word_1_828' title='bbox 2212 5315 2418 5369; x_wconf 89' lang='lat' dir='ltr'><strong>Domini</strong></span> <span class='ocrx_word' id='word_1_829' title='bbox 2440 5317 2604 5369; x_wconf 87' lang='lat' dir='ltr'><strong>nostri</strong></span> <span class='ocrx_word' id='word_1_830' title='bbox 2641 5316 2762 5371; x_wconf 83' lang='lat' dir='ltr'><strong>Jesu</strong></span> <span class='ocrx_word' id='word_1_831' title='bbox 2791 5316 2987 5373; x_wconf 83' lang='lat' dir='ltr'><strong>Christi</strong></span> <span class='ocrx_word' id='word_1_832' title='bbox 3033 5337 3138 5376; x_wconf 74' lang='lat' dir='ltr'><strong>vox</strong></span> <span class='ocrx_word' id='word_1_833' title='bbox 3162 5323 3320 5379; x_wconf 86' lang='lat' dir='ltr'><strong>estin</strong></span> 
     </span>
    </p>
   </div>
   <div class='ocr_carea' id='block_1_115' title="bbox 154 5386 3320 5480">
    <p class='ocr_par' dir='ltr' id='par_1_115' title="bbox 154 5386 3320 5480">
     <span class='ocr_line' id='line_1_115' title="bbox 154 5386 3320 5480; baseline 0.008 -35"><span class='ocrx_word' id='word_1_834' title='bbox 154 5388 259 5450; x_wconf 71' lang='lat' dir='ltr'><strong>ﬁlius</strong></span> <span class='ocrx_word' id='word_1_835' title='bbox 283 5411 406 5453; x_wconf 86' lang='lat' dir='ltr'><strong>meus</strong></span> <span class='ocrx_word' id='word_1_836' title='bbox 429 5386 588 5458; x_wconf 67' lang='lat' dir='ltr'><strong>Iiraet</strong></span> <span class='ocrx_word' id='word_1_837' title='bbox 618 5403 808 5473; x_wconf 74' lang='lat' dir='ltr'><strong>(Exod.</strong></span> <span class='ocrx_word' id='word_1_838' title='bbox 841 5422 912 5470; x_wconf 86' lang='lat' dir='ltr'><strong>tv,</strong></span> <span class='ocrx_word' id='word_1_839' title='bbox 941 5407 1053 5476; x_wconf 71' lang='lat'><strong>22).</strong></span> <span class='ocrx_word' id='word_1_840' title='bbox 1088 5408 1400 5462; x_wconf 80' lang='lat' dir='ltr'><strong>EtJoanues</strong></span> <span class='ocrx_word' id='word_1_841' title='bbox 1435 5386 1657 5462; x_wconf 31' lang='lat' dir='ltr'><strong>{Omnis</strong></span> <span class='ocrx_word' id='word_1_842' title='bbox 1762 5405 2048 5476; x_wconf 78' lang='lat' dir='ltr'><strong>Evangelio</strong></span> <span class='ocrx_word' id='word_1_843' title='bbox 2092 5406 2317 5461; x_wconf 86' lang='lat' dir='ltr'><strong>dicentis</strong></span> <span class='ocrx_word' id='word_1_844' title='bbox 2350 5423 2363 5460; x_wconf 91' lang='lat'><strong>:</strong></span> <span class='ocrx_word' id='word_1_845' title='bbox 2408 5406 2568 5460; x_wconf 84' lang='lat' dir='ltr'><strong>Nemo</strong></span> <span class='ocrx_word' id='word_1_846' title='bbox 2595 5410 2817 5461; x_wconf 65' lang='lat' dir='ltr'><strong>ascendit</strong></span> <span class='ocrx_word' id='word_1_847' title='bbox 2861 5412 2914 5464; x_wconf 90' lang='lat' dir='ltr'><strong>in</strong></span> <span class='ocrx_word' id='word_1_848' title='bbox 2962 5413 3160 5480; x_wconf 66' lang='lat' dir='ltr'><strong>calum,</strong></span> <span class='ocrx_word' id='word_1_849' title='bbox 3219 5416 3320 5468; x_wconf 87' lang='lat' dir='ltr'><strong>nisi</strong></span> 
     </span>
    </p>
   </div>
   <div class='ocr_carea' id='block_1_116' title="bbox 155 5481 3317 5571">
    <p class='ocr_par' dir='ltr' id='par_1_116' title="bbox 155 5481 3317 5571">
     <span class='ocr_line' id='line_1_116' title="bbox 155 5481 3317 5571; baseline 0.008 -40"><span class='ocrx_word' id='word_1_850' title='bbox 155 5481 220 5542; x_wconf 72' lang='lat' dir='ltr'><strong>qui</strong></span> <span class='ocrx_word' id='word_1_851' title='bbox 258 5496 386 5542; x_wconf 81' lang='lat' dir='ltr'><strong>natus</strong></span> <span class='ocrx_word' id='word_1_852' title='bbox 421 5501 490 5545; x_wconf 79' lang='lat' dir='ltr'><strong>est</strong></span> <span class='ocrx_word' id='word_1_853' title='bbox 513 5535 528 5559; x_wconf 90' lang='lat'><strong>,</strong></span> <span class='ocrx_word' id='word_1_854' title='bbox 560 5496 730 5566; x_wconf 90' lang='lat' dir='ltr'><strong>inquit</strong></span> <span class='ocrx_word' id='word_1_855' title='bbox 755 5513 860 5565; x_wconf 35' lang='lat' dir='ltr'><strong>“ea:</strong></span> <span class='ocrx_word' id='word_1_856' title='bbox 887 5495 994 5552; x_wconf 84' lang='lat' dir='ltr'><strong>Deo</strong></span> <span class='ocrx_word' id='word_1_857' title='bbox 1016 5540 1030 5564; x_wconf 93' lang='lat'><strong>,</strong></span> <span class='ocrx_word' id='word_1_858' title='bbox 1073 5514 1172 5551; x_wconf 85' lang='lat' dir='ltr'><strong>non</strong></span> <span class='ocrx_word' id='word_1_859' title='bbox 1208 5509 1376 5568; x_wconf 82' lang='lat' dir='ltr'><strong>peccat</strong></span> <span class='ocrx_word' id='word_1_860' title='bbox 1405 5498 1456 5568; x_wconf 90' lang='grc'><strong>(1</strong></span> <span class='ocrx_word' id='word_1_861' title='bbox 1502 5498 1655 5562; x_wconf 76' lang='lat' dir='ltr'><strong>Joan.</strong></span> <span class='ocrx_word' id='word_1_862' title='bbox 1718 5530 1726 5540; x_wconf 83' lang='lat'><strong><em>-</em></strong></span> <span class='ocrx_word' id='word_1_863' title='bbox 1759 5497 1846 5566; x_wconf 86' lang='lat' dir='ltr'><strong>qui</strong></span> <span class='ocrx_word' id='word_1_864' title='bbox 1873 5498 1933 5550; x_wconf 91' lang='lat' dir='ltr'><strong>de</strong></span> <span class='ocrx_word' id='word_1_865' title='bbox 1959 5497 2082 5549; x_wconf 65' lang='lat' dir='ltr'><strong>(telo</strong></span> <span class='ocrx_word' id='word_1_866' title='bbox 2111 5496 2385 5563; x_wconf 77' lang='lat' dir='ltr'><strong>descendit,</strong></span> <span class='ocrx_word' id='word_1_867' title='bbox 2410 5494 2578 5551; x_wconf 87' lang='lat' dir='ltr'><strong>Filius</strong></span> <span class='ocrx_word' id='word_1_868' title='bbox 2607 5500 2820 5553; x_wconf 79' lang='lat' dir='ltr'><strong>hominis</strong></span> <span class='ocrx_word' id='word_1_869' title='bbox 2856 5502 2943 5571; x_wconf 87' lang='lat' dir='ltr'><strong>qui</strong></span> <span class='ocrx_word' id='word_1_870' title='bbox 2992 5510 3065 5554; x_wconf 81' lang='lat' dir='ltr'><strong>est</strong></span> <span class='ocrx_word' id='word_1_871' title='bbox 3112 5502 3165 5554; x_wconf 86' lang='lat' dir='ltr'><strong>in</strong></span> <span class='ocrx_word' id='word_1_872' title='bbox 3193 5503 3317 5557; x_wconf 68' lang='lat' dir='ltr'><strong>car/0</strong></span> 
     </span>
    </p>
   </div>
   <div class='ocr_carea' id='block_1_117' title="bbox 155 5572 1660 5660">
    <p class='ocr_par' dir='ltr' id='par_1_117' title="bbox 155 5572 1660 5660">
     <span class='ocr_line' id='line_1_117' title="bbox 155 5572 1660 5660; baseline 0.016 -40"><span class='ocrx_word' id='word_1_873' title='bbox 155 5580 198 5634; x_wconf 81' lang='lat' dir='ltr'><strong>v,</strong></span> <span class='ocrx_word' id='word_1_874' title='bbox 224 5572 294 5644; x_wconf 74' lang='lat' dir='ltr'><strong>It!)</strong></span> <span class='ocrx_word' id='word_1_875' title='bbox 321 5595 333 5631; x_wconf 91' lang='lat'>:</span> <span class='ocrx_word' id='word_1_876' title='bbox 359 5593 406 5637; x_wconf 88' lang='lat' dir='ltr'><strong>ct</strong></span> <span class='ocrx_word' id='word_1_877' title='bbox 427 5597 524 5640; x_wconf 91' lang='lat' dir='ltr'><strong>non</strong></span> <span class='ocrx_word' id='word_1_878' title='bbox 547 5595 743 5658; x_wconf 86' lang='lat' dir='ltr'><strong>potest,</strong></span> <span class='ocrx_word' id='word_1_879' title='bbox 779 5588 960 5658; x_wconf 86' lang='lat' dir='ltr'><strong>inquit,</strong></span> <span class='ocrx_word' id='word_1_880' title='bbox 993 5603 1231 5659; x_wconf 85' lang='lat' dir='ltr'><strong>peccare,</strong></span> <span class='ocrx_word' id='word_1_881' title='bbox 1260 5591 1504 5660; x_wconf 85' lang='lat' dir='ltr'><strong>quoniam</strong></span> <span class='ocrx_word' id='word_1_882' title='bbox 1528 5591 1660 5644; x_wconf 81' lang='lat' dir='ltr'><strong>nali-</strong></span> 
     </span>
    </p>
   </div>
   <div class='ocr_carea' id='block_1_118' title="bbox 1764 5582 3320 5663">
    <p class='ocr_par' dir='ltr' id='par_1_118' title="bbox 1764 5582 3320 5663">
     <span class='ocr_line' id='line_1_118' title="bbox 1764 5582 3320 5663; baseline 0.01 -24"><span class='ocrx_word' id='word_1_883' title='bbox 1764 5586 1936 5658; x_wconf 81' lang='lat' dir='ltr'><strong>(Joun.</strong></span> <span class='ocrx_word' id='word_1_884' title='bbox 1971 5582 2056 5655; x_wconf 73' lang='lat' dir='ltr'><strong>in,</strong></span> <span class='ocrx_word' id='word_1_885' title='bbox 2090 5587 2192 5659; x_wconf 82' lang='grc'><strong>15).</strong></span> <span class='ocrx_word' id='word_1_886' title='bbox 2221 5588 2283 5645; x_wconf 82' lang='lat' dir='ltr'><strong>Et</strong></span> <span class='ocrx_word' id='word_1_887' title='bbox 2308 5589 2496 5645; x_wconf 80' lang='lat' dir='ltr'><strong>iterum</strong></span> <span class='ocrx_word' id='word_1_888' title='bbox 2526 5607 2539 5646; x_wconf 87' lang='lat'><strong>:</strong></span> <span class='ocrx_word' id='word_1_889' title='bbox 2568 5588 2813 5648; x_wconf 74' lang='lat' dir='ltr'><strong>Desceudi</strong></span> <span class='ocrx_word' id='word_1_890' title='bbox 2840 5594 2902 5647; x_wconf 85' lang='lat' dir='ltr'><strong>de</strong></span> <span class='ocrx_word' id='word_1_891' title='bbox 2928 5595 3080 5663; x_wconf 68' lang='lat' dir='ltr'><strong>mlo,</strong></span> <span class='ocrx_word' id='word_1_892' title='bbox 3111 5613 3212 5652; x_wconf 89' lang='lat' dir='ltr'><strong>non</strong></span> <span class='ocrx_word' id='word_1_893' title='bbox 3263 5611 3320 5654; x_wconf 89' lang='lat' dir='ltr'><strong>ut</strong></span> 
     </span>
    </p>
   </div>
  </div>
