3842 6226
425 244 430 251 ’
494 246 584 301 191
1800 243 2016 298 VIBII."
2060 246 2062 256 '

2180 243 2423 300 'SENSlS
3608 304 3615 311 ,
3642 245 3723 300 ἱῖὶ

490 355 675 423 faciam
704 354 1004 407 voluntatem
1022 369 1201 419 meam,
1230 356 1317 408 sed
1340 355 1641 408 voluntatem
1665 371 1772 424 ejus
1794 356 1880 422 qui
1919 354 2053 405 misit
2084 358 2127 415 Α
2158 368 2311 419 sero;
2353 355 2471 419 sed,
2503 362 2561 408 ut
2584 353 2712 421 dixi,
2746 354 2901 410 unius
2928 370 3043 411 eam
3073 364 3295 424 natum,
3323 357 3585 427 uniusque
3615 362 3723 413 sui»

489 460 564 497 nte
596 443 765 497 Patris
797 444 974 514 (Joan.
1006 461 1077 510 vt,
1110 444 1220 514 58).
1256 449 1492 514 Apparet
1523 462 1648 514 ergo
1698 445 1804 511 jam
1872 444 2056 507 fuisse,

489 536 572 599 qui
614 534 680 587 de
710 537 848 589 cmlo
876 536 1240 600 descenderat,
1276 548 1331 591 ut
1359 538 1612 592 Photinus
1661 535 1960 599 erubescat,
2008 543 2060 588 et

488 624 649 677 alium
682 641 800 681 esse
823 643 849 679 a
878 628 1048 689 Putre,
1082 628 1206 681 dum
1240 645 1346 682 non
1383 645 1493 683 suc
1532 627 1815 680 vo'untatis
1840 626 2061 678 arbitrio

490 718 763 784 praesumit
790 719 983 786 aliquid
1016 718 1336 784 faciendum,
1368 722 1457 775 SCII
1507 720 1759 773 mittentis
1799 734 1857 771 se
1894 718 2062 770 Patris

490 807 811 860 inmunibus
837 813 1143 877 exsequitur
1177 813 1331 882 134
1375 814 1712 877 voluntatem,
1763 820 1819 865 ut
1874 810 2062 865 Sabel-

490 903 593 956 lius
624 914 678 958 et
707 905 751 957 ei
780 904 983 959 similes
1013 909 1390 958 conticescant.
1451 903 1577 957 Item
1615 921 1626 956 :
1663 901 1834 963 Pater,
1871 903 2057 971 inquit,

489 994 721 1061 glori/ica
747 1010 822 1047 me
844 994 933 1045 illa
964 996 1147 1065 gloria,
1174 1011 1320 1063 quant
1346 993 1497 1045 habui
1519 995 1656 1061 apud
1696 1004 1742 1045 te
1794 1003 2063 1062 antequam

492 1085 713 1137 mundus
735 1086 877 1154 ﬁeret
904 1085 1080 1151 (Joan.
1114 1101 1238 1145 xvn,
1263 1086 1340 1153 5).
1378 1086 1514 1139 Ecce
1544 1096 1667 1139 ante
1726 1085 1906 1138 mundi
1940 1101 2066 1139 cnn-

491 1177 847 1242 stitutianem,
884 1177 1098 1230 honoris
1123 1176 1289 1246 gloria
1324 1179 1599 1245 praeditum
1644 1191 1807 1246 penes
1855 1179 2063 1232 Patrem

490 1283 610 1323 sese
668 1272 831 1326 fuisse
884 1279 1125 1323 testatur.
1174 1271 1366 1323 Audiat
1408 1286 1536 1340 ergo
1585 1271 1849 1325 Sabellius
1904 1273 2063 1325 alium

490 1360 629 1429 apud
656 1362 901 1424 alterum,
927 1360 1390 1414 audiatPhotinus
1441 1362 1661 1431 gloriam
1720 1372 1842 1416 ante
1884 1362 2063 1415 mundi

492 1452 792 1520 possedisse
838 1451 1175 1519 principium.
1220 1452 1346 1507 Item
1421 1453 1706 1521 Apostolus
1744 1457 1795 1506 in
1854 1454 2063 1522 propria

493 1534 612 1599 eum
644 1543 934 1596 divinitatis
965 1544 1131 1596 forma
1184 1544 1347 1598 luisse
1404 1544 1711 1612 ostendens,
1760 1546 2063 1613 priusquam

493 1645 695 1686 natura:
720 1633 929 1686 servilis
961 1633 1185 1686 formam
1219 1634 1533 1701 susciperet,
1565 1635 1638 1687 ait
1671 1652 1685 1688 :
1739 1636 1840 1702 Qui
1869 1651 1981 1689 cum
2011 1635 2063 1688 in

2162 448 2368 501 stantia:
2398 449 2582 502 credo.

2233 540 2380 593 Arius
2410 542 2582 594 dixit:
2616 541 2724 612 Ego
2752 543 2887 598 sicut
2911 552 3017 600 tres
3042 560 3302 613 personas
3352 546 3403 599 in
3458 558 3557 599 Sua
3612 560 3727 611 prn-

2168 633 2390 697 lrietate
2415 643 2692 689 manentes
2715 677 2728 698 ,
2753 637 2822 690 ita
2852 646 2957 692 tres
2979 637 3298 691 substantias
3340 637 3509 691 Patris
3540 647 3594 689 et
3627 636 3725 688 I‘ilii

2165 736 2217 780 et
2246 725 2474 790 Spiritus
2501 729 2957 784 sancticonfitcor.
2992 731 3103 782 Alia
3132 739 3211 784 est
3237 731 3376 782 enim
3411 729 3499 781 Dei
3538 728 3725 785 Patris,

2166 819 2267 869 alia
2300 817 2437 881 Filii,
2463 818 2560 870 alia
2586 820 2810 887 Spiritus
2862 822 3029 875 sancti
3070 821 3385 883 substantia,
3433 837 3530 873 nec
3568 834 3725 887 potest

2165 909 2275 962 ullo
2299 908 2457 963 modo
2488 910 2732 978 ingenita:
2756 912 3063 966 substantiae
3088 912 3257 966 Patris
3286 921 3375 966 aut
3396 915 3573 981 genita
3599 912 3728 973 Filii,

2165 1009 2252 1051 aut
2277 1010 2451 1053 creata
2484 1000 2711 1069 Spiritus
2740 1002 2904 1055 sancti
2933 1002 3160 1057 conferri
3190 1013 3394 1057 natura.
3442 1004 3595 1059 Unde
3642 1019 3732 1059 nec

2168 1097 2427 1156 potestate
2456 1092 2705 1158 mquales,
2738 1107 2835 1146 nec
2856 1078 3214 1161 magnitudine
3241 1096 3467 1161 similes,
3500 1110 3601 1149 nec
3641 1112 3727 1147 na-

2167 1190 2283 1236 tura
2316 1192 2590 1236 consortes
2620 1197 2649 1237 a
2682 1184 2836 1238 nobis
2867 1184 3005 1238 ﬁdeli
3030 1187 3363 1240 confessione
3390 1186 3695 1240 creduntur.

2245 1273 2405 1328 XVII.
2435 1272 2804 1345 Probusjudea:
2826 1278 2991 1332 dixit:
3023 1278 3075 1332 Si
3102 1279 3199 1333 hoc
3219 1286 3385 1333 totum
3424 1288 3525 1342 est,
3557 1280 3607 1332 in
3635 1295 3729 1347 quo

2166 1380 2194 1418 a
2231 1366 2381 1419 vobis
2404 1364 2626 1420 invicem
2654 1367 2936 1423 dissentire
2954 1369 3225 1438 videmini,
3246 1371 3295 1423 id
3319 1380 3418 1432 est,
3439 1370 3578 1439 quod
3606 1386 3728 1422 unus

2102 1512 2103 1515 η
2168 1458 2591 1521 diversas,alius
2614 1459 2889 1515 Trinitatis
2920 1476 3075 1516 unam
3133 1462 3275 1517 dicat
3326 1476 3443 1529 esse
3490 1463 3730 1515 substan-

2170 1550 2295 1603 tiam
2323 1549 2410 1615 ;id
2442 1566 2583 1605 nunc
2611 1552 2980 1620 disputationis
3009 1553 3140 1607 ratio
3165 1556 3353 1623 poscit,
3402 1565 3457 1609 ut
3487 1556 3731 1609 assertio-

2170 1656 2263 1695 nes
2293 1649 2497 1696 vestras
2528 1658 2633 1696 non
2660 1642 2951 1699 subtilitate
2980 1656 3414 1715 argumentorum
3469 1647 3534 1701 de
3589 1648 3731 1701 indu-

490 1725 656 1794 forma
684 1722 781 1776 Dei
800 1736 947 1794 esset,
999 1743 1098 1779 non
1146 1726 1379 1795 rapinam
1414 1721 1694 1779 arbitratus
1738 1739 1809 1779 est
1862 1743 1967 1780 esse
2012 1743 2064 1779 se
2094 1726 2137 1786 Β
2167 1742 2230 1786 st:
2246 1732 2292 1787 ia
2321 1732 2613 1789 dialectica:
2640 1736 2770 1790 artis
2804 1736 3149 1805 venientium,
3171 1738 3261 1793 sed
3295 1740 3442 1807 puris
3463 1749 3515 1793 ct
3537 1738 3731 1806 simpli-

488 1819 730 1885 wqualent
763 1815 870 1869 Deo
894 1833 909 1877 ;
938 1817 1025 1869 sed
1048 1817 1363 1884 semetipsum
1394 1817 1688 1883 exinanirit,
1712 1818 1930 1887 fortnam
1958 1833 2066 1870 scr-

488 1907 533 1959 t‘i
561 1909 812 1971 accipiens
841 1906 1061 1977 (Philip.
1098 1922 1151 1971 tt,
1180 1907 1256 1975 6).
1284 1908 1397 1960 Jam
1431 1908 1589 1977 igitur
1617 1908 1757 1963 Deus
1796 1919 1929 1973 erat,
1979 1912 2066 1978 qui

489 2007 547 2051 ut
581 1999 737 2052 homo
761 2008 922 2063 esset,
970 1998 1059 2051 Dei
1090 2012 1147 2050 se
1199 1998 1423 2052 formam
1472 2000 1772 2055 exinanisse
1826 2000 2065 2056 docetur.

488 2087 615 2143 Item
640 2088 901 2143 Jeretnias
935 2089 1099 2142 Deum
1131 2089 1293 2144 fuisse
1322 2090 1625 2160 priusquam
1677 2090 1910 2146 hominis
1960 2093 2068 2147 for-

490 2196 629 2233 mam
660 2180 968 2250 dignaretur
996 2196 1292 2247 assumere,
1316 2183 1613 2238 evidentius
1639 2184 1811 2252 aperit
1839 2184 2022 2239 dicens
2051 2202 2064 2237 :

491 2270 597 2323 Ilic
626 2282 699 2323 est
734 2271 871 2324 Deus
899 2282 1087 2334 noster,
1120 2283 1164 2325 ct
1199 2289 1297 2326 non
1324 2276 1647 2343 deputabitur
1674 2276 1799 2329 alter
1827 2280 1894 2329 ad
1910 2293 2025 2330 eum
2051 2293 2068 2329 :

487 2364 569 2428 qui
590 2363 773 2414 invenit
804 2379 997 2415 omnem
1027 2364 1156 2415 viam
1209 2364 1434 2417 scientia:
1476 2375 1521 2417 et
1572 2365 1711 2419 dedit
1754 2380 1861 2429 eam
1906 2365 2070 2420 Jacob

488 2468 643 2518 puero
674 2468 783 2513 suo,
819 2464 863 2505 et
881 2451 1045 2505 Israel
1063 2456 1215 2507 electo
1247 2471 1359 2508 suo.
1387 2453 1513 2525 Post
1541 2456 1646 2509 hazc
1684 2456 1733 2509 in
1759 2458 1905 2510 terris
1936 2457 2070 2512 risus

487 2555 580 2608 est,
613 2554 659 2597 et
690 2546 818 2597 inter
848 2545 1072 2600 homines
1100 2556 1420 2601 conversatus
1474 2556 1545 2602 est
1577 2547 1825 2619 (Baruch,
1857 2565 1934 2617 ιιι,
1981 2550 2068 2620 56)

488 2637 613 2693 ιιιιις
643 2648 746 2691 tam
776 2641 926 2692 Iirma
957 2681 971 2705 ,
1006 2650 1217 2710 tamque
1244 2641 1609 2696 robustissima
1651 2642 1719 2697 de
1748 2642 1940 2697 divinis
1969 2659 2065 2698 au-

488 2731 830 2784 ctoritatibus
873 2731 1048 2785 elicita
1106 2732 1474 2799 probatnenta,
1524 2733 1759 2802 qualibet
1810 2733 2067 2789 Photinus

489 2819 555 2886 (si
588 2820 743 2889 valet)
775 2818 1234 2898 argumentatione
1254 2821 1531 2876 dissolvat.

560 2911 695 2965 XVI.
732 2911 1107 2983 Probusjudes
1129 2914 1259 2967 didit
1288 2932 1306 2968 :
1331 2916 1385 2969 Si
1410 2916 1584 2970 adhuc
1625 2925 1730 2969 tam
1765 2916 2065 2973 manifestis

487 3012 702 3071 tumque
726 3002 978 3069 perfectis
1006 3004 1342 3058 documentis
1364 3004 1621 3060 Photinus
1655 3006 1841 3082 obvius
1867 3008 1943 3062 ire
1972 3009 2066 3062 de-

484 3096 707 3162 siderat,
750 3105 951 3148 certum
979 3105 1061 3150 est
1087 3112 1207 3149 cum
1244 3097 1499 3151 morbida:
1525 3100 1883 3153 contentionis
1931 3101 2062 3155 vitio

485 3187 588 3256 agi,
622 3187 708 3255 qui
753 3195 910 3241 tanta:
934 3202 1037 3241 non
1060 3186 1338 3256 subjicitur
1369 3189 1596 3242 veritati.
1644 3190 1750 3243 Sed
1793 3206 1859 3245 ne
1885 3191 2061 3245 studio

483 3278 742 3337 dilatandi
775 3280 1082 3333 certaminis
1114 3280 1381 3334 nebulosa:
1439 3282 1678 3337 falsitatis
1738 3284 2062 3353 quastiones

486 3369 723 3425 lntendat
745 3377 797 3423 et
827 3371 877 3423 in
910 3370 1193 3438 superfluis
1244 3371 1404 3426 rebus
1462 3374 1822 3427 necessarimn
1856 3385 2063 3443 tempus

485 3461 747 3524 absumat,
773 3461 951 3514 utilem
981 3462 1092 3515 suis
1124 3464 1580 3530 prosecutionibus
1605 3466 1761 3520 ﬁnem
1807 3466 2059 3534 imponat.

488 3553 643 3607 Arius
669 3566 795 3605 vero
824 3562 983 3620 atque
1029 3554 1378 3619 Athanasius,
1426 3557 1515 3625 qui
1558 3556 1751 3611 Filium
1798 3557 1890 3611 Dei
1938 3568 2063 3613 ante

486 3641 668 3696 mundi
700 3651 846 3697 ortus
877 3643 1134 3711 principia
1166 3644 1230 3698 de
1262 3645 1418 3700 Patre
1447 3645 1685 3716 genitum
1741 3650 2064 3704 conﬁtentur

491 3732 652 3801 (quod
678 3733 918 3787 videlicet
947 3733 1209 3787 Sabellius
1268 3738 1463 3803 pariter
1494 3733 1854 3806 Photinusque
1905 3754 2062 3807 nega-

488 3824 659 3890 bant),
692 3825 957 3897 quomodo
990 3825 1038 3878 in
1070 3841 1170 3879 una
1208 3827 1500 3896 eademque
1524 3831 1785 3882 sententia
1817 3830 2067 3885 ﬁdeidis-

489 3918 679 3975 tidiuzn
721 3918 936 3985 iaciant,
969 3932 1257 3990 secumque
1307 3936 1410 3975 non
1458 3923 1798 3989 conveniant,
1852 3923 2062 3981 edicere

488 4024 590 4063 ιιοιι
622 4021 913 4069 ιιιθιυιιιυτ.

555 4103 862 4157 Athanasius
884 4105 1013 4156 dixit
1046 4120 1063 4157 :
1094 4104 1398 4159 Subsislere
1448 4115 1570 4158 ante
1621 4108 1815 4160 streida
1867 4107 2058 4161 Filium

487 4192 749 4247 veraciter
782 4194 936 4245 Arius
964 4196 1259 4260 proﬁtetur.
1292 4195 1442 4261 Quod
1473 4206 1651 4250 autem
1681 4185 1746 4250 de
1776 4196 1929 4251 Patre
1969 4214 2062 4250 na-

487 4293 567 4337 tus
596 4285 683 4351 sit,
720 4298 854 4337 sono
883 4285 1247 4337 tantummodo
1276 4287 1415 4340 vocis
1439 4296 1492 4341 et
1513 4288 1759 4341 simulata
1779 4290 2058 4343 verborum

483 4377 845 4441 confessione,
874 4382 977 4429 non
1004 4378 1243 4431 veritatis
1269 4379 1595 4447 proprietate
1632 4380 1904 4441 concedit;
1936 4380 2059 4433 dum

2172 1828 2323 1883 cibus
2350 1828 2549 1885 divinat
2596 1830 2884 1902 Scriptum
2930 1831 3262 1887 documentis
3317 1832 3586 1887 robustius
3640 1833 3730 1886 ful-

2170 1921 2342 1975 ciatis.
3160 1933 3169 1945 '
3284 1984 3297 1997 ο

2240 2014 2392 2067 Arius
2415 2013 2778 2072 dixit:Credo
2830 2017 2969 2087 quod
3019 2018 3395 2073 memoralibus
3447 2016 3729 2085 prudentia:

2172 2116 2275 2159 ture
2321 2107 2570 2163 sensibus
2612 2108 2886 2163 Athanasii
2943 2112 3367 2177 prosecutionem
3411 2123 3729 2177 nequaquam

2170 2198 2434 2252 subtraxit
2465 2198 2687 2267 oblivio,
2727 2216 2829 2269 qua
2858 2200 2910 2255 id
2934 2202 3228 2271 elegantius
3251 2204 3540 2271 peroravit,
3591 2202 3729 2255 illum

2171 2288 2365 2344 debere
2391 2292 2671 2361 pravitatis
2690 2308 2872 2348 errore
2902 2295 3098 2361 notari,
3128 2296 3215 2363 qui
3249 2309 3383 2348 nova
3413 2306 3468 2349 et
3494 2294 3728 2348 inusitata

2174 2382 2459 2435 verborum
2493 2394 2791 2439 commenta
2825 2394 3086 2451 sectatur,
3128 2387 3385 2453 adﬁciens
3436 2385 3729 2453 apostolicis

2170 2474 2506 2543 digmatibus
2554 2477 2693 2547 quod
2724 2478 2792 2530 ab
2817 2478 3016 2532 eisdem
3064 2488 3275 2532 constat
3337 2480 3583 2532 traditum
3633 2491 3726 2529 non

2169 2568 2355 2623 fuisse.

2240 2660 2440 2714 Probus
2458 2661 2621 2732 judea:
2649 2662 2775 2715 dixit
2804 2676 2823 2714 :
2848 2662 2920 2715 Ita
2952 2662 3191 2716 memini.

2239 2750 2389 2805 Arius
2416 2753 2540 2805 dixit
2569 2770 2585 2806 :
2619 2752 2756 2822 Ergo
2784 2752 2983 2807 Nicaeni
3010 2753 3220 2807 decreta
3255 2752 3467 2808 concilii
3514 2753 3729 2807 lectione

2168 2841 2486 2909 pandantur,
2521 2853 2573 2895 et
2598 2858 2856 2912 agnosces
2880 2844 3226 2898 Athanasium
3263 2844 3346 2897 vel
3370 2843 3525 2912 hujus
3552 2855 3727 2896 aucto-

2166 2947 2252 2986 res
2281 2933 2622 3002 apostolicam
2659 2934 2813 2987 Iidem
2842 2948 3096 2988 novormn
3128 2935 3429 3003 adjectione
3461 2934 3727 2987 verborum

2168 3032 2389 3077 eatenus
2414 3025 2734 3093 corrupisse,
2764 3036 2816 3079 ut
2863 3035 2915 3079 et
2965 3040 3058 3079 eos
3110 3026 3197 3095 qui
3237 3026 3471 3095 antiquis
3524 3026 3727 3079 Patrum

2168 3113 2431 3169 inlucsere
2455 3116 2736 3182 doctrinis,
2767 3116 3055 3170 ambitione
3088 3119 3227 3187 regia
3279 3118 3381 3179 usi,
3440 3116 3730 3170 censuerint

2171 3206 2425 3262 feralibus
2456 3209 2767 3278 relegandos
2797 3208 3003 3263 edictis.

2241 3300 2622 3373 Probusjudex
2647 3302 2773 3355 dixit
2803 3318 2822 3355 :
2845 3302 2899 3356 Si
2932 3305 3216 3371 prmsentis
3244 3304 3438 3373 negotii
3472 3302 3605 3356 ratio
3644 3315 3728 3369 ρος

2166 3392 2329 3458 stulat
2357 3402 2415 3445 ut
2440 3394 2711 3447 decretum
2740 3392 2938 3447 Nicasni
2957 3396 3209 3448 recitatur
3230 3396 3465 3459 concilii,
3488 3395 3586 3447 hoc
3607 3406 3729 3461 quo-

2165 3498 2267 3552 que
2296 3484 2615 3540 Athanasius
2645 3501 2741 3540 sua
2770 3487 3141 3553 prosecutioue
3176 3488 3331 3557 136
3372 3487 3644 3555 designet;
3676 3496 3727 3538 ut

2086 3618 2095 3627 .
2165 3587 2229 3626 ex
2252 3575 2530 3644 utriusque
2560 3577 2843 3631 voluntatis
2874 3590 3092 3630 assensu
3120 3578 3188 3647 (si
3217 3578 3572 3646 quidilludcst
3596 3576 3723 3647 quod

2165 3664 2405 3736 offertur)
2435 3671 2766 3722 extrinsecus
2799 3669 3070 3723 recitetur.

2236 3755 2548 3811 Athanasius
2576 3758 2707 3811 dixit
2731 3773 2750 3812 :
2780 3755 2964 3812 Causa:
2994 3760 3239 3825 crngruit
3270 3768 3326 3813 ut
3353 3773 3529 3813 rerum
3568 3766 3726 3828 gesta-

2165 3865 2281 3905 rum
2318 3849 2557 3903 lectionis
2587 3852 2736 3919 copia
2767 3864 2870 3903 non
2901 3860 3146 3920 negetur.

2234 3940 2413 3995 XVIII.
2450 3940 2822 4012 Probusjudea:
2851 3942 2977 3993 dixit
3031 3956 3050 3995 :
3103 3941 3261 4011 Ergo,
3318 3951 3373 3994 ιιι
3402 3940 3721 4004 desideratis,

2166 4033 2365 4102 prmfati
2396 4031 2600 4086 decreti
2624 4032 2744 4085 ﬁdei
2764 4031 2992 4086 Nicmna:
3021 4033 3179 4087 lectio
3200 4032 3506 4086 ventllctur.

2236 4124 2300 4177 Et
2326 4125 2517 4177 lectum
2549 4132 2630 4178 est
2666 4124 2733 4177 ita
2768 4139 2783 4176 :

2574 4269 2854 4308 EXEIPLAR
2885 4269 3022 4306 FIDE!
3051 4269 3289 4307 Μαξκλε.

2238 4377 2516 4432 Credimus
2553 4378 2603 4430 in
2628 4392 2787 4432 unum
2844 4377 3008 4431 Deum
3062 4378 3291 4439 Patrem,
3318 4377 3722 4444 omnipotentem

485 4484 605 4521 eum
639 4484 665 4519 a
694 4480 930 4537 paterna:
981 4478 1181 4525 naturte
1228 4471 1522 4525 substantia
1581 4473 1785 4541 longius
1827 4481 2059 4541 separat,
2090 4438 2404 4525 I)omninm
2439 4468 2724 4522 visibilium
2758 4460 3185 4521 et-invisibilium
3244 4469 3520 4521 factorem.
3572 4466 3631 4520 Et
3678 4472 3722 4516 in

483 4568 539 4612 ct
564 4559 871 4614 conditione
902 4569 1106 4614 natura:
1134 4577 1234 4614 non
1259 4561 1671 4631 dispensationis
1712 4564 1915 4617 ratione
1964 4564 2063 4617 Pa.

486 4649 552 4702 tri
584 4650 879 4717 subjectum
905 4650 1154 4706 afﬁrmat.

556 4736 756 4793 Probus
774 4743 935 4809 iudex
956 4744 1083 4795 dixit
1112 4759 1130 4797 ε
1163 4743 1529 4799 Clarissimum
1553 4745 1669 4799 ﬁdei
1697 4745 1849 4816 135
1869 4756 2061 4800 vestras

487 4830 738 4884 indicium
773 4832 927 4895 date,
973 4842 1027 4888 et
1071 4836 1512 4902 quemadmodum
1568 4838 1795 4890 credatis
1856 4838 2057 4891 recenti

488 4923 861 4990 prosecutione
886 4927 1089 4993 signate
1112 4969 1124 4992 ,
1151 4942 1254 4997 quo
1284 4928 1447 4996 possit
1473 4927 1536 4979 ad
1561 4942 1797 4979 normam
1821 4927 2059 4997 proposi—

488 5026 555 5068 tie
591 5016 940 5071 confessionis
989 5019 1359 5088 disputationis
1412 5034 1622 5087 quoque
1666 5020 1886 5073 materia
1932 5035 2058 5072 coa-

490 5110 647 5178 ptari.

562 5202 859 5255 Athanasius
890 5202 1019 5256 dixit
1045 5220 1060 5254 :
1094 5203 1166 5256 Ne
1196 5214 1401 5258 vestros
1431 5216 1643 5273 gravem
1677 5204 1916 5258 oratione
1945 5205 2063 5258 lon-

488 5298 699 5361 glssima
734 5310 940 5359 sensus,
970 5296 1123 5347 ﬁdem
1151 5311 1317 5350 meam
1343 5298 1489 5351 brevi
1510 5310 1755 5350 sermone
1778 5296 2060 5349 cnncludo.

490 5386 697 5437 Patrem
728 5395 779 5439 et
799 5386 982 5439 Filium
1014 5396 1067 5440 et
1091 5387 1343 5454 Spiritum
1378 5397 1637 5452 sanctum,
1670 5388 1887 5453 deitate,
1914 5398 2065 5456 pote-

488 5486 642 5537 state,
694 5478 1072 5544 magnitudine,
1136 5486 1344 5546 natura,
1399 5494 1559 5531 unum
1598 5495 1715 5533 esse
1760 5477 2058 5534 conﬁteor:

487 5580 585 5617 nec
620 5565 813 5632 aliquid
846 5570 894 5620 in
931 5569 1024 5621 hac
1069 5569 1329 5623 Trinitatc
1380 5586 1594 5637 novum,
1656 5581 2055 5637 cxtraneumve,

486 5671 545 5707 ac
592 5658 631 5709 si
664 5666 814 5709 antea
840 5675 937 5712 non
973 5658 1153 5727 fuerit,
1190 5672 1368 5732 postea
1402 5680 1527 5720 vero
1559 5664 1655 5731 atlj'
1681 5674 1819 5718 ctum
1854 5664 1943 5730 sit,
1976 5678 2057 5717 as-

2167 4575 2326 4612 uuum
2358 4559 2637 4612 Dominum
2662 4568 2900 4611 nostrum
2948 4560 3129 4612 Jcsum
3189 4556 3481 4621 Christum,
3544 4555 3721 4609 Filium

2167 4651 2280 4718 Dei,
2298 4660 2475 4704 natum
2506 4664 2573 4704 ex
2591 4650 2743 4703 Patre
2766 4650 3118 4716 unigenitum,
3138 4650 3235 4701 hoc
3257 4658 3336 4701 est
3357 4649 3423 4700 de
3445 4644 3722 4699 substantia

2164 4743 2333 4798 Patris
2361 4759 2374 4795 :
2419 4742 2583 4796 Deum
2607 4756 2670 4794 ex
2703 4741 2835 4805 Deo,
2865 4741 3040 4793 lumen
3070 4756 3132 4792 ex
3169 4739 3390 4805 lumine,
3425 4738 3586 4791 Deum
3636 4749 3722 4787 ve-

2163 4850 2279 4889 rum
2308 4835 2375 4889 de
2406 4836 2514 4889 Deo
2537 4850 2662 4888 vero
2692 4849 2705 4887 2
2734 4842 2911 4886 natum
2969 4848 3072 4886 non
3130 4833 3323 4885 factum
3357 4849 3367 4882 :
3420 4830 3576 4883 unius
3615 4826 3721 4880 sub-

2163 4926 2374 4980 stantiae
2402 4940 2521 4979 cum
2555 4924 2709 4979 Patre
2733 4966 2746 4989 ,
2781 4924 2919 4992 quod
2949 4921 3119 4977 Grtcci
3149 4922 3330 4976 dicunt
3388 4921 3719 4975 homousion;

2167 5035 2259 5088 per
2286 5034 2441 5088 quem
2481 5019 2616 5072 facta
2646 5025 2769 5071 sunt
2797 5002 2973 5068 omnia
2998 5031 3117 5085 qua:
3164 5015 3217 5068 in
3246 5015 3381 5068 caelo
3426 5024 3479 5067 et
3526 5029 3636 5084 qua:
3678 5013 3721 5061 in

2168 5121 2304 5165 terra
2334 5128 2347 5162 :
2373 5111 2459 5177 qui
2488 5119 2706 5180 propter
2736 5116 2970 5161 nostram
2995 5106 3219 5160 salutem
3252 5106 3546 5167 descendit,
3568 5108 3719 5157 iucar~

2166 5213 2322 5257 natus
2362 5211 2464 5265 cst,
2498 5200 2658 5254 homo
2684 5199 2849 5253 factus
2879 5206 2979 5264 est,
3014 5212 3201 5267 passus
3227 5207 3330 5262 est,
3361 5208 3412 5250 et
3453 5194 3719 5250 resurrexit

2172 5296 2323 5348 tertia
2352 5292 2459 5358 die,
2488 5292 2729 5347 ascendit
2758 5291 2809 5344 in
2841 5289 3028 5352 caelos,
3054 5300 3308 5343 venturus
3334 5290 3565 5356 juchare
3592 5288 3719 5339 vivos

2170 5399 2222 5443 et
2252 5398 2509 5442 mortuos.
2533 5386 2597 5441 Et
2624 5387 2675 5440 in
2705 5384 2960 5454 Spiritum
2989 5393 3255 5438 sanctum.
3282 5383 3388 5435 Eos
3422 5391 3592 5435 autent
3644 5376 3718 5444 qni

2169 5482 2348 5535 dicunt
2374 5498 2385 5531 :
2413 5480 2539 5533 Erat
2565 5479 2774 5549 quando
2796 5492 2902 5530 non
2932 5484 3065 5541 erat,
3094 5485 3149 5529 et
3179 5484 3462 5543 antequam
3495 5482 3720 5527 nascere-

2170 5584 2252 5626 tur
2276 5587 2378 5625 non
2400 5580 2537 5637 erat,
2561 5580 2615 5625 ct
2639 5568 2778 5641 quod
2801 5568 2866 5623 dc
2894 5583 2997 5622 non
3023 5565 3376 5628 exstantibus,
3414 5564 3498 5618 vel
3544 5577 3603 5616 ex
3632 5558 3719 5610 alia

2167 5661 2484 5727 substantia,
2514 5670 2603 5715 aut
2633 5660 2891 5723 essentia;
2923 5658 3158 5714 dicentes
3183 5656 3491 5712 mutabilem
3532 5663 3582 5709 ct
3608 5664 3715 5706 (θος
