3842 6226
60 351 151 407 193

846 344 1110 405 CONTRA
1150 342 1463 407 ARIANOS,
1493 340 1984 407 SABELLIANOS,
2028 339 2202 406 me,
2245 339 2372 394 LIB.
2412 339 2455 395 l.

3194 340 3293 401 198

56 458 344 516 vertibilem
372 458 578 524 Deum,
598 457 695 513 bos
715 456 1397 514 anatltematizatcatholica
1422 466 1475 511 et
1501 469 1627 526 apo-
1655 466 1699 516 Α
1731 455 1910 509 bulum
1933 455 2233 517 sortiretur,
2269 454 2423 525 138
2447 454 2563 509 sine
2587 454 2819 509 nominis
2843 457 3165 526 proprietate
3188 476 3293 514 ma.

65 551 229 607 stolica
253 549 533 605 Eccles‘a.

127 642 259 696 XIX.
288 641 449 693 Arius
476 641 617 695 dixit
642 658 662 695 :
687 641 955 709 Pcrvides,
987 643 1219 696 virorum
1246 643 1446 710 optime
1497 640 1630 694 Pro-

68 735 145 800 be,
168 731 315 787 istius
356 731 589 787 decreta
619 733 827 787 concilii
872 734 924 786 in
972 732 1390 802 suggillationem
1414 738 1628 800 aposto-

72 824 172 877 lica:
221 821 341 876 fidei
414 837 560 876 ausu
618 822 913 878 temerariae
975 824 1411 891 praesumptionis
1468 820 1634 875 fuisse

73 915 374 984 conscripta.
415 914 566 981 Quid
595 915 734 970 enim
761 929 892 984 opus
916 926 1027 969 erat
1051 930 1243 968 novum
1273 914 1373 968 hoc
1412 913 1634 967 homon-

78 1010 175 1062 sion
202 1006 524 1061 vocabulum
560 1006 786 1073 antiquis
834 1006 1137 1075 dogtnatum
1184 1008 1381 1073 regulis
1432 1003 1634 1057 inseri?

77 1096 295 1166 Nunquid
318 1098 468 1148 enim
502 1096 779 1164 apostolos
808 1099 887 1152 vel
925 1112 1107 1151 eorum
1158 1096 1446 1165 discipulos
1477 1100 1635 1163 atque

82 1199 246 1242 attines
276 1199 372 1253 per
399 1185 657 1263 ordinem
696 1200 1051 1252 successores,
1078 1187 1166 1256 qui
1196 1187 1259 1241 ad
1313 1187 1443 1240 illud
1473 1199 1638 1254 usque

82 1292 269 1348 tempus
297 1278 591 1334 ianristi
626 1278 960 1334 confessione
1008 1280 1276 1344 viventes,
1325 1278 1640 1333 ltomousion

88 1374 377 1429 vocabulum
403 1372 744 1441 ignorabant,
774 1372 1057 1439 impietatis
1083 1370 1411 1440 sacrilegium
1437 1370 1487 1424 in
1516 1368 1641 1423 ﬁdei

84 1466 279 1518 veritate
306 1472 531 1518 secutos
572 1461 732 1515 fuisse
752 1460 1010 1527 dicemus,
1036 1476 1129 1530 pro
1158 1476 1225 1515 eo
1273 1460 1477 1514 scilicet
1500 1458 1640 1529 quod

89 1557 465 1626 hujns’notninis
493 1557 715 1611 notione
749 1556 959 1625 privati,
1019 1555 1133 1609 sine
1177 1555 1340 1624 ipsius
1387 1553 1643 1624 praedica-

89 1648 226 1702 tionis
250 1646 555 1701 assertione
589 1655 931 1715 perrexerunt
961 1644 1024 1699 ad
1077 1646 1227 1717 137
1255 1642 1563 1698 Christum?
1585 1641 1640 1696 Si

94 1739 214 1792 enim
237 1753 265 1791 a
287 1738 439 1792 nobis
471 1739 558 1807 (ut
582 1737 667 1791 isti
700 1735 912 1805 penitus
960 1731 1322 1803 mentiuntur)
1378 1749 1512 1788 nova
1562 1734 1642 1787 in-

94 1818 445 1881 troduceb'atur
467 1837 658 1881 contra
688 1828 1048 1897 apostolorum
1076 1822 1269 1880 statuta
1295 1824 1558 1889 doctrina,
1590 1824 1641 1878 id

96 1922 249 1990 utique
275 1922 603 1975 conveniens
620 1930 753 1989 erat,
770 1934 919 1973 novat
941 1935 968 1971 a
983 1920 1131 1973 nobis
1149 1920 1365 1987 ingestae
1385 1917 1641 1973 doctrinae

96 2012 298 2081 antiquis
314 2013 685 2081 apostolorum
708 2009 929 2064 obviare
965 2008 1242 2074 doctrinis,
1270 2015 1325 2062 et
1352 2009 1639 2061 novitatem

98 2108 326 2155 vetustate
352 2100 715 2169 proscribere,
746 2116 849 2154 non
882 2107 1189 2179 vetustatem
1248 2099 1477 2152 novitate
1527 2112 1645 2166 per-

100 2200 295 2247 vertere.
319 2185 515 2262 thuid
546 2192 679 2246 mibi
702 2186 809 2246 lioc
836 2205 1025 2245 nomen
1043 2186 1365 2259 sequendum
1390 2190 1643 2259 imponit?

102 2278 269 2349 thu'td
290 2296 371 2336 me
398 2282 465 2336 ad
494 2281 804 2350 hujusmodi
834 2281 1123 2334 novitatem
1149 2280 1433 2333 violentius
1456 2278 1642 2333 trahit?

108 2369 269 2437 thuid
323 2370 423 2425 hoc
472 2368 787 2438 apostolica:
838 2368 958 2423 ﬁdei
998 2368 1339 2438 superadjicit
1402 2368 1642 2433 verbum,

106 2463 232 2528 cuius
257 2477 318 2515 ne
340 2462 618 2531 propheta:
646 2460 883 2528 quidem,
931 2475 1026 2514 nec
1077 2458 1300 2527 apostoli
1330 2461 1531 2526 usliiatn
1566 2459 1644 2511 fa—

109 2550 230 2603 ciunt
257 2552 617 2606 mentionem?
656 2550 808 2618 Quod
864 2550 1025 2614 istud,
1059 2563 1260 2618 quaeso,
1300 2562 1490 2602 nomen
1540 2558 1640 2615 est,

112 2639 208 2692 sine
226 2654 318 2709 quo
340 2642 468 2696 ﬁdes
500 2643 711 2711 integra
739 2655 857 2697 esse
881 2656 983 2695 non
1007 2640 1209 2710 possit?
1234 2637 1347 2693 sine
1375 2655 1479 2707 quo
1496 2641 1646 2705 Chri-

119 2730 245 2783 stiani
268 2731 575 2787 Christiana:
604 2732 875 2802 religionis
896 2733 1202 2789 abdicantur
1220 2731 1455 2786 b'onore?
1475 2732 1643 2786 Unum

118 2821 232 2873 enim
258 2822 318 2876 de
345 2824 550 2879 duobus
582 2824 635 2879 in
669 2824 767 2878 hac
791 2838 944 2881 causa
976 2822 1123 2891 sequi
1169 2836 1387 2877 necesse
1428 2830 1509 2876 est
1555 2838 1567 2873 :
1602 2822 1645 2874 si

122 2927 217 2967 vera
246 2925 319 2969 est
358 2916 618 2971 homousii
670 2916 928 2979 assertio,
985 2915 1110 2970 falsa
1157 2922 1239 2975 est
1287 2914 1644 2985 apostolorum

119 3001 401 3068 pradicatio,
443 3021 565 3075 quae
603 3005 721 3061 sine
778 3006 877 3058 hoc
926 3007 1137 3062 nomine
1201 3003 1359 3073 longo
1412 3014 1647 3072 tempore

1731 535 1884 601 nebat
1898 548 1920 599 i
1934 546 2043 601 lloc
2058 546 2257 601 nullam
2273 546 2402 599 milii
2420 546 2636 602 rationis
2648 550 3079 618 consequentiam
3097 551 3294 608 habere

1732 638 1959 692 videtur.

1803 728 2114 783 Athanasius
2142 728 2272 780 dixit
2298 743 2317 779 :
2349 726 2736 783 Ecclesiasticae
2765 744 2980 798 semper
3015 735 3176 789 moris
3214 746 3296 790 est

1732 821 2049 889 disciplinae,
2076 821 2117 875 si
2144 819 2354 889 quando
2382 818 2753 875 haereticorum
2777 837 2907 877 nova
2932 825 3177 881 doctrina
3205 843 3297 881 ex-

1735 920 1937 980 surgat,
1964 921 2145 964 contra
2170 911 2461 966 insolentes
2478 912 2829 980 qumstionum
2856 918 3115 975 novitates
3137 920 3297 974 rebus

1737 1003 2135 1057 immutabiliter
2167 1003 2594 1068 permanentibus
2624 1005 2895 1058 nominum
2922 1008 3171 1063 vocabula
3201 1013 3299 1064 im-

1738 1102 1944 1147 mutare
1965 1133 1980 1157 ,
2014 1104 2067 1148 et
2096 1088 2480 1164 signiﬁcantius
2509 1109 2684 1148 rerum
2715 1104 2931 1150 naturas
2965 1102 3297 1167 exprimere;

1738 1202 1854 1255 qua:
1904 1195 2076 1239 tamen
2131 1187 2469 1241 cxisteutium
2521 1201 2795 1241 causarum
2845 1188 3126 1243 virtutibus
3168 1208 3300 1247 con-

1739 1291 1949 1349 gruant,
1990 1289 2043 1334 et
2070 1294 2186 1349 quin
2217 1281 2383 1348 magis
2421 1280 2633 1335 easdem
2672 1281 2961 1350 antiquitus
3003 1282 3163 1338 fuisse
3207 1285 3301 1338 de-

1740 1379 2056 1436 monstrent,
2078 1384 2181 1424 non
2208 1378 2353 1424 ortus
2377 1371 2664 1425 novitatem
2686 1372 2972 1426 insinuent.
3000 1374 3063 1429 Et
3085 1384 3141 1427 ut
3163 1374 3303 1444 quod

1741 1461 1875 1516 dicet
1902 1462 2109 1529 planius
2166 1460 2291 1526 ﬁat,
2326 1468 2446 1514 utor
2473 1463 2734 1531 exemplo.
2765 1462 2819 1515 In
2850 1463 2963 1529 ipso
2991 1462 3305 1519 Christianae

1742 1552 2013 1622 religionis
2051 1552 2449 1620 praedicationis
2470 1547 2655 1616 initio,
2686 1568 2872 1609 omnes
2899 1556 2987 1625 qui
3015 1557 3306 1611 credebant

1742 1640 1968 1711 Domino
2010 1650 2196 1695 nostro
2222 1640 2345 1695 Jesu
2376 1640 2610 1709 Christo,
2642 1658 2744 1697 non
2773 1642 3079 1709 Christiani,
3108 1646 3199 1699 sed
3229 1647 3306 1697 di-

1742 1732 1925 1799 scipuli
1968 1731 2334 1785 tantummodo
2390 1732 2817 1787 nominabantur.
2884 1734 2947 1787 Et
2987 1736 3109 1804 quin
3155 1736 3303 1789 multi

1676 1821 1715 1887 θ’
1744 1821 2044 1889 dogtnatttm
2092 1835 2346 1875 nurerum
2391 1833 2634 1877 auctores
2665 1825 2997 1891 exstiterant,
3048 1828 3305 1883 doctrina:

1744 1910 2019 1965 obviantes
2044 1913 2372 1980 apostolicae,
2403 1928 2692 1982 omnesque
2748 1925 3037 1972 sectatores
3066 1934 3190 1973 suos
3222 1921 3305 1973 di-

1744 2001 1977 2070 scipulos
2003 2001 2350 2055 nominabant
2379 2021 2390 2054 :
2421 2016 2517 2056 nec
2539 2013 2652 2057 erat
2677 2005 2777 2058 ulla
2806 2008 3033 2061 nominis
3058 2009 3306 2065 discretio

1745 2090 1886 2147 inter
1912 2105 2066 2145 veros
2090 2090 2356 2160 falsosque
2379 2091 2687 2161 discipulos,
2719 2095 2828 2150 sive
2852 2096 2940 2165 qui
2963 2097 3306 2166 Christi,sive

1745 2182 1832 2250 qui
1867 2180 2122 2247 Dositbei,
2148 2180 2259 2236 sive
2285 2181 2537 2250 Theudae,
2563 2183 2675 2238 sive
2703 2184 2853 2238 Judae
2881 2187 3174 2255 cujusdam,
3194 2191 3305 2244 sive

1746 2271 1903 2325 etiam
1936 2270 2156 2325 Joannis
2186 2281 2505 2335 sectatores,
2541 2272 2627 2341 qui
2660 2288 2717 2327 se
2742 2274 2955 2329 Christo
2980 2276 3196 2332 credere
3225 2278 3303 2331 fa-

1747 2360 1993 2415 tebantur
2023 2402 2036 2425 ,
2083 2361 2367 2415 noluerunt
2414 2369 2471 2415 ut
2512 2359 2624 2415 uno
2668 2363 3043 2432 discipulorum
3096 2369 3306 2422 nomine

1746 2459 2110 2505 censerentur.
2135 2450 2282 2505 Tunc
2307 2452 2532 2519 apostoli
2554 2454 2927 2509 convenientes
2950 2458 3302 2531 Antiochiam,

1746 2544 1880 2597 sicut
1898 2559 2078 2597 eorum
2103 2543 2241 2597 Luca
2264 2552 2507 2598 narrante
2530 2545 2760 2599 iudicant
2780 2548 2929 2611 Acta,
2946 2564 3128 2604 omnes
3150 2550 3306 2603 disci-

1749 2635 1897 2701 pulos
1948 2650 2084 2688 novo
2136 2636 2367 2700 nomine,
2412 2636 2462 2689 id
2511 2644 2594 2691 est
2639 2634 2952 2696 Christianos
2999 2641 3305 2708 appellant:

1747 2723 2110 2779 discernentes
2148 2739 2238 2777 eos
2269 2740 2297 2777 a
2334 2726 2601 2779 communi
2640 2726 2892 2781 falsorum
2930 2730 3305 2799 discipulorum

1747 2815 2001 2869 vocabulo
2025 2854 2039 2879 ,
2079 2823 2137 2869 ut
2161 2824 2214 2869 et
2243 2815 2407 2869 divini
2437 2831 2530 2885 per
2554 2818 2741 2871 lsaintn
2769 2823 2968 2875 oraculi
2996 2838 3173 2876 sermo
3205 2825 3306 2877 int-

1749 2905 2006 2973 pleretur,
2047 2906 2135 2975 qui
2182 2906 2298 2960 ait:
2342 2905 2678 2963 Servientium
2723 2926 2835 2964 vero
2882 2898 3005 2967 inihi
3053 2916 3316 2969 vocabitur-

1748 3012 1927 3050 nomen
1953 3014 2133 3051 novum
2163 2997 2314 3069 (Irai.
2343 3014 2464 3064 ων,
2494 3000 2579 3067 l5,
2609 3017 2709 3055 sec.
2732 3000 2926 3072 LXX).

126 3088 299 3168 ﬂoruit.
314 3093 364 3149 Si
390 3111 516 3150 vero
544 3096 835 3171 apostclica
862 3096 993 3150 tides
1020 3095 1173 3164 huius
1197 3096 1423 3149 nominis
1453 3110 1642 3165 expers

1819 3089 1959 3147 XXI.
2008 3090 2154 3144 llanc
2193 3105 2320 3158 ergo
2359 3092 2424 3143 ab
2471 3093 2724 3158 apostolis
2773 3094 3015 3148 traditam
3059 3097 3308 3153 innov's

126 3194 224 3236 vera
242 3193 329 3250 est,
357 3187 506 3241 sicuti
531 3196 714 3254 etest,
741 3186 857 3242 haec
882 3188 996 3241 sine
1022 3186 1184 3241 dubio
1209 3186 1337 3241 falsa
1368 3187 1488 3252 erit,
1525 3203 1643 3256 qua:

128 3271 315 3341 antiqua
366 3276 485 3331 ﬁdei
526 3279 763 3332 nominis
817 3279 1101 3333 ueritatem
1147 3278 1359 3346 adjecit.
1413 3279 1644 3337 Revolve

130 3371 281 3416 cuncta
304 3363 426 3420 Novi
467 3378 518 3421 et
542 3367 755 3421 Veteris
802 3366 1123 3424 Testamenti
1154 3367 1441 3437 volumina,
1472 3378 1645 3429 utrum

132 3448 287 3505 alicubi
337 3454 650 3517 bomousion
691 3456 859 3517 sacris
905 3458 1128 3513 inditum
1193 3460 1395 3529 paginis
1450 3464 1648 3531 poteris

133 3541 346 3599 invenire.
456 3576 457 3579 η
630 3541 639 3549 “
1050 3597 1055 3601 ,

189 3629 282 3685 XX.
312 3634 501 3691 Probus
518 3639 690 3707 judea:
718 3640 845 3692 dixit
867 3653 889 3694 :
910 3639 1042 3706 Quid
1074 3640 1155 3694 Itis
1180 3641 1437 3697 refertur?

186 3722 459 3783 Athanasius
480 3731 609 3788 dixit
635 3745 655 3784 :
686 3729 926 3786 Nominis
957 3739 1158 3787 tantum
1186 3732 1467 3787 offenderis
1499 3734 1648 3788 novi-

136 3818 238 3877 me.
276 3817 335 3871 an
356 3822 509 3875 etiam
530 3824 710 3893 ipsius
731 3823 806 3878 rei
828 3828 1074 3879 virtutem
1099 3839 1215 3893 qua:
1242 3824 1340 3880 ltoe
1361 3835 1442 3881 est
1464 3830 1647 3882 sortita

139 3903 394 3961 Vocabulum
420 3911 662 3983 refugis?

193 3992 319 4048 Arius
342 3998 501 4055 dixit:
531 4004 668 4070 Quid
700 4003 867 4070 dicas,
890 4018 995 4059 non
1024 4004 1155 4059 satis
1179 4005 1435 4075 intelligo.

196 4085 460 4146 Athanasius
487 4095 614 4148 dixit
644 4110 667 4148 :
697 4096 956 4163 Quoniam
984 4110 1067 4149 res
1095 4096 1305 4164 antiqua
1333 4112 1522 4151 novum
1557 4114 1649 4151 no-

142 4187 237 4228 men
276 4184 479 4250 accepit,
526 4201 630 4240 non
672 4187 943 4241 vocabulo
982 4201 1119 4242 novo
1165 4203 1318 4241 nova:
1359 4187 1434 4242 rei
1484 4190 1653 4243 virtus

146 4269 345 4336 accessit,
376 4272 469 4328 boc
496 4280 677 4346 utique
707 4278 943 4346 requiro,
974 4287 1147 4331 utrum
1180 4293 1262 4331 res
1290 4296 1405 4347 qtne
1434 4283 1649 4349 antiqua

146 4362 226 4418 est,
244 4356 428 4432 simula
450 4376 498 4418 te
518 4382 635 4427 cum
665 4369 896 4422 nominis
920 4368 1149 4421 novitate
1175 4368 1451 4421 damnetur
1477 4370 1499 4421 ?

1748 3183 1944 3236 utendo
1974 3182 2277 3236 nominibus
2307 3182 2531 3237 formam
2563 3184 2799 3245 Ecclesia
2833 3190 3086 3254 retinens,
3122 3201 3308 3245 contra

1747 3272 1985 3328 diversos
2016 3273 2296 3327 litereticos
2322 3283 2477 3342 prout
2503 3288 2644 3328 sauze
2672 3274 2794 3329 ﬁdei
2822 3279 2953 3330 ratio
2986 3279 3306 3347 postulabat,

1748 3361 1988 3416 diversas
2035 3363 2198 3417 edidit
2241 3363 2513 3418 nominum
2561 3359 2841 3420 novitates.
2883 3366 3116 3436 Denique
3164 3354 3346 3425 Patri7

1750 3469 1940 3512 novum
1965 3454 2386 3508 innascibilitatis
2408 3470 2601 3510 nomen
2632 3456 2863 3511 Ecclesia
2891 3458 3158 3526 imposuit.
3177 3456 3309 3513 Cum

1751 3545 1892 3600 enim
1921 3546 2219 3599 Sabelliana
2252 3547 2471 3614 haeresis
2498 3548 2734 3616 genitum
2764 3562 2827 3602 ex
2860 3547 3069 3618 Virgine
3097 3550 3308 3606 Patrem

1751 3638 2006 3703 voluisset
2032 3652 2292 3704 asserere,
2324 3640 2609 3710 ingenitum
2636 3652 2819 3697 contra
2846 3643 2980 3696 hanc
3004 3644 3310 3699 conﬁtendo

1751 3730 1986 3786 Ecclesia
2025 3732 2239 3785 tradidit
2276 3729 2508 3786 Patrem.
2556 3734 2620 3787 Et
2649 3735 2825 3803 utique
2868 3735 2917 3788 in
2949 3717 3143 3789 divinis
3171 3736 3311 3791 Scri-

1749 3822 1921 3891 pturis
1958 3823 2234 3891 ingenitum
2282 3838 2547 3892 nunquam
2590 3824 2813 3893 legimus
2854 3825 3083 3879 Patrem.
3130 3826 3311 3881 Potest

1694 3896 1709 3941 Τ
1750 3927 1877 3982 ergo
1898 3912 2158 3967 Sabellius
2180 3913 2451 3972 audaciam
2476 3930 2623 3967 suam
2642 3916 2692 3969 in
2721 3915 2875 3984 huius
2896 3917 3172 3973 calumnia:
3196 3935 3312 3974 ver-

1753 4011 1865 4056 tere
1899 4004 2269 4072 quaestionem,
2310 4012 2364 4055 et
2400 4004 2579 4067 simili,
2604 4014 2677 4076 _ttt
2706 4013 2780 4067 ttt,
2814 4007 3193 4073 propositionis
3222 4025 3314 4079 god

1752 4108 1879 4146 nere
1910 4095 2013 4158 ttti,
2043 4109 2144 4161 quo
2172 4095 2350 4146 dicat:
2384 4094 2487 4147 Cur
2521 4095 2713 4147 divinis
2742 4095 3027 4162 Scripturis
3057 4100 3171 4153 sine
3204 4101 3313 4153 ulto

1753 4194 2033 4253 prospectu
2060 4183 2273 4251 pudoris
2294 4183 2598 4237 violentiam
2626 4182 2813 4251 facitis,
2838 4187 3337 4259 proﬁtenda-139‘

1752 4275 2117 4329 innasclbi‘etn
2150 4274 2358 4327 Patrem
2379 4313 2394 4335 ,
2426 4274 2563 4342 quod
2596 4275 2850 4341 scriptum
2881 4277 3165 4331 ostendere
3205 4297 3309 4331 non

1753 4369 1976 4424 valetis?
2006 4370 2154 4430 ltem,
2187 4368 2306 4437 quia
2338 4382 2456 4421 eum
2503 4382 2606 4419 non
2638 4368 2807 4420 solum
2840 4368 3074 4437 genitum
3099 4410 3111 4433 ,
3142 4371 3232 4423 sed
3260 4382 3313 4425 1-1

202 4445 326 4542 titius
350 4454 466 4505 dixit
493 4471 510 4509 :
538 4457 640 4512 Res
675 4459 906 4527 loqueris
936 4467 1228 4523 tortuosas,
1261 4470 1311 4512 et
1338 4458 1481 4512 omni
1523 4458 1735 4542 stul-
1760 4474 2007 4540 passum,
2042 4458 2205 4525 impio
2249 4456 2495 4523 dogmate
2540 4456 2676 4510 idem
2723 4457 2985 4511 Sabellius
3037 4462 3313 4527 proﬁtetur

148 4530 248 4586 litize
279 4542 509 4598 miraculo
555 4548 765 4618 dignas.
811 4547 868 4602 Si
912 4548 1053 4602 enim
1095 4547 1406 4602 ltomousion
1450 4565 1640 4602 novum

152 4635 305 4717 nomen
342 4641 444 4697 est,
480 4651 580 4691 non
612 4639 833 4694 dubium
861 4638 998 4708 quod
1038 4647 1090 4692 et
1119 4653 1203 4694 res
1232 4653 1365 4693 nova
1393 4639 1462 4693 sit
1489 4656 1645 4709 quam

150 4714 394 4776 signiﬁcare
421 4724 638 4781 videtur.

154 4885 178 4937 ἀ
208 4806 473 4867 Athanasius
499 4818 622 4871 dixit
647 4836 663 4872 :
690 4818 833 4889 Ergo
856 4819 1049 4888 pariter
1074 4832 1183 4873 rem
1208 4833 1501 4888 nomenque
1523 4833 1649 4872 con-

182 4904 329 4937 cinnae
344 4899 364 4937 ι)

182 4899 364 4950 etttuas?

212 4980 331 5037 Arius
356 4991 471 5045 dixit
494 5012 510 5047 :
536 4996 604 5049 ita
632 4999 808 5066 plane.

210 5074 471 5138 Athanasius
513 5091 634 5143 dixit
666 5108 685 5146 :
730 5092 887 5159 Igitur
929 5106 1047 5161 cum
1093 5091 1524 5146 demonsuavero
1572 5093 1647 5147 rei

158 5164 342 5247 “mlum
371 5185 419 5225 et
443 5177 504 5231 ab
537 5181 787 5247 apostolis
820 5182 1025 5236 ttaditte
1054 5198 1244 5236 nomen
1276 5197 1467 5236 novum
1498 5184 1649 5236 attri-

162 5246 307 5309 butum
329 5259 499 5331 fuisse,
532 5270 722 5326 victum
753 5281 802 5326 te
834 5273 1039 5327 tandem
1072 5267 1319 5327 fateberis
1347 5290 1361 5337 ;
1392 5288 1456 5327 an
1488 5277 1647 5327 etiam

164 5351 221 5477 sic
244 5360 334 5401 rem
360 5359 603 5427 antiquam
635 5365 793 5419 simul
833 5379 951 5418 cum
983 5365 1210 5419 nominis
1250 5367 1483 5421 novitate
1522 5382 1649 5419 con-

192 5441 372 5477 cmnne?
1647 5438 1649 5445 ¹

192 5441 372 5493 omnes?
1647 5438 1653 5445 ’

216 5524 337 5581 Arius
360 5533 511 5592 dixit:
542 5542 696 5600 Plane
725 5546 824 5598 hoc
855 5560 957 5598 non
989 5545 1243 5599 ostendis.
1272 5544 1333 5599 Et
1365 5560 1483 5615 quae
1514 5547 1646 5599 ratio

170 5620 300 5668 “mete
325 5620 558 5689 ﬂagitabit
606 5645 659 5689 ut
683 5651 765 5690 res
793 5637 1003 5704 antiqua
1029 5650 1223 5688 novum
1255 5638 1515 5703 acciperet
1548 5653 1645 5689 no-

170 5707 289 5757 men?
314 5709 523 5787 Nunquid
550 5728 681 5781 enim
710 5744 769 5799 pr
795 5745 1014 5797 usquam
1049 5728 1200 5795 hujus
1234 5727 1459 5781 nominis
1488 5741 1641 5781 vocuo

1748 4552 1981 4620 episcopi
1997 4549 2154 4602 ve~tri
2170 4547 2365 4601 dudmu
2382 4547 2648 4616 Syrmium
2666 4549 3040 4603 convenientes
3061 4551 3108 4601 in
3126 4566 3308 4617 unum,

1750 4647 1888 4700 inter
1916 4651 2136 4697 ett-teras
2177 4640 2295 4695 ﬁdei
2324 4655 2454 4705 quas
2483 4640 2945 4709 promulgaverunt
2985 4643 3307 4707 sanctiones,

1750 4737 1997 4790 dixerunt
2028 4734 2236 4785 Patrem
2277 4730 2653 4797 itnpnssibilem
2694 4745 2812 4785 esse
2846 4747 2860 4785 :
2896 4732 3033 4800 quod
3066 4734 3311 4801 religiose

1750 4839 1841 4879 eo;
1877 4829 2163 4887 sancteque
2203 4822 2449 4872 statuisse
2489 4819 2792 4887 probamus.
2842 4820 2945 4875 Sed
2988 4821 3086 4875 hoc
3129 4822 3309 4875 itidem

1753 4914 1840 4967 ille
1882 4911 2169 4981 proclamat
2196 4928 2206 4961 :
2239 4912 2522 4978 Quousque
2564 4924 2751 4964 vesme
2783 4910 3007 4965 licentiae
3034 4914 3308 4967 audaciam

1755 5002 2089 5071 protenditis,
2132 4999 2429 5069 proﬁtendo
2462 5000 2622 5071 (quod
2664 5002 2917 5069 scriptum
2952 5017 3056 5055 non
3086 5004 3308 5073 legistis)

1754 5090 2130 5161 impassibilem
2171 5091 2406 5153 Patrem;
2453 5092 2590 5159 quod
2637 5105 2731 5145 nec
2773 5095 3043 5161 prophetae
3082 5094 3313 5147 tradide-

1758 5190 1900 5242 runt,
1938 5196 2032 5235 nec
2063 5181 2289 5255 symboli
2323 5181 2604 5234 autltentici
2639 5181 2851 5235 tradidit
2880 5166 3182 5246 auctoritas,
3215 5185 3307 5237 sed

1758 5282 1928 5327 vestra
1960 5280 2041 5324 est
2078 5272 2373 5324 temeritate
2406 5274 2818 5339 prmsumptum?
2861 5272 3085 5326 Rursum
3126 5289 3310 5343 prose-

1758 5371 1984 5431 quentur
2014 5358 2170 5413 idem
2204 5359 2300 5427 ipsi
2327 5361 2414 5427 qui
2450 5360 2657 5428 Syrmio
2686 5372 3062 5427 convenerant,
3093 5373 3143 5416 et
3175 5365 3309 5415 hanc

1756 5454 2014 5520 religiosae
2042 5450 2393 5507 confessionis
2425 5452 2577 5505 lidetn
2607 5452 2671 5506 de
2699 5452 2829 5505 Filio
2860 5462 3114 5507 statuunt.
3150 5453 3309 5505 Deum

1754 5545 1995 5612 inquiunt
2024 5545 2085 5595 de
2118 5543 2242 5607 Deo,
2274 5543 2442 5595 lunten
2469 5544 2531 5596 de
2557 5544 2766 5595 lumine.
2797 5543 2910 5597 Jatn
2946 5546 3027 5599 ltic
3057 5544 3303 5609 Pltotino,

1751 5638 1837 5703 qui
1882 5650 1941 5688 ex
1993 5634 2235 5687 humana:
2281 5633 2634 5702 generationis
2668 5644 2849 5687 natura
2886 5634 3087 5687 initium
3130 5633 3310 5687 tribuit

1753 5726 1905 5791 Filio,
1955 5734 2145 5791 quanta
2170 5723 2522 5778 calumniandi
2573 5724 2781 5780 occasio
2830 5734 3023 5794 pateat,
3070 5727 3178 5793 ipse
3230 5734 3302 5789 tu,
