3842 6226
419 276 521 333 I93
1720 260 1938 316 VlClLll
1978 244 2348 315 TAI’SENSIS
3577 248 3706 306 ius

415 388 1118 460 qua-so,.netire.Curenim
1151 397 1254 440 non
1281 380 1482 435 similes
1511 376 1969 448 querimoniarum
2005 376 2058 435 Α
2156 371 2304 426 Atius
2338 370 2465 424 dixit
2486 386 2505 424 :
2529 369 2630 424 Iste
2658 369 2835 425 nescio
2865 384 2964 438 qua
2996 369 3334 441 syllogistica:
3366 368 3523 422 artis
3555 381 3702 460 vcr-

423 454 617 535 causas—
641 478 918 534 intendat?
962 477 1066 531 Cur
1107 489 1212 528 non
1249 470 1407 526 simili
1448 466 1824 522 vociferatione
1865 465 1982 534 ipse
2083 463 2219 516 sutia
2250 461 2601 529 obieetionem
2635 475 2805 514 meam
2835 470 3054 514 conatur
3083 460 3319 514 eludere.
3353 458 3471 526 Ego
3511 454 3695 508 enim

423 585 631 639 quoque
651 571 894 633 insaniat,
916 569 1094 622 dicens
1122 584 1137 619 :
1161 563 1295 630 Quid
1327 560 1541 615 dicitis?
1564 557 1689 627 quid
1720 557 1984 610 statuitis‘!
2085 553 2188 608 hoc
2212 555 2338 607 mihi
2366 552 2572 606 ostendi
2599 551 2841 605 desidero
2864 591 2878 614 ,
2917 561 3092 603 utrum
3133 551 3440 610 homousion
3485 544 3706 639 desini—

425 637 560 731 qnidi
588 661 912 729 sequendum
954 665 1131 711 vestro
1162 671 1224 709 ex
1251 652 1450 722 judicio
1480 650 1708 719 posteris
1740 645 1986 700 traditis?
2085 644 2216 697 nica:
2255 643 2324 695 sit
2365 641 2606 697 lectionis
2642 641 2953 695 auctoritate
2989 639 3370 707 conscriptum.
3419 639 3497 693 Et
3551 637 3705 690 ideo

427 751 729 806 confitendo
762 750 948 802 Filium
983 748 1145 800 Deum
1174 759 1240 798 ex
1283 743 1413 806 Deo,
1449 741 1627 793 lumcn
1657 751 1721 790 ex
1750 735 1986 790 lumine?
2086 742 2177 786 aut
2223 735 2436 801 proprie
2479 732 2703 800 positum
2745 731 2902 801 legat,
2947 742 3038 784 aut
3076 731 3142 784 ab
3170 731 3285 799 ejus
3310 731 3710 785 confessione

429 841 702 896 Ostendite
725 838 854 908 mihi
884 847 1056 890 utrum
1082 837 1136 888 in
1157 832 1341 887 eadem
1373 829 1491 883 fidei
1525 826 1713 891 forma,
1739 825 1793 879 id
1817 834 1905 878 est
1934 823 1985 876 in
2088 824 2320 876 recedat.

430 928 734 982 authentico
769 926 1039 996 symbolo,
1073 922 1212 992 quod
1239 919 1462 989 apostoli
1493 915 1860 979 tradiderunt,
1889 913 1989 966 hoc
2158 910 2358 965 Probus
2371 912 2537 981 judea:
2559 910 2687 964 dixit
2710 927 2727 964 :
2747 911 2847 965 Sed
2874 910 3019 966 vides
3038 909 3486 980 quemadmodum
3519 918 3708 965 tuam

431 1018 682 1084 scriptum
712 1015 969 1085 legeritis.
1001 1015 1102 1069 Sed
1132 1019 1410 1067 contentus
1435 1022 1574 1070 sum,
1606 1021 1727 1060 cum
1756 1004 1829 1058 ibi
1857 1002 1992 1057 scri-
2091 1001 2144 1055 in
2176 1011 2227 1057 te
2257 1001 2450 1056 referat
2477 1003 2843 1071 quaestionem,
2867 1012 2918 1057 et
2944 1002 3129 1058 iisdem
3159 1013 3209 1058 te
3253 1003 3446 1073 quibus
3497 1003 3712 1056 uteris

435 1117 581 1172 ptum
623 1117 729 1158 non
761 1103 939 1168 fuerit,
969 1103 1155 1157 saltem
1188 1097 1315 1152 mihi
1355 1095 1423 1151 de
1461 1094 1734 1165 prophetis
1762 1093 1990 1163 legatur,
2098 1090 2249 1161 ιιι
2280 1093 2604 1160 constringat
2633 1093 2901 1156 articulis,
2933 1091 3275 1162 professionis
3305 1103 3410 1150 tua:
3431 1091 3709 1147 manife-

433 1194 502 1248 de
536 1193 894 1261 apostolorum
931 1191 1120 1247 litteris
1148 1186 1478 1243 ostendatur.
1522 1184 1652 1250 Quis
1681 1183 1777 1236 has
1801 1190 1991 1235 Vocum
2093 1181 2225 1235 stius
2251 1191 2304 1237 et
2334 1181 2447 1250 ipse
2490 1183 2710 1250 exigens
2754 1182 3150 1249 documentum,
3181 1192 3236 1237 ut
3268 1181 3318 1238 ei
3345 1183 3413 1238 de
3435 1182 3715 1238 canoni-

437 1286 626 1338 tolcret
667 1283 964 1338 novitates?
1006 1281 1132 1346 Quis
1161 1278 1270 1333 suis
1308 1277 1591 1331 admittere
1630 1275 1874 1330 sensibus
1905 1289 1996 1342 pa-
2094 1273 2171 1328 cis
2210 1273 2353 1328 nude
2387 1275 2610 1342 positum
2642 1275 2833 1329 litteris
2865 1276 3112 1331 ostendas
3155 1276 3560 1338 iuuascibilem,
3598 1286 3711 1330 aut

435 1379 596 1431 tiatur
621 1378 758 1448 quod
790 1391 956 1446 neque
996 1373 1268 1445 prophetae
1297 1385 1468 1439 neque
1497 1368 1724 1439 apostoli
1759 1367 1988 1422 tradide-
2096 1363 2475 1432 impztssibilem
2519 1365 2749 1427 Patrem,
2784 1375 2877 1420 aut
2909 1367 3070 1421 Deum
3097 1381 3161 1422 ex
3195 1366 3330 1437 Deo,
3358 1376 3452 1422 aut
3479 1368 3710 1422 lumen

437 1468 601 1522 tum?
673 1509 678 1513 ,
2097 1471 2163 1510 ex
2197 1457 2522 1522 lumine,aut
2545 1458 2682 1511 Patri
2706 1459 2894 1513 Filium
2923 1459 3150 1514 similem
3176 1473 3317 1515 esse.
3335 1459 3462 1526 Qua
3482 1461 3708 1516 oninia

509 1560 672 1615 XXII.
701 1560 827 1614 Item
851 1557 1076 1613 similem
1099 1556 1240 1610 Patri
1269 1554 1481 1619 Filium,
1511 1551 1688 1606 multis
1708 1557 1761 1604 et
1786 1547 1996 1603 crebere
2101 1547 2144 1601 si
2176 1553 2387 1618 proprie
2421 1551 2587 1618 posita
2629 1550 2996 1606 demonstrare
3029 1551 3248 1607 minime
3287 1552 3552 1616 valueris,
3595 1568 3710 1608 ne-

440 1651 588 1706 rimis
619 1645 962 1705 conciliOrum
993 1654 1288 1700 vestrorum
1319 1642 1546 1697 decretis
1575 1639 1854 1694 statuistis.
1898 1637 2001 1690 Ex-
2100 1638 2382 1706 gandi'tibi
2414 1639 2700 1695 necessitas
2731 1641 3042 1697 imminebit.
3085 1641 3180 1696 Cui
3221 1640 3516 1696 discrimini
3567 1643 3704 1710 illa,

441 1749 624 1810 surgat
655 1756 792 1795 nunc
823 1737 1131 1802 Eunomius,
1157 1735 1244 1803 qni
1275 1731 1587 1788 dissimilem
1620 1729 1922 1791 confitetur,
1950 1733 2004 1781 et

2135 1739 2164 1784 lt
2193 1731 2320 1784 mihi
2349 1731 2575 1796 videtur,
2603 1733 2712 1787 sola
2740 1734 2872 1788 ratio
2901 1734 3094 1802 poterit
3112 1733 3423 1798 subvenire,
3456 1743 3515 1787 ut
3547 1748 3706 1788 con-

445 1832 587 1886 dicat
625 1847 641 1886 :
687 1830 786 1886 Ubi
835 1830 935 1883 hoc
978 1824 1209 1896 legistis?
1253 1823 1343 1877 ubi
1389 1822 1644 1891 scriptum
1690 1816 2003 1887 reperistis?
2104 1820 2303 1875 cedatis
2337 1821 2492 1876 vobis
2522 1836 2584 1878 ea
2619 1837 2737 1892 quat
2773 1824 2827 1877 in
2865 1823 3106 1878 conciliis
3133 1823 3332 1878 vestris
3364 1823 3506 1879 nude
3554 1832 3707 1879 sunt

447 1932 694 1977 utrumne
709 1921 864 1976 Pater
884 1933 951 1972 an
968 1918 1130 1972 Filius
1145 1915 1244 1970 hac
1264 1914 1331 1969 de
1357 1928 1416 1969 se
1437 1927 1564 1967 usus
1580 1920 1662 1966 cst
1676 1909 1844 1965 voce?
1865 1908 2006 1978 Ergo
2106 1911 2300 1980 posita,
2322 1911 2388 1967 de
2408 1911 2798 1982 Scripturarum
2822 1913 3054 1969 fontibus
3077 1928 3377 1989 emanasse.
3407 1915 3545 1968 Nam
3581 1914 3704 1968 hoc

447 2022 525 2078 tu,
573 2014 696 2078 Ari,
749 2010 839 2079 qui
879 2024 963 2063 me
1017 2007 1176 2062 hodie
1213 2005 1306 2059 tali
1346 2003 1665 2071 constringis
1694 1999 1920 2054 articulo
1949 2006 2007 2052 ut
2105 2000 2461 2076 contentionis
2495 2003 2624 2057 vitio
2661 2003 3026 2073 deputabitur,
3050 2013 3108 2058 ut
3133 2003 3512 2060 documentum
3551 2005 3705 2059 nudi

449 2101 763 2156 homousion
801 2099 1012 2167 proprie
1054 2096 1308 2165 scriptum
1354 2092 1628 2148 ostendam
1649 2131 1663 2152 ,
1709 2099 1799 2143 aut
1841 2088 2007 2143 fatere
2107 2093 2369 2148 sermonis
2395 2092 2594 2165 eitigas,
2620 2095 2768 2164 cujus
2793 2095 2915 2150 fidei
2941 2110 3154 2152 sensum
3183 2097 3236 2151 in
3260 2096 3566 2164 Scripturis
3594 2111 3704 2151 co-

449 2201 633 2244 contra
667 2190 957 2243 insolentes
990 2195 1045 2242 et
1085 2186 1310 2240 furtivas
1337 2183 1601 2238 haeretica:
1641 2178 2008 2248 intelligentiae
2110 2184 2311 2252 piosius
2359 2187 2576 2241 noveris
2632 2186 2950 2242 redundare,
3004 2189 3229 2243 Sensum
3279 2187 3440 2256 igitur
3491 2201 3705 2257 quam

450 2279 754 2350 pravitates,
778 2277 1018 2348 quaedam
1048 2273 1404 2330 confessionis
1427 2271 1644 2342 nomina
1671 2284 1777 2324 non
1807 2278 2011 2324 temere
2111 2273 2250 2327 unde
2280 2273 2437 2341 hujus
2461 2275 2701 2329 vocabuli
2740 2285 2926 2330 natura
2955 2276 3121 2331 traxit
3143 2275 3402 2344 originem
3427 2291 3444 2340 ;
3474 2285 3529 2330 et
3555 2290 3698 2330 cum

453 2378 771 2438 praesumpta
799 2367 892 2422 sed
922 2381 989 2421 ex
1012 2364 1355 2434 consequenti
1382 2362 1590 2416 ratione
1615 2360 1857 2426 collecta,
1891 2357 2010 2412 fidei
2112 2377 2326 2418 sensum
2367 2364 2659 2432 inveneris,
2701 2379 2894 2420 nomen
2932 2372 2984 2421 te
3025 2366 3221 2436 pariter
3260 2367 3530 2421 invenisse
3576 2380 3700 2420 non

451 2457 849 2513 auctoritatibus
873 2455 1033 2511 fuisse
1060 2456 1289 2519 inserta;
1322 2453 1392 2508 ita
1419 2464 1475 2506 ut
1503 2462 1579 2506 tot
1609 2464 1865 2504 novorum
1893 2463 2014 2503 ver-

451 2549 638 2602 borum
682 2546 930 2616 religioso
977 2542 1582 2599 intellectu'exstiterint
1620 2538 2008 2603 absolutiones,

461 2638 616 2709 ιω
659 2644 786 2706 quot
818 2637 1028 2691 fuerant
1051 2635 1286 2706 quasitte
1307 2634 1390 2688 vel
1416 2631 1827 2689 subministrat-te
1856 2629 2014 2700 perfi-

453 2729 555 2781 diae
581 2729 906 2781 occasiones.
951 2728 1054 2779 Aut
1077 2726 1120 2779 si
1147 2724 1198 2778 id
1228 2725 1382 2779 fateri
1410 2723 1666 2791 nolueris,
1707 2723 1812 2776 tuis
1840 2730 2012 2777 tecum

456 2817 841 2886 objectionibus
862 2830 1034 2885 agam.
1052 2814 1282 2870 Ostende
1305 2815 1434 2870 mihi
1459 2829 1564 2868 non
1584 2827 1650 2868 ex
1669 2812 2012 2881 coniecturis,

457 2922 565 2963 non
591 2922 656 2961 ex
683 2905 1078 2967 verisimilibus,
1103 2919 1210 2958 non
1239 2919 1303 2958 ex
1333 2903 1540 2958 ratione
1566 2902 1780 2969 vicinis,
1813 2915 1920 2956 non
1948 2900 2017 2954 ad

459 2995 853 3065 intelligendum
885 2994 1316 3064 provocantibus,
1347 3007 1458 3048 non
1484 2990 1551 3046 ad
1581 2973 2012 3061 id'profiteudum

2110 2451 2341 2508 dubites.
3105 2451 3108 2452 ν
3149 2503 3163 2510 ο

2185 2542 2368 2598 XXIV.
2410 2543 2716 2600 Athanasius
2745 2545 2910 2599 dixit:
2951 2545 3390 2615 Quantiscunque
3430 2560 3556 2600 cum
3622 2559 3696 2600 eo

2103 2625 2404 2688 rationibus
2443 2648 2589 2702 agas,
2621 2635 2922 2690 nullatenus
2949 2644 3124 2704 potest
3161 2635 3227 2690 ab
3255 2634 3356 2690 hac
3381 2634 3698 2690 intentione

2113 2724 2369 2777 revocari.
2401 2723 2556 2777 Novit
2597 2724 2739 2779 enim
2769 2725 3065 2780 certissime
3095 2726 3214 2794 quia
3257 2725 3301 2779 si
3345 2724 3412 2779 ad
3451 2725 3557 2780 hoc
3587 2725 3697 2779 de-

2113 2824 2356 2865 scensum
2378 2810 2564 2877 fuerit,
2584 2821 2642 2868 ut
2661 2828 2725 2867 ex
2753 2815 3133 2882 consequentia
3163 2813 3556 2883 Scripturarum
3579 2828 3695 2869 una

2121 2900 2295 2956 Patris
2315 2916 2433 2958 esse
2460 2903 2750 2959 substantia
2776 2914 2827 2959 et
2859 2904 2975 2959 Filii
3011 2905 3172 2976 (quod
3195 2915 3278 2960 est
3306 2905 3690 2972 homousion),

2114 2991 2388 3059 doceatur,
2418 2993 2663 3050 facillime
2699 3009 2759 3050 se
2793 3010 2948 3064 posse
2991 2996 3260 3064 superari:
3301 3004 3357 3050 et
3383 2994 3509 3050 ideo
3533 2994 3692 3049 difﬁ-

461 3086 657 3153 pietate
680 3083 801 3139 fidei
821 3081 1201 3152 suadente,sed
1219 3097 1346 3152 pura
1369 3082 1575 3138 etnuda
1589 3082 1871 3138 verborum
1895 3096 2015 3152 pro.
2040 3069 2084 3130 C
2117 3079 2313 3136 dentis:
2342 3091 2397 3136 et
2421 3083 2624 3139 timoris
2652 3083 2890 3153 periculo
2913 3091 3093 3151 actus,
3128 3085 3253 3138 nudi
3278 3083 3546 3139 sermonis
3583 3085 3689 3138 fla-

462 3177 687 3244 prictate
712 3175 963 3244 scriptum
993 3172 1216 3229 ostende
1235 3213 1250 3237 ,
1279 3173 1574 3244 ingenitum
1602 3182 1692 3229 aut
1719 3172 2018 3242 impassibi-

434 3333 436 3336 _
463 3267 566 3320 lem
597 3266 842 3330 Patrem;
887 3263 1079 3319 Filium
1110 3279 1237 3319 vero
1276 3263 1442 3318 Deum
1468 3279 1532 3318 ex
1561 3264 1690 3331 Deo,
1729 3263 1908 3318 lumen
1946 3278 2016 3319 ex

463 3357 688 3424 lumine,
717 3363 807 3410 aut
829 3354 972 3410 Patri
997 3355 1223 3410 similem
1246 3368 1387 3410 esse.
1413 3352 1544 3408 Nolo
1563 3352 1696 3407 mihi
1717 3351 1889 3416 dicas;
1921 3352 2032 3434 hoc.

463 3448 586 3502 fidei
617 3447 755 3502 ratio
784 3448 973 3516 poscit,
1005 3447 1106 3503 hoc
1133 3447 1301 3515 pietas
1339 3444 1517 3511 docet,
1547 3443 1612 3498 ad
1644 3444 1780 3498 hanc
1812 3457 1898 3497 me
1925 3457 2022 3497 no-

361 3531 368 3542 “
468 3538 625 3592 minis
654 3538 1034 3607 professionem
1075 3537 1469 3606 Scripturarum
1499 3536 1873 3604 consequentia
1898 3549 2022 3605 pro-

464 3636 638 3683 vocat.
659 3627 814 3692 Nolo,
832 3629 1065 3698 inquam,
1087 3627 1217 3682 mihi
1245 3627 1366 3681 talia
1386 3626 1672 3690 obtendas;
1703 3625 1826 3694 quia
1852 3634 1906 3680 et
1935 3640 2022 3679 me

463 3716 664 3771 similia
691 3717 758 3772 de
794 3716 1053 3772 homousii
1079 3716 1384 3786 probatione
1413 3716 1619 3783 respuis
1647 3714 2020 3784 proferentem.

466 3806 573 3861 Sed
603 3806 737 3860 ferto
766 3806 817 3860 in
845 3807 1082 3860 manibus
1112 3807 1409 3860 divinorum
1435 3805 1761 3860 voluminum
1789 3805 2019 3868 codices,

463 3905 521 3951 et
545 3898 731 3952 eodem
759 3910 913 3961 sono,
943 3895 1126 3949 iisdem
1155 3895 1376 3965 syllabis
1399 3895 1768 3964 praedictorum
1797 3895 2024 3950 vocabu-

466 3988 639 4043 lorum
671 3987 882 4040 nomina
914 3985 1076 4040 indita
1106 3985 1238 4054 lege.
1265 3987 1369 4038 Aut
1391 3984 1609 4039 ostende
1635 3985 1908 4053 scriptum,
1937 3984 2025 4040 Fi-

467 4078 598 4133 lium
632 4078 771 4132 Patri
809 4078 1055 4143 similem,
1081 4085 1173 4130 aut
1198 4078 1360 4130 fatere
1399 4065 1732 4132 dissimilem.
1763 4076 1878 4143 Quo
1903 4076 2028 4131 hinc

468 4183 742 4236 erumpas,
757 4173 1006 4235 quorsum
1033 4165 1226 4221 evadas
1249 4180 1352 4220 non
1375 4165 1617 4220 est.’l‘uis
1641 4176 1691 4220 te
1711 4165 2023 4234 implicitum

473 4259 850 4328 propositionis
877 4257 1099 4311 nexibus
1128 4256 1387 4311 enodandi
1410 4258 1630 4330 facultas
1659 4257 1804 4311 nulla
1834 4272 2027 4326 suppe-

467 4351 625 4405 ditat.
669 4353 773 4404 Aut
807 4348 1041 4404 concede
1079 4347 1208 4401 mihi
1235 4364 1300 4401 ex
1333 4349 1774 4424 consequentibus
1799 4351 2026 4420 probare

2118 3172 2243 3241 gitat
2278 3172 2675 3232 documentum.
2709 3173 2812 3230 Sed
2852 3175 2961 3230 suis
2986 3183 3071 3230 est
3110 3175 3302 3229 itcfum
3331 3175 3692 3244 professioni-

2102 3259 2217 3315 .bus
2244 3261 2719 3332 constringendos,
2743 3261 2920 3333 Exigis
2949 3277 2977 3316 a
3009 3277 3094 3318 me
3135 3272 3194 3318 ut
3222 3278 3380 3317 unam
3412 3263 3591 3320 Patris
3633 3275 3692 3321 et

2121 3353 2237 3408 Filii
2265 3353 2612 3408 substantiam
2632 3397 2646 3420 ,
2681 3354 2735 3410 id
2761 3363 2844 3411 est
2869 3355 3180 3411 homousion
3211 3357 3466 3424 scriptum
3494 3365 3692 3412 οειειι-

2120 3445 2269 3509 dam;
2298 3454 2350 3499 tu
2378 3457 2551 3500 autem
2576 3457 2681 3501 tres
2708 3448 2868 3513 usias,
2896 3446 2948 3502 id
2968 3457 3048 3503 est
3071 3457 3180 3502 tres
3203 3446 3534 3501 substantias
3553 3462 3691 3502 con-

2123 3535 2306 3589 fiteris.
2342 3535 2573 3591 Ostende
2599 3537 2756 3606 igitur
2792 3537 2918 3592 mihi
2947 3539 3035 3592 ubi
3063 3534 3235 3607 legisti
3279 3546 3389 3592 tres
3430 3536 3597 3593 usias.
3629 3537 3688 3607 Si

2121 3639 2219 3694 ego
2247 3625 2389 3680 enim
2435 3640 2624 3694 unam,
2664 3625 2764 3680 hoc
2791 3637 2872 3681 est
2899 3627 3209 3681 homousion
3235 3666 3250 3691 ,
3304 3626 3426 3681 ideo
3481 3640 3690 3695 negare

2129 3716 2318 3782 debeo,
2338 3717 2458 3786 quia
2473 3716 2571 3772 hoc
2595 3715 2732 3772 nude
2751 3717 3003 3787 scriptum
3022 3731 3127 3772 non
3143 3716 3357 3772 invenio
3379 3732 3395 3780 ;
3425 3725 3479 3770 tu
3501 3732 3691 3786 quem-

2121 3807 2404 3861 admodum
2435 3806 2595 3861 audes
2627 3817 2733 3861 tres
2761 3808 2902 3861 usias
2950 3805 3185 3876 profiteri
3213 3847 3230 3874 ,
3262 3820 3380 3862 cum
3426 3806 3530 3862 hoc
3553 3807 3689 3861 scri-

2124 3907 2270 3964 ptum
2293 3910 2550 3966 nusquam
2581 3897 2776 3965 poteris
2814 3895 3224 3950 demonstrare?

2197 3985 2396 4041 Probus
2416 3987 2582 4058 judea:
2611 3988 2738 4041 dixit
2762 4002 2781 4040 :
2810 3988 2865 4042 Si
2910 3995 3084 4042 exstat
3121 3986 3331 4056 aliquod
3376 4001 3442 4043 ex
3486 3986 3691 4042 divinis

2126 4076 2526 4131 auétoritatibus
2546 4075 2915 4130 documentum
2950 4075 3162 4145 proprie
3189 4085 3242 4130 et
3268 4059 3574 4145 specialiter
3596 4092 3691 4146 po-

2127 4171 2283 4224 situm
2332 4184 2436 4238 quo
2483 4169 2803 4238 approbetur
2850 4169 3053 4231 Patris.
3098 4176 3152 4223 et
3181 4167 3329 4234 Filii,
3356 4177 3411 4221 et
3455 4169 3692 4238 Spiritus

2127 4261 2296 4313 sancti
2329 4271 2434 4313 tres
2463 4261 2603 4322 usias
2634 4269 2846 4330 tresque
2876 4261 2957 4327 (ut
3005 4258 3210 4328 fateris)
3254 4272 3376 4313 esse
3421 4268 3646 4313 naturas
3670 4299 3685 4322 .

2133 4351 2428 4421 proferatur
2447 4391 2462 4417 ,
2495 4366 2598 4420 quo
2618 4352 2780 4419 possit
2797 4352 3111 4405 Athanasius
3125 4365 3153 4404 a
3179 4349 3516 4411 confessione
3534 4355 3690 4405 unius

474 4441 821 4504 homousion,
872 4439 924 4495 id
968 4447 1051 4492 est
1094 4437 1248 4492 unius
1292 4417 1595 4492 substantia:
1635 4417 1823 4504 fidem;
1863 4451 1952 4493 aut
1982 4442 2024 4493 si
2058 4417 2467 4503 Dsubstantize,
2514 4417 2654 4511 quod
2702 4450 2783 4495 est
2832 4440 3184 4515 homousion,
3231 4427 3521 4512 declinare.
3555 4427 3687 4495 Cum

433 4599 438 4605 ~
469 4530 770 4586 concedere
804 4530 1068 4594 nolueris,
1097 4527 1332 4598 neganda
1359 4540 1483 4584 sunt
1514 4529 1603 4615 tibi
1635 4530 1881 4585 universa
1912 4545 2030 4600 quae

473 4625 589 4692 ipse
620 4624 819 4688 fateris,
862 4623 983 4691 quia
1021 4635 1083 4676 ea
1124 4620 1262 4674 nude
1291 4622 1458 4688 posita
1499 4622 1736 4677 invenire
1774 4632 2055 4693 nusquam”

473 4713 655 4781 utique
682 4714 901 4781 poteris.

550 4803 733 4857 XXIII.
758 4802 952 4857 Probus
964 4803 1130 4873 judea:
1149 4803 1275 4857 dixit
1299 4818 1318 4856 :
1337 4802 1393 4858 Si
1416 4801 1785 4857 ecclesiastica:
1807 4817 2030 4859 consue-

476 4895 677 4957 tudinis
705 4907 818 4949 mos
847 4900 930 4947 est
966 4902 1024 4947 ut
1058 4894 1229 4963 aliqua
1262 4893 1545 4948 verborum
1583 4893 1837 4948 vocabula
1877 4908 2030 4948 coer-

473 4987 662 5040 cendis
689 4984 1056 5040 haereticorum
1079 4986 1309 5040 motibus
1332 4987 1382 5039 in
1406 4985 1528 5040 fidei
1556 4985 1867 5040 auctoritate
1893 4986 2028 5040 nuda

479 5085 762 5146 ponantur,
795 5089 913 5143 qua:
938 5083 1112 5130 tamen
1140 5079 1344 5130 ratione
1365 5089 1432 5129 ex
1457 5078 1828 5144 consequentia
1851 5091 2028 5132 rerum

477 5164 815 5221 cxistentium
858 5165 1177 5230 vestiantur;
1216 5157 1340 5219 dum
1384 5180 1571 5220 eorum
1606 5167 1804 5220 veritas
1834 5182 1897 5220 ex
1927 5168 2030 5237 q’ua

479 5257 734 5325 originem
759 5266 992 5316 sumunt.
1019 5256 1208 5311 divinis
1235 5258 1496 5313 contineri
1527 5257 1715 5313 litteris
1743 5259 2026 5323 invenitur,

481 5348 606 5412 quid
627 5347 779 5411 dicis,
814 5347 945 5401 Ari?
970 5346 1232 5400 Concedis
1271 5348 1578 5427 homousion
1611 5349 1770 5419 (sicut
1797 5339 2032 5403 Athana-

483 5436 594 5487 sius
615 5436 760 5506 dicit)
783 5438 849 5492 de
875 5437 1063 5491 divinis
1084 5436 1373 5505 Scripturis
1398 5452 1489 5506 per
1510 5440 1885 5495 convenientes
1913 5455 2033 5510 pro-

485 5525 724 5579 fessionis
750 5529 1025 5597 qualitates
1046 5525 1282 5595 probari,
1320 5541 1386 5579 an
1419 5528 1556 5580 non?

2132 4533 2279 4587 enim
2328 4532 2548 4586 ttiusion
2590 4532 2800 4599 proprie
2837 4531 2888 4584 in
2928 4531 3210 4600 Scripturis
3240 4531 3469 4600 positum
3503 4541 3690 4604 osten-

2133 4624 2296 4690 deris,
2333 4623 2606 4692 apparebit
2649 4624 2994 4678 Athanasium
3033 4624 3334 4678 temeritate
3375 4623 3690 4690 pertinacis-

2133 4716 2283 4769 sima:
2327 4714 2700 4769 obstinationis
2746 4715 2797 4769 in
2843 4713 3101 4768 homousii
3139 4713 3470 4767 confessione
3501 4713 3686 4767 hacte-

2133 4822 2232 4862 nus
2266 4807 2572 4878 perdurare,
2604 4807 2743 4875 quod
2777 4808 2993 4873 proprie
3022 4805 3248 4874 positum
3272 4804 3572 4875 nequiverit
3597 4805 3688 4860 de-

2134 4909 2450 4954 monstrare.
2482 4897 2537 4951 Si
2570 4912 2699 4951 vero
2746 4895 2897 4968 152
2927 4909 3025 4948 nec
3055 4905 3108 4949 tu
3145 4895 3260 4964 ipse
3288 4905 3396 4948 tres
3424 4896 3570 4950 asia
3597 4894 3686 4951 dc-

2134 4998 2430 5043 monstrare
2457 4987 2705 5060 valuer‘is,
2726 4987 2834 5054 pari
2865 4985 2991 5039 mihi
3021 4984 3338 5040 conditionis
3371 4984 3686 5042 necessitate

2134 5079 2426 5134 obstrictus
2446 5091 2566 5131 esse
2597 5075 2879 5129 videberis.

2206 5166 2370 5222 XXV.
2411 5167 2718 5219 Athanasius
2746 5165 2908 5216 dixit:
2939 5163 3134 5218 Doceat
3163 5171 3270 5217 tres
3305 5163 3445 5216 usias
3475 5163 3690 5230 proprie

2141 5258 2370 5327 positas,
2409 5265 2461 5308 et
2489 5255 2620 5308 facio
2646 5255 2798 5308 unius
2824 5253 3158 5318 substantim,
3180 5255 3321 5322 quod
3341 5261 3423 5306 est
3466 5253 3689 5307 homon-

2139 5349 2254 5402 sion
2270 5386 2285 5411 ,
2317 5347 2628 5398 cessionem.
2859 5355 2868 5360 ·
3365 5387 3368 5389 ,

2209 5438 2360 5490 Arius
2384 5437 2544 5489 dixit:
2577 5435 2631 5489 Si
2657 5445 2763 5488 tres
2792 5443 2935 5498 sunt,
2963 5433 3143 5501 Pater,
3174 5442 3228 5486 ct
3270 5431 3451 5495 Filius,
3487 5440 3541 5485 et
3570 5431 3678 5500 Spi-

2141 5528 2270 5581 ritus
2303 5535 2532 5582 sanctus.
2577 5524 2880 5579 necessario
2928 5532 3036 5579 tres
3066 5532 3191 5578 sunt
3235 5522 3584 5587 substantia,
3640 5527 3689 5578 in
