3842 6226
66 399 156 452 t97
721 402 725 417 κ
825 377 1096 450 comas
1136 385 1452 459 ARIANOS,
1492 390 1981 458 sanunmos,
2027 391 2204 459 ητα,
2249 390 2376 445 uo.
2419 390 2482 445 ll.

3204 396 3306 452 198

59 512 244 579 quibus
289 527 627 583 unaquaeque
659 527 880 583 persona
913 516 1197 584 separatim
1231 524 1284 570 et
1322 515 1620 569 distinctius
1649 517 1698 576 Α
1724 511 1868 568 usias
1896 511 2109 581 proprie
2142 509 2344 579 positas
2374 509 2781 566 demonstrare:
2811 519 3007 568 etcum
3038 526 3133 567 nos
3175 517 3307 569 utri-

63 607 263 673 propric
291 606 587 660 subsiStere
625 615 992 676 cognoscatur.

126 696 437 748 Athanasius
474 695 640 750 dixit:
679 697 770 751 llic
817 697 955 750 nulla
994 707 1210 765 prosunt
1269 706 1581 767 argumenta
1610 737 1625 762 ,

67 789 140 840 bic
171 787 374 842 veritas
401 802 468 842 ex
513 789 859 858 consequenti
908 788 1112 842 ratione
1142 787 1432 857 colligitur.
1457 787 1628 841 Testia

65 876 360 946 monitu-um
429 879 728 948 proprietas
781 876 1071 945 flagitatur.
1129 876 1271 946 Lege
1324 878 1629 948 specialiter

67 969 278 1023 triusion
303 971 536 1038 positum
561 1011 577 1035 ,
609 978 664 1024 et
689 970 799 1024 noli
828 971 1160 1039 conjicienda
1190 969 1402 1025 dicere:
1431 971 1486 1026 Si
1515 982 1626 1025 tres

64 1072 194 1126 sunt,
213 1061 398 1124 Pater,
433 1070 487 1115 et
517 1060 698 1126 Filius,
727 1070 781 1115 et
807 1060 1036 1129 Spiritus
1063 1071 1299 1127 sanctus,
1325 1059 1628 1115 necessario

66 1161 163 1205 tres
186 1159 308 1206 sunt
330 1161 390 1204 et
409 1149 751 1215 substantias;
781 1152 904 1220 quia
931 1160 985 1204 et
1008 1165 1108 1221 ego
1135 1151 1296 1205 simili
1319 1151 1626 1220 conjectura

67 1258 265 1310 possum
308 1243 560 1299 veracius
610 1242 855 1312 opinari:
887 1243 943 1299 Si
994 1258 1154 1296 unum
1205 1251 1332 1296 sunt
1357 1242 1542 1310 Pater,
1573 1251 1627 1298 et

66 1333 216 1388 Filius
254 1335 406 1404 (quia
438 1335 552 1402 ipse
577 1335 734 1397 dicit:
770 1334 882 1403 Ego
905 1343 958 1389 et
990 1333 1153 1389 Pater
1183 1349 1347 1388 unum
1377 1330 1583 1403 sumus)
1608 1374 1623 1397 ,

66 1426 317 1492 quomodo
348 1441 454 1480 non
477 1432 561 1480 est
599 1441 700 1480 una
733 1425 1067 1480 substantia?
1095 1425 1202 1480 Sed
1229 1425 1367 1480 banc
1391 1424 1628 1494 disputa-

67 1513 210 1567 tionis
231 1516 372 1567 viam
419 1514 622 1584 ingredi
669 1514 878 1584 penitus
905 1514 1142 1582 noluisti,
1165 1515 1292 1568 dum
1331 1529 1360 1568 a
1389 1530 1475 1569 me
1506 1528 1628 1583 spe-

67 1605 254 1657 cialiter
287 1603 521 1674 positum
577 1605 594 1674 (
618 1603 928 1659 bomonsion
977 1603 1419 1673 demonstrando)
1457 1606 1626 1676 exigis

67 1695 439 1748 testimonium.
472 1693 641 1749 Simili
664 1709 793 1763 ergo
820 1702 874 1748 et
903 1703 956 1748 tu
981 1695 1185 1748 ratione
1203 1701 1311 1748 tres
1339 1695 1477 1748 usias
1508 1689 1626 1762 spe-

70 1786 258 1840 cialiter
287 1795 340 1841 et
375 1785 588 1854 proprie
637 1785 836 1854 positas
889 1785 1026 1855 lege.
1083 1784 1141 1839 Si
1186 1785 1328 1839 enim
1358 1785 1478 1838 ideo
1526 1785 1623 1838 bo-

1731 618 1835 674 que
1859 603 1960 658 boc
1977 603 2204 658 articulo
2230 602 2546 657 solverimus
2573 643 2587 668 ,
2618 602 3004 672 objectionibus
3034 606 3118 662 vel
3139 607 3308 664 inter-

1731 694 2096 765 rogationibus
2128 696 2232 748 tuis
2260 692 2586 748 satisfaciam
2615 708 2837 750 necesse
2880 705 2982 750 est.

1802 785 1990 840 XXVI.
2035 785 2234 839 Probus
2245 786 2414 855 judex
2434 784 2599 838 dixit:
2623 784 2888 850 Quantum
2915 795 3106 842 vestra:
3123 787 3303 856 dispu-

1731 877 1944 931 tationis
1976 876 2201 931 intentio
2250 883 2545 940 monstrat,
2593 889 2692 932 nec
2736 885 2790 930 tu
2824 878 3169 945 Homousion,
3202 894 3332 948 nec_

1729 967 1831 1022 iste
1858 967 2107 1022 Triusion
2145 965 2297 1037 1&3
2321 966 2534 1036 prOprie
2557 974 2612 1020 et
2631 967 2930 1036 specialiter
2959 972 3186 1038 positum
3211 985 3302 1021 va-

1727 1059 1849 1113 letis
1877 1058 2182 1113 osmndere.
2219 1057 2370 1112 Unde
2397 1071 2465 1111 ne
2495 1056 2684 1125 puerili
2706 1059 3104 1114 concertatione
3133 1060 3184 1114 in
3208 1075 3300 1115 su-

1728 1149 1946 1219 perfluis
1968 1149 2126 1203 rebus
2156 1148 2357 1202 diutius
2387 1148 2743 1203 immoremini
2764 1189 2778 1214 ,
2810 1149 2878 1204 ab
2909 1149 3006 1203 bac
3030 1151 3145 1219 puri
3173 1166 3301 1206 exa-
3381 1170 3387 1177 ’

1727 1240 1906 1295 ctione
1934 1239 2238 1294 documenti
2269 1238 2480 1293 tandem
2503 1249 2727 1308 uterque
2745 1238 3004 1303 desinite;
3031 1249 3083 1294 et
3105 1255 3298 1294 conse-

1727 1330 1908 1397 quenti
1940 1330 2167 1394 ratione,
2189 1337 2280 1382 aut
2306 1327 2623 1382 bomousion
2644 1368 2658 1394 ,
2697 1336 2789 1382 aut
2815 1329 3037 1384 triusion
3067 1329 3132 1384 de
3158 1329 3301 1385 Scri-

1727 1429 2003 1489 pturarum
2044 1420 2361 1474 auctoritate
2382 1419 2636 1488 colligite.
2664 1421 2778 1488 Non
2818 1421 2958 1476 enim
2988 1420 3067 1475 fas
3095 1423 3201 1476 erit
3232 1423 3301 1478 dc

1728 1514 1958 1568 nominis
1984 1513 2340 1582 appellatione
2371 1512 2646 1577 dubitare,
2680 1524 2836 1580 quam
2869 1515 3292 1569 testimoniorum

1725 1605 1942 1674 c0piosa
1963 1606 2236 1673 congestio
2263 1605 2463 1658 lirmius
2491 1605 2688 1673 poterit
2715 1605 2987 1660 roborare.

1796 1697 1950 1751 Arius
1978 1697 2139 1749 dixit:
2172 1696 2430 1763 Quoniam
2473 1696 2576 1750 boc
2607 1705 2692 1768 tua
2732 1696 2970 1752 decrevit
2992 1700 3250 1755 sententia
3277 1743 3291 1766 ,

1726 1787 1925 1843 debere
1953 1801 2049 1841 nos
2080 1789 2340 1842 rationum
2389 1786 2826 1854 persuasionibus
2856 1796 2910 1842 et
2952 1803 3131 1843 rerum
3164 1805 3295 1844 con-

70 1876 291 1929 mousion
309 1890 516 1945 negare
545 1875 736 1942 debeo,
767 1876 888 1944 quia
935 1877 1034 1929 hoc
1057 1876 1313 1943 scriptum
1345 1874 1484 1928 nude
1511 1890 1618 1934 non
1652 1880 1697 1939 Β
1722 1881 2056 1949 sequentium
2090 1879 2267 1932 causis
2288 1919 2303 1944 ,
2351 1876 2725 1946 praedictorum
2772 1878 3046 1933 nominum
3073 1880 3296 1934 virtutes

72 1968 278 2023 ostendo
301 2009 316 2034 ,
369 1968 677 2023 necessario
707 1967 930 2022 triusion
964 1957 1088 2021 tunc
1139 1967 1288 2022 fate’ri
1338 1967 1508 2021 debeo
1531 2007 1547 2034 ,
1578 1966 1624 2021 si

73 2060 264 2127 proprie
290 2060 517 2128 positum
547 2068 596 2112 te
619 2058 1020 2112 demonstrante
1051 2071 1375 2126 cognovero.

131 2150 274 2203 Arius
301 2149 464 2202 dixit:
493 2148 750 2204 Subsistit
772 2147 984 2216 proprie
1014 2147 1172 2214 Pater
1190 2187 1204 2210 ,
1238 2160 1303 2199 an
1336 2147 1481 2199 non?

133 2242 433 2295 Athanasius
473 2240 640 2294 dixit:
666 2239 776 2295 Nisi
805 2239 937 2293 mihi
966 2247 1073 2293 tres
1098 2238 1242 2293 usias
1284 2238 1496 2307 proprie
1527 2250 1618 2306 po-

78 2333 189 2386 sitas
213 2333 425 2402 legeris,
450 2332 653 2386 nullum
687 2331 790 2386 tuis
817 2329 1325 2399 interrogationibus
1355 2329 1492 2381 dabo
1530 2343 1616 2382 re-

81 2430 334 2491 sponsum.
356 2424 484 2491 Quis
500 2423 644 2478 enim
676 2437 779 2476 non
809 2421 985 2475 videat
1013 2435 1119 2490 quo
1152 2428 1241 2477 tua
1272 2418 1447 2473 tendat
1473 2417 1620 2486 obje-

79 2516 200 2568 ctio?
241 2515 327 2569 V'is
373 2516 516 2570 enim
580 2522 892 2584 argumento
939 2511 1144 2566 callidae
1191 2509 1621 2578 interrogationis

79 2611 293 2664 diversas
340 2609 638 2678 approbare
678 2606 847 2661 Patris
882 2615 935 2660 et
981 2603 1102 2658 Filii
1135 2603 1492 2666 substantias;
1523 2600 1616 2654 sed

83 2699 378 2766 argumentis
409 2699 496 2753 bic
538 2712 641 2752 non
679 2706 760 2752 est
798 2709 951 2764 opus,
981 2694 1070 2750 ubi
1100 2691 1464 2747 manifestiore
1494 2704 1616 2759 pro-

84 2791 293 2857 prietatis
338 2789 676 2853 testimonio,
723 2788 875 2842 trium
923 2785 1338 2840 substantiarum
1391 2783 1622 2852 exigitur

85 2881 452 2937 documentum.
485 2881 590 2937 Sed
613 2881 656 2934 si
684 2895 711 2933 a
741 2878 1069 2966 proprietate
1100 2871 1525 2966 testimoniorum
1550 2873 1617 2927 ad

87 2988 236 3028 rerum
261 2971 692 3042 consequentiam
721 2965 955 3025 transire
981 2967 1285 3034 desideras,
1322 2966 1422 3019 hoc
1445 2965 1617 3033 ipsum

87 3063 282 3130 publica:
309 3062 650 3118 conscientiae
678 3060 995 3123 innotescat,
1031 3073 1132 3112 uon
1166 3066 1219 3111 te
1249 3056 1483 3124 potuisse
1516 3065 1620 3110 tres

1730 1972 2014 2042 colligere;
2047 1985 2114 2026 ne
2143 1970 2195 2026 id
2228 1969 2521 2025 Athanasio
2559 1969 2838 2034 videatur,
2869 1969 3183 2026 difficultate
3203 1972 3294 2026 de-

1731 2063 2090 2116 monstrandae
2116 2060 2357 2116 veritatis
2387 2059 2515 2114 nudi
2555 2074 2642 2113 me
2675 2060 2914 2115 vocabuli
2950 2062 3292 2131 proprietatis

1729 2151 2048 2206 documenta
2102 2151 2391 2221 quaesisse,
2423 2149 2492 2203 ita
2539 2149 2726 2204 faciam
2759 2159 2816 2204 ut
2845 2151 2918 2205 tui
2960 2160 3043 2206 est
3091 2152 3294 2207 decri-ti

1726 2243 1985 2298 sententia
2025 2241 2430 2312 promulgatum.
2471 2241 2578 2310 Ego
2615 2242 2754 2296 enim
2787 2243 3104 2312 compendio
3126 2246 3294 2313 magis

1728 2331 1802 2386 uti
1834 2332 2113 2397 volebam,
2164 2346 2231 2386 ne
2282 2331 2489 2400 longius
2522 2331 2740 2385 rationis
2787 2331 3010 2387 intentio
3072 2345 3291 2402 evagata

1727 2425 1988 2500 ambiguis
2017 2425 2263 2479 sensibus
2293 2424 2568 2478 veritatem
2600 2422 2900 2495 obumbret.

1797 2514 2106 2567 Athanasius
2150 2513 2319 2566 dixit:
2361 2512 2474 2565 Non
2525 2520 2697 2577 potest
2729 2511 2858 2566 fides
2887 2513 3073 2567 venire
3113 2513 3164 2567 in
3194 2513 3292 2567 du-

1727 2603 1892 2668 bium,
1942 2619 2061 2673 qure
2106 2612 2187 2658 est
2238 2601 2477 2657 veritatis
2526 2602 2654 2656 fulta
2705 2618 2795 2669 pra
2816 2603 2972 2657 sidio.
3017 2602 3290 2660 Crassinra

1723 2698 2115 2752 mendaciorum
2154 2697 2331 2750 nubila
2371 2696 2582 2766 fulgidae
2611 2697 2876 2758 ,veritatis
2917 2699 3092 2753 lumen
3125 2700 3288 2754 dissi-

1725 2797 1832 2856 pat.
1876 2787 1990 2842 Non
2040 2788 2179 2842 enim
2233 2794 2409 2855 potest
2460 2787 2689 2855 propriis
2718 2796 2900 2842 carere
2928 2788 3160 2854 viribus,
3192 2791 3286 2859 qui

1725 2893 1827 2957 non
1862 2886 1979 2947 eget
2016 2876 2345 2932 extrinsecus
2374 2864 2744 2947 suffragiorum
2770 2876 3106 2933 adminiculis
3136 2880 3288 2950 adju-

1725 2984 1855 3022 Vﬂl’l.
2123 2998 2128 3002 ι
2487 2984 2502 2988 ⁷

113 3153 3289 3181 ———————-—,—'———_-———_—.—'_—_F——__

988 3176 1459 3322 LIBER
1533 3211 2355 3325 SECUNDUS.

147 3386 181 3440 ι,
215 3385 274 3441 Ει
312 3386 416 3439 alia
459 3384 541 3437 die
592 3380 788 3436 Probus
811 3378 978 3444 judex
1017 3376 1182 3428 dixit:
1225 3373 1486 3439 Quoniam
1519 3385 1612 3426 vos
1640 3375 1684 3437 C
1718 3376 1915 3445 saepius
1952 3377 2022 3432 de
2056 3379 2258 3432 unitate
2309 3377 2622 3432 substantia:
2650 3379 2781 3432 citra
2813 3387 2928 3433 acta
2977 3379 3288 3461 disputa_ve-

93 3477 186 3532 initi
232 3477 443 3532 ftederis
495 3483 644 3544 pacta
687 3466 1049 3526 indeclinabili
1101 3465 1366 3520 sententia
1405 3477 1623 3526 servare

93 3580 175 3620 non
202 3567 388 3633 dubito,
421 3565 609 3633 quibus
638 3559 688 3615 id
727 3558 878 3613 vobis
907 3556 1134 3611 invicem
1175 3552 1512 3607 concessisse
1539 3551 1618 3606 vi-

91 3655 276 3718 demini,
307 3665 361 3709 ut
391 3656 546 3708 unius
567 3648 876 3706 substantia:
896 3646 980 3700 vel
1013 3643 1168 3699 trium
1201 3641 1621 3697 substantiarum

95 3747 439 3812 pro-fessionem
468 3760 531 3798 ex
554 3743 854 3797 divinarum
885 3734 1262 3805 consequentia
1294 3733 1611 3797 litterarum,

93 3838 327 3893 luculento
347 3833 725 3906 disputationis
743 3829 995 3886 examine
1016 3824 1374 3895 comprobetis
1391 3840 1404 3875 :
1420 3819 1620 3877 omissa

92 3916 263 3983 scilicet
281 3929 589 3998 quastione,
619 3925 994 3978 documentum
1020 3917 1138 3988 puri
1163 3915 1429 3978 vocabuli,
1458 3921 1619 3982 atque

95 4023 274 4088 proprie
304 4021 454 4090 positi
483 4016 776 4087 exigentis;
821 4013 871 4067 id
898 4012 1006 4081 jam
1035 4023 1177 4063 nunc
1221 4005 1387 4074 ipsius
1435 4003 1618 4074 placiti

98 4110 209 4163 ratio
242 4113 400 4179 poscit
432 4121 508 4175 ut,
539 4114 726 4162 cuncta
758 4103 1002 4157 humanae
1030 4094 1506 4168 argumentationis
1531 4107 1619 4148 ca-

97 4200 328 4257 villatione
362 4185 587 4264 semota,
627 4197 695 4252 de
721 4193 886 4250 sacris
916 4192 1211 4246 divinarum
1243 4185 1618 4241 auctoritatum

108 4294 453 4355 voluminibus,
488 4290 679 4355 Patris,
709 4296 763 4341 et
792 4286 928 4350 Filii,
962 4294 1014 4338 et
1042 4282 1270 4350 Spiritus
1308 4277 1498 4340 sancti,
1531 4283 1622 4329 aut

101 4400 245 4448 unam,
265 4394 348 4439 aut
369 4385 607 4439 diversas
621 4379 856 4436 doceatis
869 4391 986 4430 esse
1002 4373 1347 4429 substantias.
1370 4371 1444 4424 Ad
1463 4383 1617 4436 quam

102 4476 163 4528 rei
191 4477 554 4542 probationem,
591 4487 695 4526 non
747 4477 950 4523 tantum
986 4467 1002 4536 (

105 4563 228 4634 144
250 4574 549 4619 cunctorum
580 4576 714 4630 pene
753 4558 1057 4613 mortalium
1101 4570 1250 4610 mens
1280 4557 1351 4607 ita
1380 4560 1464 4606 est
1493 4566 1621 4619 pen-

102 4653 198 4706 dula
221 4655 601 4724 exspectatione
630 4664 887 4719 suspensa
907 4689 921 4712 ,
953 4655 1011 4700 ut
1033 4647 1079 4701 si
1111 4645 1238 4698 tanti
1273 4643 1471 4712 negotii
1508 4655 1619 4695 me-

103 4745 178 4796 rita
205 4755 520 4813 paterentur,
551 4746 669 4799 sine
698 4743 858 4796 ullius
889 4740 992 4794 diei
1040 4735 1613 4805 comperendinatione,
1643 4737 1698 4797 Ι)

103 4836 165 4888 vel
188 4837 381 4907 alicujus
409 4836 661 4891 momenti
691 4829 1110 4899 intercapedine,
1139 4827 1204 4881 ad
1229 4839 1492 4880 summam
1528 4838 1618 4877 ve-

106 4911 259 4991 rLtatis,
279 4937 428 4998 atque
457 4927 658 4981 calcem
701 4920 1154 4978 manifestissima:
1195 4915 1425 4970 notiOnis
1476 4913 1618 4967 desi-

105 5013 224 5070 deret
248 5019 526 5086 pervenire.
560 5014 713 5070 Unde
758 5027 825 5066 ne
869 5019 976 5065 tam
1023 5007 1270 5078 religiosa
1303 5003 1535 5058 fidelium
1566 5008 1620 5056 et

108 5107 301 5164 veritatis
339 5109 525 5180 cupida
558 5107 843 5160 frustretur
872 5099 1098 5156 intentio
1121 5140 1135 5165 ,
1168 5097 1313 5153 omni
1350 5092 1616 5149 lenocinio

109 5192 342 5252 luxuriosae
362 5196 616 5252 orationis
637 5193 879 5263 exploso,
903 5191 970 5244 de
993 5203 1074 5252 re,
1095 5187 1162 5242 de
1181 5199 1360 5253 causa,
1384 5183 1450 5238 de
1473 5196 1619 5236 com-

113 5289 377 5352 petentibus,
405 5290 472 5344 de
513 5285 828 5342 necessariis
866 5277 1017 5353 .a’git-e
1065 5279 1258 5344 rebus,
1293 5291 1506 5331 omnem
1539 5274 1617 5344 (ut

79 5422 84 5426 .
112 5373 214 5440 diti)
236 5380 498 5432 verborum
538 5375 792 5430 ambitum
815 5382 868 5426 et
893 5371 1078 5440 procul
1109 5386 1137 5424 a
1177 5382 1336 5423 causa
1361 5375 1615 5433 vagantes

116 5460 377 5523 locutionum
410 5467 651 5535 phaleras
694 5465 1038 5533 leporemque
1071 5471 1380 5530 sermonum
1409 5455 1620 5509 cautius

117 5552 350 5610 evitantes:
380 5567 435 5612 ut
472 5554 845 5626 disputationis
873 5560 1065 5607 vestrae
1095 5550 1356 5612 narratio,
1403 5546 1622 5600 veritate

121 5644 398 5713 magisquam
429 5647 691 5700 cothurno
719 5641 972 5698 tumentis
1001 5641 1294 5696 adornetur
1323 5637 1547 5706 eloquii.

173 5733 219 5786 ll.
253 5740 536 5795 Athanasius
583 5739 747 5795 dixit:
788 5737 933 5793 Licet
958 5733 1273 5800 jamdudum
1323 5732 1511 5787 crebro
1555 5741 1618 5782 ac

1725 3467 1848 3529 rim,
1897 3480 2150 3536 measque
2197 3465 2587 3534 disputationes
2637 3469 2838 3536 scripto
2886 3468 3286 3537 mandaverim,

1724 3557 1918 3626 quibus
1943 3571 1972 3610 a
2003 3573 2087 3612 me
2109 3542 2165 3611 in
2200 3558 2296 3611 bac
2316 3551 2675 3627 disputatione
2696 3556 2891 3626 aliquid
2918 3558 3038 3612 addi
3062 3560 3289 3628 amplius
3321 3564 3325 3568 '

1724 3662 1827 3710 non
1861 3647 2059 3715 possit:
2092 3657 2266 3702 tamen
2295 3646 2415 3716 quia
2459 3647 2571 3712 [nec
2598 3645 2930 3702 extrinsecus
2975 3648 3118 3703 nullo
3149 3640 3288 3703 etni-

1724 3754 1825 3792 nus
1845 3737 2162 3792 adversante
2188 3739 2326 3791 dicta
2354 3744 2497 3803 sunt,
2527 3751 2748 3791 necesse
2773 3737 2941 3791 habeo
2965 3737 3078 3793 btet:
3102 3740 3288 3792 eadem

1723 3836 1986 3894 repetere,
2019 3838 2070 3881 et
2102 3827 2153 3880 in
2202 3826 2302 3882 hoc
2329 3826 2556 3897 publica:
2585 3825 2814 3881 actionis
2860 3841 3080 3881 examen
3132 3831 3290 3900 emit-

1725 3926 1859 3982 tere,
1888 3932 1991 3986 quo
2027 3915 2236 3985 possint
2268 3918 2341 3970 tui
2369 3916 2552 3985 judicii
2579 3917 2842 3970 sententia
2876 3918 3142 3972 roborari.

1793 4006 1993 4060 Probus
2013 4007 2178 4076 judex
2205 4007 2371 4061 dixit:
2408 4008 2462 4062 Si
2511 4021 2615 4060 non
2659 4005 2858 4062 fuerint
2903 4009 3012 4088 Arii
3058 4008 3289 4079 replica-

1724 4098 1955 4152 tionibus
1986 4108 2198 4153 tenuata
2219 4139 2234 4164 ,
2269 4108 2392 4153 tunc
2423 4109 2604 4152 nostra
2650 4107 2899 4169 poterunt
2932 4089 3128 4153 firmati
3162 4115 3288 4153 sen-

1723 4198 1942 4312 W331}.
1967 4259 2137 4312 dixit:
2166 4257 2360 4327 thuid
2388 4257 2467 4311 ba:
2495 4256 2756 4312 fraudium
2784 4256 3062 4312 tendiculas
3085 4272 3281 4326 propn-

1721 4350 1950 4403 nuntur?
1989 4348 2181 4417 thuid
2213 4349 2266 4401 in
2297 4348 2592 4416 patrocinio
2641 4345 2881 4400 nefanda:
2932 4347 3242 4401 assertiouis
3267 4387 3282 4410 ,

1009 4476 1066 4520 υι
1105 4464 1318 4534 opinor)
1351 4435 1490 4526 mea;
1521 4460 1618 4514 sed
1716 4438 1910 4534 judicis
1961 4437 2219 4534 sententia
2255 4435 2611 4534 pmoptaturi
2643 4437 2895 4508 Agamus,
2921 4435 3091 4534 primo
3137 4435 3278 4534 quod

1722 4531 1874 4583 nobis
1924 4528 2185 4598 agendum
2234 4528 2524 4581 necessitas
2570 4524 3001 4592 demonstrandae
3043 4525 3283 4578 veritatis

1722 4619 1963 4688 imponit.
1997 4617 2290 4672 lnculcetur
2315 4616 2546 4670 humano
2567 4615 2767 4668 auditui
2793 4614 2911 4667 fidei
2940 4623 3136 4667 nostrae
3161 4627 3286 4682 pro-

1724 4711 1903 4764 fessio.
1955 4708 2253 4778 Percipiant
2285 4706 2484 4776 judicia
2529 4695 2932 4776 quibus'modis
2979 4706 3282 4773 quibusque

1725 4803 2033 4865 rationibus,
2069 4799 2259 4869 quibus
2313 4799 2544 4872 denique
2590 4797 2923 4850 documentis
2963 4804 3145 4849 nostra
3177 4794 3284 4849 ful-

1722 4894 1890 4949 ciatur
1914 4891 2170 4946 assertio:
2201 4898 2255 4945 et
2271 4897 2400 4943 tunc
2422 4889 2636 4943 demum
2663 4885 3138 4955 promulgationem
3160 4898 3280 4938 sen-

1724 4985 1922 5052 ῐιιιιιῖἱὲ,
1947 4999 2066 5054 qua:
2093 4997 2156 5038 ex
2185 4990 2370 5036 nostro
2401 4979 2580 5047 utique
2607 4991 2934 5046 nequaquam
2967 4975 3162 5044 pendet
3189 4986 3278 5028 ar-

1723 5079 1880 5132 bitrio
1919 5077 1985 5130 de
2007 5075 2186 5143 judice
2215 5115 2229 5139 ,
2252 5067 2656 5142 postulabimu's.

1795 5168 1993 5222 Probus
2005 5167 2168 5235 judex
2187 5166 2351 5220 dixit:
2381 5160 2709 5217 Praefationis
2731 5174 2886 5225 meae,
2921 5174 3088 5229 nuper
3109 5158 3160 5213 in
3185 5156 3284 5213 hoc

1725 5260 1946 5314 actionis
1984 5256 2245 5327 principio
2277 5239 2488 5315 habitae,
2518 5261 2570 5306 et
2596 5251 2898 5319 sponsionis
2939 5258 3132 5304 vestrae
3176 5248 3283 5302 du-

1723 5353 1848 5406 dum
1899 5347 2182 5418 prazteritis
2213 5334 2376 5416 gestis
2406 5346 2638 5407 inserta},
2683 5341 2991 5397 meminisse
3036 5349 3284 5407 oportet,

1721 5442 1912 5514 quibus
1943 5441 1993 5495 id
2025 5447 2323 5509 peroratum
2361 5446 2443 5495 e~t
2463 5477 2478 5500 ,
2507 5434 2722 5488 omissis
2775 5429 3058 5500 superﬂuis
3104 5429 3167 5483 ad
3197 5445 3285 5483 ar.

1723 5549 1838 5588 cem
1868 5523 2062 5601 nego'tii
2091 5529 2288 5584 debere
2329 5525 2605 5582 descendi.
2642 5522 2792 5591 Quod
2833 5522 3038 5576 debetis
3068 5520 3284 5575 tandem

1725 5623 2011 5694 aliquando
2037 5622 2300 5676 factitare.

1796 5716 1947 5770 Arius
1977 5713 2105 5767 dixit
2128 5727 2147 5765 :
2176 5711 2366 5766 Doceat
2387 5707 2618 5773 Patrem,
2647 5713 2700 5761 et
2728 5703 3010 5768 Filium,et
3036 5700 3287 5770 Spiritqu
