3842 6226
522 347 624 403 £99

1811 350 2059 406 'VlGlLll
2098 350 2471 411 TAPSENSIS

3676 374 3763 429 ea)

520 470 759 515 sanctum
791 462 945 514 unius
975 476 1095 515 esse
1125 459 1464 515 substantiae:
1504 459 1653 530 1&5
1702 462 1857 516 unius
1904 469 2084 529 potes—
2116 467 2166 525 Α
2194 464 2361 518 nihilo
2391 483 2560 535 neque
2594 483 2658 524 ex
2691 469 2863 541 aliqua
2895 475 3231 544 praecedente
3278 489 3368 534 aut
3417 483 3765 554 subsequente

523 549 675 615 tatis,
709 553 863 606 unius
901 552 1190 621 dignitatis,
1236 551 1390 604 unius
1418 551 1624 620 gloria}.
1654 554 1809 607 unius
1842 553 2094 621 majesta-

523 639 609 703 tis,
636 640 791 694 unius
822 642 1035 696 virtutis
1083 651 1240 709 atque
1272 641 1521 706 honoris;
1552 642 1689 712 quod
1723 643 1853 696 satis
1897 645 2096 712 impro-

531 731 651 784 vida
679 740 733 786 et
755 733 914 786 nimis
955 733 1162 786 incauta
1189 733 1522 800 professione
1552 734 1689 788 solet
1713 735 1922 803 papulis
1942 735 2097 804 jacti-

525 827 658 874 tare.
1680 893 1691 898 ‘

595 911 902 963 Athanasius
931 912 1092 965 dixit:
1127 911 1400 966 Profiteris
1452 912 1642 966 Filium
1675 927 1809 967 vere
1841 913 1907 968 de
1939 915 2100 970 Patre

529 1011 731 1065 natum,
762 1016 824 1052 an
855 1002 996 1054 non?

595 1092 748 1144 Arius
779 1093 946 1144 dixit:
981 1092 1398 1158 Profiterislipse
1436 1085 1644 1166 Patiem
1677 1094 1906 1162 alicujus
1953 1095 2100 1150 deri~

530 1185 774 1248 vationis,
830 1185 910 1239 vel
961 1185 1235 1257 divisionis
1269 1185 1392 1238 vitio
1426 1185 1705 1252 subjacere
1745 1201 1847 1240 non
1898 1200 2092 1256 posse,

524 1289 588 1327 an
616 1274 756 1328 non?

595 1365 901 1418 Athanas’us
931 1366 1100 1419 dixit:
1141 1364 1307 1419 Valde
1357 1365 1633 1433 profiteor.

600 1458 751 1510 Arius
783 1457 952 1509 dixit:
992 1457 1057 1509 Et
1102 1471 1201 1525 ego
1248 1471 1462 1526 quoque
1495 1457 1748 1526 proﬁteor
1795 1457 1990 1512 Filium
2031 1474 2099 1514 ex

535 1547 691 1601 Patre
716 1557 891 1599 nutum
924 1563 1061 1601 esse.

596 1635 680 1688 lli.
727 1636 1038 1713 {ttliauasius
1068 1638 1234 1689 dixit:
1267 1637 1318 1691 ld
1368 1652 1487 1691 esse
1515 1637 1789 1692 arbitraris
1821 1647 1999 1694 natum
2032 1655 2097 1695 ex

529 1728 684 1782 Patre
713 1728 850 1796 quod
881 1737 960 1782 est
984 1729 1144 1782 etiam
1174 1737 1350 1782 natum
1380 1727 1445 1781 de
1478 1728 1675 1782 Patre?

2202 557 2445 622 materia,
2483 559 2574 611 sed
2606 573 2671 614 ex
2704 564 2884 631 seipso
2931 567 3142 635 genuit;
3200 580 3254 626 et
3287 585 3391 626 non
3421 572 3571 628 aliud
3622 591 3763 647 quam

2201 646 2341 714 quod
2372 649 2483 716 ipse
2508 658 2590 704 est
2609 654 2810 720 genuit.

2272 739 2423 793 Arius
2453 741 2582 793 dixit
2614 757 2632 795 :
2671 744 2818 798 Alius
2846 747 3007 802 alium
3039 753 3240 818 genuit.

2274 832 2582 886 Athanasius
2629 835 2806 919 dixit:
2839 837 2905 890 Et
2950 855 3045 894 nos
3100 841 3420 899 confitemur
3462 848 3589 916 quia
3644 850 3765 904 alius

2203 921 2362 975 alium
2387 926 2586 992 genuit.
2612 925 2716 980 Sed
2735 927 2863 984 side
2890 931 3089 1000 seipSo,
3116 936 3163 988 id
3195 946 3276 990 est
3301 939 3368 992 de
3397 955 3461 999 eo
3485 943 3633 1009 quod
3663 943 3763 1011 ipse

2203 1026 2302 1079 est,
2332 1018 2547 1084 genuit;
2581 1020 2703 1087 quia
2735 1021 2956 1077 alterius
2983 1025 3312 1093 substantias,
3343 1032 3424 1084 vel
3459 1032 3660 1087 diversi
3687 1052 3763 1104 ge-

2204 1110 2347 1161 neris
2369 1107 2531 1166 Fdius
2559 1125 2677 1165 esse
2709 1128 2812 1165 non
2842 1117 3038 1182 poterit
3072 1134 3084 1168 :
3115 1133 3175 1172 ac
3218 1120 3296 1174 sic
3326 1123 3484 1178 unius
3509 1126 3765 1194 ejusdem-

2203 1214 2306 1266 que
2336 1215 2454 1255 cum
2490 1203 2644 1258 Patre
2674 1207 2982 1262 substantia:
3009 1211 3128 1263 erit.

2273 1291 2424 1346 Arius
2450 1293 2578 1346 dixit
2611 1311 2630 1348 :
2661 1295 2714 1351 Si
2745 1313 2932 1354 nosses
2964 1304 3014 1355 iu
3042 1312 3266 1371 quantos
3297 1305 3535 1374 perﬁdim
3563 1326 3764 1367 errores

2204 1382 2360 1436 unius
2381 1385 2689 1442 substantia:
2717 1378 2976 1456 professio
3008 1405 3206 1464 vergat,
3236 1414 3504 1468 nunquam
3543 1406 3762 1470 profccm

2205 1475 2341 1530 inter
2373 1476 2580 1532 Patrem
2618 1490 2672 1534 et
2706 1481 2893 1536 Filium
2928 1486 3084 1554 hujus
3112 1491 3342 1546 nominis
3397 1495 3606 1552 {icere‘s
3634 1517 3763 1555 nien-

2205 1571 2424 1636 tionem,
2457 1587 2555 1626 nec
2596 1574 3009 1643 disputationem
3044 1589 3206 1648 tuam,
3242 1587 3562 1653 quibusdam
3617 1593 3762 1648 inter-

2203 1664 2531 1730 rogationum
2561 1667 2806 1733 gradibus
2844 1671 3094 1736 incisam,
3129 1676 3217 1727 tali
3249 1683 3608 1736 conclusisses
3649 1691 3764 1740 arti-

2202 1757 2345 1820 culo,
2375 1768 2428 1835 ut
2474 1759 2537 1812 ad
2584 1759 2721 1814 hunc
2747 1777 2862 1816 eam
2898 1765 3071 1835 impiae
3105 1768 3449 1836 professionis
3480 1775 3760 1835 deduceres

595 1817 747 1869 Arius
800 1818 928 1869 dixit
959 1816 1207 1872 :‘Sufftcit
1263 1817 1351 1871 tibi
1381 1817 1519 1886 quod
1549 1833 1613 1901 ex
1666 1818 1825 1874 Patre
1868 1820 2096 1876 dixerim
2133 1827 2176 1884 Β
2209 1816 2388 1901 θηρῶ,

523 1917 704 1962 natum
756 1925 767 1960 :
815 1908 954 1975 quod
1017 1908 1175 1962 etiam
1228 1908 1476 1962 facillime
1523 1897 1776 1976 scriptum
1849 1911 2098 1967 ostendo.

522 1999 658 2065 Quid
707 1998 909 2053 callidis
955 1999 1122 2052 uteris
1150 1997 1525 2066 argumentis?
1564 1999 1827 2053 Caaterum
1881 2000 1949 2055 de
1998 2002 2097 2055 Pa-

525 2099 604 2143 tre
641 2098 818 2143 natum
869 2103 1125 2158 nusquam
1181 2089 1308 2141 mihi
1348 2088 1559 2141 interim
1591 2087 1654 2141 ad
1699 2104 1935 2157 praesens
1967 2092 2102 2146 scri-

524 2190 667 2248 ptum
717 2194 996 2235 occurrere
1063 2181 1251 2249 potuit.
1308 2180 1391 2253 En
1438 2180 1592 2235 Patre
1639 2195 1768 2236 vero
1838 2185 2094 2250 scriptum

521 2285 640 2326 esse
667 2273 868 2336 recolo,
891 2271 1092 2324 Joanne
1123 2271 1363 2340 apos:olo
1389 2271 1600 2326 dicente
1627 2289 1639 2323 :
1674 2271 1773 2338 Qui
1800 2273 1967 2344 diligit
1991 2274 2098 2328 Pa-

527 2372 674 2425 trem,
707 2363 874 2432 diligit
896 2379 1007 2415 eum
1028 2363 1112 2429 qui
1142 2373 1289 2415 natus
1332 2371 1406 2415 est
1437 2378 1498 2415 ea:
1520 2378 1598 2416 eo.

591 2452 897 2504 Athanasius
928 2451 1058 2504 dixit
1085 2467 1100 2502 :
1137 2451 1276 2520 Ergo
1305 2450 1437 2503 nihil
1459 2450 1719 2507 interesse
1747 2460 1898 2521 putas
1919 2462 2095 2508 utrum

519 2556 586 2596 ex
613 2542 751 2610 ipso,
775 2542 858 2596 vel
882 2542 949 2596 de
971 2542 1085 2609 ipso
1115 2551 1268 2594 natus
1287 2542 1536 2595 dicatur?

591 2635 743 2688 Arius
763 2635 891 2689 dixit
923 2651 941 2688 :
962 2633 1017 2690 Si
1047 2634 1175 2688 mihi
1208 2634 1573 2689 demonstrare
1613 2633 1840 2689 valueris
1883 2636 2096 2704 proprie

522 2724 781 2792 positum;
812 2725 1002 2777 Filium
1021 2725 1087 2779 de
1112 2723 1266 2778 Patre
1293 2732 1494 2790 natum,
1521 2733 1644 2778 tunc
1689 2726 1813 2795 quid
1859 2726 1981 2781 inde
2003 2726 2097 2781 de-

523 2816 674 2869 beam
725 2816 923 2869 sentire
970 2814 1262 2868 testimabo.
1315 2814 1510 2892 Verum
1551 2817 1670 2884 quia
1719 2818 1770 2871 in
1830 2818 2097 2887 plerisque

518 2907 903 2974 exemplaribus
929 2906 1076 2961 varie
1123 2906 1350 2974 positum
1382 2920 1501 2960 esse
1551 2923 1658 2961 non
1684 2910 1888 2975 nescio,
1913 2919 1970 2964 ut
2000 2911 2094 2964 iis-

518 2993 636 3046 dem
669 2991 800 3064 locis
831 2993 1020 3063 quibus
1049 3010 1110 3046 ea;
1160 2995 1271 3064 ipso
1311 2994 1522 3062 legitur,
1554 2996 1607 3048 in
1660 2995 1778 3049 aliis
1825 2999 2098 3053 codicibus

518 3085 582 3138 de
643 3084 751 3152 ipso
806 3084 1047 3151 legatur;
1103 3084 1193 3138 sed
1253 3088 1428 3138 utrum
1495 3086 1594 3138 hoc
1662 3086 2096 3156 interpolantium

517 3173 722 3239 fraude,
756 3188 819 3226 an
845 3174 1000 3228 unius
1027 3173 1106 3244 rei
1154 3172 1638 3245 significatione(id
1664 3185 1746 3242 est
1791 3185 1848 3230 ut
1891 3178 1992 3231 hoc
2021 3181 2092 3233 sit
2119 3193 2164 3252 ρ

516 3284 576 3321 ex
606 3269 716 3335 ipso
736 3309 748 3331 ,
775 3266 914 3338 quod
945 3278 1026 3322 est
1049 3269 1206 3322 etiam
1237 3269 1299 3321 de
1320 3267 1451 3338 ipso)
1479 3269 1669 3323 factum
1694 3271 1759 3323 sit
1785 3317 1797 3337 ,
1826 3287 1932 3326 non
1965 3275 2090 3327 satis

516 3358 617 3414 hoc
642 3371 836 3412 "08”".(3
867 3358 985 3412 lldei
1017 3359 1228 3428 aliquod
1278 3368 1451 3428 potest
1493 3360 1682 3415 afferre
1710 3364 2092 3430 prtejudicium.

593 3449 903 3501 Athanasius
925 3448 1053 3500 dixit
1081 3464 1098 3502 :
1128 3448 1183 3502 In
1207 3448 1306 3502 hac
1347 3458 1431 3502 tua
1467 3451 1832 3516 prosecutioue
1851 3452 2089 3520 diligenti

531 3539 814 3594 admodum
839 3549 983 3592 certa
999 3554 1061 3592 ex
1085 3539 1318 3608 apposita
1343 3540 1549 3596 ratione
1570 3541 1794 3595 adverti.
1819 3544 1921 3597 Sed
1946 3547 2090 3613 quod

530 3639 733 3685 tantum
761 3639 955 3685 nostra:
993 3631 1214 3699 dixeris,
1244 3640 1298 3686 et
1336 3648 1440 3686 non
1469 3641 1820 3704 utrorumque
1843 3636 2091 3706 designa-

518 3721 659 3792 veris
676 3722 792 3777 fidei
816 3738 920 3777 non
941 3738 1094 3792 posse
1115 3724 1480 3794 prmjudicium
1505 3725 1571 3779 in!
1588 3725 1671 3780 his
1694 3726 1868 3780 verbis
1887 3727 2091 3795 aderri,

518 3813 648 3866 satis
675 3814 896 3867 miratus
925 3831 1071 3879 sum;
1097 3824 1148 3869 et
1169 3816 1396 3869 arbitror
1424 3816 1566 3885 quod
1598 3819 1755 3881 iidem
1799 3828 1940 3872 tuam
1980 3835 2094 3874 mu.

518 3903 634 3958 nire
689 3903 947 3957 festinans
969 3903 1047 3956 ita
1102 3906 1472 3972 preposueris;
1502 3919 1723 3975 sperans
1765 3923 1848 3963 me
1895 3901 2092 3964 exinde

517 3994 703 4047 leviter
755 3992 871 4046 sine
920 3994 1096 4062 aliquo
1149 3994 1468 4049 documento
1517 4011 1672 4064 posse
1727 3998 1975 4052 tranSire.
2035 3998 2089 4052 lu

516 4082 805 4150 Evangelio
831 4097 1038 4152 quoque
1055 4083 1120 4137 de
1145 4083 1299 4138 Patre
1348 4084 1513 4138 Filius
1541 4084 1665 4139 dicit
1702 4103 1713 4138 :
1743 4087 1969 4152 Spiritus
2018 4097 2091 4141 est

515 4171 652 4224 Deus
681 4173 855 4241 (Joan.
881 4188 950 4237 tv,
973 4171 1088 4242 24).
1123 4173 1188 4226 Et
1235 4182 1294 4226 ut
1323 4189 1382 4228 se
1424 4170 1491 4228 de
1521 4174 1676 4228 Patre
1699 4184 1879 4228 natum
1911 4186 2093 4230 osten-

515 4265 688 4327 deret,
710 4263 784 4315 ait
813 4279 827 4315 :
863 4261 1009 4326 Quod
1028 4274 1203 4316 natum
1232 4264 1389 4317 estde
1412 4279 1583 4331 carne,
1614 4280 1735 4316 caro
1764 4275 1856 4326 est,
1886 4276 1930 4318 et
1952 4282 2088 4333 quoa

515 4347 689 4408 natum
745 4366 816 4408 est
863 4356 924 4408 de
954 4355 1168 4426 Spiritu,
1200 4357 1409 4422 spiritus
1462 4366 1533 4411 est
1592 4355 1769 4427 (Joan.
1803 4359 1964 4427 ttt,6).
2002 4359 2082 4420 Et,

517 4445 626 4515 Ego
656 4449 717 4498 de
754 4436 858 4499 Deo
897 4444 1054 4498 Patre
1086 4447 1214 4498 exivi
1237 4445 1412 4512 (Joan.
1446 4461 1555 4513 xvr,
1587 4446 1703 4516 27).
1733 4447 1867 4500 Ecce
1894 4447 2084 4500 Filium

513 4537 580 4590 de
608 4534 761 4588 Patre
786 4545 988 4608 natum,
1020 4536 1137 4604 ipso
1172 4536 1300 4609 Filio
1330 4537 1558 4600 dicente,
1592 4536 1821 4590 ostendi.

588 4624 742 4695 146
771 4625 855 4678 ιν.
887 4625 1035 4678 Arius
1064 4627 1191 4678 dixit
1221 4643 1238 4678 :
1270 4628 1426 4686 Satis,
1453 4627 1656 4680 callidis
1687 4636 1738 4681 et
1769 4629 2084 4695 suspiciosis
2111 4653 2126 4664 -

515 4716 678 4766 uteris
703 4715 1173 4782 disputationibus,
1201 4730 1304 4784 quo
1335 4715 1482 4770 dicas
1503 4715 1642 4785 quod
1692 4717 1756 4768 ad
1807 4716 1928 4770 lidei
1958 4732 2088 4771 mea:

515 4805 862 4859 munitionem
917 4804 1017 4859 hec
1060 4805 1316 4867 dixerim,
1366 4807 1459 4860 sed
1492 4818 1550 4860 ut
1583 4807 1649 4860 de
1695 4807 1938 4861 sensibus
1987 4810 2090 4863 tuis

513 4886 686 4949 omnis
718 4898 1032 4962 suspicionis
1063 4897 1378 4966 ambiguitas
1424 4897 1729 4961 auferatur;
1764 4905 1820 4949 ut
1847 4899 2086 4966 superius

515 4988 685 5042 fassus
718 5004 862 5053 sum,
896 4999 1239 5056 utrorumque
1286 4987 1426 5053 lidei,
1461 4990 1572 5042 sive
1605 5004 1668 5041 ea;
1713 4989 1848 5057 ipso,
1878 4988 1991 5042 sive
2022 4992 2084 5042 de

515 5082 622 5146 ipso
653 5091 808 5139 natus
851 5080 1082 5144 dicatur,
1113 5081 1314 5134 nullum
1349 5088 1522 5149 potest
1568 5079 1779 5150 penitus
1809 5079 1861 5132 in
1904 5079 2082 5149 aliquo

515 5170 701 5223 inferre
726 5169 1108 5238 pratjudicium.

582 5265 889 5322 Athanasius
912 5265 1037 5316 dixit
1061 5279 1077 5315 :
1098 5264 1368 5317 Generaus
1396 5265 1546 5318 Pater
1572 5279 1638 5318 ex
1661 5265 1836 5331 seipse
1864 5262 2074 5328 Filium,

515 5355 611 5408 hoc
642 5358 820 5422 genuit
844 5357 980 5424 quod
1007 5366 1088 5408 est
1111 5356 1241 5423 ipse,
1271 5373 1333 5408 an
1365 5358 1505 5410 aliud
1534 5357 1776 5426 aliquid?

584 5447 728 5497 Arius
758 5447 880 5497 dixit
916 5463 932 5498 :
968 5449 1076 5499 lloi:
1103 5451 1281 5514 utique
1310 5449 1448 5514 quod
1472 5449 1585 5516 ipse
1610 5457 1690 5503 cst
1711 5448 1913 5517 genuit,
1957 5447 2075 5515 quia

516 5537 651 5588 licus
673 5543 848 5604 gerunt
889 5538 1074 5601 Deum,
1108 5541 1192 5592 Iuv
1228 5541 1394 5592 lucem
1434 5542 1630 5608 genuit,
1666 5541 1933 5609 perfectus
1959 5556 2077 5610 per-

513 5627 704 5682 iei-tum
753 5630 948 5696 genuit,
985 5633 1318 5698 omnipotens
1349 5635 1768 5699 oumipotentem
1805 5636 1999 5700 genuit.

581 5719 885 5770 Athanasius
912 5722 1036 5774 dixit
1067 5767 1078 5775 .
1118 5724 1251 5791 Evgo
1284 5740 1385 5780 non
1417 5726 1767 5791 extrinsecus,
1799 5741 1966 5789 neque
2001 5740 2066 5778 ex

2278 1940 2588 1995 Athanasius
2627 1944 2751 1998 dixit
2781 1962 2799 1999 .°
2829 1945 3088 2027 Quodsit
3133 1953 3348 2022 impium
3399 1967 3558 2027 atque
3610 1961 3731 2014 sacri

2207 2031 2381 2104 legum
2437 2033 2675 2089 diversas
2730 2037 2900 2093 Patris
2949 2025 3004 2094 et
3052 2041 3191 2109 Filii,
3225 2051 3278 2098 et
3331 2025 3566 2114 Spiritus
3608 2052 3756 2104 sancti

2203 2125 2520 2201 substantias
2555 2128 2823 2194 proliteri;
2853 2141 2905 2184 et
2931 2131 3068 2200 quod
3102 2133 3241 2196 pium
3266 2136 3336 2188 sit
3366 2152 3430 2191 ac
3470 2139 3752 2208 religiosum

2204 2217 2358 2271 unius
2381 2231 2475 2272 eos
2505 2220 2813 2274 substantiae
2866 2222 3108 2286 credere,
3153 2227 3291 2279 scias
3339 2241 3444 2293 me,
3479 2231 3589 2293 Ari,
3623 2233 3755 2299 igno-

2205 2324 2324 2363 rare
2357 2325 2459 2362 non
2479 2324 2664 2374 posse;
2697 2320 2750 2364 et
2781 2310 2882 2366 hoc
2912 2328 3015 2368 non
3071 2315 3299 2370 humana
3331 2321 3585 2387 Opinione
3609 2325 3753 2376 colle-

2204 2410 2365 2463 c1um,
2387 2387 2480 2456 net:
2504 2401 2823 2469 conjecturis
2836 2412 2992 2472 atque
3014 2410 3338 2474 argumentis
3368 2410 3752 2472 inventuttt,sed

2204 2492 2708 2546 ccelestisdoctriuae
2747 2495 3050 2563 magisterio
3083 2500 3332 2554 traditum
3371 2503 3748 2559 demonstrabo.

2275 2580 2336 2633 Υ.
2369 2580 2752 2655 Probusjudea:
2773 2586 2895 2638 dixit
2921 2603 2939 2639 :
2973 2588 3122 2642 Prius
3153 2593 3280 2644 mihi
3311 2593 3413 2646 vim
3443 2595 3751 2663 qtluiitutcm-

2202 2687 2304 2742 que
2358 2678 2624 2729 sermonis
2679 2676 2916 2746 assigna;
2950 2689 3003 2732 et
3038 2689 3162 2734 tunc
3189 2682 3401 2736 demum
3436 2689 3625 2754 poterit
3675 2689 3751 2742 dc-

2203 2767 2489 2820 monstrari
2524 2776 2696 2822 utrum
2730 2769 2870 2823 Patri
2918 2770 3154 2837 Filio;,ue
3182 2781 3488 2833 conveniat.

2275 2860 2581 2914 Athanasius
2634 2861 2761 2916 dixit
2792 2877 2811 2917 :
2839 2863 3146 2919 Substantia
3191 2870 3406 2937 quidem
3438 2872 3637 2929 duobus
3664 2889 3746 2944 ap-

2202 2952 2543 3019 pellationum
2594 2953 2880 3019 generibus
2927 2957 3273 3035 distinguitur
3300 2978 3313 3015 :
3345 2973 3398 3016 et
3445 2974 3525 3017 est
3553 2967 3746 3034 quidem

2201 3043 2357 3096 unius
2386 3044 2595 3112 generis
2622 3043 2865 3113 qualitas,
2921 3046 3036 3102 haec
3089 3066 3204 3118 qua:
3234 3052 3512 3108 esistenlis
3563 3067 3746 3110 natura:

2200 3137 2490 3187 essentiam
2525 3136 2735 3190 indicet.
2770 3137 2923 3190 Aliud
2955 3153 3084 3194 vero
3121 3151 3202 3194 est
3240 3147 3550 3202 substantiae
3573 3165 3742 3218 genus,

2198 3241 2302 3293 quo
2330 3225 2414 3282 ille
2443 3228 2527 3296 qui
2563 3229 2711 3299 147
2751 3227 2994 3284 habetab
3031 3231 3112 3286 his
3139 3243 3254 3302 qua:
3282 3235 3442 3291 habet
3468 3242 3741 3294 dirimatur.

2198 3319 2262 3373 Et.
2289 3331 2343 3373 ut
2373 3321 2576 3396 planius
2608 3323 2695 3375 tiat
2732 3324 2870 3391 quod
2910 3324 3029 3379 dico
3076 3329 3426 3385 manifestiori
3457 3345 3577 3388 utor
3598 3349 3742 3403 espo-

2195 3414 2589 3467 sitioue.\'erbi
2643 3420 2809 3485 gratia
2843 3435 2854 3467 :
2891 3416 3061 3471 Homo
3088 3420 3300 3488 generis
3349 3426 3429 3477 sui
3451 3440 3514 3479 ac
3561 3439 3740 3481 natura:

2195 3505 2488 3558 substantia
2516 3516 2618 3560 est.
2651 3507 2854 3562 Rursus
2883 3507 3072 3578 siquid
3113 3509 3237 3565 illud
3279 3527 3361 3568 est
3400 3518 3540 3582 quod
3565 3523 3740 3570 ριετίηο

2171 3611 2370 3664 σεθευε,
2405 3599 2456 3652 id
2487 3609 2588 3664 est,
2620 3602 2670 3652 in
2697 3602 2918 3669 materia
2959 3604 3072 3656 auri
3099 3604 3179 3658 vel
3209 3609 3414 3673 argenti
3438 3612 3740 3674 aliarquue

2195 3690 2493 3755 specierum
2536 3689 2803 3759 possidet,
2835 3693 3126 3774 spbstantia
3152 3697 3264 3762 ejus
3291 3699 3503 3753 dieitur.
3556 3702 3612 3754 Et
3635 3713 3735 3752 cum

2195 3779 2431 3846 ejusdem
2458 3785 2701 3838 vocabuli
2731 3799 2831 3839 una
2855 3785 3093 3840 videatur
3113 3789 3562 3855 appellatio,duas
3585 3805 3736 3846 tamen

2196 3887 2283 3927 res
2321 3862 2620 3941 significare
2664 3876 2888 3930 videtur.
2925 3876 3027 3931 Sed
3066 3872 3163 3932 nos
3204 3880 3270 3934 de
3317 3881 3407 3935 illo
3452 3884 3734 3938 substantia:

2193 3957 2388 4036 genere
2450 3967 2778 4034 disputamus
2850 3982 2955 4036 quo
3017 3984 3346 4047 unaquaeque
3422 3985 3605 4027 natura
3675 3972 3733 4023 ob

2196 4059 2247 4112 id
2300 4058 2438 4126 quod
2470 4067 2552 4112 est
2587 4061 2663 4112 vel
2724 4059 3006 4127 subsistit,
3059 4063 3352 4115 substantia
3404 4072 3730 4132 nuncupatur.

2197 4151 2261 4203 Et
2315 4151 2567 4218 quidquid
2619 4164 2682 4203 ex
2722 4164 2860 4215 sese,
2894 4151 2944 4204 id
2986 4151 3164 4205 estde
3195 4155 3369 4219 scipsa
3409 4155 3606 4223 genuit,
3644 4168 3729 4206 non

2194 4244 2334 4295 aliud
2383 4257 2500 4297 esse
2553 4250 2720 4310 potest
2751 4256 2906 4310 quam
2945 4241 2998 4296 id
3045 4243 3181 4310 quod
3223 4245 3337 4310 ipsa
3382 4256 3483 4299 est.
3531 4247 3732 4312 Denique

2195 4335 2354 4389 homo
2402 4346 2551 4401 pater
2605 4348 2865 4402 generant;
2910 4335 3110 4397 lilium,
3161 4337 3238 4387 sui
3302 4339 3534 4404 generis,
3579 4337 3623 4390 id
3665 4343 3729 4387 est

2192 4444 2300 4484 sua:
2316 4429 2635 4490 substantiae,
2652 4426 2916 4506 hominem
2929 4436 3166 4495 generat,
3182 4430 3301 4495 quia
3319 4428 3481 4481 homo
3499 4431 3658 4482 henin
3677 4439 3729 4475 -m

2114 4544 2164 4603 ι)
2191 4532 2425 4593 generat;
2451 4529 2504 4574 et
2527 4528 2669 4573 recte
2693 4518 2846 4571 unius
2872 4517 3181 4570 substantia:
3197 4533 3316 4572 esse
3339 4520 3609 4594 dicuntur,
3629 4519 3726 4587 quia

2194 4615 2389 4668 veritas
2435 4609 2722 4664 nativitatis
2775 4605 3183 4685 substantiatum
3236 4608 3488 4662 niv.rsita
3516 4626 3592 4662 ein
3643 4620 3725 4658 non

2196 4705 2400 4774 recipit.
2458 4701 2743 4754 Diversitas
2782 4711 2958 4754 autem
2990 4707 3072 4756 est
3123 4699 3456 4764 substantiae,
3490 4711 3545 4754 ut
3572 4713 3724 4752 exeni-

2198 4798 2266 4867 pli
2298 4796 2461 4865 gratia
2513 4793 2760 4856 dixerim,
2787 4795 2829 4846 si
2863 4794 3020 4847 homo
3044 4786 3298 4862 pecudem
3349 4793 3549 4861 gignat,
3581 4788 3649 4843 vel
3688 4785 3727 4836 si

2191 4888 2474 4956 cujuslibet
2503 4887 2714 4954 generis
2753 4898 2909 4952 pecus
2949 4884 3170 4938 alterius
3198 4898 3225 4936 a
3255 4899 3312 4938 se
3356 4885 3567 4953 generis
3594 4894 3720 4950 pecu-

2187 4980 2306 5034 dem
2348 4987 2566 5049 generet
2603 4995 2616 5041 ;
2651 4975 2700 5030 id
2723 4988 2822 5042 est,
2857 4976 2900 5029 si
2947 4975 3041 5028 bos
3069 4980 3288 5044 géneret
3333 4976 3562 5038 asinum,
3592 4971 3658 5024 vel
3684 4967 3718 5019 si

2184 5072 2299 5127 ovis
2344 5073 2520 5141 gignat
2566 5084 2802 5138 capram.
2847 5068 2972 5135 Quae
3011 5066 3258 5135 quoniam
3310 5068 3360 5120 in
3394 5067 3714 5121 diversitatem

2192 5164 2401 5232 generis
2423 5162 2613 5233 pergit,
2647 5171 2978 5214 monstruosa
3007 5159 3277 5230 generatio
3305 5160 3430 5221 erit,
3465 5174 3570 5212 sua:
3594 5163 3715 5208 ustu-

2191 5273 2262 5312 m
2291 5257 2661 5326 preprietatem
2689 5235 2906 5308 minime
2927 5267 3164 5307 servans.
3198 5251 3423 5310 Rursum
3454 5255 3505 5306 in
3533 5251 3717 5305 elemen-

2189 5361 2360 5405 torum
2405 5349 2769 5419 qualitatibus,
2824 5360 2941 5415 qua:
2989 5347 3062 5399 sit
3115 5344 3531 5398 substantiarum
3569 5339 3713 5393 diver-

2187 5444 2315 5494 sitas
2367 5440 2450 5494 vel
2506 5438 2823 5508 proprietas,
2863 5447 3038 5503 operaa
3071 5434 3298 5504 pretium
3325 5442 3405 5486 est
3454 5432 3712 5486 advertere.

2188 5533 2345 5588 Verbi
2385 5532 2553 5602 gratia
2587 5549 2598 5583 :
2635 5527 3062 5596 Uniuscujusque
3108 5526 3240 5593 ignis
3273 5522 3358 5577 vel
3408 5520 3610 5576 luminis
3642 5527 3712 5567 n.1-

2185 5635 2316 5688 tura,
2349 5625 2397 5678 id
2439 5637 2500 5677 ex
2529 5637 2585 5676 se
2613 5618 2752 5688 quod
2785 5619 2894 5696 ipsa
2943 5626 3026 5670 est
3073 5613 3370 5671 ministrare
3423 5610 3713 5696 videturwt

2181 5725 2265 5777 ius
2296 5720 2573 5788 fulgurant,
2596 5715 2817 5786 uLignis
2849 5692 3166 5767 incendium.
3202 5709 3260 5761 Et
3287 5708 3335 5759 iu
3359 5706 3458 5759 hoc
3487 5698 3628 5780 officii
3649 5704 3708 5746 sul
