3842 6226
90 333 181 389 ξω

913 330 1180 388 CONTRA
1219 330 1530 395 ARIANOS,
1573 323 2054 388 SABELLIANOS.
2099 326 2272 390 ETC.,
2317 325 2423 379 UB
2486 323 2545 378 il.

3223 325 3323 378 203

89 443 1667 518 generesubsistens,substantia:sumintemeratamvidetur
1694 453 1740 503 Α
1771 442 1933 496 idest
1960 458 2023 496 cx
2068 441 2357 494 substantia
2407 454 2501 492 sua
2537 437 2728 490 Filium
2774 449 3029 501 generare
3087 449 3189 489 non
3236 453 3325 501 po-

91 555 318 594 servare
369 551 630 591 naturam.
662 537 755 589 Siti
786 527 960 589 autem
991 537 1073 590 ius
1109 553 1174 589 ex
1214 550 1271 588 se
1309 535 1555 588 tenebras
1582 534 1658 602 gi-

90 640 236 696 gnat,
271 627 558 681 mutationi
587 626 815 679 obnoxia
846 629 969 692 erit,
1019 627 1238 679 alterius
1279 641 1308 678 a
1354 639 1412 678 se
1453 625 1662 691 generis

94 721 380 774 materiam
411 720 677 780 tribuens;
704 719 822 785 quia
849 719 900 770 in
928 719 1026 772 hoc
1074 717 1506 772 itnn'iutabilitatis
1553 730 1662 768 sum

97 811 360 863 illibatam
403 808 593 876 poterit
635 822 848 862 servare
895 810 1262 874 substantiam,
1293 808 1336 861 si
1383 808 1482 860 hoc
1521 803 1661 873 quod

97 901 203 967 ipsa
232 908 343 965 est,
397 898 666 953 ministret
708 914 771 952 es
801 913 936 952 sese.
983 901 1242 954 thernm
1281 897 1347 962 si,
1381 896 1581 978 utdixi.
1612 895 1661 947 id

97 990 236 1059 quod
265 1005 339 1043 ex
367 1004 427 1044 se
469 989 652 1044 tribuit
674 989 817 1043 aliud
843 989 944 1043 erit
968 1005 1122 1057 quam
1150 990 1262 1058 ipsa
1300 1003 1418 1057 quae
1455 985 1661 1052 tribuit,

100 1091 222 1132 tunc
249 1081 477 1134 alterius
518 1080 827 1135 substantiie
876 1080 978 1134 dici
1027 1079 1406 1149 poterit;quod
1447 1076 1664 1131 omnino

102 1178 413 1223 naturarum
440 1169 672 1222 omnium
711 1169 956 1238 qualitas,
989 1169 1070 1224 vel
1101 1169 1253 1234 ordo,
1284 1170 1366 1222 vel
1396 1168 1531 1222 ratio
1553 1177 1664 1220 non

100 1258 352 1312 admittit.
383 1259 494 1327 Age
520 1274 676 1323 nunc,
700 1259 803 1327 iam
836 1260 880 1312 si
904 1259 1128 1321 videtur,
1157 1273 1184 1312 a
1206 1257 1432 1312 terrenis
1459 1271 1522 1312 ac
1542 1255 1664 1310 visi-

101 1347 291 1404 bilibus
338 1351 392 1403 in
417 1353 690 1422 superiora
731 1353 923 1404 mentis
957 1350 1169 1404 oculum
1202 1351 1486 1418 erigamus,
1515 1357 1568 1401 et
1600 1362 1666 1402 ex

103 1438 180 1491 his
227 1453 356 1507 qua
407 1439 548 1493 facta
601 1447 743 1500 sunt,
800 1437 1008 1492 infectae
1069 1437 1279 1491 virtutis
1315 1436 1666 1494 substantiam

100 1540 526 1596 cognoscamus,
582 1527 886 1595 apostolica;
937 1526 1277 1580 auctoritatis
1326 1524 1498 1578 edocti
1552 1539 1664 1576 ma-

100 1617 359 1684 gisterio,
427 1631 534 1684 quo
589 1615 719 1670 dicit
777 1614 1098 1668 invisibilem
1163 1613 1318 1684 148
1366 1613 1666 1667 Divinitatis

103 1706 352 1759 virtutem
418 1721 483 1760 es
533 1705 614 1759 bis
676 1721 796 1775 qua:
857 1706 991 1760 facta
1039 1713 1163 1758 sunt
1196 1705 1390 1758 debere
1437 1699 1664 1771 intelligi

1763 531 1947 585 tuisse.
1986 532 2095 598 Ego
2131 533 2271 585 enim
2305 532 2354 584 id
2383 539 2587 592 astruo,
2613 529 2662 582 id
2694 528 2987 580 clarissima
3016 528 3163 579 vocis
3208 543 3327 593 pro-

1763 619 1990 672 fessione
2029 635 2299 683 asset-ero,
2328 622 2467 688 quod
2498 622 2634 673 sicut
2676 619 2818 672 Deus
2865 617 3227 683 impossibilia,
3256 619 3326 670 ita

1762 721 1817 762 et
1844 709 2176 777 omnipotens
2218 719 2316 762 est.
2351 708 2524 762 Credo
2548 709 2618 762 de
2642 722 2737 762 sua
2762 709 2993 775 potuisse
3032 706 3328 759 substantia

1761 813 2036 866 generare,
2065 813 2161 852 nec
2191 806 2366 850 tamen
2415 798 2636 862 alicujus
2676 798 2937 864 passionis
2974 797 3102 849 vitio
3146 795 3328 862 subje-

1763 897 1904 942 ctum
1943 886 2126 942 luisse.
2160 887 2419 953 Quoniam
2451 886 2660 950 divisio,
2691 887 2979 949 derivatio,
3007 887 3326 950 contractio,

1762 981 2016 1046 secessio,
2051 980 2244 1042 ﬂuxus,
2268 981 2349 1033 vel
2379 977 2426 1032 si
2469 989 2572 1046 qua
2612 977 2910 1045 huiusmodi
2954 993 3076 1033 esse
3106 990 3329 1048 possunt

1763 1083 1957 1136 genera
1980 1068 2305 1135 passionum,
2323 1067 2594 1137 corporeis
2614 1077 2665 1122 et
2687 1069 3156 1122 contrectabilibus
3171 1080 3329 1137 atque

1764 1174 1829 1212 ex
1885 1159 2191 1213 diversitate
2235 1158 2550 1227 compositis
2598 1157 2919 1212 conveniunt
2969 1160 3144 1212 rebus.
3193 1159 3331 1213 Deus

1765 1262 1912 1315 vero,
1935 1248 2022 1316 qui
2039 1230 2202 1303 nullis
2221 1250 2496 1316 corporeis
2517 1247 2847 1303 schematum
2878 1248 3330 1303 circumscribitur

1765 1339 1952 1407 signis,
1981 1355 2079 1392 nec
2109 1339 2369 1406 aliquibus
2396 1339 2738 1408 distinguitur
2780 1338 3138 1392 membrorum
3169 1339 3331 1392 linea-

1768 1433 1977 1497 mentis,
2009 1432 2133 1485 vitio
2152 1432 2428 1501 subjacere
2459 1447 2563 1485 non
2591 1440 2766 1500 potest
2789 1432 3071 1500 passionis.
3100 1433 3162 1486 Et
3190 1445 3332 1486 recte

1767 1522 1818 1574 in
1848 1536 1914 1575 eo
1938 1524 2335 1587 generationem
2392 1523 2665 1590 proﬁteor,
2696 1524 2814 1590 quia
2845 1527 3026 1592 genuit
3052 1542 3065 1577 :
3091 1534 3148 1580 et
3188 1540 3333 1578 recte

1767 1612 2162 1681 impassibiliter
2215 1614 2560 1670 nihilominus
2583 1615 2858 1680 conﬁteor,
2887 1617 3010 1686 quia
3070 1619 3334 1686 passibilis

1767 1717 2035 1771 nunquam
2058 1702 2176 1756 fuit.

105 1795 290 1863 (Rom.
316 1811 354 1861 ι,
403 1795 538 1864 20).
580 1795 718 1850 Dicit
763 1808 892 1865 ergo
942 1794 1130 1858 Arius,
1194 1789 1384 1848 Filium
1433 1809 1499 1848 ex
1561 1792 1663 1846 Pa-
1695 1782 1742 1842 Β
1841 1792 1946 1847 \‘ll.
1973 1793 2126 1846 Arius
2167 1793 2500 1849 disiuNum
2531 1795 2690 1864 igitur
2717 1797 2838 1863 quia
2868 1796 2919 1850 in
2948 1796 3057 1851 Deo
3084 1799 3331 1866 omnipo-

103 1893 178 1936 tre
223 1895 409 1938 natum
465 1899 626 1950 esse,
672 1895 728 1940 et
775 1885 937 1938 Deum
986 1883 1149 1938 Deum
1193 1883 1456 1953 genuisse,
1492 1883 1668 1938 locem

105 1973 290 2028 lucem.
327 1975 386 2029 in
415 1989 518 2043 qua
562 1974 888 2044 professione
919 1989 1079 2028 unum
1122 1974 1227 2029 erit
1251 1988 1283 2027 e
1310 1973 1514 2028 duobus
1549 1976 1670 2040 p'ro-

102 2063 352 2118 culdubio
381 2065 738 2119 retinendum.
769 2065 876 2120 Aut
919 2064 1061 2120 enim
1081 2079 1146 2119 ex
1176 2066 1355 2134 seipso
1384 2079 1665 2135 generans,

105 2152 152 2206 id
179 2153 319 2221 quod
353 2155 470 2223 ipse
507 2161 590 2208 est
614 2155 816 2223 genuit,
840 2164 894 2209 et
922 2156 991 2208 ob
1037 2158 1137 2209 hoc
1180 2155 1345 2209 Filius
1368 2170 1488 2210 cum
1510 2154 1668 2210 Patre

107 2245 252 2298 unius
296 2246 613 2300 substantia:
636 2248 758 2300 erit.
790 2247 892 2298 Aut
920 2247 965 2299 si
998 2246 1218 2302 alterius
1253 2261 1285 2301 a
1341 2260 1401 2302 se
1457 2247 1668 2316 generis

107 2334 264 2389 Deum
293 2336 500 2404 genuit,
527 2351 651 2391 vera
699 2337 947 2390 nativitas
997 2337 1100 2390 dici
1144 2353 1248 2390 non
1302 2337 1518 2405 poterit,
1546 2351 1665 2404 quin

110 2427 480 2494 proprietatem
510 2425 819 2480 substantia:
843 2426 1054 2494 generis
1083 2441 1296 2481 servare
1325 2441 1430 2480 non
1461 2427 1629 2496 potuit
1653 2443 1667 2480 :

108 2523 157 2568 et
181 2529 246 2570 eo
283 2516 668 2585 disputationis
715 2518 852 2571 ratio
898 2516 1196 2581 deducitur,
1227 2527 1283 2570 ut
1322 2527 1415 2571 aut
1451 2517 1670 2572 omnino

113 2615 253 2660 natus
277 2620 387 2659 non
436 2607 530 2670 sit,
575 2615 666 2660 aut
718 2605 1070 2676 degeneratus
1094 2606 1181 2661 sit.
1208 2606 1360 2672 Quod
1390 2610 1670 2676 utrumque

111 2694 252 2750 lateri
274 2697 565 2751 absurdum
592 2706 647 2752 et
684 2699 902 2767 impium
927 2712 1047 2753 esse
1087 2699 1374 2754 videbitur.

179 2785 254 2837 Vl.
293 2783 496 2838 Probus
525 2786 693 2855 judex
740 2786 872 2840 dixit
911 2787 1011 2841 :Si
1039 2788 1164 2855 quid
1213 2787 1312 2841 sibi
1341 2797 1525 2843 contra
1557 2788 1669 2844 inec

116 2874 254 2928 Arios
275 2885 584 2944 competere
609 2876 774 2941 novit,
803 2877 1018 2933 edicere
1049 2893 1152 2932 non
1177 2887 1432 2933 moretur.

175 2967 318 3019 An'as
339 2967 470 3020 dixit
494 2983 514 3021 :
537 2966 802 3035 Simplicis
827 2983 889 3022 ac
907 2969 1247 3022 immutabilis
1269 2979 1471 3024 natura;
1501 2971 1667 3026 Deum

118 3067 240 3119 esse,
273 3070 375 3109 non
399 3070 523 3110 reor
549 3057 891 3113 Athanasium
918 3057 1182 3128 ignorare.
1211 3059 1310 3127 Qui
1343 3059 1410 3126 si,
1441 3068 1498 3116 ut
1526 3061 1666 3116 idem

121 3144 341 3212 asseruit,
369 3146 438 3201 de
485 3160 580 3200 sua
611 3147 905 3202 substantia
934 3119 1225 3218 generavit,
1249 3151 1513 3205 mutabilis
1542 3166 1666 3220 pro-
1693 3119 1738 3182 Ο

117 3234 343 3290 culdubio
379 3238 501 3290 erit.
548 3235 776 3293 Necesse
814 3248 896 3294 est
936 3240 1102 3304 enim,
1125 3255 1190 3293 ex
1220 3255 1338 3295 sese
1365 3240 1504 3310 quod
1550 3242 1666 3308 ipse

123 3332 190 3378 est
225 3328 544 3393 generando,
569 3340 660 3382 aut
707 3340 911 3397 partem
955 3330 1265 3384 substantiae
1308 3345 1401 3400 per
1453 3330 1666 3385 deriva-

121 3414 258 3468 tionis
281 3420 678 3485 gsncrationem
711 3420 1141 3488 perdidisse,aut
1168 3420 1440 3475 divisionis
1482 3421 1666 3483 vitium

123 3511 300 3572 perpeti
346 3510 604 3577 potuisse.
661 3511 770 3578 Ego
796 3510 939 3566 enim
972 3511 1064 3565 Dei
1089 3511 1262 3565 Patris
1288 3512 1664 3577 substantiam,

123 3609 270 3663 neque
310 3613 374 3650 es
422 3612 543 3652 sese
575 3599 781 3669 aliquid
823 3600 1074 3665 edidisse,
1119 3614 1286 3670 neque
1339 3603 1390 3654 in
1439 3603 1665 3671 partium

125 3686 375 3750 qualitates
425 3687 716 3743 derivatam
773 3689 954 3756 fuisse,
1002 3706 1172 3759 neque
1221 3691 1536 3748 accessionis
1576 3704 1669 3748 aut

136 3775 488 3843 detractionis,
532 3780 612 3834 vel
659 3781 855 3849 aliquid
901 3781 1232 3847 huiusmodi,
1262 3782 1398 3850 quod
1446 3783 1512 3837 sit
1543 3799 1665 3852 pas-

123 3868 238 3922 tioni
266 3871 557 3926 obnoxium
580 3874 816 3929 sensisse
839 3915 854 3940 ,
896 3874 982 3928 vel
1026 3874 1223 3929 sentire
1270 3874 1502 3943 potuisse
1534 3888 1666 3928 con-

129 3955 281 4012 ﬁteor.

183 4049 474 4104 Athanasius
519 4052 651 4105 dixit
676 4040 699 4104 ':
723 4051 839 4106 Sed
880 4068 1052 4121 neque
1107 4067 1203 4106 nos
1251 4054 1333 4107 liis
1364 4055 1670 4122 passionum

127 4139 490 4195 conditionibus
517 4142 749 4196 divinam
778 4144 1043 4196 credimus
1090 4143 1364 4210 subjacere
1393 4154 1663 4208 naturain;

127 4233 205 4284 sed
227 4235 273 4286 in
302 4235 378 4289 liis
413 4235 792 4304 impassibilem
825 4236 1058 4298 Patrem,
1091 4236 1482 4303 impassibiliter
1509 4253 1574 4290 ex
1602 4251 1663 4291 se

129 4321 242 4388 ipso,
259 4325 305 4378 id
319 4327 475 4380 estde
491 4341 556 4381 eo
572 4329 712 4395 quod
730 4327 842 4395 ipse
857 4336 960 4392 est,
979 4326 1166 4380 Filium
1188 4327 1434 4395 genuisse
1446 4327 1669 4382 fideliter

130 4411 437 4469 conﬁtemur.
469 4415 577 4468 Nec
605 4431 702 4468 nos
729 4415 1044 4468 divisionum
1076 4416 1161 4468 vel
1190 4416 1571 4470 derivationem
1602 4433 1665 4472 ac

134 4503 346 4569 partium,
366 4516 786 4573 cunctarumque
835 4521 1013 4558 rermn
1048 4506 1307 4573 passionis
1331 4521 1524 4574 genera
1551 4522 1669 4575 quae

133 4591 252 4644 inani
280 4596 642 4650 sollicitudinis
687 4596 880 4648 timore
916 4607 1064 4648 actus
1115 4597 1348 4665 objicere
1375 4597 1605 4661 voluisti,
1635 4612 1665 4651 a

131 4678 446 4743 ιιτυῐεδείοηίσ
496 4684 722 4737 veritate
775 4684 1097 4747 deﬂectunt;
1127 4694 1201 4737 ut
1231 4699 1478 4753 negemus
1504 4685 1667 4738 Deum

131 4784 182 4819 ex
209 4774 370 4840 seipso
397 4775 468 4826 ob
497 4774 596 4828 hoc
625 4790 880 4844 generare
912 4791 1016 4829 non
1048 4777 1300 4842 potuisse,
1335 4791 1400 4830 ne
1430 4776 1667 4830 videatur

133 4856 200 4909 liis
235 4864 568 4928 passionibus
618 4864 914 4931 subjacere.
966 4865 1099 4930 Quid
1139 4865 1294 4930 igitur
1337 4866 1660 4932 religiosius,

133 4949 293 5010 quidve
319 4956 554 5008 sanctius
603 4968 666 5009 ac
713 4955 982 5007 Dianitati
1013 4954 1388 5023 congruentius
1414 4955 1664 5024 (obsecio

134 5049 274 5099 vetuo
311 5041 626 5111 auditores.)
661 5043 846 5110 judicii
877 5059 1026 5110 aequa
1077 5048 1224 5098 lance
1278 5055 1517 5112 pensate.
1546 5045 1666 5098 Eri-

135 5127 221 5190 ελσε
263 5134 442 5186 tuentis
491 5132 708 5196 oculos,
750 5143 802 5184 et
849 5135 1135 5186 terrificum
1194 5135 1351 5188 futuri
1403 5136 1662 5190 examinis

135 5219 249 5273 diem
293 5235 602 5290 metuentes,
646 5225 769 5292 quid
799 5227 964 5294 magis
1011 5227 1287 5280 catholica:
1336 5236 1495 5295 atque
1525 5241 1656 5295 apo-

135 5310 298 5365 stolicx
323 5327 574 5384 congruat
602 5316 832 5379 veritati,
859 5316 1106 5383 religiosa
1138 5316 1332 5370 mentis
1365 5317 1661 5371 intentione

141 5395 266 5467 149
291 5405 594 5474 perspicite;
629 5417 801 5459 utrum
850 5404 998 5460 fateri
1046 5406 1459 5473 omnipotentem
1497 5406 1662 5461 Deum

141 5484 489 5554 ἰιυριιεδὶὺὶιίιετ
531 5511 597 5550 ex
634 5498 809 5564 seipso
853 5496 1048 5550 Filium
1097 5509 1403 5562 generasse.
1435 5509 1503 5548 an
1534 5496 1662 5550 illud

143 5579 278 5638 potius
287 5586 504 5652 opinari,
528 5604 593 5639 tte
608 5588 864 5654 pas~iouis
881 5590 1007 5644 vitio
1031 5587 1328 5659 subiaceret
1340 5625 1354 5653 ,
1377 5603 1442 5642 ex
1458 5587 1655 5658 scipSOi

376 5676 638 5738 ΡΑτιιοι..
687 5677 872 5740 LXII.

1769 1885 1936 1938 tentia
1973 1884 2225 1952 denegari
2265 1900 2370 1939 non
2419 1895 2613 1954 potest,
2646 1886 2842 1940 idcirco
2867 1902 2929 1940 ea
2968 1903 3089 1941 eum
3131 1891 3332 1956 perpeti

1772 1990 1876 2029 nim
1897 1989 2057 2042 posse
2083 1974 2352 2032 fatendum
2380 1985 2480 2042 est,
2505 1991 2623 2044 qua:
2643 1977 2862 2029 omnino
2885 1976 3185 2041 incorrupta
3217 1978 3334 2045 ejus

1769 2064 2064 2122 divinitatis
2092 2067 2385 2122 substantia
2411 2083 2516 2121 non
2549 2069 2755 2134 recipit.
2801 2066 2952 2121 Unde
2995 2067 3149 2121 valde
3177 2068 3333 2122 inbo—

1770 2165 1978 2210 nestum
2003 2159 2059 2211 ’et
2085 2156 2216 2209 satis
2256 2155 2528 2223 impietate
2571 2155 2782 2223 plenum
2822 2154 3107 2219 videbitur,
3141 2165 3196 2208 ut
3237 2169 3332 2223 per

1769 2249 1927 2301 unius
1953 2245 2343 2314 professionem
2383 2246 2715 2322 substantia,
2750 2259 2849 2300 nec
2879 2245 3088 2299 Patrem
3122 2247 3334 2313 pr0prie

1770 2337 2084 2400 subsistere,
2117 2349 2213 2390 nec
2244 2337 2433 2390 Filium
2465 2337 2516 2390 in
2544 2351 2638 2390 sua
2669 2338 2994 2405 proprietate
3031 2346 3182 2391 stare
3218 2349 3333 2391 cre-

1773 2425 1981 2480 damus.
2006 2425 2132 2479 illuc
2163 2426 2302 2478 enim
2330 2426 2567 2494 perfidia:
2590 2425 2704 2494 eius
2734 2426 2905 2494 pergit
2933 2425 3176 2489 intentio,
3209 2441 3331 2496 per-

1759 2514 1977 2580 mistis,
2008 2525 2062 2570 et
2091 2515 2142 2569 in
2181 2516 2338 2569 unius
2365 2514 2444 2569 rei
2485 2516 2848 2583 coagulatioue
2873 2530 2939 2570 es
2979 2516 3204 2570 diversis
3223 2518 3333 2570 col-

1770 2607 1921 2663 lectis
1942 2616 2101 2675 atque
2138 2606 2372 2660 confusis
2396 2605 2569 2659 Patris
2595 2615 2647 2659 et
2679 2604 2795 2659 Filii
2824 2606 3086 2673 personis,
3127 2606 3330 2671 insua,

1770 2707 1829 2752 ut
1852 2697 1982 2762 dixi,
2011 2696 2352 2766 proprietatis
2389 2697 2757 2766 singula-ritate
2787 2695 3007 2751 minime
3032 2695 3333 2751 subsistere

1769 2787 1998 2841 valeant.
2026 2785 2160 2840 illud
2177 2787 2337 2840 etiam
2367 2786 2526 2839 nimis
2553 2786 2900 2849 horrendum,
2923 2795 2976 2840 et
3000 2786 3184 2855 procul
3213 2801 3242 2840 a
3269 2787 3334 2839 Ii-

1768 2875 1964 2930 delium
1993 2876 2261 2930 mentibus
2290 2875 2696 2941 removendum,
2736 2875 2790 2929 in
2839 2876 2938 2929 bac
2987 2888 3092 2931 tua:
3131 2876 3333 2946 profes-

1770 2966 1937 3021 sionis
1967 2967 2182 3035 perﬁdia
2217 2967 2538 3031 continetur,
2586 2966 2951 3020 inviolabilem
2990 2966 3224 3032 Patrem,
3263 2969 3331 3023 de

1771 3072 1863 3113 sua
1885 3059 2176 3114 substantia
2215 3058 2520 3128 generando
2558 3058 2917 3126 corruptionis
2954 3072 3017 3113 ac
3046 3059 3321 3116 divisioiiis

1772 3150 1957 3206 vitium
1985 3151 2252 3205 declinare
2278 3151 2500 3204 minime
2526 3149 2786 3218 potuisse.

1840 3240 2150 3293 Athanasius
2172 3240 2302 3294 dixit
2325 3255 2344 3293 :
2374 3238 2608 3293 Veritate
2631 3239 2821 3291 divinae
2841 3240 3222 3306 generationis,
3248 3257 3334 3294 ve-

1767 3331 1846 3386 lut
1872 3330 2022 3383 nodis
2065 3328 2435 3382 insolubilibus
2462 3328 2662 3382 auctius
2690 3328 2974 3396 obligatus,
3013 3345 3105 3397 per
3146 3334 3326 3384 nescio

1767 3439 1886 3494 qua
1914 3422 2156 3478 nefanda:
2189 3421 2498 3477 intentionis
2545 3421 2840 3482 molimina,
2870 3421 3061 3489 quibus
3098 3421 3330 3498 divinant

1767 3523 1970 3568 certum
1997 3523 2076 3567 εει
2098 3524 2282 3566 carere
2311 3519 2574 3575 naturam,
2597 3508 2853 3564 evadendi
2878 3509 3160 3580 sutiugium
3186 3528 3332 3580 qute-

1767 3606 1956 3667 ritans,
1991 3601 2387 3669 corruptionem
2421 3601 2745 3668 incorrupto,
2793 3602 3095 3667 passionem
3126 3603 3321 3668 impas-

1766 3691 1938 3759 sibili,
1960 3692 2322 3760 impotentiam
2353 3690 2543 3758 ubjicis
2579 3691 2932 3758 omnipotenti
2967 3708 2980 3744 :
3006 3700 3060 3745 et
3089 3692 3188 3748 hoc
3216 3708 3334 3748 cre-

1769 3783 1867 3836 bro
1910 3796 1973 3836 ac
2016 3782 2210 3850 sapius
2255 3790 2504 3848 repetens
2546 3779 2687 3833 nulla
2729 3788 2780 3834 te
2805 3779 2998 3832 divinat
3039 3779 3332 3847 majestatis

1767 3873 2062 3926 reverentia
2090 3885 2118 3924 tt
2142 3881 2248 3924 tam
2279 3870 2520 3924 nefandis
2536 3869 2929 3938 oiijectionibus
2963 3871 3116 3940 150
3142 3885 3329 3926 arcere

1766 3964 2043 4031 (quantum
2067 3962 2242 4031 video)
2259 3971 2432 4030 potest
2452 3978 2467 4023 ;
2485 3963 2576 4014 sed
2600 3962 2715 4015 sine
2739 3961 2849 4013 ullo
2876 3961 3090 4028 pudoris
3114 3961 3329 4028 intuitu,

1767 4053 1817 4106 in
1848 4051 2095 4120 iniuriam
2118 4051 2431 4104 veneranda:
2448 4045 2573 4105 Filii
2603 4051 2896 4107 nativitatis
2928 4050 3116 4103 obvius
3140 4062 3332 4119 prope-

1765 4155 1884 4195 rare
1906 4140 2201 4194 contendis.
2221 4139 2324 4193 Sed
2348 4150 2397 4195 te
2417 4139 2724 4194 effrenatius
2744 4145 3084 4208 evagantem,
3107 4150 3160 4194 et
3185 4143 3333 4196 velut

1765 4231 1952 4285 undosi
1976 4231 2202 4300 aequoris
2221 4230 2448 4300 gurgite,
2474 4230 2698 4284 naturali
2719 4231 2946 4298 quadam
2970 4232 3181 4286 licentia
3211 4233 3334 4288 ﬁtti-

1766 4330 1986 4382 tantem,
2034 4321 2228 4373 divina:
2262 4319 2597 4374 auctoritatis
2643 4320 2945 4375 testimonia
2984 4325 3329 4388 coercebunt,

1769 4411 1969 4464 etintra
1995 4422 2166 4464 certos
2192 4410 2383 4464 lelDZB
2407 4409 2748 4476 professionis
2772 4409 2965 4464 limites
2980 4422 3329 4480 coarctatum,

1775 4503 2019 4571 legalium
2046 4502 2477 4554 constitutionqu
2506 4511 2672 4555 metas
2692 4502 2868 4569 egredi
2903 4518 3004 4556 non
3025 4503 3223 4557 sinent.
3251 4505 3333 4561 ln-

1773 4592 1944 4644 culcat
1984 4591 2141 4660 igitur
2172 4591 2419 4642 humanis
2447 4591 2714 4653 sensibus,
2742 4606 2896 4644 sacro
2929 4593 3017 4646 ilio
3046 4593 3329 4660 profes~io-

1776 4683 1855 4735 nis
1900 4695 2008 4734 sua:
2038 4680 2254 4734 oraculo
2299 4679 2477 4732 divina
2511 4681 2780 4746 majestas,
2810 4698 2914 4749 quo
2953 4697 3012 4736 se
3046 4683 3234 4737 Filium
3265 4685 3334 4739 de

1772 4771 1995 4824 occultis
2025 4771 2333 4825 substantiae
2353 4787 2464 4825 sua:
2489 4774 2698 4826 arcanis
2721 4772 3059 4829 ineﬁ‘ubiliter
3086 4777 3334 4845 genuisse

1775 4870 1995 4917 testatur
2020 4878 2069 4917 et
2111 4865 2276 4916 dicit:
2329 4861 2410 4917 Ex
2438 4873 2580 4916 utero
2626 4876 2741 4918 ante
2778 4865 3072 4934 Luciferum
3099 4869 3250 4936 genui
3285 4878 3334 4920 te

1772 4955 1939 5023 (Psal.
1971 4969 2074 5013 eis.
2096 4957 2172 5022 5).
2207 4954 2377 5007 Unum
2410 4967 2490 5008 est
2527 4972 2653 5024 ergo
2683 4957 2734 5010 in
2765 4960 2863 5011 hac
2902 4959 3095 5013 divina:
3123 4959 3328 5028 profes-

1771 5046 1936 5099 sionis
1968 5038 2366 5098 contestatione
2414 5047 2772 5101 retinendum.
2825 5052 2928 5102 Aut
2951 5049 3091 5104 enim
3120 5049 3191 5104 de
3235 5063 3331 5106 sua

1769 5137 2018 5190 iucﬁ‘abili
2046 5137 2338 5189 substantia
2371 5135 2563 5191 Filium
2607 5138 3085 5209 incorruptibiliter
3121 5141 3331 5207 genuit,

1768 5238 1857 5281 aut
1905 5245 1970 5280 ne
1999 5239 2436 5293 corrumperetur
2468 5230 2685 5282 omnino
2714 5247 2816 5284 non
2860 5232 3060 5298 genuit.
3097 5229 3201 5284 Sed
3231 5245 3333 5298 ego

1770 5319 1903 5370 hanc
1934 5319 2155 5385 integra:
2183 5317 2305 5371 ﬁdei
2337 5329 2542 5386 partem
2567 5321 2728 5387 eligo,
2753 5336 2870 5388 qua:
2889 5320 3186 5388 religiosius
3203 5337 3331 5375 con-

1769 5407 1980 5462 testanti
2009 5407 2076 5462 de
2105 5423 2163 5461 se
2193 5407 2302 5462 Deo
2334 5408 2521 5462 suadet
2553 5408 2910 5471 famulandum
2940 5425 2954 5462 :
2988 5423 3087 5464 nec
3117 5424 3202 5475 me
3225 5412 3330 5464 ulla

1769 5497 2008 5551 humana:
2039 5497 2300 5566 passionis
2329 5498 2626 5563 obstacula,
2659 5514 2722 5553 ex
2748 5498 3082 5552 inﬁdelitatis
3109 5500 3330 5556 sacrile-

1761 5588 1849 5655 gio
1873 5587 2247 5645 descendentia
2270 5588 2533 5645 ullatenus
2556 5598 2801 5659 poterunt
2831 5603 3106 5654 revocare,
3131 5600 3192 5645 ut
3217 5606 3326 5665 ine-

3016 5678 3056 5742 7
