3856 6222
545 255 644 311 205

1836 261 2058 317 t'totLtt
2099 261 2466 320 TAI‘SENSIS
3441 331 3447 341 ι
3671 269 3754 322 stu

495 432 500 438 _
541 376 644 429 ritO
674 389 778 428 non
825 374 1033 428 credam
1076 374 1241 430 Deum
1285 385 1542 443 generare
1595 374 1849 443 potuisse,
1898 390 1964 429 ne
1997 377 2096 429 liu-
2132 378 2179 437 Α
2209 385 2458 437 utrumne
2499 390 2615 444 ego,
2664 378 2752 446 qui
2793 378 2860 431 ob
2886 377 2984 432 ltoc
3037 380 3191 433 unius
3234 380 3548 433 substantia:
3586 380 3753 432 Fdium

544 479 715 517 mana:
753 464 1145 518 consuetudinis
1176 469 1321 518 more
1342 465 1666 530 corruptioni
1703 467 1933 535 pO'uerit
1969 466 2098 520 sub-

538 550 746 621 jaeere;
785 569 905 607 cum
941 553 1040 606 hoc
1070 552 1194 606 mibi
1234 556 1364 606 satis
1390 567 1508 606 esse
1532 567 1635 606 non
1663 554 1898 611 dubitem
1939 555 2096 624 profi-

540 645 778 705 tendum,
805 643 870 697 de
909 642 995 695 Dei
1026 643 1314 695 substantia
1348 653 1527 696 natum
1550 657 1668 700 esse
1699 661 1854 712 quem
1887 655 2096 700 coiistat

441 804 443 806 η
539 735 608 788 de
639 733 805 787 Patris
835 743 984 787 utero
1011 737 1360 801 processisse.

613 822 742 877 VIII.
767 825 917 877 Arius
954 824 1082 877 dixit
1122 839 1141 878 :
1171 826 1432 892 Quantum
1467 837 1568 879 tua:
1601 825 1986 893 prosecutionis
2017 825 2093 877 in-

539 914 702 967 tentio
748 922 1026 978 monstrat,
1073 915 1423 981 cornpOsitum
1470 915 1622 967 nobis
1666 923 1719 968 et
1765 915 2090 984 corruptiOni

535 1002 820 1056 obnoxium
875 1003 954 1057 vis
1003 1004 1340 1060 introducere
1391 1006 1576 1068 Deum,
1619 1005 1896 1072 quietiam
1945 1007 1994 1059 in
2025 1021 2092 1060 eo

535 1091 864 1160 corporalem
897 1092 1033 1146 uteri
1056 1092 1463 1160 appellationem
1491 1092 1732 1160 accipere
1753 1108 1855 1147 non
1879 1095 2089 1148 metuis.

535 1182 762 1238 Necesse
781 1199 910 1252 ergo
927 1187 1032 1237 erit
1056 1194 1111 1239 ut
1152 1194 1240 1237 aut
1270 1184 1521 1238 membris
1539 1183 1865 1253 compositus
1903 1186 1996 1251 sit,
2045 1186 2091 1239 si

535 1284 739 1326 uterum
764 1275 952 1337 liabet;
985 1284 1070 1326 aut
1099 1272 1425 1339 corruptioni
1458 1273 1539 1343 (ut
1567 1273 1704 1342 disi)
1732 1274 2014 1339 obnoxius,
2045 1279 2088 1330 si

534 1364 598 1417 de
625 1365 915 1417 substantia
943 1378 1034 1416 sua
1060 1363 1348 1432 genetavit.

604 1456 910 1506 Athanasius
932 1454 1102 1507 dixit:
1135 1456 1298 1510 flecte
1343 1472 1427 1511 me
1458 1457 1508 1510 id
1547 1448 1786 1512 sensisse
1815 1473 2085 1528 argueres,

530 1543 575 1597 si
595 1559 692 1611 ego
712 1542 878 1596 Deum
905 1552 1109 1598 uterum
1140 1543 1359 1612 habere,
1380 1548 1588 1614 propria
1614 1548 1926 1602 temeritatis
1953 1562 2088 1616 pra:-

531 1636 852 1702 sumptione,
893 1638 1010 1690 sin’e
1040 1635 1148 1690 ullo
1192 1637 1391 1691 divina:
1419 1640 1552 1708 legis
1601 1641 1908 1694 testimonio
1943 1639 2082 1695 affir-

2197 482 2316 522 cum
2347 468 2500 523 Patre
2529 483 2647 523 esse
2690 473 2962 538 profiteor,
2992 471 3131 540 quod
3159 471 3406 526 videlicet
3441 485 3510 526 ex
3547 470 3683 535 ipso,
3712 485 3755 523 et

2197 573 2303 612 non
2327 559 2537 613 aliunde
2563 558 2888 628 dignoscitur
2915 568 3103 612 natus:
3137 568 3191 614 et
3209 561 3278 613 ob
3304 559 3407 613 hoc
3439 574 3655 612 rursum
3687 559 3752 610 in-

2195 647 2607 714 corruptibiliter
2621 649 2864 716 genuisse
2888 649 3156 716 profiteor,
3179 650 3298 717 quia
3318 649 3752 702 excellent‘ssima

2194 735 2386 794 divinae
2417 735 2704 803 tnajestatis
2725 736 3014 790 substantia
3043 751 3135 805 per
3155 736 3235 790 sui
3260 736 3587 792 itteﬂabitem
3616 736 3753 808 153

2197 823 2480 891 potentiam
2514 824 2841 893 corruptiOui
2874 824 3149 893 subjacere
3189 839 3292 878 non
3331 835 3527 892 potest.
3559 827 3641 882 An
3669 828 3754 880 isse

2193 914 2278 979 qui
2306 913 2358 968 in
2390 899 2534 965 tanto
2577 913 2821 980 ancipitis
2863 913 3233 983 intelligentia
3264 914 3584 970 discrimine
3629 917 3757 982 posi-

2195 1010 2278 1058 tus
2301 1012 2401 1066 est,
2437 1011 2493 1056 ut
2513 1019 2618 1073 quo
2643 1005 2764 1059 fidei
2791 1021 2900 1061 sua:
2926 1005 3110 1076 pedem
3135 993 3298 1076 ponat
3321 990 3549 1084 nesciat.
3571 1006 3754 1061 Nolcos

2193 1093 2332 1147 enim
2363 1091 2604 1162 confiteri
2635 1095 2801 1149 Deum
2832 1097 2900 1150 de
2933 1111 3028 1150 sua
3055 1097 3350 1151 substantia
3383 1093 3756 1167 incorruptibi-

2193 1182 2315 1240 liter
2339 1184 2608 1252 genuisse,
2659 1185 2710 1238 in
2742 1201 2858 1240 eam
2886 1179 3239 1242 confessionis
3271 1190 3650 1245 necessitatem
3686 1201 3754 1242 at-

2191 1275 2437 1339 trahitur,
2471 1283 2527 1328 ut
2557 1285 2708 1345 neget
2740 1276 3062 1330 omnimodis
3091 1278 3365 1346 genuisse.
3390 1278 3504 1334 Sed
3539 1282 3642 1333 hoc
3683 1280 3754 1347 ip-

2191 1383 2307 1422 sum
2338 1382 2551 1437 negare,
2578 1356 2917 1446 obv/iantibus
2946 1368 3180 1437 undique
3219 1377 3272 1422 et
3313 1369 3459 1422 clara
3504 1370 3753 1424 vocifera-

2194 1456 2334 1511 tione
2357 1456 2804 1527 exclamantibus,
2858 1457 2969 1512 sive
3020 1457 3361 1526 propheticis,
3393 1460 3511 1514 sive
3553 1469 3753 1528 aposte-

2193 1545 2308 1600 licis
2336 1547 2557 1618 vocibus
2586 1562 2853 1616 nunquam
2880 1549 2999 1604 sine
3018 1547 3181 1603 dubio
3203 1550 3418 1620 poterit.

2260 1634 2327 1688 Χ.
2364 1635 2563 1693 Probus
2589 1637 2754 1706 judea:
2793 1638 2919 1690 dixit
2959 1652 2976 1689 :
3011 1637 3276 1706 Quidquid
3304 1638 3358 1691 in
3391 1637 3490 1692 bac
3520 1651 3753 1706 prosecu-

527 1741 780 1782 massem.
817 1731 886 1783 At
921 1744 1040 1782 cum
1074 1729 1186 1796 ipse
1223 1728 1362 1784 Deus
1390 1731 1454 1783 ad
1487 1730 1839 1786 refellendam
1867 1731 2084 1786 credere
2116 1734 2162 1795 Β
2188 1723 2388 1780 “onum
2426 1735 2726 1781 vestrarum
2754 1728 3048 1784 assertione
3084 1735 3408 1798 cognoscere
3438 1730 3613 1798 pomi,
3641 1730 3749 1783 ulti-

529 1817 821 1872 nolentium
875 1818 1158 1886 insaniam,
1205 1818 1308 1874 hoc
1336 1821 1403 1875 de
1432 1820 1610 1890 seipso
1642 1823 1984 1891 pronuntiare
2013 1822 2092 1877 di-

527 1919 720 1978 gnatus
741 1919 844 1975 est,
876 1926 981 1980 quo
1006 1911 1304 1966 evidentius
1326 1927 1422 1980 per
1445 1913 1580 1983 uteri
1613 1913 2086 1983 nuncupationem,

528 2018 634 2056 non
656 2004 1010 2066 extrinsecus,
1048 2017 1151 2056 non
1195 2003 1434 2068 aliunde;
1471 2004 1562 2057 sed
1589 2004 1657 2057 de
1686 2004 1886 2072 seipse,
1918 2004 1972 2058 id
2009 1986 2095 2059 est

525 2096 594 2148 de
615 2109 706 2148 sua
726 2094 1016 2148 substantia
1046 2093 1237 2151 Filium
1257 2107 1544 2162 generasse
1564 2094 1831 2160 doceret;
1849 2109 1944 2150 cur
1959 2095 2088 2149 mibi

530 2187 737 2240 vitiosa:
781 2185 1118 2240 credulitatis
1159 2194 1313 2239 notas
1351 2184 1548 2254 infigis,
1596 2200 1720 2241 cum
1767 2187 1870 2241 hoc
1916 2187 2093 2255 pOtius

531 2280 641 2333 Deo
675 2279 854 2333 dicere
900 2279 1107 2345 possis:
1141 2277 1196 2332 Si
1229 2276 1394 2331 habes
1423 2288 1658 2342 uterum,
1695 2277 1849 2348 151
1872 2292 2092 2347 compo—

527 2369 664 2422 situs
704 2369 830 2424 eris.
865 2368 919 2424 Si
951 2367 1018 2423 de
1050 2379 1102 2424 te
1128 2369 1247 2437 ipso
1275 2367 1528 2438 genuisti,
1557 2368 1889 2436 corruptioni
1917 2368 2090 2422 obno-

527 2463 647 2516 xius
674 2461 804 2516 eris.
836 2461 968 2516 Nam
1014 2459 1086 2514 ita
1129 2461 1182 2515 in
1220 2460 1331 2515 Deo
1361 2469 1544 2514 uterus
1578 2460 1692 2515 sine
1720 2461 1898 2525 aliqua
1927 2474 2094 2515 mem-

529 2551 743 2608 brorum
766 2551 1154 2619 compositione
1169 2549 1450 2617 accipitur,
1479 2550 1615 2604 sicut
1666 2549 1806 2604 oculi
1836 2559 1890 2604 et
1908 2535 2092 2614 aures;

521 2651 580 2695 ct
601 2654 787 2695 manus
802 2648 859 2694 et
886 2640 1064 2709 pedes,
1085 2639 1199 2694 sine
1228 2639 1351 2694 ullis
1375 2640 1773 2702 distinctionum
1801 2640 2091 2695 lineamen-

533 2733 599 2786 tis
629 2732 803 2787 inesse
821 2733 1144 2786 referuntur.
1197 2732 1345 2786 Sicut
1373 2747 1500 2800 ergo
1529 2733 1732 2798 oculos,
1762 2732 1882 2800 quia
1911 2731 2088 2785 omnia

525 2825 689 2890 videt,
740 2838 896 2878 aures
937 2825 1057 2892 quia
1096 2822 1274 2876 omnia
1319 2823 1484 2885 audit,
1519 2837 1707 2876 manus
1736 2823 1857 2893 quia
1899 2833 2088 2878 cuncta

520 2923 796 2986 Operatur,
828 2913 991 2983 pedes
1015 2913 1137 2982 quia
1169 2913 1362 2982 ubique
1382 2919 1499 2976 est;
1528 2914 1598 2969 ita
1631 2915 1997 2984 uterum,quia
2021 2915 2089 2971 de

524 3007 702 3075 seipso
722 3004 1059 3059 ineﬂ‘abiliter
1081 3003 1282 3073 genuit,
1306 3004 1549 3073 accipere
1576 3005 1761 3060 debes.

2195 1829 2280 1869 ma
2305 1817 2563 1871 examinis
2591 1818 2761 1872 nostri
2788 1819 3053 1875 sententia
3077 1819 3351 1876 retinebit.
3382 1821 3538 1877 Nunc
3565 1836 3688 1875 vero
3717 1821 3755 1873 si

2193 1922 2292 1977 qua
2327 1908 2479 1962 vobis
2518 1909 2692 1964 adhuc
2728 1909 2795 1966 de
2829 1910 3020 1964 divinis
3066 1910 3365 1980 Scripturis
3405 1911 3531 1968 tidei
3576 1919 3752 1966 vestra

2196 1999 2546 2063 congruentia
2590 2013 2870 2068 superesse
2901 2000 3116 2067 putatis,
3159 2001 3395 2068 proferre
3433 2001 3748 2072 dignemini.

2191 2102 2300 2157 quo
2331 2087 2589 2142 facillime
2611 2103 2877 2157 queamus
2914 2105 3164 2158 processu
3200 2092 3601 2160 disputationis,
3642 2093 3751 2160 quid

2192 2179 2305 2232 veri
2327 2180 2463 2257 ratio
2486 2179 2756 2233 contineat
2782 2179 3052 2248 indagare.
3132 2254 3135 2257 .

2264 2270 2416 2324 Arius
2445 2270 2605 2330 dixit:
2626 2270 2778 2338 Quod
2808 2280 2911 2326 tam
2936 2270 3191 2327 brevibus
3211 2280 3262 2328 ct
3282 2274 3490 2344 exiguis
3513 2271 3749 2342 quastio-

2190 2363 2348 2420 nibus
2370 2364 2517 2443 omni
2563 2363 2651 2418 iIIa
2679 2363 3048 2433 disputationis
3093 2380 3227 2419 mere
3274 2367 3590 2420 narratione
3631 2378 3744 2417 usus

2192 2471 2332 2522 sum,
2354 2457 2642 2513 Christiani
2668 2459 2882 2528 pudoris
2903 2473 2963 2513 ac
2991 2459 3322 2514 verecundia
3351 2458 3468 2523 fuit,
3501 2469 3559 2512 ut
3585 2457 3749 2522 dispu-

2195 2547 2406 2600 tationis
2451 2557 2646 2601 nostra;
2685 2555 2881 2602 trames
2938 2548 3140 2603 levibus
3186 2547 3526 2602 inchoaretur
3576 2545 3744 2600 initiis.

2189 2637 2294 2693 Sed
2324 2637 2447 2708 quia
2479 2637 2634 2691 video
2677 2638 3025 2692 Athanasium
3071 2639 3366 2706 perspicua:
3397 2637 3639 2692 veritatis
3676 2649 3746 2688 ro-

2191 2728 2552 2790 bustissimam
2574 2728 2876 2782 firmitatem
2904 2728 3221 2798 quibusdam
3252 2728 3592 2784 arietantium
3614 2742 3744 2796 quas

2192 2819 2425 2873 stionum
2455 2817 2870 2887 inipulsionibus
2890 2827 3133 2887 quatere,
3179 2822 3357 2874 acrius
3385 2829 3572 2873 contra
3613 2832 3742 2879 eum,

2190 2917 2240 2963 et
2281 2907 2507 2962 validius
2534 2909 2724 2975 Opinor
2761 2908 3139 2963 dimicandum.
3197 2908 3334 2962 Dicit
3388 2923 3518 2978 ergo
3547 2907 3742 2962 Patrem

2190 3005 2245 3052 et
2267 2998 2458 3053 Filium
2485 2999 2639 3052 unius
2669 3013 2790 3055 esse
2817 2999 3149 3068 substantia,
3191 3000 3288 3053 sed
3316 2999 3404 3052 illa
3436 3000 3744 3058 intemerata

600 3093 688 3152 IX.
715 3097 824 3151 Nec
871 3104 922 3148 te
949 3104 1163 3164 Oportet
1210 3095 1495 3150 infideliter
1536 3097 1768 3164 Opinati,
1800 3097 1922 3165 quia
1953 3098 1995 3152 si
2023 3098 2090 3152 de

2199 3087 2589 3157 Ineﬂ'abilisque
2610 3091 2860 3158 essentia,
2885 3105 3008 3159 qua:
3022 3089 3177 3144 Pater
3204 3098 3307 3154 est,
3332 3103 3429 3143 nec
3457 3089 3747 3143 redundans

523 3205 583 3244 se
613 3190 728 3260 ipso
747 3188 945 3257 genuit,
980 3187 1246 3255 corrumpi
1277 3187 1684 3256 utique-potuit;
1712 3202 1868 3257 quem
1899 3196 1956 3242 ut
1976 3177 2087 3241 Om-

519 3281 854 3350 nipotentem
896 3288 952 3333 ct
990 3276 1463 3345 incorruptibiliter
1510 3292 1768 3346 generare
1828 3279 2088 3345 potuerit,

517 3387 629 3427 nec
653 3371 750 3424 hac
778 3370 888 3438 ipsa
912 3369 1255 3437 generatione
1275 3370 1542 3438 corrumpi
1575 3369 1831 3436 potuerit,
1861 3368 2090 3427 fideliter

519 3462 775 3520 convenit
821 3460 1080 3530 profiteri.
1132 3451 1262 3512 Nam
1295 3458 1341 3513 si
1391 3459 1707 3513 mirabiliter
1756 3474 1822 3513 ex
1872 3459 2095 3529 Virgine

523 3565 713 3610 contra
781 3567 959 3606 rerum
1040 3559 1282 3604 naturam
1333 3550 1808 3618 incorruptibiliter
1859 3553 2094 3606 creditur

526 3655 708 3712 natus,
737 3654 938 3713 quanto
984 3642 1150 3710 magis
1181 3655 1248 3694 ex
1285 3641 1437 3695 Patre
1461 3641 1759 3696 credendus
1800 3651 1881 3698 est
1917 3642 2093 3697 incor-

530 3736 852 3807 ruptibiliter
899 3732 1146 3802 genitus?
1192 3733 1246 3788 Si
1300 3734 1440 3786 enini
1488 3732 1856 3787 substantialis
1904 3743 2090 3788 natura

530 3827 782 3897 Virginis,
823 3839 941 3895 qua!
986 3840 1050 3878 ex
1092 3824 1205 3892 ipsa
1254 3824 1435 3893 utique
1471 3823 1836 3890 corruptibilis
1890 3833 2095 3877 natura:

528 3919 862 3982 conditione,
895 3915 1127 3986 passioni
1172 3924 1225 3968 et
1247 3915 1572 3982 corruptiOui
1602 3916 1770 3982 potuit
1794 3913 2091 3983 subjacere,

530 4014 840 4067 intemerata
888 4006 1104 4075 pudoris
1136 4006 1460 4075 integritate,
1495 4013 1562 4058 ‘et
1586 4005 1825 4060 infractis
1866 4005 2094 4074 virgina-

531 4103 668 4158 libus
705 4100 972 4166 claustris,
1014 4096 1272 4152 tnii'abilis
1325 4097 1739 4165 incorruptionis
1789 4095 2094 4165 integritate

531 4195 692 4249 ﬁlium
724 4189 1021 4262 generavit;
1066 4202 1160 4241 cur
1209 4203 1315 4242 non
1348 4180 1516 4257 magis
1547 4188 1626 4253 (ut
1654 4185 1788 4255 dixi)
1819 4188 2095 4252 incorrup-

530 4284 730 4340 tibilem
773 4282 960 4341 Deum,
991 4278 1171 4347 genito
1201 4291 1266 4331 ex
1307 4292 1365 4330 se
1408 4275 1886 4346 incorruptibiliter
1938 4274 2090 4338 Filio,

523 4373 797 4442 corrumpi
821 4385 922 4425 non
949 4369 1182 4439 potuisse
1201 4367 1516 4420 credamus?
1541 4367 1585 4421 Ο
1606 4382 1800 4429 npvnm
1829 4376 1988 4443 atque
2015 4368 2095 4420 in-

2192 3195 2421 3250 unquam
2445 3179 2497 3234 in
2519 3194 2579 3235 se
2608 3181 2722 3250 ipsa
2751 3181 2864 3247 fuit,
2895 3190 2955 3234 ut
2976 3182 3168 3236 merito
3193 3179 3346 3248 quasi
3373 3180 3746 3234 exuberatione

2189 3271 2437 3341 quadam,
2485 3272 2600 3328 sine
2631 3273 2826 3326 damno
2867 3274 2976 3338 sui,
3014 3272 3066 3327 in
3096 3271 3283 3326 eadem
3326 3271 3628 3326 substantia
3668 3285 3746 3338 ge-

2189 3365 2364 3419 nuerit
2400 3362 2614 3428 Filium,
2643 3379 2760 3418 cum
2787 3363 2901 3432 ejus
2929 3364 3180 3418 essentia
3205 3362 3323 3432 qua:
3352 3363 3472 3418 aliis
3512 3362 3745 3418 omnibus

2192 3453 2394 3513 infinita
2435 3462 2595 3522 atque
2622 3455 2887 3507 immensa
2915 3454 3005 3519 sit,
3036 3462 3090 3507 et
3115 3453 3445 3522 incorporea,
3475 3454 3605 3508 nibil
3642 3466 3746 3506 esse

2192 3546 2360 3612 possit
2378 3545 2699 3598 exuberans.
2726 3543 2998 3612 Siquidem
3029 3543 3506 3597 determinatorum
3530 3544 3598 3597 sit
3621 3558 3740 3596 exu-

2195 3635 2408 3702 berare,
2441 3633 2580 3703 quod
2612 3642 2696 3688 est
2733 3632 2886 3702 quasi
2913 3640 3059 3685 extra
3098 3647 3156 3686 se
3199 3631 3383 3688 ﬂuere.
3418 3633 3559 3689 Deus
3586 3645 3744 3686 autem

2194 3727 2282 3796 qui
2314 3727 2558 3780 universa
2601 3723 2992 3792 complectitur,
3023 3723 3262 3793 nihilque
3291 3733 3448 3779 extra
3476 3739 3536 3779 se
3577 3725 3741 3782 habet.

2195 3826 2284 3869 aut
2313 3831 2418 3885 quo
2440 3815 2684 3872 difﬂuere
2716 3828 2910 3886 potest,
2943 3827 3032 3874 aut
3060 3818 3296 3873 infinitus
3317 3835 3423 3889 quo
3453 3822 3643 3890 poterit
3667 3833 3743 3872 re—

2196 3906 2466 3973 dundare;
2511 3907 2632 3962 dum
2659 3908 2903 3965 difﬂuere
2935 3924 3117 3964 eorum
3155 3921 3238 3965 est
3267 3911 3356 3980 qui
3386 3912 3647 3981 accipiunt
3673 3910 3743 3963 i-

2196 4000 2504 4053 crementa‘t
2537 4000 2635 4065 Qui
2688 4001 2730 4053 si
2761 4000 2962 4068 accepit
3001 4001 3303 4069 aliqdando,
3335 4016 3556 4056 necesse
3582 4010 3658 4055 est
3699 4008 3743 4050 ut

2196 4103 2408 4158 semper
2445 4089 2692 4159 accipiat,
2742 4098 2796 4147 et
2843 4091 3186 4146 nihilominus
3225 4092 3336 4162 pari
3381 4092 3742 4148 exuberatione

2197 4190 2470 4248 semperet
2490 4192 2728 4251 generet.
2751 4181 2844 4237 Sin
2865 4193 3045 4240 autem
3067 4184 3393 4239 incrementa
3416 4199 3521 4239 non
3540 4183 3742 4250 accepit.

2199 4271 2337 4340 quod
2372 4271 2472 4338 ipsi
2518 4274 2679 4326 etiam
2727 4273 2974 4338 fatemur,
3020 4289 3118 4328 nec
3159 4273 3292 4338 ﬂuit,
3334 4291 3435 4329 nec
3477 4273 3739 4330 redundat.

2199 4353 2347 4429 Quod
2382 4352 2483 4418 tale
2525 4380 2645 4420 cum
2677 4366 2833 4422 Patre
2878 4382 2998 4422 esse
3028 4366 3254 4432 dicatur,
3290 4383 3410 4420 cum
3449 4369 3630 4422 Filium
3665 4379 3741 4434 ge-

523 4465 745 4520 tundum
802 4472 1155 4516 monstruosas
1183 4459 1449 4527 opinionis
1496 4459 1861 4514 damnabilem.
1896 4471 2091 4514 metum
2129 4449 2316 4508 Dnuit
2361 4470 2425 4507 ex
2473 4470 2612 4521 sese,
2655 4458 3005 4511 substantiam
3048 4472 3196 4511 suam
3249 4459 3429 4528 utique
3487 4458 3655 4512 divisit
3698 4458 3740 4507 in

532 4558 682 4613 fateri
721 4554 986 4626 Virginem
1027 4559 1178 4621 partu
1213 4566 1316 4604 non
1343 4564 1497 4619 posse
1523 4554 1811 4620 corrumpi,
1836 4561 1890 4605 et
1915 4551 2096 4606 formi-

529 4653 657 4705 dare
703 4649 888 4713 Dcum,
924 4659 990 4700 ne
1024 4642 1381 4712 corruptionis
1424 4639 1552 4695 vitio
1595 4640 1914 4709 subiaceret,
1946 4643 1987 4696 si
2029 4642 2096 4696 de

532 4756 627 4795 sua
675 4739 966 4793 substantia
1001 4749 1260 4804 generare
1301 4733 1592 4800 potuisset!
1651 4730 1871 4786 Voleute
1940 4732 2097 4802 igitur

536 4835 666 4894 Deo,
711 4828 1076 4898 corruptibilis
1119 4837 1321 4880 natura:
1373 4824 1533 4894 Virgo
1575 4813 1698 4878 sine
1740 4824 1845 4876 ullo
1874 4839 2095 4892 corrup-

533 4925 689 4979 tionis
731 4923 858 4974 vitio
904 4927 1211 4990 generavit:
1249 4928 1302 4972 et
1350 4919 1464 4988 ipse
1503 4919 1589 4987 qui
1644 4919 2095 4988 incorruptibilior

520 5015 734 5071 Icunctis
762 5013 964 5067 naturis
1003 5012 1476 5082 incortuptibiliter
1528 5012 1766 5079 priustitit
1814 5028 2089 5082 generare,

510 5109 632 5162 .‘hoc
652 5107 750 5159 sibi
779 5113 1030 5174 prmstsre
1054 5117 1155 5156 non
1182 5105 1378 5172 potuit,
1403 5116 1460 5155 ut
1479 5104 1545 5156 de
1571 5117 1662 5155 sua
1687 5103 1974 5157 substantia
2005 5102 2095 5156 Fi-

531 5200 656 5252 Iium
688 5193 1153 5262 incorruptibiliter
1191 5207 1450 5263 generare
1495 5192 1762 5262 potuerit?
1792 5192 1928 5262 Ergo
1968 5193 2090 5269 quia

535 5293 698 5345 Deum
733 5289 799 5344 de
822 5288 996 5354 scipso
1025 5284 1210 5338 Filium
1234 5298 1519 5355 generasse
1551 5295 1604 5337 et
1624 5283 1918 5338 divinarum
1945 5285 2091 5340 Scri-

539 5397 806 5450 pturarutn
838 5391 1094 5435 testantur
1117 5379 1343 5449 clomtia,
1391 5393 1442 5434 et
1466 5379 1516 5432 in
1547 5392 1639 5430 sua
1674 5378 1723 5431 id
1755 5379 1908 5430 Arius
1938 5394 2087 5446 snpe-

534 5480 672 5530 riore
697 5476 1062 5542 prosecutione
1090 5474 1256 5526 fassus
1283 5481 1380 5535 est,
1403 5471 1577 5539 judica
1609 5472 1865 5538 (virorum
1896 5472 2094 5539 optimc

538 5566 724 5625 Probe)
752 5566 867 5630 quis
892 5565 1054 5630 magis
1086 5579 1202 5617 cum
1243 5563 1432 5616 divinis
1460 5566 1743 5617 C(‘IlVCIIial
1782 5563 2092 5632 Scriptttris,

2210 4547 2362 4617 153
2394 4547 2620 4611 Filium;
2660 4560 2710 4602 et
2753 4562 3021 4618 paternam
3064 4550 3434 4604 tantummodo
3472 4563 3592 4606 ante
3633 4551 3737 4602 διιπτ-

2204 4640 2469 4708 Stantiam,
2487 4654 2582 4708 pro
2600 4652 2710 4694 rata
2734 4652 2879 4709 parte
2901 4653 3158 4696 secretam
3182 4659 3209 4694 a
3230 4657 3370 4706 Sese,
3398 4658 3462 4697 ac
3484 4653 3737 4698 resectam.

2206 4732 2395 4787 Filium
2443 4735 2736 4787 nominavit
2779 4750 2791 4785 :
2843 4742 3153 4802 tantumque
3198 4734 3298 4789 sibi
3327 4736 3560 4791 detraxit
3588 4735 3737 4789 Pater.

2204 4832 2458 4893 quantum
2489 4823 2539 4876 in
2569 4821 2760 4877 Filium
2792 4824 3031 4878 contulit.
3055 4825 3171 4890 Quo
3199 4833 3374 4880 tamen
3413 4827 3584 4896 ipsum
3611 4822 3736 4891 quid-

2201 4913 2324 4983 quid
2353 4925 2435 4967 cst
2481 4912 2664 4978 Filius,
2699 4923 2790 4968 aut
2817 4913 2976 4969 hodie
3013 4923 3161 4969 caret
3192 4915 3370 4981 Pater,
3412 4930 3466 4971 et
3498 4915 3735 4985 perfectus

2202 5025 2306 5063 non
2335 5018 2446 5063 est:
2477 5017 2567 5062 aut
2585 5023 2650 5063 eo
2679 5009 2722 5062 si
2747 5024 2852 5063 non
2883 5008 3104 5077 Indiget,
3125 5010 3278 5077 quasi
3305 5011 3577 5078 superﬂuo
3597 5007 3738 5060 aliun-

2200 5106 2364 5161 davit.
2395 5105 2544 5173 Quod
2580 5085 2858 5175 utrumque
2885 5109 2937 5160 in
2960 5101 3125 5166 Doum
3155 5123 3260 5162 non
3289 5110 3455 5170 cadit.
3488 5123 3602 5162 cum
3624 5101 3736 5159 etin

2205 5196 2305 5249 hoc
2334 5197 2450 5264 ipso
2480 5194 2690 5265 quidem
2721 5195 2891 5251 Patris
2917 5207 2972 5254 et
3000 5197 3118 5252 Filii
3145 5214 3341 5253 nomen
3372 5214 3493 5254 esse
3521 5214 3616 5254 non
3637 5206 3735 5263 pos-

2201 5291 2289 5354 sit,
2317 5289 2404 5342 tibi
2439 5302 2542 5343 non
2594 5287 2775 5342 ltabita'
2799 5291 3072 5359 generatio
3114 5301 3217 5354 est,
3266 5289 3361 5345 sed
3408 5293 3580 5359 potius
3623 5286 3733 5340 facta

2203 5379 2446 5433 discissio
2489 5397 2500 5430 :
2556 5387 2664 5432 tum
2695 5378 2836 5448 quod
2862 5394 3080 5434 necesse
3108 5390 3210 5446 est,
3241 5394 3402 5436 omne
3433 5381 3570 5446 quod
3595 5372 3732 5432 dividi

2205 5483 2394 5540 potest.
2420 5487 2573 5541 posse
2593 5472 2882 5541 corrumpi.
2915 5473 3048 5540 Quae
3072 5473 3136 5536 si,
3162 5483 3217 5527 ut
3248 5475 3628 5528 manifestatum
3647 5475 3730 5524 est.

2205 5567 2257 5620 in
2284 5565 2388 5622 Deo
2407 5581 2528 5621 esse
2559 5582 2661 5621 mn
2691 5575 2932 5635 possunt,
2959 5582 3054 5621 cur
3081 5581 3184 5621 non
3216 5569 3392 5634 ρυιίυε
3414 5561 3675 5622 voluntatis
3693 5567 3734 5610 et
