3842 6226
36 230 95 285 :35

36 339 210 394 aritatis
228 353 347 393 esse
379 338 574 391 Filium
596 337 943 392 conﬁtemur?
973 339 1102 403 Quae
1123 338 1334 406 quidem
1357 339 1539 394 volun-
1567 349 1611 404 Α

36 444 98 494 as,
125 444 186 482 ne
212 430 262 482 in
307 427 620 481 hominibus
654 427 867 495 quidem
914 429 1078 482 libera
1104 438 1186 482 est
1217 430 1412 495 minus,
1443 445 1539 488 ne-

36 535 118 570 iam
141 520 191 572 in
230 518 338 570 Deo
367 516 552 586 aliqua
581 517 710 586 lege.
722 523 984 574 teneatur.
1015 519 1120 585 Qui.
1145 519 1192 572 si
1221 534 1325 573 non
1356 529 1438 573 est
1460 521 1540 574 Fi-

36 610 98 661 ius
117 607 410 668 voluntatis,
437 618 685 675 superest
713 619 765 661 ut
791 618 1005 662 coactus
1027 613 1165 662 Deus
1192 612 1342 678 quasi
1370 609 1542 676 aliqua

36 714 110 767 ege
135 706 322 758 natura
355 697 552 752 Filium
576 697 802 754 edidisse
823 700 1082 754 videatur.
1115 700 1170 754 ln
1201 715 1303 769 qua
1333 700 1542 768 quidem

36 788 344 856 generatione,
400 789 448 842 si
501 789 551 843 id
594 790 832 857 genitum
877 799 980 855 est,
1030 791 1174 859 quod
1218 801 1337 847 erat
1371 791 1543 855 Pater,

36 878 226 945 ludam
267 876 440 932 Patris
471 893 593 947 pars
629 877 794 933 Filius
824 880 1157 942 nominatur;
1185 880 1548 947 incertumque

36 973 89 1018 est
111 963 221 1033 quid
243 963 422 1029 Pater,
446 965 574 1034 quid
606 965 772 1020 Filius
802 966 991 1020 debeat
1023 967 1310 1034 nominari,
1336 981 1457 1020 cum
1493 968 1546 1020 in

36 1053 133 1106 luas
154 1063 322 1122 partes
353 1053 578 1122 adaque
601 1059 669 1109 sit
688 1055 856 1109 divisa
877 1055 1189 1128 substantia.

86 1143 162 1204 χι,
190 1142 316 1198 Illud
344 1158 478 1199 vero
506 1146 643 1214 quod
667 1146 820 1216 quasi
867 1145 932 1201 ad
977 1149 1357 1216 proprietatem
1400 1157 1552 1201 natu-

37 1233 138 1288 ralis
160 1235 463 1297 substantia:
493 1236 983 1306 demonstrandam,
1007 1239 1214 1306 paterni
1243 1239 1440 1292 oraculi
1475 1247 1550 1292 te-

36 1323 303 1381 stimonium
333 1327 582 1395 protulit,
629 1336 686 1380 ut
731 1328 924 1381 merito
962 1327 1166 1381 Patrem
1207 1341 1273 1381 ex
1319 1343 1383 1382 eo
1412 1328 1551 1396 quod

36 1415 125 1483 ipse
149 1423 239 1482 at,
271 1415 462 1470 Filium
493 1418 739 1486 genuisse
765 1418 1062 1481 credamus,
1103 1419 1228 1488 quia
1248 1405 1379 1472 dixit
1418 1435 1432 1471 :
1476 1418 1555 1472 Ea:

38 1519 152 1559 utero
175 1517 279 1560 ante
303 1507 601 1577 Luciferum
625 1512 774 1577 genui
795 1518 841 1561 le
869 1509 1038 1568 (Prai.
1065 1507 1251 1579 Ctx,-5)
1276 1525 1290 1573 ;
1318 1523 1472 1578 quam
1502 1510 1552 1562 id

41 1595 286 1649 absurdum
307 1610 576 1665 quamque
607 1597 839 1666 ineptum
865 1598 934 1650 sit
981 1598 1313 1667 apertissime
1337 1599 1554 1652 demon-

763 227 1028 283 CUNTIiA
1068 229 1381 295 ARIANOS,
1420 229 1904 298 SABELLIANOS,
1949 226 2128 292 ETC.,
2173 224 2296 278 Llll.
2342 223 2401 277 ll.

3086 221 3189 280 200

1642 350 1779 403 acta,
1804 337 2051 392 tlnalibus
2073 344 2233 403 queat
2262 316 2432 389 modii
2460 335 2657 398 arceri;
2692 336 2940 403 quoniam
2967 335 3082 404 eius
3109 346 3193 390 est

1640 428 2033 484 exuberatiouis
2059 425 2560 494 copiarednndare,
2592 441 2710 492 quae
2753 435 2925 487 certo,
2967 423 3221 478 ut.dixi--

1645 531 1778 580 unus,
1826 515 2156 568 concluditur
2195 513 2357 582 (lue):
2391 529 2489 568 nec
2540 514 2896 574 rursusvelut
2933 513 3194 580 integr-am

1645 617 1701 660 et
1748 608 2112 680 intemeratam
2161 606 2416 674 pnttionis
2445 593 2794 664 αεῐεοιῐυιιεήι
2821 607 3046 674 aliquam
3080 619 3197 672 per-

1645 695 1847 751 tulisse.
1879 695 1984 750 Sed
2015 697 2126 748 lucc
2153 683 2327 748 bttttiia
2356 697 2611 762 passionis
2640 712 2862 764 genera,
2888 696 3084 750 divina:
3108 713 3200 746 Itu-

1645 797 1778 840 tura‘.
1805 801 1908 838 non
1937 785 2302 838 convenientia
2324 824 2340 849 ,
2368 786 2474 851 jam
2530 788 2773 852 superius
2819 785 3199 848 calumniosius

1649 874 1816 944 magis
1846 889 2002 943 quam
2035 873 2212 926 verius
2258 874 2592 940 cognoscitur
2639 875 2948 945 i..tentasse.
2999 874 3202 941 Quibus

1649 979 1747 1020 nos
1783 965 2058 1032 religiosae
2086 963 2229 1019 .lidei
2276 963 2546 1024 intellectu
2585 976 2950 1032 competenter
2994 973 3206 1022 constat

1649 1052 1859 1113 dedisse
1889 1067 2220 1130 responsum.
2508 1042 2511 1043 ν
3084 1092 3107 1111 -.

1701 1141 2072 1219 ,ΧιιιεΝειιμε
2111 1143 2260 1201 enim
2298 1141 2734 1213 exuberationeet
2779 1142 3093 1209 subatantiaz.
3123 1155 3207 1194 re-

1654 1216 1941 1308 dundantis
1968 1216 2122 1312 155
2149 1233 2334 1304 Filium
2366 1233 2607 1308 deirnus,
2640 1248 2812 1305 neque
2843 1246 3026 1287 rursus
3054 1234 3206 1286 desc-

1651 1332 1755 1376 cta:
1775 1333 1976 1378 natura:
2004 1324 2393 1390 portiunculam
2419 1322 2783 1385 nominamus;
2801 1321 2893 1394 sed
2918 1320 3209 1393 perfectum

1654 1399 1886 1475 Patrem,
1917 1405 2206 1477 perfectum
2233 1412 2443 1477 Filium,
2469 1427 2573 1466 non
2601 1427 2666 1466 ex
2692 1411 2755 1465 iis
2781 1427 2900 1478 quae
2938 1412 2990 1465 in
3020 1426 3089 1464 eo
3117 1426 3210 1463 su-

1656 1501 1872 1570 perﬂuis
1915 1503 2384 1568 exuberationibus
2429 1503 2793 1559 redundabant
2829 1503 3016 1575 (quod
3063 1501 3209 1555 dictu

1658 1589 1807 1644 nefas
1835 1591 1966 1659 est),
1997 1590 2088 1644 sed
2125 1605 2188 1644 ex
2219 1593 2417 1659 seipse,
2449 1591 2500 1644 id
2529 1601 2610 1644 est
2635 1606 2703 1644 ex
2731 1606 2796 1644 eo
2817 1591 2956 1658 quod
2981 1591 3092 1665 ipse
3108 1601 3213 1652 est,

46 1687 212 1740 strabo.
242 1686 513 1756 Siquidem
545 1703 650 1750 non
680 1689 851 1743 solum
880 1689 1148 1758 aliquanta
1189 1692 1241 1742 in
1270 1689 1456 1744 ordine
1477 1705 1557 1744 ra-
1589 1697 1633 1756 ῃ
1662 1672 2080 1750 impassibiliter,
2129 1682 2515 1746 indivisibiliter
2537 1723 2552 1748 ,
2607 1682 3008 1751 incorporaliter
3027 1723 3063 1751 ‘,,
3097 1679 3214 1740 sine

51 1775 733 1832 tioeabilium‘creaturarum
761 1779 1134 1843 consistentia;
1165 1779 1258 1833 sed
1284 1789 1338 1833 et
1364 1779 1416 1832 in
1438 1793 1559 1833 sen-

51 1864 164 1917 sibili
189 1864 568 1919 elementorum
599 1868 847 1934 qualitate
878 1868 1239 1932 subsistentia,
1261 1869 1327 1922 de
1359 1868 1449 1924 Dei
1482 1871 1558 1922 le-

52 1954 192 2018 gintus
216 1963 360 2007 utero
389 1957 734 2021 processisse.
774 1958 861 2009 Ait
888 1958 1029 2010 enim
1074 1974 1086 2008 :
1122 1957 1244 2022 Quis
1273 1967 1344 2010 est
1381 1957 1564 2026 pluuia:

51 2049 180 2105 pater,
197 2044 265 2094 vel
284 2044 344 2097 de
363 2045 512 2110 cujus
534 2052 673 2097 utero
693 2047 912 2114 procedit
935 2046 1023 2098 nia:
1040 2043 1179 2114 (Job,
1197 2061 1419 2114 xxxvttt,
1435 2047 1564 2115 28).?

56 2128 159 2180 Num
193 2130 338 2199 igitur
377 2132 501 2199 quia
548 2133 660 2185 lm-c
711 2133 929 2200 rigentis
983 2143 1040 2188 et
1086 2132 1272 2199 torpidi
1317 2134 1562 2187 elementi

57 2219 239 2281 qualitas
258 2221 430 2274 divino
453 2222 645 2288 legitur
672 2225 820 2274 utero
851 2223 1160 2289 procedere,
1191 2220 1387 2275 idcirco
1412 2223 1565 2275 unius

58 2304 356 2373 ejusdemque
383 2321 503 2359 cum
531 2308 639 2361 Deo
666 2310 901 2363 creditur
940 2322 1062 2363 esse
1087 2310 1427 2363 substantiae?
1465 2314 1570 2360 Aut

59 2392 154 2454 quia
179 2408 346 2447 rursus
375 2394 619 2450 homines
641 2396 805 2448 Deum
839 2399 1058 2461 legimus
1090 2398 1336 2466 genuisse
1355 2396 1439 2466 (ut
1461 2396 1571 2463 ipse

61 2480 146 2528 ait:
171 2477 318 2532 Filios
343 2483 497 2549 genui
523 2493 570 2534 et
599 2480 987 2554 exaltaeiﬂsai.
1035 2499 1071 2549 ι,
1111 2482 1193 2554 2],
1233 2491 1288 2552 et
1329 2484 1518 2545 iterum
1553 2500 1565 2533 :

68 2563 196 2618 Filius
237 2585 364 2622 meus
405 2571 769 2640 prirnogcnitus
815 2573 978 2627 istud
1009 2572 1199 2644 [83414.
1245 2588 1318 2638 tv,
1352 2572 1465 2642 22],
1507 2587 1571 2626 ac

69 2668 249 2708 rursus:
292 2657 463 2709 Omnia
523 2660 611 2726 qui
665 2672 810 2710 natus
856 2671 930 2712 est
975 2680 1037 2714 ea:
1079 2663 1206 2728 Deo,
1259 2678 1360 2728 non
1401 2672 1570 2732 peccat

81 2740 116 2808 ll
137 2741 266 2796 Joan.
295 2760 368 2807 tn,
396 2744 499 2813 9]),
534 2747 730 2801 idcirco
763 2749 960 2800 rectius
978 2747 1311 2816 opinabimur
1334 2754 1572 2802 licini-tce

78 2847 170 2884 cum
196 2835 288 2887 Deo
314 2835 463 2888 unius
483 2849 605 2888 esse
631 2835 980 2889 substantiae?
1008 2836 1164 2906 155
1183 2837 1423 2904 Autquia
1447 2838 1572 2889 item

85 2923 335 2989 Apostolus,
381 2928 544 2980 totius
589 2937 849 2982 creaturae
899 2929 1295 2984 universitatem
1336 2927 1570 2997 generali

1664 1774 2034 1840 diminutione,
2065 1775 2182 1828 sine
2224 1774 2559 1842 discissione,
2601 1773 2720 1829 sine
2747 1774 3012 1834 alllucutis
3051 1774 3216 1840 capite

1668 1862 2073 1930 redundatinne,
2107 1864 2222 1916 sine
2273 1863 2382 1918 ullo
2429 1861 2663 1930 omnino,
2694 1862 3214 1932 passionisgenerc,

1667 1949 2002 2006 incliabiliter
2034 1937 2302 2007 credimus
2331 1963 2540 2024 natum._
2566 1951 2632 2019 Et
2661 1951 2857 2004 idcirco
2901 1951 3056 2022 unius
3086 1951 3217 2004 fate-

1667 2057 1784 2094 tnur
1820 2056 1940 2095 esse
1977 2042 2309 2107 substantiae,
2354 2041 2472 2107 quia
2503 2056 2611 2111 pou
2640 2040 2877 2105 aliunde,
2892 2055 3005 2112 non
3030 2057 3098 2111 ex
3127 2042 3214 2093 ni-

1669 2131 1799 2195 lnlo,
1832 2149 1933 2184 non
1960 2147 2025 2187 ex
2051 2131 2448 2200 subiacentibus
2473 2131 2560 2200 vel
2598 2132 3020 2201 praecedentibus
3052 2141 3218 2190 mate-

1669 2220 1864 2271 riarttm
1889 2204 2264 2285 qualitatibus;
2290 2219 2404 2290 Sed
2424 2219 2633 2292 proprie
2665 2220 2827 2273 Deum
2848 2221 2914 2272 de
2961 2219 3091 2285 Deo,
3141 2222 3219 2272 lu-

1671 2309 1792 2358 men‘
1813 2305 1881 2357 de
1909 2306 2127 2368 lumine,
2161 2308 2410 2369 virtutem
2437 2309 2508 2381 de
2546 2308 2759 2379 virtute,
2803 2307 3115 2376 sapientiam
3154 2309 3222 2361 de

1672 2391 1931 2456 sapientia
1963 2392 2186 2447 ﬁdeliter
2209 2395 2475 2447 exstitisse
2498 2393 2742 2450 fatemur.
2773 2396 2903 2449 Nam
2923 2396 2972 2460 si
2993 2397 3216 2449 alterius

1671 2492 1736 2531 ac
1757 2477 1983 2533 diversa:
2021 2470 2460 2550 substantiaiut
2508 2481 2664 2539 Arius
2706 2476 3017 2554 arbitratur)
3055 2483 3221 2538 Filius

1670 2582 1833 2635 esset,
1869 2584 1971 2620 non
1999 2568 2203 2623 diceret
2230 2588 2246 2623 :
2269 2567 2416 2622 Sicut
2447 2569 2596 2622 habet
2623 2570 2776 2624 Pater
2797 2573 2950 2639 vitam
2967 2574 3030 2644 in
3048 2585 3227 2628 semet-

1671 2658 1801 2722 ipso,
1848 2659 1921 2711 sic
1968 2658 2107 2710 dedit
2156 2668 2201 2710 et
2253 2655 2396 2711 Filio
2442 2658 2594 2710 vitam
2635 2658 2818 2713 habere
2864 2651 3229 2734 irascatetipso

1672 2746 1852 2809 (Joan.
1885 2763 1939 2812 ν,
1960 2749 2084 2814 26);
2113 2755 2167 2801 et
2193 2748 2384 2800 iterum
2419 2763 2431 2799 :
2463 2747 2606 2800 Sicut
2661 2746 2818 2811 Pater,
2854 2749 2989 2804 novit
3035 2764 3134 2811 me,
3182 2757 3229 2808 et

1673 2847 1765 2902 ego
1795 2832 1908 2884 nari
1939 2833 2144 2886 Patrem
2176 2836 2352 2901 (Joan.
2387 2852 2440 2898 ι,
2475 2836 2587 2903 15).
2611 2835 2744 2904 Quid
2773 2847 2855 2891 est
2896 2851 3043 2907 ergo,
3084 2839 3231 2893 Sicut

1675 2922 1818 2976 habet
1833 2920 1986 2976 Pater
2003 2924 2152 2978 vitam
2169 2925 2221 2978 in
2235 2926 2515 2991 temeti-pro,
2528 2927 2599 2979 sic
2618 2927 2755 2981 dedit
2771 2938 2818 2986 et
2831 2926 2969 2983 Filio
2985 2932 3134 2983 vitam
3146 2931 3232 2985 Ita-

81 3015 447 3074 pronuutiatione
475 3017 959 3086 comprehendent,
981 3033 1046 3071 ex
1076 3019 1183 3073 Deo
1224 3022 1412 3073 asserit
1455 3032 1574 3085 esse
1599 3026 1646 3087 ο
1677 3015 1788 3066 bere
1805 3015 1860 3066 in
1874 3016 2160 3085 semetipso,
2177 3017 2478 3085 nisi,Sicnti
2490 3026 2572 3071 est
2589 3016 2765 3082 Pater,
2783 3019 2855 3073 ita
2867 3029 2949 3074 est
2964 3029 3018 3074 et
3032 3021 3232 3076 Filius?

82 3098 255 3154 dicens:
279 3104 520 3167 Quoniam
569 3121 634 3158 ea:
673 3106 806 3175 ipso,
844 3116 890 3160 et
920 3123 1009 3174 per
1055 3108 1240 3178 ipsum,
1282 3117 1329 3161 et
1368 3109 1420 3162 in
1468 3109 1576 3177 ipso

87 3197 171 3240 mu
189 3195 334 3246 omnia
359 3195 535 3262 (Rom.
563 3211 643 3260 ιι,
676 3197 796 3266 56};
824 3197 894 3251 o'b
929 3199 1027 3252 hoc
1069 3198 1377 3266 prudentius
1413 3199 1578 3266 conji-

88 3281 260 3346 cietnus,
284 3286 670 3343 universitatem
693 3298 948 3343 creaturae
978 3290 1076 3343 ltoc
1097 3303 1215 3343 esse
1244 3287 1384 3356 quod
1403 3288 1571 3361 Deus,

91 3379 156 3419 aut
178 3373 305 3426 unius
331 3390 442 3430 cum
465 3393 530 3433 eo
559 3393 680 3432 esse
711 3379 1052 3444 substantiae;
1084 3382 1221 3447 quod
1244 3379 1493 3435 videlicet
1511 3394 1577 3432 ex

92 3456 177 3522 ipso
196 3460 360 3529 legitur
384 3467 718 3522 substitisse?
749 3467 838 3522 Sic
881 3481 1008 3537 ergo
1034 3478 1088 3522 et
1136 3467 1325 3529 Filium
1354 3484 1473 3523 cum
1511 3468 1579 3522 de

99 3543 166 3599 Dei
186 3547 327 3604 Patris
354 3564 497 3610 utero
531 3556 856 3626 processisse
895 3555 1140 3620 fatemur,
1184 3572 1288 3611 non
1326 3558 1394 3611 ad
1437 3558 1578 3610 indi-

96 3635 198 3691 rium
225 3642 355 3695 unius
386 3655 616 3710 naturae;
663 3645 756 3699 sed
785 3647 849 3699 ad
882 3645 1320 3714 investigabilium
1348 3653 1581 3701 secreto-

102 3742 186 3780 rtnn
208 3744 369 3789 arcana
392 3737 591 3792 dictum
620 3747 981 3806 competenter
1004 3736 1259 3790 debemus
1282 3737 1538 3805 accipere.

154 3820 239 3873 λιι.
259 3825 541 3883 Athanasius
587 3829 714 3882 dixit
762 3845 780 3880 :
830 3827 886 3881 In
927 3828 1064 3882 ludis
1111 3828 1477 3891 theatralibus,
1528 3827 1580 3880 bi

107 3908 171 3974 (ὶυῖ
191 3911 428 3978 ﬁgurarum
452 3917 708 3972 varietate
730 3926 1017 3982 mutantur,
1046 3917 1240 3983 diversi
1266 3917 1474 3986 quidem
1496 3927 1583 3969 at-

106 4013 178 4060 que
199 4000 266 4055 alii
293 4018 529 4074 apparent
561 4009 731 4061 oculis
759 4008 1094 4061 intuentium.
1121 4007 1252 4062 Nam
1287 4007 1424 4062 idem
1466 4007 1580 4076 ipse

108 4090 171 4152 ‘l'ti
195 4102 346 4159 aptatae
372 4097 611 4168 imaginis
641 4100 816 4167 Specie
854 4096 1051 4167 rigidus
1095 4096 1362 4166 quondam
1407 4097 1582 4153 inces-

115 4189 234 4243 serat,
274 4184 440 4240 iterum
483 4189 630 4242 vultu
667 4188 719 4241 in
759 4187 858 4240 hoc
905 4188 1075 4256 ipsum
1119 4196 1319 4256 aptato,
1366 4187 1582 4242 alternis

114 4265 398 4325 membrorum
415 4275 644 4328 motibus
671 4273 879 4338 ludens,
907 4273 959 4327 in
992 4273 1265 4327 mollitiem
1303 4273 1584 4329 resolvitur

1678 3105 1745 3158 Et
1758 3106 1801 3158 si
1821 3105 1958 3158 idem
1973 3105 2317 3171 babentesse,
2332 3106 2483 3161 unius
2500 3118 2625 3163 sunt
2643 3097 2983 3174 proculdubio
2995 3113 3233 3166 substan-

1680 3195 1784 3249 tiae.
1809 3196 1990 3264 Neque
2012 3198 2155 3260 enim
2185 3197 2324 3271 aliud
2349 3211 2429 3266 est
2458 3213 2577 3252 esse
2601 3199 2771 3254 Patris
2789 3211 2843 3255 et
2869 3203 3008 3257 aliud
3030 3207 3231 3271 vivere,

1679 3285 1772 3338 sed
1804 3285 1903 3339 hoc
1932 3295 2014 3340 est
2039 3286 2216 3341 vivere
2237 3287 2375 3356 quod
2401 3297 2484 3342 est
2510 3298 2735 3357 etesse;
2768 3291 2816 3346 id
2848 3302 2926 3346 est
2956 3309 3059 3350 non
3089 3296 3238 3367 aliud

1681 3385 1762 3430 est
1792 3375 1947 3430 Pater
1977 3377 2089 3444 ipse
2112 3387 2166 3454 et
2188 3376 2326 3449 aliud
2357 3378 2458 3432 vita
2487 3379 2626 3447 ejus,
2650 3381 2742 3435 sed
2781 3384 2880 3436 vita
2904 3386 3155 3450 essentia,
3179 3367 3235 3440 et

1682 3467 1910 3527 essentia
1928 3468 2055 3519 vita.
2075 3466 2324 3542 Alioiiuin
2343 3470 2666 3538 compositus
2678 3471 2961 3537 videbitur,
2975 3487 3039 3528 ex
3063 3474 3236 3529 diver-

1683 3554 1837 3608 sitate
1865 3554 2183 3622 subsistens,
2210 3557 2254 3609 si
2284 3558 2424 3614 aliud
2455 3558 2586 3626 ipse,
2609 3559 2746 3612 aliud
2781 3562 2886 3615 vita
2927 3566 3041 3629 ejus
3074 3566 3236 3634 signi-

1684 3642 1845 3699 ﬁcare
1896 3644 2125 3700 videtur.
2175 3645 2309 3710 Quia
2348 3661 2476 3716 ergo
2518 3659 2747 3717 apparet
2765 3653 2868 3703 vita
2926 3653 3095 3707 Patris
3137 3657 3236 3709 ltoc

1685 3749 1803 3789 esse
1823 3735 1960 3804 quod
1990 3736 2103 3805 ipse
2126 3747 2246 3802 est;
2278 3737 2410 3792 sicut
2443 3739 2600 3794 habet
2628 3742 2783 3807 vitam
2813 3744 2862 3796 iu
2889 3758 2965 3808 se,
2999 3745 3074 3798 sic
3093 3746 3238 3801 dedit

1684 3827 1824 3882 Filio
1853 3827 2050 3882 habere
2083 3829 2275 3889 vitam;
2318 3829 2368 3882 id
2395 3840 2496 3895 est,
2529 3833 2606 3884 sic
2647 3842 2727 3886 est
2769 3847 2890 3886 esse
2931 3833 3070 3900 Filii,
3103 3838 3238 3893 sicut

1684 3931 1804 3970 esse
1835 3917 2035 3980 Patris;
2065 3932 2168 3969 non
2191 3918 2404 3977 dubiant
2435 3930 2515 3972 est
2544 3916 2755 3974 Patrem
2785 3929 2840 3974 et
2863 3920 3049 3976 Filium
3084 3928 3237 3982 unius

1684 4007 1951 4068 essentim,
1986 4016 2142 4074 atque
2169 4007 2321 4060 uttius
2343 4021 2460 4073 esse
2488 4018 2706 4062 natura}.

1757 4093 1891 4147 XIV.
1917 4094 2043 4146 Nam
2074 4105 2128 4148 et
2152 4097 2289 4163 quod
2319 4098 2391 4150 ait
2425 4096 2616 4151 :‘Sicut
2667 4099 2799 4152 nouit
2847 4118 2923 4155 me
2973 4101 3148 4169 Pater,
3193 4117 3239 4159 et

1687 4200 1775 4255 ego
1805 4185 1917 4237 novi
1947 4181 2153 4238 Patrem
2183 4183 2360 4253 (locu,
2393 4201 2449 4251 ι,
2484 4186 2594 4256 lia),
2619 4190 2869 4242 unitatem
2898 4192 3241 4258 proculdubio

1689 4274 2107 4329 voluitindicare
2131 4276 2470 4340 substantia;
2515 4278 2634 4344 quia
2674 4279 2961 4332 secundum
3002 4284 3241 4350 superio-

115 4350 373 4414 feminarum.
407 4363 474 4418 lta
505 4379 646 4418 nunc
674 4364 880 4418 videtur
904 4364 1031 4417 mihi
1057 4364 1210 4418 Arius
1237 4363 1584 4433 qurestionum
1690 4366 1763 4419 ris
1792 4364 2171 4434 disputationis
2211 4365 2632 4436 intelligentiam,
2667 4383 2770 4423 non
2809 4370 2950 4424 aliud
2980 4381 3060 4424 est
3087 4387 3244 4428 nosse

121 4442 360 4512 imaginibus
387 4451 694 4517 immutatis,
727 4456 872 4509 velut
898 4454 1104 4526 diversa
1148 4454 1465 4525 conjiciens,
1514 4457 1586 4509 si-

122 4531 360 4594 militudinis
385 4547 630 4599 varietate
655 4544 895 4599 formari.
927 4545 1058 4598 Nam
1092 4545 1191 4598 hoc
1220 4545 1358 4612 quod
1387 4545 1586 4599 dudum

120 4626 283 4690 “’"lptis
300 4639 344 4681 et
385 4632 712 4688 brevissimis
753 4633 1166 4702 disputationum
1199 4633 1588 4702 objectionibus

125 4709 414 4786 intentarent,
462 4728 560 4778 sub
592 4726 815 4779 alterius
837 4733 1093 4794 prattcxtu
1122 4725 1374 4794 imaginis
1393 4726 1586 4779 iterum

123 4813 162 4851 ac
189 4808 342 4875 saepius
367 4827 624 4882 repetens,
656 4833 682 4867 a
712 4816 1034 4884 proprietate
1076 4815 1387 4884 quaestionis
1433 4817 1590 4871 illatae

128 4895 367 4954 omnimodis
385 4920 476 4958 non
499 4906 723 4960 recedit.
756 4904 935 4973 Neque
961 4905 1102 4960 enim
1131 4906 1252 4974 quia
1278 4921 1415 4960 nunc
1435 4907 1589 4960 latius

126 4983 365 5046 etdill’usius
389 4999 630 5067 perplexa
662 5000 940 5052 verborum
975 4999 1216 5068 ambage,
1249 4999 1439 5053 seriem
1466 5014 1590 5068 pro-

72 5091 74 5094 '
132 5076 336 5136 Potitiunis
367 5091 606 5153 extendit,
649 5091 767 5143 ideo
814 5091 954 5144 aliud
982 5091 1157 5158 egisse
1196 5091 1452 5144 videndus
1482 5099 1585 5156 est,

74 5197 76 5206 ι
132 5176 236 5225 quam
254 5176 366 5239 quod
385 5182 962 5248 superius‘convincitur
979 5187 1247 5236 actitasse.
1267 5183 1404 5235 Dixit
1423 5181 1583 5246 enim,

136 5251 270 5314 thltoc
291 5264 467 5326 Patrem
487 5284 536 5329 et
571 5273 761 5327 Filium
790 5273 944 5325 unius
975 5289 1078 5326 non
1102 5287 1258 5341 posse
1300 5288 1419 5328 esse
1459 5273 1587 5326 sub-

137 5348 295 5412 stantia,
321 5361 436 5422 quod
465 5365 645 5417 eadem
678 5373 890 5428 paterna
914 5363 1229 5427 substantia,
1263 5378 1360 5415 nec
1388 5362 1589 5415 exube-

139 5434 278 5516 titione
299 5451 602 5515 amplissimae
628 5452 970 5506 derivationis
1001 5452 1051 5505 in
1082 5453 1353 5520 augmenti
1381 5452 1588 5520 copiam

140 5520 285 5582 ίωυθτε
308 5541 533 5612 Possit(ut
564 5555 685 5612 pote
709 5560 825 5613 qua:
871 5545 1032 5598 nullis
1059 5554 1314 5598 metarum
1355 5544 1592 5600 terminis

1690 4453 1881 4520 Patris,
1910 4463 1964 4508 et
1988 4454 2131 4521 aliud
2154 4470 2293 4511 esse.
2312 4455 2422 4509 lloc
2449 4457 2618 4525 ipsum
2642 4460 2781 4510 enim
2809 4459 2948 4528 quod
2975 4470 3056 4515 est
3078 4463 3241 4527 novit,

1679 4531 1742 4599 et
1766 4545 1902 4616 quod
1929 4548 2074 4600 novit
2094 4558 2206 4611 est;
2234 4548 2358 4617 quia
2388 4563 2492 4602 non
2521 4549 2676 4602 aliter
2706 4551 2870 4614 novit,
2900 4551 3123 4606 etaliter
3141 4567 3249 4647 est‘

1690 4633 1756 4686 Et
1775 4635 1894 4700 quia
1927 4636 2001 4687 sic
2033 4634 2194 4689 Filius
2221 4635 2366 4689 novit
2392 4634 2624 4698 Patrem,
2663 4639 2798 4689 sicut
2820 4654 2939 4692 cum
2970 4639 3125 4694 Pater
3155 4633 3246 4693 ιιοῖ

1691 4721 1782 4787 vit,
1809 4723 2079 4777 notionem
2106 4740 2235 4778 vero
2263 4725 2314 4778 itt
2346 4725 2454 4778 Deo
2500 4730 2782 4799 essentiam
2833 4741 2952 4780 esse
2997 4729 3244 4795 diximus,

1698 4830 1800 4868 non
1837 4814 1991 4885 156
2017 4815 2232 4868 dubium
2259 4816 2396 4883 quod
2428 4815 2582 4872 sicuti
2609 4827 2692 4869 est
2732 4816 2908 4883 Pater,
2955 4820 3024 4871 ita
3064 4830 3146 4890 est
3195 4835 3247 4876 et

1696 4905 1895 4967 Filius;
1925 4921 1986 4961 ac
2011 4907 2087 4960 sic
2116 4907 2473 4961 diversitatem
2505 4908 2749 4961 essentia:
2765 4925 2867 4961 non
2894 4909 3120 4983 admittit
3139 4926 3245 4974 res,

1696 5013 1811 5065 qua:
1835 5013 1939 5050 uno
1961 5013 2021 5050 ac
2054 4998 2212 5052 simili
2247 4998 2404 5051 modo
2432 4998 2692 5053 subsistit.
2751 4986 2982 5067 Denique
3029 5009 3084 5053 ut
3111 5001 3245 5054 hanc

1697 5087 1867 5142 Patris
1907 5102 1960 5143 et
2001 5090 2118 5144 Filii
2166 5092 2382 5162 unitatis
2412 5092 2757 5144 substantiam
2809 5092 3009 5160 plenius
3053 5107 3233 5146 nosce-

1696 5195 1895 5246 remus,
1926 5181 2164 5248 quaedam
2196 5181 2348 5234 nobis
2376 5180 2568 5234 divina:
2596 5181 2882 5248 Scriptura:
2912 5195 3088 5246 rerum
3120 5185 3234 5235 visi-

1691 5271 1872 5324 bilium
1903 5273 2146 5340 exempla
2175 5282 2483 5340 posuerunt,
2515 5273 2705 5341 quibus
2753 5287 2845 5323 nos
2891 5271 2954 5322 ad
3001 5273 3244 5326 invisibi—

1692 5358 1817 5412 lium
1876 5361 2269 5429 intelligentiam
2337 5361 2630 5428 religiosius
2691 5369 3051 5429 provocarent.
3112 5362 3242 5416 Nam

1694 5455 1896 5526 paterni
1922 5455 2136 5508 luminis
2163 5455 2521 5524 Splendorcm,
2547 5463 2598 5506 ct
2625 5451 2870 5506 bonitatis
2901 5452 3018 5519 ejus
3054 5453 3244 5523 imagi-

1658 5571 1662 5576 -
1697 5560 1814 5600 ncm
1847 5544 2033 5599 Filium
2066 5560 2318 5614 posuere;
2351 5561 2451 5603 non
2478 5543 2618 5613 quod
2651 5527 2715 5596 ad
2747 5559 2832 5598 res
2877 5542 3082 5597 div-inus
3127 5563 3241 5600 uie-
