3856 6222
543 271 645 326 20⁵1

1845 267 2064 325 VIBII."
2105 265 2193 325 ἸἎ
2204 267 2477 326 νςεκςιε

3685 273 3783 326 908

543 384 746 439 tiendas
775 381 1127 448 corporalium
1151 378 1474 436 satisfaciant
1494 381 1735 451 exempla
1763 382 2094 449 Specierttnt;
2130 388 2176 442 Α
2204 384 2465 448 proferam
2495 384 2884 436 documentum.
2913 381 3143 450 Angelus
3168 381 3233 435 ad
3265 381 3477 435 tiariam
3507 381 3588 434 ita
3617 380 3782 446 ιοιιιτίο

545 476 635 528 sed
657 476 774 543 quia
806 473 1084 527 iuetfuhilis
1134 474 1221 526 illa
1271 480 1457 526 natura
1503 473 1726 541 exprimi
1769 486 1872 525 non
1901 471 2095 538 potuit,

546 565 780 630 quaedam
807 579 868 616 ex
902 563 982 615 his
1002 577 1120 630 qum
1162 561 1410 616 videnlur
1433 561 1794 615 similitudinis
1816 565 2101 627 proterun-

548 668 630 709 tur
658 655 867 708 indicia.
897 654 967 707 Ut
993 654 1127 707 sicut
1154 653 1429 721 splendor,
1460 665 1514 709 et
1544 655 1679 723 ignis
1720 654 1953 706 diversa:
1993 667 2098 705 non

543 746 1008 804 suntsubstuntizc;
1029 745 1110 797 vel
1131 745 1267 798 sicut
1285 747 1455 812 imago
1472 747 1537 799 ab
1555 761 1618 799 eo
1631 744 1781 808 cuius
1797 753 1880 797 est
1899 743 2094 810 imago,

538 837 596 888 iu
622 836 794 903 aliquo
823 835 1036 890 dilfcrre
1065 851 1169 888 non
1196 845 1369 906 potest
1396 840 1488 906 (ne
1516 837 1593 890 sic
1621 834 1818 902 aliquid
1850 835 1900 887 in
1926 847 1985 887 se
2013 834 2100 886 diu

539 939 752 980 versum
777 925 1030 993 retinens,
1062 927 1290 991 perfecta
1317 938 1369 981 et
1407 941 1528 980 vera
1558 940 1684 980 esse
1725 939 1828 978 non
1874 924 2098 995 possit),

543 1013 613 1066 ita
642 1013 797 1068 Pater
821 1024 876 1068 et
906 1014 1072 1084 Filius,
1096 1031 1199 1070 non
1229 1018 1470 1079 diversa,
1499 1015 1593 1070 sed
1622 1016 1779 1069 unius
1805 1015 2096 1070 credantur

543 1118 661 1159 esse
697 1105 1019 1161 substantiae.
1069 1107 1134 1161 Et
1177 1109 1296 1176 quia
1342 1106 1588 1160 nonnulla
1641 1106 1872 1174 exempli
1926 1107 2098 1176 gratia

542 1197 762 1265 protulit
788 1200 1105 1265 testimonia,
1133 1200 1320 1269 quibus
1347 1208 1629 1262 astrueret,
1661 1198 1736 1252 ita
1765 1213 1888 1255 esse
1908 1200 2096 1254 omnia

544 1307 606 1344 ex
633 1291 765 1354 Deo,
790 1303 846 1346 ιιι
872 1309 974 1346 non
1005 1301 1179 1346 tamen
1209 1293 1275 1346 de
1305 1294 1422 1356 ejus
1451 1291 1734 1346 credantur
1763 1295 2092 1362 processisse

538 1383 860 1444 substantia;
897 1383 1161 1452 interrogo
1205 1395 1376 1438 utrum
1400 1379 1484 1437 sic
1515 1383 1710 1438 Filium
1733 1400 1800 1440 ex
1825 1385 1983 1440 Patre
2012 1401 2100 1440 as-

544 1474 672 1526 serit
696 1474 990 1537 entit'rsse,
1013 1475 1149 1526 sicut
1174 1475 1416 1529 universa
1441 1490 1510 1529 ex
1537 1475 1652 1542 ipso
1672 1476 1948 1530 exstitisse
1976 1492 2098 1531 nar-

544 1572 743 1619 rantur.
768 1565 901 1631 Quid
931 1579 1059 1634 ergo
1085 1565 1251 1620 dicis?
1295 1565 1384 1622 Sic
1424 1565 1680 1621 debemus
1725 1566 1967 1636 accipere
2012 1567 2103 1622 Fi-

535 1655 667 1708 iium
691 1654 759 1710 de
785 1654 954 1709 Patris
977 1664 1128 1710 utero
1157 1656 1502 1724 processisse,
1558 1657 1639 1710 vel
1671 1671 1734 1711 ex
1768 1655 1922 1712 Patre
1955 1659 2101 1725 geni-

2195 482 2310 535 .tttr,
2340 472 2524 525 dicens
2550 487 2564 524 :
2595 471 2817 539 Spiritus
2844 482 3048 523 sumtus
3075 475 3382 541 supervmiet
3411 473 3463 525 its
3495 481 3568 533 te,
3606 481 3659 523 et
3685 475 3780 520 tir-

2203 569 2282 612 tus
2307 561 2551 613 Altissititi
2575 559 2883 612 obumbrtt'tit
2907 561 3012 613 tibi.
3049 559 3077 612 Ι
3098 568 3272 630 Ieoqate
3298 572 3345 613 et
3372 561 3510 629 quod
3534 569 3778 611 simul!

2201 667 2264 704 ex
2291 662 2338 705 te
2364 664 2612 715 sanctum,
2655 652 2911 704 ινοσιιὸὶιιιτ
2941 651 3107 707 Filius
3139 653 3234 708 Dei
3259 656 3278 722 ζ
3301 655 3423 708 Luc.
3461 671 3512 721 t,
3550 654 3676 718 35).
3721 653 3782 706 Et

2203 741 2391 794 iterum
2422 742 2745 806 Apostolus:
2774 739 2902 794 Cum
2933 752 3099 796 autem
3124 747 3251 798 venit
3283 746 3551 812 plenitudo
3582 754 3780 810 tempo-

2198 829 2292 890 ris,
2315 828 2446 880 misit
2473 827 2609 881 Deus
2639 826 2833 881 Filium
2856 845 3002 882 suum
3025 840 3198 884 natum
3220 849 3281 886 ex
3311 834 3545 899 muliere,
3587 837 3780 904 factata

2201 921 2289 968 sub
2319 916 2425 986 tege
2465 914 2606 987 (Gal.
2657 933 2743 979 tv,
2785 917 2862 988 ι).
2915 920 3049 973 Num
3081 922 3235 989 igitur
3263 922 3384 991 quia
3413 923 3653 991 angelus
3681 921 3783 975 Ila--

2201 1017 2334 1065 riam
2361 1012 2436 1066 sic
2460 1011 2648 1064 atratus
2674 1022 2784 1074 est,
2817 1023 2873 1066 ut
2907 1029 3012 1067 non
3037 1014 3102 1067 dc
3140 1015 3282 1084 ipsa,
3307 1015 3403 1069 sed
3444 1031 3510 1068 ex
3548 1016 3672 1084 ipsa
3701 1016 3778 1083 gi-

2201 1104 2466 1170 gnendum
2495 1105 2699 1158 diceret
2727 1104 2950 1171 Filium;
2983 1108 3102 1176 quia
3134 1109 3419 1176 Apostolus
3447 1124 3514 1163 ex
3551 1108 3781 1163 muliere

2204 1202 2383 1246 natum
2416 1193 2641 1247 asseruit
2665 1193 2888 1259 Filium;
2916 1196 2984 1248 ob
3015 1197 3114 1249 hoc
3141 1197 3192 1248 in
3214 1195 3428 1250 Christo
3455 1197 3572 1251 veri
3607 1197 3780 1250 homi-

2204 1287 2284 1337 nis
2315 1285 2644 1338 nativitatem
2667 1298 2996 1353 nequaquam
3021 1286 3418 1353 protitebimur;
3451 1296 3545 1338 aut
3573 1286 3778 1339 extrin-

2203 1389 2378 1437 secus,
2402 1383 2459 1429 et
2482 1385 2585 1427 nun
2617 1375 2827 1443 proprie
2864 1376 3098 1444 virginali
3145 1376 3414 1430 credimus
3449 1388 3616 1430 utero
3657 1390 3774 1442 pro-

2203 1465 2473 1519 cessisse?
2498 1462 2683 1518 Cernis
2703 1465 2882 1535 igitur,
2912 1466 3177 1535 superﬂue
3202 1476 3254 1520 te
3285 1467 3337 1519 iu
3378 1465 3580 1520 divinae
3626 1465 3782 1534 158

2203 1555 2570 1621 generationis
2598 1558 2870 1610 nativitate
2895 1557 3178 1610 visibilium
3198 1566 3570 1610 creaturarum
3602 1569 3776 1610 exem-

2206 1645 2289 1712 pla
2337 1644 2668 1713 protulisse?
2717 1660 2838 1699 cum
2885 1647 3300 1700 evidentioribus
3345 1646 3778 1700 testimoniorum

541 1753 652 1797 tum
681 1758 820 1806 esse,
850 1743 990 1799 sicut
1021 1743 1265 1799 homines
1291 1759 1357 1800 ex
1400 1743 1512 1799 Deo
1533 1754 1707 1811 natos,
1737 1745 1817 1799 vel
1846 1746 1983 1800 sicut
2011 1748 2098 1801 nix
2133 1732 2180 1793 Β
2203 1735 2538 1792 documentis
2566 1749 2839 1806 appareat,
2873 1740 2922 1793 id
2950 1754 3071 1795 esse
3093 1756 3155 1793 ex
3178 1739 3313 1809 ipso.
3341 1741 3483 1809 quod
3509 1752 3597 1794 est
3621 1741 3776 1793 etiam

541 1849 608 1888 ex
635 1834 752 1903 ejus
781 1842 930 1889 utero
950 1835 1137 1904 legitur
1164 1835 1475 1904 procedere,
1497 1850 1564 1888 an
1590 1834 1744 1903 longe
1770 1835 1965 1889 aliter?
1998 1836 2104 1890 Sed

539 1939 723 1992 quaso
770 1933 828 1980 ut
875 1941 1035 1979 unum
1079 1940 1113 1980 e
1161 1925 1367 1980 duobus
1405 1927 1774 1994 respondeas;
1803 1925 1855 1981 id
1887 1936 1989 1993 est,
2019 1936 2110 1982 ant

525 2015 802 2079 similiter,
827 2025 920 2069 aut
938 2031 1040 2069 non
1063 2015 1306 2070 similiter
1332 2015 1501 2070 dicas.

611 2105 726 2161 XV.
753 2105 903 2160 Arius
928 2106 1059 2159 dixit
1085 2120 1104 2159 :
1133 2104 1249 2159 Non
1293 2105 1542 2160 similiter
1589 2104 1838 2160 universa
1881 2118 1945 2159 ex
1996 2103 2106 2158 Deo

543 2194 882 2260 exstiterunt,
912 2194 994 2249 vel
1023 2195 1201 2264 genita
1223 2206 1344 2250 sunt
1373 2195 1510 2250 sicut
1544 2193 1733 2249 Filius.
1764 2195 1934 2251 Aliter
1962 2196 2104 2250 enim

546 2284 734 2348 Filius,
762 2285 918 2339 aliter
944 2284 1150 2340 exstitit
1178 2295 1441 2339 creatura.

610 2373 916 2429 Athanasius
975 2375 1101 2428 dixit
1144 2389 1166 2428 :
1205 2373 1263 2429 Si
1313 2374 1507 2428 Filium
1560 2375 1715 2442 longe
1761 2375 1915 2430 aliter
1950 2390 2105 2446 quam

539 2473 838 2529 creaturam
861 2466 1151 2542 exstitisse
1191 2464 1374 2519 fateris
1395 2506 1411 2532 ,
1443 2480 1539 2520 cur
1572 2466 1624 2520 in
1655 2467 1769 2535 ejus
1818 2470 2107 2523 nativitatis

539 2556 905 2624 generatione,
936 2569 1114 2610 rerum
1138 2554 1395 2609 factarum
1423 2556 1670 2624 exempla
1699 2557 2002 2622 protulisti?
2040 2557 2103 2611 Hi

541 2648 685 2701 enim
712 2645 806 2715 qui
827 2645 1127 2714 disparibus
1148 2644 1319 2698 modis
1341 2648 1566 2713 propriae
1585 2646 1805 2714 Originis
1827 2661 2102 2714 sumpsere

543 2737 824 2805 principia,
842 2750 944 2790 non
972 2749 1125 2803 :equo
1148 2735 1510 2802 intelligentiae
1530 2750 1686 2790 sensu
1709 2739 2006 2806 comparari
2026 2741 2100 2793 vi-

537 2827 749 2880 dentur.
779 2825 896 2893 Quo
920 2826 1040 2894 quia
1071 2827 1453 2893 prosecutionis
1484 2836 1587 2880 tum
1635 2827 1860 2882 intentio
1892 2830 2094 2900 vergit,

536 2929 757 2986 apparet
779 2928 829 2972 te
859 2917 1069 2973 Photini
1106 2916 1388 2988 dogmatis,
1429 2920 1570 2989 quod
1611 2919 1814 2974 dudum
1851 2922 2099 2990 repudia-

542 3010 654 3066 bas.
686 3022 920 3064 errorem
945 3008 1259 3079 sacrilegum
1287 3008 1584 3066 defensare.
1610 3010 1740 3065 Nam
1765 3023 1817 3066 et
1844 3013 1956 3081 ipse
1976 3027 2094 3068 cum

2209 1827 2275 1881 de
2303 1827 2418 1895 ipso
2445 1831 2710 1896 generari.
2764 1827 2913 1882 Unde
2944 1829 3123 1882 mirari
3157 1845 3241 1883 me
3268 1830 3460 1893 fateor,
3504 1834 3776 1900 quomodo

2206 1931 2326 1989 cum
2347 1927 2603 1972 creaturae
2621 1930 2813 1970 nomen
2832 1919 2882 1972 itt
2903 1917 3040 1973 Filio
3056 1919 3316 1993 refugias;
3343 1931 3398 1972 et
3421 1937 3523 1971 non
3552 1920 3769 1978 factum.

2205 2007 2300 2061 sed
2327 2022 2452 2063 vere
2481 2007 2677 2078 (sicuti
2703 2017 2786 2061 est
2814 2009 3196 2078 profitendum)
3236 2023 3299 2062 ex
3344 2009 3502 2063 Patre
3537 2017 3772 2076 genitum

2206 2097 2396 2153 credas
2425 2098 2636 2153 Photini
2664 2099 3074 2167 quodaminodo,
3106 2100 3205 2153 etsi
3257 2114 3364 2152 non
3408 2100 3657 2168 integris,
3689 2115 3773 2148 ve-

2207 2198 2504 2244 rumtamen
2532 2189 2797 2244 similibus
2837 2194 3266 2258 prosecutionum
3311 2192 3619 2256 sententiis,
3662 2192 3770 2258 ejus

2208 2278 2372 2334 fueris
2402 2280 2688 2348 impietatis
2713 2280 2905 2348 dogma
2933 2282 3190 2335 imitatus.

2285 2370 2437 2425 Arius
2452 2371 2580 2425 dixit
2601 2386 2620 2424 :
2637 2370 2765 2437 Quis
2781 2371 2956 2438 potius
2975 2371 3183 2425 PhOtini
3209 2381 3446 2427 sectatur
3471 2373 3765 2442 perﬁdiam,

2212 2469 2457 2515 utrumne
2479 2475 2600 2530 ego,
2643 2461 2735 2529 qui
2763 2474 2824 2514 ea
2853 2475 2973 2530 quae
3001 2460 3166 2516 Filius
3194 2461 3257 2515 ad
3302 2463 3766 2517 demonstrandam

2206 2552 2494 2606 divinitatis
2522 2566 2632 2604 suae
2663 2552 2819 2619 longe
2842 2551 3172 2616 inferiorem,
3214 2562 3267 2607 et
3307 2567 3414 2606 non
3443 2555 3494 2605 in
3523 2552 3765 2606 omnibus

2205 2642 2431 2696 similem
2449 2645 2688 2694 naturam
2709 2641 2910 2695 locutus
2923 2649 3026 2708 est,
3042 2641 3332 2696 secundum
3353 2642 3612 2696 deitatem
3626 2655 3766 2694 suam

2203 2739 2402 2793 dictum
2429 2736 2661 2805 accipio;
2689 2750 2755 2790 an
2783 2739 2897 2806 ipse
2927 2745 2981 2790 tu
3003 2737 3091 2805 qui
3131 2751 3267 2804 pene
3304 2748 3493 2791 cuncta
3525 2735 3764 2789 humaui-

2206 2829 2328 2884 tatis
2353 2828 2618 2898 exempla,
2644 2844 2748 2882 non
2775 2827 2963 2884 fucatis
2985 2829 3178 2891 verbis,
3204 2843 3302 2884 nec
3322 2829 3570 2884 simulata
3595 2831 3763 2894 operis

2202 2918 2484 2975 efﬁcientia
2515 2930 2724 2988 peracta
2769 2919 2966 2973 homini
3008 2928 3220 2987 reputas
3255 2919 3566 2986 assumpto?
3613 2919 3761 2973 Nam-

2204 3025 2308 3078 que
2335 3024 2392 3063 nt
2422 3025 2523 3063 non
2555 3008 2725 3062 solum
2757 3009 3016 3072 alterum,
3051 3024 3237 3063 verum
3269 3009 3432 3062 etiam
3464 3010 3761 3063 inferiorem

535 3098 731 3154 Filium
757 3100 847 3155 Dei
883 3102 1031 3172 157
1057 3101 1125 3154 de
1156 3100 1310 3155 Patre
1337 3103 1570 3170 genitum
1597 3079 1907 3173 abnegaret,
1940 3111 2100 3174 atque
2131 3079 2177 3142 (ἶ
2206 3115 2235 3154 a
2268 3101 2424 3154 Patre
2455 3099 2786 3162 ostenderet,
2815 3100 2887 3151 a't
2919 3116 2931 3151 :
2971 3098 3127 3151 Pater
3154 3102 3319 3170 major
3347 3115 3428 3152 me
3461 3111 3533 3153 at
3576 3098 3756 3169 (lana.

540 3191 734 3245 talibus
765 3189 1186 3245 testimoniorum
1216 3190 1545 3244 documentis
1571 3201 1954 3258 coarctaretur,
1980 3194 2100 3263 qui-

540 3282 639 3335 bus
659 3282 773 3334 luce
793 3278 985 3334 clarius
1006 3280 1418 3345 demonstratur,
1435 3274 1627 3334 Filium
1657 3280 1748 3335 Dei
1778 3282 1943 3336 Deum
1972 3297 2101 3338 vere

538 3377 596 3424 et
616 3371 827 3438 proprie
850 3369 917 3424 de
948 3368 1116 3423 Patris
1142 3370 1435 3423 substantia
1461 3370 1725 3438 genitum;
1759 3371 1884 3426 illuc
1911 3371 2104 3441 impie.

539 3464 667 3517 tatis
689 3475 797 3514 sure
824 3460 1093 3514 molimina
1125 3462 1301 3524 vertit,
1350 3469 1408 3514 ut
1448 3461 1648 3515 eisdem
1680 3462 1850 3516 modis
1879 3463 2103 3517 eodem-

539 3565 640 3619 que
663 3552 879 3604 rationis
902 3552 1110 3615 ordine,
1138 3549 1326 3603 Filium
1347 3551 1414 3604 de
1437 3551 1592 3606 Patre
1610 3562 1875 3607 assereret
1896 3562 2074 3606 natum
2093 3593 2108 3615 ,

538 3644 676 3694 sicut
705 3640 942 3693 homines
969 3654 1065 3708 per
1094 3639 1393 3707 adoptionis
1420 3641 1662 3707 gratiam,
1706 3642 1757 3695 iu
1784 3641 1977 3697 divina:
2005 3658 2101 3712 ge-

541 3729 837 3784 nerationis
894 3730 1092 3797 prolem
1142 3728 1368 3797 tegimus
1417 3741 1782 3784 consecratos.
1833 3732 1987 3800 Quod
2046 3744 2101 3787 tu

539 3835 773 3888 quoque,
805 3820 926 3874 licet
955 3819 1073 3872 aliis
1100 3817 1303 3872 viarum
1329 3819 1534 3872 indiciis
1559 3822 1828 3888 gradiens,
1856 3823 1921 3876 ad
1951 3837 2100 3877 enm-

537 3912 660 3966 dein
693 3921 867 3964 tamen
900 3911 1221 3964 iuitdeiitatis
1249 3913 1540 3980 compitum
1587 3915 1877 3979 pervenisti
1909 3932 1923 3968 :
1956 3929 2103 3970 asse-

534 4016 662 4057 rens
688 4016 792 4056 non
813 4000 884 4055 ob
907 4006 1006 4056 hoc
1033 4003 1102 4056 de
1139 4002 1225 4056 illa
1259 4001 1511 4056 inetfabili
1561 4001 1733 4058 Patris
1779 4005 2100 4072 substantia,

464 4132 473 4140 .
535 4090 699 4146 tilium
729 4100 908 4144 natum
936 4091 1132 4145 debere
1163 4091 1406 4160 intelligi,
1453 4093 1593 4162 quod
1632 4108 1700 4147 ex
1733 4093 1841 4148 Deo
1869 4097 2099 4164 genitus,

533 4183 704 4236 vel-ex
732 4180 901 4234 Patris
931 4188 1083 4234 utero
1118 4181 1307 4249 legitur
1335 4182 1668 4249 processisse
1699 4197 1714 4237 :
1741 4199 1864 4238 cum
1893 4187 2101 4240 ratione

530 4269 798 4323 consimili
825 4284 943 4323 non
989 4270 1158 4321 solum
1205 4269 1448 4323 homines
1482 4286 1545 4324 ex
1577 4272 1686 4326 Deo
1708 4283 1881 4339 natos,
1915 4289 2099 4330 verum

533 4370 696 4413 etiam
729 4357 1112 4412 insensibilinnt
1155 4361 1537 4412 elementorum
1577 4361 1860 4429 qualitates
1895 4366 2098 4431 paterni

2206 3207 2312 3258 xtv,
2343 3191 2459 3257 28).
2518 3190 2630 3257 Qua
2665 3187 2992 3258 professione
3018 3189 3314 3244 evidentius
3345 3189 3646 3244 declaratur
3673 3188 3762 3242 Pa-

2205 3285 2300 3338 tris
2326 3293 2378 3337 et
2407 3283 2523 3337 Fili
2553 3283 2788 3337 ditersas
2815 3294 2936 3334 esse
2963 3282 3304 3337 substantias.

2273 3373 2315 3428 Χ
2329 3373 2434 3427 Vll.
2453 3374 2760 3426 Altattasius
2778 3374 2904 3426 dixit
2928 3372 3230 3429 :Proliterls
3253 3373 3442 3428 Filium
3469 3374 3557 3430 Dei
3580 3374 3757 3438 Deum,

2205 3465 2454 3519 servilem
2484 3464 2651 3518 nostri
2680 3466 2893 3532 generis
2924 3466 3144 3517 formam
3167 3464 3418 3529 subiisse,
3449 3481 3515 3521 an
3543 3466 3679 3520 non?

2279 3555 2430 3608 Arius
2459 3556 2588 3607 dixit
2618 3570 2637 3607 :
2668 3555 2799 3620 Quis
2829 3556 2929 3608 hoc
2955 3555 3148 3624 impius
3178 3556 3474 3625 negaverit,
3503 3557 3757 3611 Christum

2207 3645 2408 3702 scilicet
2437 3645 2624 3711 Demn,
2681 3647 2751 3700 ita
2802 3662 3011 3718 quoque
3060 3663 3243 3703 verum
3287 3648 3556 3704 hominem
3599 3650 3755 3704 conti-

2207 3736 2427 3790 tendttm
2453 3737 2476 3788 ’ἒ

2279 3826 2581 3880 Athanasius
2611 3826 2781 3881 dixit:
2807 3827 3066 3882 Debemus
3095 3829 3250 3898 igitur
3271 3844 3460 3885 eorum
3482 3846 3600 3900 quae
3618 3828 3756 3884 Chri-

2208 3925 2323 3970 stus
2353 3917 2559 3970 locutus
2581 3925 2683 3978 est,
2725 3917 2996 3987 aliquanta
3040 3917 3327 3983 divinitati,
3369 3922 3635 3988 aliqumta
3663 3918 3753 3971 bu-

2210 4005 2447 4058 tuanitati
2478 4005 2776 4069 ascribere;
2831 4022 2897 4059 an
2938 4007 3054 4060 sine
3099 4007 3208 4059 ullo
3249 4009 3546 4072 partitionis
3581 4006 3752 4060 discri-

2207 4096 2369 4161 mine,
2395 4098 2640 4151 universa
2667 4107 2758 4151 aut
2790 4097 2919 4162 Deo,
2946 4108 3037 4152 aut
3059 4099 3256 4155 homini
3287 4115 3377 4154 ass
3394 4100 3597 4170 gnare!

2277 4188 2431 4241 Arius
2457 4188 2626 4240 dixit:
2654 4187 2768 4243 Hoc
2811 4204 2915 4243 non
2949 4193 3118 4244 solum
3149 4190 3530 4260 irreligiosum,
3578 4191 3666 4248 sed
3705 4198 3754 4244 et

2206 4290 2430 4330 summa:
2455 4278 2727 4346 putabitur
2745 4293 2865 4334 esse
2889 4280 3193 4347 dementiae,
3247 4292 3304 4334 ut
3328 4283 3509 4336 omnia
3529 4297 3646 4337 eum
3673 4290 3750 4333 aut

2207 4369 2500 4424 secundum
2524 4370 2878 4436 divinitatem,
2927 4382 3020 4426 aut
3064 4372 3356 4426 secundum
3388 4372 3748 4428 humanitatem

532 4451 666 4502 uteri
707 4449 1047 4518 generatione
1077 4450 1402 4518 processisse
1435 4449 1696 4519 legantur.
1730 4451 1795 4505 Et
1833 4452 1958 4506 licet
1990 4456 2095 4522 jam
2127 4436 2177 4499 υ
2203 4462 2435 4516 locutum
2469 4462 2630 4516 fuisse
2656 4471 2922 4531 putemus.

532 4539 692 4592 totius
724 4537 1108 4606 prosccutionis
1139 4547 1240 4590 tute
1271 4540 1631 4592 narrationem
1655 4540 1808 4595 unius
1835 4547 2100 4598 sermonis

531 4627 960 4695 prduuntiatiOue
987 4625 1321 4691 dissolveris,
1353 4642 1462 4697 quo
1504 4628 1686 4682 dixisti
1737 4629 1892 4700 longe
1943 4632 2102 4688 aliter

531 4722 719 4776 Filium
745 4736 902 4788 quam
951 4730 1249 4774 creaturam
1297 4718 1549 4774 divinitus
1578 4722 1892 4776 exstitisse:
1925 4733 2100 4780 tamen

529 4815 650 4882 quia
681 4811 938 4866 brevitate
967 4811 1228 4865 sermonis
1257 4811 1537 4866 obscurius
1567 4822 1620 4865 et
1641 4813 1825 4880 perple
1846 4815 1956 4868 sius
1983 4831 2077 4883 pro

530 4903 643 4974 lati,
677 4903 1021 4958 intentionem
1063 4901 1349 4970 legentium
1389 4904 1542 4957 tetris
1571 4902 1896 4970 quibusdam
1935 4912 2092 4960 nebu-

531 4989 884 5064 Itsobuubisti
919 5010 932 5046 :
965 4993 1160 5048 idcirco
1189 5008 1326 5048 nunc
1355 5007 1457 5062 ego
1484 4992 1714 5047 lucidius
1757 5003 1812 5048 et
1859 4997 2088 5064 planius,

531 5075 647 5157 qui
672 5083 895 5144 Obscura
918 5096 1042 5141 sunt
1066 5094 1121 5141 et
1151 5088 1428 5142 veritatem
1459 5085 1805 5152 obumbrant,
1840 5087 1897 5141 in
1930 5091 2094 5141 maui-

529 5183 862 5238 festatiottem
889 5181 1194 5236 clarissima)
1227 5182 1488 5249 proteram
1519 5182 1778 5234 nationis.

600 5273 735 5328 XVI.
774 5274 1059 5330 Ostendam
1098 5274 1270 5342 igitur,
1308 5281 1563 5343 quantum
1599 5272 1665 5325 ad
1711 5272 2085 5340 proprietatem

527 5365 714 5420 divinas
740 5365 1091 5437 generationis
1121 5363 1365 5432 pertinet,
1399 5362 1496 5415 hoc
1523 5376 1643 5418 csse
1671 5379 1738 5416 ex
1770 5363 1876 5415 Deo
1915 5364 2089 5432 tt:t$t'.i,

530 5455 666 5523 quod
695 5464 774 5509 est
797 5457 862 5510 de
898 5455 1013 5523 ipso
1039 5455 1298 5523 generari.
1353 5453 1416 5506 Et
1446 5465 1500 5506 ut
1531 5451 1978 5506 mandeniorihus
2009 5454 2089 5506 dt-

533 5549 766 5602 vinarutn
793 5546 1184 5616 Scriptor-arum
1214 5543 1529 5599 testimoniis
1558 5553 1691 5608 utar,
1720 5541 2086 5613 evangeiicutu

2275 4552 2583 4606 Athanasius
2613 4552 2741 4607 dixit
2771 4567 2792 4605 :
2821 4551 2876 4607 Si
2917 4565 3046 4619 ergo
3091 4551 3384 4607 secundum
3426 4553 3747 4624 professionis

2205 4652 2310 4697 tua:
2337 4643 2678 4708 sententiam,
2719 4643 2986 4710 aliquanta
3024 4642 3318 4707 divinitati,
3361 4647 3612 4699 nonnulla
3638 4655 3746 4697 vero

2206 4732 2520 4786 humanitati
2543 4731 2855 4786 ascribenda
2888 4742 3030 4794 sunt,
3067 4746 3163 4786 cur
3203 4746 3308 4786 non
3351 4734 3453 4789 hoc
3494 4733 3626 4802 quod
3664 4733 3743 4792 ait,

2210 4824 2364 4893 Pater
2397 4825 2566 4893 major
2595 4839 2672 4876 me
2702 4832 2773 4875 est
2804 4820 3016 4891 (Ibid.),
3047 4822 3397 4888 humanitati;
3426 4834 3484 4878 et
3513 4822 3642 4893 quod
3663 4821 3741 4880 ait,

2189 4909 2321 4984 "Ego
2347 4922 2391 4993 rt
2423 4911 2577 4965 Pater
2614 4928 2766 4964 unum
2815 4927 2986 4963 sumus
3028 4909 3214 4981 (Jaan.
3272 4929 3308 4977 t,
3354 4912 3469 4980 δυ),
3513 4910 3741 4968 divinitati

2212 5004 2556 5074 reputemus?
2594 5001 2832 5068 Namque
2860 5011 2914 5054 ut
2939 5005 3168 5067 noveris,
3198 5005 3492 5058 secundum
3534 5006 3581 5060 id
3626 5000 3740 5070 quod

2210 5095 2368 5149 homo
2397 5103 2530 5160 erat,
2562 5108 2684 5148 eum
2707 5091 2938 5156 dixisse,
2974 5097 3139 5162 major
3168 5111 3247 5147 me
3279 5105 3379 5157 est.
3411 5097 3526 5150 ait:
3562 5096 3614 5150 Si
3637 5093 3739 5144 diti-

2205 5186 2382 5254 geretis
2410 5201 2487 5237 me
2500 5183 2795 5253 gaudentis
2825 5183 3014 5251 utique,
3030 5185 3147 5246 quia
3169 5183 3297 5236 vado
3321 5185 3389 5236 ad
3415 5179 3741 5248 Patrem,qsis

2209 5270 2365 5328 Pater
2412 5277 2582 5343 major
2632 5289 2707 5326 me
2752 5283 2826 5326 est
2864 5271 3053 5341 (Joan.
3094 5289 3202 5338 xiv,
3243 5274 3360 5344 28).
3408 5275 3559 5346 Rogo
3594 5277 3738 5338 itaque

2202 5382 2320 5420 cum
2346 5364 2510 5420 Filius
2540 5363 2832 5433 secundum
2856 5363 3152 5420 divinitatis
3167 5380 3280 5419 sua:
3300 5369 3590 5435 potentiam
3615 5359 3740 5435 159

2203 5459 2447 5514 universa
2476 5455 2711 5526 impleat,
2738 5469 2838 5511 nec
2865 5455 2934 5510 sit
2958 5456 3148 5524 aliquis
3189 5457 3336 5512 locus
3363 5459 3556 5514 eadem
3579 5453 3734 5512 divini-

2205 5559 2310 5605 tate
2338 5563 2533 5604 vacuus
2556 5550 2636 5619 (ut
2659 5558 2779 5619 pote
2808 5549 2895 5619 qui
2920 5549 3135 5613 emtum,
3158 5559 3210 5604 et
3243 5558 3444 5607 terram
3466 5595 3481 5619 ,
3514 5564 3653 5623 atque
3676 5549 3737 5597 in-
