3856 6222
80 292 164 343 9.09
846 287 1104 341 CDNl‘lM
1151 286 1456 349 ARMNOS,
1495 286 1969 354 SABELLIANUS,
2012 286 2184 351 ETC.,
2228 289 2348 341 ΗΠ.
2392 288 2450 340 11.

3154 285 3255 335 illi

81 406 202 457 terna
229 403 333 470 pari
359 403 737 466 ontttipotcntia
765 402 1024 467 impleat);
1058 397 1321 467 quomodo
1342 400 1433 457 ait,
1464 396 1606 449 Vado
1634 404 1682 456 Α
1709 398 1918 453 dicens:
1948 399 2205 451 Eructat'it
2227 415 2313 451 cor
2329 414 2491 450 meum
2515 398 2709 450 t‘erbum
2727 395 2908 445 bonum
2937 393 3098 462 (Ρδιιί.
3124 410 3254 447 sur.

80 497 134 545 ad
147 494 354 555 Patrem,
374 507 496 544 cum
517 505 622 556 quo
635 499 688 543 et
707 505 915 557 semper
928 501 1058 553 erat,
1079 499 1134 542 et
1155 505 1182 541 a
1214 502 1318 555 quo
1338 502 1604 555 nunquam

80 593 341 640 recesserat
369 583 512 649 (ejus
537 589 619 634 est
641 583 781 633 enim
815 581 890 633 ire
913 592 963 632 et
999 582 1204 647 venire,
1232 579 1319 646 qui
1349 577 1607 646 aliquibus

81 681 284 730 loturqu
309 674 554 727 terminis
573 672 1050 735 circumscribitur;
1078 678 1133 723 ut
1148 685 1267 723 eum
1297 670 1346 722 itt
1370 684 1475 736 quo
1495 677 1608 722 erat

81 771 302 820 deserens
329 766 536 825 locum,
573 764 638 814 ad
669 765 826 815 alium
856 764 939 816 ubi
975 779 1075 815 non
1111 771 1226 815 erat
1254 761 1462 826 veniat)
1510 760 1606 813 nisi

81 858 176 922 quia
208 855 380 918 utique
411 853 479 906 de
512 853 598 906 illo
623 867 779 920 quem
810 863 1164 919 assumpserat
1193 850 1404 903 homine
1433 851 1608 917 loque-

84 947 229 1006 tiatur,
255 941 392 1009 quod
426 941 539 1008 ipse
560 951 673 994 erat
694 943 858 994 iturus
883 942 944 993 ad
969 941 1197 1002 Patrem,
1217 956 1243 991 a
1275 953 1380 1008 quo
1403 947 1456 992 et
1480 951 1608 991 ven-

83 1047 204 1085 turus
235 1044 310 1086 est
343 1033 583 1099 judicare
621 1033 768 1084 vivos
814 1042 867 1085 et
906 1032 1174 1085 mortuos?
1219 1031 1481 1084 Caeterum
1521 1029 1606 1081 ubi

81 1124 318 1187 divinitas,
348 1138 493 1192 quae,
520 1123 843 1187 utdiximus,
885 1123 1129 1176 universa
1169 1122 1411 1188 implens,
1454 1121 1609 1174 nullis

83 1220 286 1270 locorum
312 1218 504 1282 spatiis
520 1218 845 1278 terminatur,
869 1217 1006 1272 sicut
1032 1216 1159 1270 nihil
1181 1224 1262 1270 cst
1283 1214 1420 1268 unde
1440 1213 1611 1267 disce~

82 1308 171 1366 dat,
195 1309 260 1358 ita
293 1308 420 1359 nihil
454 1316 539 1361 est
566 1308 652 1360 ubi
681 1307 873 1361 veniat.

141 1395 303 1448 XVIII.
349 1397 413 1449 Et
449 1397 551 1450 hoc
588 1396 744 1450 modo
787 1407 1026 1464 apparet,
1070 1395 1362 1449 secundum
1392 1393 1442 1447 id
1475 1391 1614 1460 quod

83 1486 219 1537 homo
238 1496 337 1549 est,
359 1501 468 1539 non
493 1485 662 1538 solum
687 1485 862 1548 Patre,
895 1500 1075 1538 verum
1095 1485 1254 1538 etiam
1277 1483 1476 1550 angelis
1496 1496 1617 1536 esse

85 1575 333 1625 minorem.
363 1572 500 1626 Nam
532 1573 574 1625 si
605 1573 890 1625 secundum
914 1571 965 1624 id
998 1572 1139 1640 quod
1172 1572 1310 1626 Deus
1341 1579 1443 1634 est,
1494 1586 1616 1626 eum

85 1664 314 1714 minorem
336 1660 582 1728 accipere
606 1661 856 1722 volueris,
892 1661 999 1728 pari
1028 1660 1347 1714 conditionis
1377 1659 1617 1714 necessi-

1706 489 1783 557 2),
1811 490 2047 545 Joannes
2073 505 2284 557 quoque
2314 490 2654 554 evangelista,
2683 485 2856 539 sciens
2883 484 3016 551 apud
3052 483 3257 534 l'ntreni

1715 579 1963 643 Verbum,
1997 580 2154 634 id’cst
2177 579 2365 631 Filium
2389 595 2416 632 a
2443 579 2699 643 principio
2726 575 2864 644 apud
2895 575 3097 627 Patrem
3121 588 3259 632 esse;

1709 678 1760 724 et
1800 686 1828 722 a
1871 671 2026 723 Patre
2061 670 2292 724 Verbum
2335 685 2596 733 nunquam
2637 678 2934 734 separatum
2976 664 3168 724 luisse;
3213 664 3262 713 in

1710 760 1970 826 principio
2000 759 2292 828 Evangelii,
2331 759 2378 810 id
2401 769 2484 811 est
2515 758 2926 810 annutttiationis
2954 769 3062 807 suae
3094 755 3265 820 posuit

1711 848 1895 902 dicens
1920 866 1932 901 :
1958 849 2022 900 In
2046 849 2292 918 principio
2317 856 2422 900 erat
2445 846 2682 908 Verbum,
2706 855 2749 898 et
2768 846 2982 900 Verbum
3001 853 3108 895 erat
3127 845 3265 908 apud

1714 941 1896 1006 Deum,
1920 951 1968 994 et
2000 942 2135 994 Deus
2166 953 2271 995 erat
2311 940 2529 994 Verbum
2583 939 2762 1007 (Joau.
2793 955 2833 1003 t,
2867 940 2940 1006 l).
2980 937 3045 991 Et
3075 938 3264 990 iterum

1711 1032 1816 1084 alio
1871 1032 1984 1085 loco
2026 1033 2299 1100 Scriptura
2352 1029 2568 1084 tradidit
2600 1029 2782 1084 dicens
2812 1045 2824 1081 :
2861 1028 3072 1080 Initium
3101 1028 3268 1093 operis

1721 1121 1938 1174 Verbum
1974 1122 2159 1186 (Eceli.
2207 1138 2409 1184 xxxvtt,
2454 1119 2569 1188 20).
2611 1119 2725 1173 Non
2755 1119 2893 1188 quod
2924 1120 2973 1170 in
3003 1118 3270 1170 creatione

1717 1211 1908 1276 Verbi,
1948 1212 1999 1266 id
2025 1223 2107 1267 est
2134 1228 2160 1266 a
2187 1213 2305 1267 Filii
2333 1213 2606 1266 creatione
2643 1219 2863 1264 cmteras
2900 1209 3061 1276 C(Bpit
3098 1207 3271 1259 lacere

1715 1313 1984 1356 creaturas
2009 1320 2020 1355 :
2046 1305 2137 1357 sed
2165 1305 2287 1373 quia
2315 1303 2666 1372 penitet-bum
2696 1302 2808 1364 Dei,
2860 1301 3023 1360 idest
3063 1314 3157 1366 per
3188 1297 3274 1350 Fi-

1725 1392 1851 1445 lium
1881 1393 2058 1445 omnia
2089 1403 2265 1446 creata
2295 1401 2602 1448 noscuntur.
2655 1391 2803 1446 Unde
2827 1389 2989 1443 David
3019 1387 3272 1458 propheta

1718 1484 1860 1540 canit
1886 1493 1939 1538 et
1966 1485 2132 1538 dicit:
2173 1483 2330 1537 Verbo
2363 1484 2567 1537 Domini
2588 1484 2699 1536 coeli
2730 1484 2916 1548 ﬁrmati
2942 1491 3057 1533 sunt
3097 1478 3270 1548 (Psal.

1720 1590 1885 1640 xxx",
1917 1573 1992 1641 6).
2035 1573 2099 1627 Et
2127 1582 2184 1626 ut
2214 1573 2466 1641 Spiritum
2507 1583 2746 1628 sanctum
2788 1571 2943 1638 hujus
2974 1571 3151 1638 operis
3182 1584 3270 1620 so-

1720 1665 1858 1718 cium
1891 1679 2010 1718 esse
2030 1663 2360 1729 ostenderet,
2403 1672 2615 1718 secutus
2638 1673 2718 1716 est
2744 1663 2925 1716 dicens
2952 1680 2966 1714 :
2999 1672 3043 1714 et
3076 1662 3274 1726 Spiritu

88 1764 194 1814 tate,
223 1753 376 1805 etiam
406 1752 615 1817 angelis
643 1751 929 1805 secundum
953 1751 1243 1805 divinitatis
1264 1760 1504 1804 naturam
1529 1750 1628 1802 mi—
1658 1748 1701 1807 Β
1729 1756 1829 1808 oris
1860 1757 1969 1824 ejus
1997 1756 2158 1809 omnis
2180 1757 2334 1807 virtus
2363 1771 2556 1808 eorunt.
2598 1754 2773 1807 Multa:
2809 1763 2928 1806 sunt
2966 1752 3188 1818 denique
3213 1751 3278 1804 de

87 1858 166 1892 nor
184 1857 294 1894 esse
325 1842 611 1895 videbitur.
642 1842 876 1910 Denique
900 1841 1183 1909 Apostolus
1211 1842 1286 1894 ait
1311 1859 1322 1892 :
1350 1840 1622 1892 Minorasti

88 1947 180 1983 eum
207 1931 353 1997 paulo
386 1935 558 1984 minus
572 1933 633 1983 ab
654 1933 848 2002 angelis
879 1931 1062 2000 (Hebr.
1081 1947 1140 1993 tt,
1160 1931 1235 2000 7).
1264 1932 1316 1984 Si
1338 1946 1465 1999 ergo
1485 1929 1622 1982 nulla

90 2026 265 2075 ratione
306 2023 607 2076 admittitur
653 2033 706 2076 ut
755 2024 1040 2076 secundum
1084 2024 1133 2075 id
1177 2022 1316 2091 quod
1365 2022 1502 2075 Deus
1544 2029 1624 2073 est

91 2114 236 2164 minor
283 2114 489 2180 angelis
537 2114 814 2176 habeatur,
872 2123 1086 2181 apparet
1121 2113 1218 2167 hoc
1262 2113 1625 2167 minorationis

93 2202 292 2255 olﬁcium
336 2220 442 2256 non
506 2205 617 2257 Deo
651 2204 843 2269 Verbo,
892 2206 982 2258 sed
1032 2204 1228 2257 homini
1276 2203 1624 2271 reptttandum

95 2303 354 2362 assumpto.
709 2352 711 2355 ,

156 2385 335 2439 Probus
367 2389 537 2457 judex
586 2388 713 2440 dixit
753 2403 772 2439 :
819 2386 886 2441 Ut
916 2395 1004 2440 tua
1034 2387 1084 2440 in
1114 2385 1358 2439 omnibus
1388 2384 1628 2438 l'ulciatttr

97 2476 291 2528 assertio
311 2480 559 2542 veritate,
591 2479 839 2531 convenit
869 2493 896 2529 a
930 2483 1034 2530 luis
1059 2478 1311 2542 partibus,
1346 2476 1558 2529 Patrem
1578 2482 1632 2527 et

102 2564 265 2618 Filium
293 2581 344 2621 et
370 2569 631 2634 Spiritum
665 2579 927 2633 sanetum,
970 2568 1267 2620 divinorum
1299 2567 1628 2620 testimonio-

104 2670 198 2706 rum
224 2657 460 2722 lectione,
497 2659 651 2710 unitts
679 2658 969 2724 approbare
993 2657 1320 2709 substantiae.

165 2746 456 2800 Athanasius
478 2749 610 2800 dixit
635 2747 930 2813 :Quoniam
950 2747 1314 2800 excellentiam
1349 2756 1488 2797 tuam
1517 2758 1631 2809 per-

105 2835 260 2898 spicio,
293 2838 412 2889 huic
455 2838 530 2890 rei
566 2836 945 2889 instantissime
971 2851 1034 2889 ac
1060 2835 1285 2890 llileliter
1334 2836 1630 2901 imminere,

113 2931 158 2973 ut
181 2922 364 2978 Patrem
395 2935 447 2979 et
477 2925 669 2978 Filium
696 2936 748 2979 et
769 2926 1018 2993 Spiritum
1052 2926 1288 2979 sanctum
1322 2925 1476 2978 unius
1516 2939 1635 2978 esse

111 3011 378 3067 substantia:
405 3014 872 3078 demonstremus,
924 3026 1081 3083 atque
1130 3016 1316 3068 Filium
1359 3016 1423 3069 de
1466 3015 1634 3068 Patris

1725 1845 1858 1900 Filio
1884 1846 2172 1914 Scriptura:
2195 1845 2387 1898 dit-ina:
2418 1843 2754 1914 perhibcntes
2784 1842 3279 1907 te5timonittm,quo

1724 1936 2116 1990 de'sttbstantia
2143 1936 2333 2002 Patris,
2360 1935 2410 1988 id
2438 1942 2513 1988 est
2540 1933 2608 1988 de
2638 1950 2703 1988 eo
2723 1935 2861 2002 quod
2887 1933 2998 2001 ipse
3024 1940 3105 1984 est
3133 1931 3280 1996 getti-

1725 2035 1811 2079 tus
1832 2025 2288 2080 demonstraretur
2322 2041 2335 2077 :
2377 2024 2444 2079 de
2473 2040 2571 2092 qua
2602 2023 2894 2077 substantia
2933 2036 3036 2075 non
3078 2029 3281 2073 tantunt

1724 2117 1914 2170 similis
1939 2116 2080 2170 Patri
2109 2116 2275 2170 Filius
2305 2117 2698 2182 comprobatur.
2728 2114 2848 2166 llmc
2878 2113 3005 2164 lides
3027 2121 3279 2177 estquam

1726 2207 1969 2264 Christus
2008 2208 2262 2274 apostolis
2301 2209 2556 2269 tradidit,
2588 2215 2640 2261 et
2688 2206 2753 2259 ab
2791 2205 3046 2266 aposmlis
3085 2205 3148 2254 ad
3189 2218 3284 2254 nos

1728 2313 1895 2362 usque
1921 2300 2180 2364 pervenit.
2224 2298 2329 2352 Nec
2354 2312 2633 2367 possumus
2663 2311 2779 2349 eam
2812 2297 2861 2348 in
2888 2296 3064 2362 aliquo
3090 2295 3279 2346 imitm-

1732 2395 1867 2443 tare.
1897 2400 2052 2454 quam
2080 2395 2286 2440 constat
2325 2401 2420 2440 nos
2467 2387 2659 2440 debere
2689 2387 2912 2440 fideliter
2938 2387 3003 2437 ab
3032 2384 3201 2448 initio,
3231 2393 3286 2437 ut

1731 2477 1849 2529 data
1881 2485 1982 2538 cst,
2025 2490 2278 2530 coitserva
2287 2491 2364 2530 re.

1806 2569 1954 2637 161
1982 2566 2095 2621 ΚΧ.
2129 2566 2326 2620 Probus
2347 2568 2508 2637 judex
2536 2568 2662 2620 dixit
2685 2583 2704 2620 :
2733 2568 2876 2620 Licet
2904 2580 2933 2620 c
2953 2581 3137 2633 ‘ngl‘tlﬂ
3168 2566 3248 2617 dis
3267 2591 3285 2604 -

1736 2659 2020 2728 putationis
2044 2659 2232 2712 ordine
2284 2673 2378 2726 per
2407 2660 2547 2712 varia
2580 2662 2924 2728 quaastionum
2955 2659 3284 2720 diverticula,

1733 2749 1989 2802 orationis
2016 2759 2205 2802 vestra:
2231 2736 2428 2801 teratur
2458 2749 2701 2802 intentio.
2722 2761 2774 2801 et
2797 2750 2937 2802 velut
2963 2763 2990 2800 a
3022 2750 3288 2814 prepositzt

1736 2838 2070 2893 rectitudinis
2102 2839 2236 2892 linea
2285 2839 2555 2906 paululum
2609 2841 2908 2892 necessario
2955 2839 3192 2900 deviatts,
3239 2838 3288 2889 itt

1737 2929 2008 2996 obliquum
2041 2928 2262 2981 tortuosi
2295 2928 2525 2982 tramitis
2552 2939 2732 2994 pergat
2755 2927 3068 2992 anfractum,
3096 2929 3164 2979 oh
3193 2927 3291 2978 hoc

1738 3017 1941 3072 scilicet
1988 3019 2106 3072 avia
2149 3032 2373 3086 quaeque
2425 3017 2768 3084 perlustrans,
2810 3026 2867 3070 ιιι
2907 3017 3058 3070 nihil
3085 3016 3292 3084 penitus

113 3103 560 3158 substantianatum
579 3120 642 3158 ex
667 3106 858 3160 divinis
876 3107 1228 3160 voluminibus
1246 3107 1633 3174 approbemus;
1664 3101 1709 3163 C
1744 3107 2149 3175 inexploratum,
2183 3106 2316 3159 nihil
2348 3107 2608 3174 relinquat
2639 3108 2890 3158 intactum
2917 3123 2930 3170 ;
2963 3115 3136 3158 tamen
3164 3121 3292 3172 quo-

115 3205 368 3259 quanquam
396 3196 638 3250 omnium
666 3196 1087 3262 prosecutionum
1117 3212 1351 3250 mearum
1370 3199 1634 3250 sententia

117 3279 172 3328 ita
196 3295 244 3332 se
273 3283 460 3337 habere
491 3291 839 3348 monstratur,
868 3294 927 3337 ut
955 3287 1090 3339 sicut
1131 3287 1398 3338 hominum
1434 3286 1515 3339 vel
1543 3302 1635 3340 cu-

118 3366 290 3430 jus'ibet
318 3372 624 3425 :mimalium
655 3387 818 3440 genus
848 3387 956 3426 suae
981 3376 1290 3429 substantiae
1321 3377 1519 3430 similes
1560 3378 1636 3444 gi-

118 3468 234 3519 gnat,
261 3468 312 3511 et
336 3475 427 3514 nec
450 3462 615 3514 homo
634 3462 842 3527 bovem,
875 3479 970 3518 nec
994 3465 1086 3518 bos
1110 3467 1372 3519 hominem
1389 3476 1634 3534 generet;

120 3546 192 3597 sed
219 3548 272 3599 ad
310 3563 453 3603 suam
491 3549 922 3613 similitudinem,
973 3553 1022 3606 id
1057 3563 1138 3606 est
1167 3571 1274 3608 sua:
1307 3557 1637 3621 substantize,

120 3653 405 3708 unaquaeque
429 3657 520 3696 res
555 3653 834 3706 procreet;
888 3644 1067 3699 mirari
1097 3649 1282 3714 utique
1326 3663 1428 3700 non
1472 3649 1641 3701 debeo

125 3726 257 3779 Deum
280 3734 505 3794 potuisse
525 3732 596 3786 de
619 3748 712 3785 sua
736 3733 1029 3788 substantia
1061 3736 1247 3789 Filium
1272 3752 1543 3800 generare,
1560 3740 1641 3790 cui

124 3829 259 3872 totum
281 3839 427 3888 posse
450 3828 752 3893 subjectum
785 3838 885 3881 est.
919 3828 1024 3881 Sed
1060 3840 1114 3880 ιιι
1145 3845 1316 3898 neque
1344 3830 1644 3896 Scriptura-

126 3924 215 3962 riun
243 3918 528 3971 testimonio
564 3933 682 3970 mea
713 3920 882 3971 oratio
909 3931 1241 3989 pervagetur,
1284 3923 1438 3992 160
1465 3938 1645 3991 aggre-

125 3998 218 4051 dior
244 4004 392 4069 ipsius
420 4008 777 4072 epitttlatione
809 4011 1074 4074 munitus,
1126 4012 1316 4064 Filium
1360 4013 1426 4065 de
1477 4013 1646 4067 Patris

125 4093 374 4145 substantia
400 4098 742 4149 ineti’abiliter
763 4109 964 4163 uatum,
989 4115 1053 4152 ex
1076 4102 1266 4154 divinis
1291 4103 1520 4156 oraculis
1553 4117 1645 4169 ap-

127 4178 342 4243 ltrobare;
374 4194 427 4236 ut
451 4185 580 4238 dum
617 4186 881 4239 luculento
902 4189 1270 4256 disputationis
1298 4193 1527 4259 tramite,
1547 4210 1648 4245 non

128 4279 174 4315 ex
201 4283 484 4335 argumento
533 4273 921 4341 pltilostipbica:
949 4280 1078 4332 artis
1111 4282 1390 4345 veniente;
1432 4283 1547 4344 sed,
1597 4297 1653 4334 ιιι

129 4356 230 4417 dixi,
272 4375 328 4413 ex
373 4364 566 4416 divinis
601 4374 964 4419 monstraverit
991 4372 1339 4434 documentis,
1403 4384 1525 4426 tunc
1553 4375 1647 4425 de-

1742 3198 1882 3250 uiam
1915 3196 2030 3249 Arii-
2053 3196 2369 3262 prosecutio,
2402 3208 2556 3262 quam
2586 3193 2782 3247 dudum
2809 3194 3123 3246 arctioribus
3151 3209 3294 3260 qure-

1737 3286 1971 3339 stionum
2004 3284 2153 3338 nodis
2187 3283 2503 3352 illigaverat,
2535 3284 2816 3350 ancipitem
2844 3284 2980 3336 hunc
3012 3284 3295 3336 dttliietatis

1740 3391 1952 3431 sensum
1981 3375 2307 3428 auditoribus
2336 3374 2688 3442 derelinquit;
2718 3374 2842 3426 dum
2864 3389 2967 3426 non
2992 3374 3297 3435 omnia,sed

1739 3477 1883 3521 certa
1916 3480 2138 3534 qumque
2168 3465 2486 3533 objectionis
2518 3466 2769 3532 capitula,
2811 3465 3086 3518 Athanasii
3117 3466 3298 3517 videso-

1745 3569 1828 3612 tttr
1872 3557 2312 3626 responsionibus
2355 3556 2636 3620 dissoluta,
2667 3570 2997 3625 consequens
3028 3559 3153 3610 mihi
3183 3573 3300 3610 esse

1744 3649 1973 3713 videtur,
2005 3647 2070 3701 ad
2100 3647 2301 3716 reliqua
2333 3649 2448 3715 ejus
2479 3646 2812 3714 expedienda
2863 3648 2916 3700 in
2959 3648 3151 3716 quibus
3193 3662 3302 3700 ma-

1749 3742 1892 3794 xime
1918 3739 2217 3793 auditormn
2253 3737 2420 3792 haeret
2452 3738 2696 3802 intentio,
2732 3739 3073 3792 Athanasium
3110 3739 3304 3792 debere

1748 3830 2002 3884 orationis
2026 3844 2136 3882 sum
2157 3830 2429 3883 reﬂectere
2451 3843 2687 3883 cursum.
2708 3830 2978 3897 Siquidem
3007 3831 3131 3882 illud
3156 3831 3305 3881 nobis

1749 3923 2006 3988 majorem
2040 3923 2390 3976 hazsitationis
2418 3923 2719 3987 scrupulum
2751 3931 2963 3985 movet,
2986 3923 3124 3990 quod
3166 3922 3303 3975 idem

1751 4010 1907 4064 Arius
1932 4010 2086 4074 dixit,
2110 4011 2319 4064 Patrem
2347 4025 2450 4063 non
2484 4011 2794 4064 naturaliter
2822 4010 3010 4064 Filium
3033 4015 3302 4080 genuisse,

1752 4115 1818 4152 ne
1847 4101 2054 4153 scilicet
2091 4100 2418 4155 naturalibus
2450 4101 2691 4154 videatur
2720 4101 3085 4154 conditionum
3119 4117 3305 4156 neces-

1752 4191 1998 4243 sitatibus
2051 4191 2358 4257 subjacere;
2391 4191 2484 4244 sed
2511 4191 2807 4244 voluntario
2840 4192 3076 4244 caritatis
3120 4191 3309 4245 affectu

1753 4282 2006 4343 edidisse,
2055 4297 2161 4348 quo
2191 4297 2283 4349 per
2315 4281 2430 4334 haec
2458 4282 2511 4334 itt
2544 4281 2654 4334 Deo
2683 4282 2868 4336 liberte
2917 4284 3191 4350 potestatis
3220 4283 3312 4336 de-

1756 4383 2084 4426 monstretur
2110 4374 2404 4436 indicium~;-
2423 4381 2581 4441 atque
2609 4374 2679 4426 ita
2717 4375 3050 4427 extrinsecus
3071 4375 3236 4440 magis
3262 4384 3317 4428 et

131 4457 246 4498 tuum
275 4452 803 4516 Arinsolinitttescat,
827 4471 944 4509 cum
976 4458 1163 4510 Filium
1197 4461 1264 4513 de
1295 4472 1509 4529 paterna
1529 4464 1653 4516 sub-
1684 4457 1730 4516 D
1756 4463 1990 4527 aliunde,
2023 4478 2179 4530 quam
2208 4464 2274 4516 de
2302 4477 2361 4516 se
2389 4465 2504 4532 ipso
2550 4464 2873 4531 intelligatur
2909 4477 3230 4532 generasse:
3262 4475 3315 4518 et

131 4537 287 4588 SL'tnlia
316 4544 566 4608 genitum,
615 4546 869 4614 legalibus
900 4548 1145 4616 eloquiis,
1192 4565 1276 4605 nte
1305 4553 1530 4608 docente
1562 4570 1650 4609 c0-

131 4636 286 4686 guovct
298 4628 351 4683 it.

190 4716 306 4771 XIX.
349 4722 533 4780 Paulus
567 4728 840 4792 apostolus
879 4729 947 4783 de
993 4730 1126 4784 Filio
1160 4731 1222 4783 ad
1251 4733 1498 4787 llebrteos
1526 4737 1655 4788 scri-

134 4800 254 4868 bet“.
283 4812 348 4881 ait
377 4831 386 4863 :
422 4815 549 4868 Cum
589 4817 672 4879 sit,
707 4818 896 4886 inquit,
945 4822 1110 4889 imago
1146 4824 1409 4876 invisibilis
1442 4824 1570 4889 Dei,
1609 4838 1656 4878 et

137 4892 312 4984 ﬁguram
337 4905 632 4960 substantiw
658 4910 766 4975 ejus
794 4928 969 4978 gerens
998 4913 1153 4977 (Heb.
1176 4931 1212 4980 ι,
1235 4916 1296 4978 5;
1327 4914 1435 4968 Col.
1461 4931 1496 4978 ι.
1526 4919 1650 4984 15);

136 4982 350 5074 ieremias
374 5011 584 5066 quoque
604 4999 1044 5066 prudentissimos
1067 5007 1462 5074 prophetarum,
1481 5007 1545 5060 de
1559 4982 1653 5061 Dei

141 5072 277 5132 Patris
303 5098 510 5149 persona
541 5090 916 5156 concinnatur,
948 5105 1000 5146 et
1040 5072 1206 5148 dicit:
1240 5098 1299 5148 Si
1328 5097 1572 5150 stetissent
1603 5097 1656 5149 in

141 5164 372 5225 substantia
396 5193 521 5244 mea,
556 5189 607 5231 et
631 5180 885 5232 audissent
911 5185 1110 5235 verbum
1147 5203 1328 5248 meum,
1385 5197 1658 5240 averterent

145 5269 206 5305 tos
227 5267 433 5318 astudiis
459 5273 563 5323 suis
593 5272 823 5338 pessimis
851 5270 985 5339 (Jer.
1018 5289 1168 5340 χχιιι,
1201 5277 1290 5339 22,
1323 5295 1422 5330 sec.
1453 5277 1652 5344 LXX):

145 5353 252 5397 etut
276 5369 382 5406 eum
417 5359 483 5412 de
513 5361 650 5414 Filio
679 5362 876 5417 dixisse
909 5366 1186 5432 probaret,
1220 5369 1487 5436 subjnngit
1516 5370 1655 5422 idem

150 5439 358 5529 ιξγοιιιιειι
380 5457 429 5500 et
457 5452 586 5505 dicit
613 5470 625 5504 :
649 5454 776 5519 Quis
805 5457 939 5507 stetit
967 5456 1017 5507 in
1038 5457 1318 5511 substantia
1351 5475 1479 5524 mea,
1515 5471 1559 5512 et
1586 5461 1659 5512 vi-

153 5523 205 5611 dit
226 5530 400 5585 verbum
427 5553 585 5594 meum
613 5541 804 5611 ΗΜΛ..
826 5545 958 5611 l8)?
993 5544 1220 5599 Verbum
1248 5547 1387 5600 enim
1421 5523 1545 5602 esse
1574 5548 1659 5603 Fi-

157 5610 275 5687 h“mi
300 5621 447 5681 David
477 5610 729 5703 preplieta
757 5638 822 5690 de
860 5610 1030 5691 l’atris
1059 5652 1284 5706 persona
1313 5649 1658 5715 protestetur,

1753 4552 1897 4620 jure,
1927 4563 2162 4620 paternae
2204 4555 2492 4607 voluntatis
2535 4554 2744 4618 allecto,
2783 4564 2840 4608 et
2880 4557 3114 4608 caritatis
3145 4558 3317 4624 potius

1757 4660 1923 4713 quam-
1945 4655 2147 4699 naturae
2187 4645 2379 4700 Filium
2421 4660 2539 4699 esse
2565 4644 2920 4710 credendum;
2949 4661 3102 4713 quem
3138 4648 3316 4718 (uidi-

1758 4746 1898 4789 etnm
1928 4738 2352 4804 est):voluntate,
2382 4747 2436 4789 et
2464 4751 2568 4789 non
2604 4735 2827 4789 naturali
2853 4738 2969 4805 lege
2993 4737 3318 4804 dignoscitur

1760 4829 2014 4886 edidisse.
2050 4829 2182 4882 Cum
2209 4845 2338 4897 ergo
2369 4830 2523 4891 hanc,
2554 4838 2610 4881 ut
2637 4830 2770 4895 dixi,
2805 4846 2907 4883 non
2937 4833 3149 4884 nodosze
3176 4848 3319 4899 qure-

1754 4918 1947 4989 stionis
1992 4917 2309 4970 solutionem
2341 4917 2539 4986 (utrum
2570 4919 2836 4973 oblivione
2880 4937 2945 4973 an
2985 4922 3317 4994 tlit'licultate)

1763 5008 2108 5062 Athanasium
2135 5011 2332 5078 liqueat
2373 5012 2653 5069 omisisse:
2687 5023 2844 5077 nunc,
2875 5015 2915 5066 si
2946 5015 3320 5080 videtur,oon"-

1763 5108 1841 5150 tra
1873 5114 1932 5153 ea
1964 5116 2080 5166 qute
2109 5102 2402 5155 orationem
2428 5103 2565 5171 ejus,
2585 5103 2654 5156 ob
2679 5103 2759 5157 sul
2787 5105 3135 5173 prolixitatem
3167 5106 3321 5160 torsi-

1766 5198 1853 5241 tan
1882 5189 2204 5258 ell'ugerunt,
2244 5193 2611 5259 responsionis
2643 5193 2756 5262 ejus
2791 5194 3014 5248 intentio
3041 5195 3315 5262 dirigatur.

1835 5281 1971 5335 XXI.
2008 5284 2160 5336 Arius
2186 5284 2315 5337 dixit
2345 5300 2362 5337 :
2392 5285 2533 5339 Bene
2562 5287 2908 5341 solertissime
2940 5287 3130 5340 mentis
3151 5289 3321 5341 inten-

1761 5371 1925 5434 tione,
1967 5383 2023 5424 ttt
2058 5383 2180 5440 pote
2221 5374 2662 5442 vigilantissintus
2700 5378 2955 5444 cognitor,
2999 5376 3320 5431 cautioribus

1763 5462 1924 5513 uteris
1979 5463 2393 5529 provisionibus.
2442 5465 2574 5518 Nam
2620 5468 2744 5518 mihi
2798 5480 2828 5519 e
2885 5466 3134 5518 memoria
3187 5482 3322 5534 pene

1761 5550 1997 5618 elapsum
2033 5552 2205 5607 luerat
2234 5556 2335 5608 hoc
2363 5555 2645 5609 articulum
2663 5556 2989 5620 quaestionis.
3022 5555 3202 5609 ltldieat
3228 5558 3325 5624 igi-

1767 5652 1851 5696 tur
1875 5643 2195 5700 Athanasius
2218 5646 2505 5716 quontodo,
2529 5648 2572 5701 si
2598 5646 2904 5701 naturaliter
2926 5648 3106 5716 genuit
3131 5645 3321 5704 Ftltutn
