3856 6222
600 381 698 434 2η

1874 370 2094 428 YIGILII
2136 369 2500 428 TAI’SENSIS

3714 377 3806 429 21!

603 492 776 553 Pater,
808 497 1007 543 natura:
1045 488 1446 544 necessitatibus
1501 502 1602 542 non
1655 493 1894 540 teneatur
1945 483 2144 537 obstri-
2173 487 2226 544 Α
2254 484 2391 538 Deus
2417 495 2497 538 est
2526 485 2889 548 immutabilis,
2921 501 3018 540 nec
3042 487 3210 540 bonus
3239 500 3336 540 nec
3376 485 3550 538 malus
3578 486 3704 540 sine
3720 490 3804 539 du-

598 588 747 641 ctus;
776 579 862 632 ubi
892 593 995 632 non
1022 577 1284 638 voluntas,
1317 575 1408 629 sed
1447 576 1526 628 vis
1569 583 1769 628 natura:
1804 573 2012 640 copiam
2045 568 2159 625 tri-'

597 671 714 724 buit
738 666 1042 738 generandi.
1060 667 1286 720 Necesse
1305 676 1386 719 est
1408 667 1548 718 enim
1567 679 1649 729 ea,
1677 678 1796 733 quae
1820 663 2145 716 naturalibus

2251 575 2339 626 nio
2368 557 2828 643 cstprofitendus;
2859 579 2977 644 quia
3024 592 3182 632 omne
3223 578 3361 645 quod
3407 576 3706 631 secundum
3738 587 3802 638 te,

2249 664 2570 717 naturalibus
2593 665 2755 717 fertur
2786 665 3032 728 motibus,
3067 666 3323 720 libertatis
3352 675 3504 719 caret
3554 665 3802 728 arbitrio,

592 769 822 828 aguntur
861 755 1108 817 motibus,
1159 754 1323 808 libera
1367 769 1485 809 esse
1530 769 1633 808 non
1679 767 1854 822 posse,
1894 761 2146 820 tantoque
2243 767 2397 819 quem
2425 751 2592 804 litialis
2623 763 2821 804 natum
2852 754 3258 806 terminusiutra
3282 765 3454 808 metas
3480 755 3802 809 conditionis

597 847 802 902 Patrem
852 846 902 898 in
949 859 1059 898 suae
1107 844 1390 898 voluntatis
1435 845 1627 898 allectu
1676 844 1850 896 minus
1895 843 2140 905 liberum,

594 945 788 1002 quanto
811 945 861 987 et
884 943 1084 986 natura:
1111 935 1262 1003 162
1287 949 1395 986 sine
1421 936 1539 1000 jura
1569 935 1929 986 dominantur.

643 1023 945 1075 Athanasius
957 1022 1118 1077 dixit:
1132 1024 1247 1077 Istis
1262 1038 1380 1091 quo
1390 1024 1547 1077 Arius
1569 1022 1870 1090 garrulatur
1894 1030 2138 1087 tanquam

587 1115 981 1184 inexpugnabili
1011 1117 1322 1183 quaestione,
1357 1115 1485 1168 nihil
1518 1113 1771 1179 ineptius,
1793 1111 1921 1164 nihil
1956 1110 2138 1162 absur-

587 1207 707 1262 tIitts
720 1220 950 1273 unquam
967 1207 1160 1273 poterit
1178 1205 1431 1267 inveniri;
1451 1213 1502 1255 et
1513 1202 1580 1256 ob
1594 1202 1695 1254 hoc
1707 1216 1768 1255 ea
1792 1203 2139 1269 responsione

588 1310 801 1365 quoque
821 1296 1309 1364 pulsareindignum
1336 1293 1690 1357 credideram,
1713 1291 2137 1360 quandoquidem

589 1391 731 1442 solet
768 1387 1028 1441 interdum
1078 1385 1314 1439 stultitiae
1359 1396 1536 1438 nomn
1573 1368 2140 1451 .ineurrere,'quisquis

587 1480 779 1531 mavult
811 1476 1115 1530 stultissime
1135 1475 1270 1529 dicta
1299 1474 1560 1529 refellere.
1579 1473 1709 1539 Quia
1730 1489 1856 1542 ergo
1877 1475 1929 1526 in
1951 1474 2134 1526 eadem

583 1568 875 1635 quaestione
904 1566 1190 1634 plurimum
1233 1567 1334 1620 sibi
1365 1567 1726 1634 opitulationis
1769 1569 1947 1622 inesse
1975 1569 2137 1623 confi-

582 1659 677 1721 dit,
704 1673 863 1727 quam
905 1658 1050 1712 velut
1085 1658 1387 1712 inevitabile
1418 1658 1759 1728 syllogistiete‘
1798 1659 1927 1712 artis
1958 1661 2126 1713 tendi-

580 1750 782 1815 culum,
810 1750 1096 1818 petulantia
1122 1748 1248 1802 satis
1275 1748 1547 1817 jactantim
1571 1739 1857 1817 supertéilio
1887 1750 2133 1818 indigen-

2245 848 2388 893 tenet
2414 841 2936 910 inclusum:eritqne
2982 842 3122 896 sicut
3163 859 3322 896 unum
3361 845 3645 911 quodlibet
3689 845 3795 898 ele-

2212 918 2218 921 ’
2244 935 2555 997 mentorum,
2585 930 2719 984 sicut
2746 947 2876 999 aqua
2909 933 2986 985 vel
3021 940 3186 1000 terra,
3218 948 3333 1000 quae
3357 933 3490 986 nihil
3511 934 3660 987 aliud
3685 949 3799 988 esse

2241 1028 2411 1086 potest
2432 1032 2590 1086 quam
2620 1020 2671 1073 id
2693 1021 2829 1089 quod
2849 1032 2955 1084 est;
2985 1022 3110 1075 dum
3143 1037 3313 1090 neque
3355 1021 3682 1076 melioribus
3711 1039 3796 1074 au-

2238 1109 2349 1180 geri
2381 1109 2724 1177 profectibus,
2758 1128 2929 1181 neque
2959 1114 3007 1166 in
3032 1113 3265 1167 deterius
3290 1113 3453 1168 relabi
3495 1113 3799 1167 arcentibus

2240 1207 2440 1252 natura:
2462 1199 2668 1266 legibus
2690 1209 2885 1268 potest.

2308 1287 2493 1341 XXIII.
2522 1289 2654 1354 Quia
2681 1305 2809 1343 vero
2841 1291 3002 1343 Deum
3035 1291 3304 1343 voluntate
3327 1292 3505 1358 potius
3524 1305 3686 1359 quam
3713 1306 3795 1342 na-

2240 1387 2353 1432 tura
2385 1381 2574 1433 asserit
2605 1380 2974 1448 profitendum,
3012 1381 3137 1433 dum
3175 1382 3362 1433 Filium
3407 1383 3684 1435 voluntate
3713 1396 3793 1447 pa—

2240 1468 2373 1521 terni
2392 1468 2604 1522 aﬂ'ectus
2629 1477 2788 1539 atque
2803 1470 3209 1532 necessitudine,
3233 1483 3337 1521 non
3356 1469 3586 1521 naturali
3610 1471 3796 1522 virtute

2236 1560 2469 1627 genitum
2495 1560 2682 1626 credit,
2713 1559 2891 1614 audiat
2917 1575 3073 1628 quam
3105 1558 3316 1612 absurdi
3348 1573 3543 1612 sensus
3571 1558 3784 1611 ratiofi-

2238 1649 2382 1702 natio
2413 1650 2564 1703 istius
2592 1649 2938 1718 professionis
2978 1649 3380 1717 intelligentiam
3415 1658 3788 1716 consequatur.

2237 1737 2467 1793 Necesse
2501 1754 2627 1807 ergo
2652 1741 2750 1792 erit
2784 1739 2948 1792 Deum
2986 1737 3221 1807 profectu
3251 1739 3490 1792 melioris
3520 1738 3788 1792 electionis

579 1839 705 1910 dam
736 1841 956 1907 putavit,
976 1840 1290 1910 respondeat
1322 1850 1497 1894 utrum
1527 1841 1835 1896 mutabitem
1851 1842 2039 1905 Deum,
2063 1856 2130 1895 an
2164 1825 2207 1883 Β
2235 1830 2437 1897 augeri,
2477 1830 2600 1883 dum
2633 1830 2769 1883 bona
2802 1846 2977 1886 rerum
3013 1829 3300 1893 electione,
3339 1830 3788 1899 perfectarmnque

579 1930 958 1986 immutabilem
988 1931 1287 2000 proﬁtetur.

647 2021 801 2075 Arius
828 2021 959 2073 dixit
981 2035 1001 2073 :
1031 2020 1412 2073 Imnmtabilcm
1447 2019 1718 2086 profiteor.

578 2156 579 2159 η
647 2110 953 2163 Athanasius
982 2111 1151 2162 dixit:
1180 2111 1378 2162 Bonum
1421 2110 1577 2177 igitur
1623 2124 1766 2172 eum,
1813 2109 2128 2176 sapientem,

577 2202 794 2268 justum,
826 2201 1245 2267 omnipotentem
1272 2199 1565 2261 coiiilteris,
1597 2203 1753 2266 atque
1782 2197 2092 2266 perfectum.

647 2293 797 2344 Arius
818 2280 945 2343 dixit
972 2306 988 2343 :
1020 2292 1210 2346 Etiam.

642 2382 949 2434 Athanasius
977 2381 1150 2434 dixit:
1179 2380 1462 2434 Voluptate
1511 2378 1887 2443 immutabilis,
1936 2394 2001 2432 an
2041 2393 2132 2433 na-

574 2483 689 2535 tura
721 2482 992 2541 permanet
1023 2473 1373 2525 invertibilis?

646 2565 794 2617 Arius
817 2565 943 2617 dixit
965 2579 982 2616 :
1006 2564 1139 2630 Quid
1162 2563 1309 2616 dicas
1340 2577 1443 2615 non
1466 2563 1595 2616 satis
1623 2562 1884 2630 intelligo.

642 2653 805 2708 XXII.
842 2653 1033 2706 Probus
1050 2654 1213 2722 iudex
1232 2653 1359 2705 dixit
1385 2668 1402 2705 :
1427 2655 1678 2720 Apertum
1706 2652 1860 2703 valde
1889 2650 2129 2718 estquod

575 2746 816 2816 inquirit,
840 2754 892 2799 et
923 2744 1071 2797 nullo
1099 2743 1440 2796 obscuritatis
1472 2743 1699 2810 tegmine
1731 2741 2027 2796 obvelatur.
2053 2740 2130 2793 ln-

573 2844 803 2904 terrogat
827 2833 966 2887 enim
999 2841 1170 2886 utrum
1205 2820 1471 2884 voluntate
1504 2831 1689 2894 Deum,
1718 2846 1783 2883 an
1816 2829 2128 2883 naturaliter

572 2926 948 2981 immutabilem
977 2924 1140 2976 dicas.
1177 2922 1230 2976 Id
1261 2931 1366 2988 est,
1416 2922 1517 2975 hoc
1566 2922 1735 2989 ipsum
1792 2920 1931 2988 quod
1961 2921 2127 2975 bonus

569 3025 625 3071 et
654 3016 864 3080 sapiens
885 3012 1116 3067 creditur
1151 3012 1310 3077 Deus,
1345 3011 1616 3064 voluntate
1648 3011 1769 3064 talis
1800 3022 1904 3076 est,
1936 3025 2002 3063 an
2030 3012 2128 3079 pri-

575 3105 767 3174 vilegio
797 3104 1106 3172 majestatis,
1131 3112 1185 3156 et
1214 3103 1440 3170 quodam
1467 3102 1587 3170 jure
1623 3110 1824 3156 natura:
1847 3102 1928 3156 his
1957 3103 2122 3155 virtu.

569 3206 681 3247 tum
711 3192 986 3246 affectibus
1016 3190 1209 3256 pollet?

565 3325 567 3327 ι
641 3286 792 3340 Arius
819 3284 945 3336 dixit
970 3300 990 3335 :
1021 3282 1154 3336 Nihil
1209 3283 1393 3334 horum
1441 3288 1638 3334 temere
1677 3281 1849 3334 audeo
1882 3296 2122 3349 pronun-

565 3380 719 3433 tiare.

637 3467 840 3521 Probus
866 3465 1032 3537 jadex
1057 3465 1184 3517 dixit
1211 3478 1228 3516 :
1254 3462 1492 3516 Delibera
1537 3463 1697 3531 igitur
1743 3462 1881 3529 quod
1928 3462 2123 3517 debeas
2164 3511 2165 3515 η

567 3557 696 3611 dare
743 3568 1075 3624 responsum.
1129 3552 1185 3606 Si
1225 3557 1513 3620 'uttumque
1561 3551 1825 3616 diliiteris,
1876 3561 2121 3605 neutrum

567 3660 722 3702 tenes
750 3662 764 3699 :
796 3661 858 3700 ac
888 3645 965 3698 sic
985 3643 1091 3698 eris
1134 3658 1164 3696 a
1201 3641 1393 3696 divina:
1424 3641 1770 3709 professionis
1811 3642 2004 3708 pietate
2032 3656 2124 3696 ex-

565 3741 750 3804 torris,
800 3738 844 3794 si
887 3737 1084 3790 nullam
1126 3736 1192 3789 de
1238 3735 1344 3787 Deo
1385 3733 1644 3800 religiosae
1671 3732 1792 3786 ﬁdei
1822 3733 2123 3799 opinionem

569 3835 826 3882 retentas.
853 3826 952 3880 Aut
975 3825 1021 3877 si
1044 3839 1204 3878 unum
1234 3823 1388 3891 eligis
1413 3838 1441 3875 e
1462 3821 1691 3884 duobus,
1711 3835 1778 3874 ne
1807 3821 1983 3874 divina
2008 3836 2127 3888 pro-

568 3920 630 3974 l’e‘
649 3918 800 3972 sione
824 3931 1018 3971 vacuus
1042 3913 1308 3974 habearis,
1335 3915 1421 3968 dic
1451 3924 1626 3966 utrum
1649 3912 1920 3966 voluntate
1946 3927 2012 3966 an
2035 3929 2124 3967 na.

571 4019 686 4064 Iura
719 4005 856 4062 Deus
881 4009 951 4060 sit
979 4005 1322 4059 immutabilis
1355 4002 1704 4071 premendus.

564 4157 571 4164 ,
636 4097 943 4154 Athanasius
990 4098 1161 4148 dixit:
1205 4095 1408 4161 Quibus
1455 4093 1818 4161 responsionis
1872 4094 2122 4160 testibus,

563 4189 729 4245 tantis
750 4195 1051 4243 coarctatus
1085 4185 1342 4252 agustiis
1377 4183 1631 4252 agitetur,
1672 4183 2005 4238 manifestius
2031 4197 2126 4236 au-

566 4283 798 4341 ditorum
824 4278 1069 4335 sensibus
1098 4287 1264 4347 patet.
1294 4274 1584 4330 Pervidens
1612 4276 1755 4329 enim
1787 4290 1847 4329 se
1869 4275 2123 4329 inenoda-

559 4377 759 4432 bil—ibus
799 4371 1171 4437 soiscitationls
1215 4384 1346 4422 mea:
1388 4367 1590 4437 laqueis
1635 4367 1917 4432 irretitum,
1952 4381 2120 4434 neque

564 4469 839 4523 voluntate
879 4462 1068 4526 Deum,
1112 4474 1283 4527 neque
1329 4467 1514 4512 natura
1543 4456 1924 4511 immutabilem
1955 4455 2118 4510 voluit

565 4555 838 4628 proﬁteri;
862 4554 958 4608 sed
985 4551 1055 4606 de
1083 4558 1307 4618 utroque
1334 4547 1660 4602 industrioso
1685 4555 1804 4599 astu
1835 4544 2002 4613 siluit,
2030 4547 2119 4614 qui

560 4664 622 4704 se
648 4648 701 4701 in
725 4655 949 4714 utroque
978 4640 1294 4707 capiendum
1311 4637 1548 4708 agnovit.
1572 4637 1676 4692 Sed
1701 4637 1972 4692 videamus
1991 4652 2121 4706 quo-

560 4737 727 4794 modo
773 4735 819 4790 is
860 4733 947 4804 qui
985 4732 1084 4786 sibi
1123 4729 1458 4799 arrogantius
1481 4727 1748 4797 loquendo
1772 4728 2118 4796 praescripsit,

558 4828 856 4885 consultius
906 4821 1179 4879 reticendo
1228 4816 1582 4888 prospexerit.
1621 4817 1772 4887 163
1816 4818 1954 4871 Dixit
1977 4819 2117 4872 enim

560 4922 772 4974 Patrem
826 4926 1160 4984 nequaquam
1206 4919 1412 4972 natura,
1463 4907 1555 4961 sed
1607 4908 1876 4962 voluntate
1929 4906 2116 4961 Filium

556 5021 869 5080 generasse,
905 5020 970 5059 ne
996 5002 1200 5056 scilicet
1222 4999 1487 5067 aliquibus
1519 4997 1767 5051 videatur
1798 5007 1998 5050 natura!
2031 5014 2121 5051 ne-

519 5155 522 5160 ,
583 5097 893 5157 ’essitatibus
935 5093 1238 5162 subiacere.
1274 5092 1318 5146 A
1342 5104 1450 5157 quo
1478 5088 1601 5143 dum
1638 5103 1937 5158 quaererem
1969 5089 2124 5141 nbni.

558 5191 676 5246 sius
697 5199 872 5243 utrum
897 5186 1167 5240 voluntate
1199 5183 1362 5238 Deum
1391 5197 1458 5236 an
1491 5190 1680 5236 natura
1699 5180 1900 5234 diceret
1928 5181 2119 5234 immu~

560 5279 794 5346 tabilem,
837 5277 907 5331 ob
949 5276 1000 5330 id
1040 5274 1108 5328 de
1155 5285 1382 5343 utroque
1421 5272 1654 5326 reticuit.
1687 5269 1819 5335 Quia
1843 5271 1886 5324 si
1915 5270 2115 5324 diceret

560 5378 740 5425 natura
773 5364 1190 5428 immutabilem;
1220 5376 1432 5416 omnem
1477 5375 1650 5426 suam,
1691 5374 1846 5428 quam
1889 5360 2117 5412 intenta-

569 5466 724 5522 rerst,
750 5457 984 5511 funditus
999 5454 1334 5508 subverteret
1363 5452 1748 5520 quaestionem;
1777 5457 1867 5500 aut
1891 5457 2036 5503 certe
2065 5454 2114 5501 ln

560 5563 673 5602 eam
700 5548 840 5603 velut
867 5547 918 5601 in
965 5543 1230 5614 quoddam
1267 5541 1472 5595 altioris
1500 5537 1777 5607 pracipitit
1806 5538 2117 5590 barathrum

561 5637 864 5702 decidisset;
908 5648 1126 5691 necesse
1174 5639 1288 5689 erat
1334 5645 1426 5685 sua
1483 5644 1579 5684 nos
1635 5627 1688 5682 in
1736 5641 1857 5682 eum
1912 5626 2116 5695 spicula

563 5729 865 5796 quastionis
894 5735 1199 5796 retorquere
1219 5763 1234 5790 ,
1265 5725 1512 5793 illicoque
1543 5721 1749 5778 referre
1789 5738 1803 5774 :
1831 5720 1886 5777 Si
1931 5731 2114 5776 natura

2237 1923 2437 1975 ratione
2487 1923 2774 1984 virtutum,
2826 1923 3163 1990 prosperiore
3207 1935 3454 1975 successu
3513 1921 3686 1974 tendit
3731 1920 3790 1970 ad

2238 2027 2470 2067 summa:
2488 2027 2710 2079 esseque
2733 2011 2957 2078 aliquem
2979 2025 3043 2064 eo
3061 2011 3410 2077 superiorem,
3427 2010 3513 2062 cui
3533 2023 3628 2076 per
3648 2009 3786 2061 bona

2234 2104 2518 2157 voluntatis
2558 2104 2807 2157 effectum
2855 2104 3063 2170 placere
3113 2100 3419 2155 contendat.
3460 2103 3497 2153 Α
3546 2113 3654 2164 quo
3688 2112 3786 2150 rne-

2234 2193 2485 2261 tuendum
2518 2204 2617 2258 est,
2663 2208 2729 2246 ne
2766 2193 2943 2260 aliquo
2981 2193 3266 2256 desciscat,
3311 2192 3357 2244 si
3407 2191 3632 2244 forsitan
3673 2205 3782 2244 eum

2234 2282 2383 2335 bone
2403 2283 2692 2337 voluntatis
2724 2282 2952 2336 intentio
2981 2282 3226 2345 deserat;
3249 2280 3676 2349 quandoquidem
3704 2294 3782 2332 ne-

2234 2387 2386 2426 cesse
2415 2381 2518 2439 est,
2554 2382 2612 2425 ut
2640 2388 2758 2426 eum
2791 2372 2876 2440 qui
2920 2372 3062 2425 nullo
3092 2370 3314 2424 subsidii
3343 2369 3602 2423 naturalis
3629 2370 3780 2421 admi-

2241 2464 2418 2517 niculo
2454 2464 2666 2528 fruitur,
2712 2464 2938 2516 sinistra:
2971 2461 3233 2515 interdum
3271 2461 3557 2514 voluntatis
3583 2459 3782 2513 ali‘ectio

2232 2554 2556 2621 interpellet.
2581 2553 2703 2607 Iizec
2733 2562 2982 2622 quantum
3016 2551 3359 2618 irreligiosius
3380 2551 3447 2604 de
3474 2551 3582 2603 Deo
3609 2550 3778 2603 dicun-

2235 2652 2338 2706 tur,
2371 2653 2516 2697 tauto
2550 2643 2771 2711 nequius
2792 2643 3108 2709 cogitantur.
3136 2640 3384 2693 Pervides
3413 2654 3540 2707 ergo
3562 2639 3773 2708 (optime

2228 2733 2488 2803 judicum)
2515 2748 2732 2786 summa:
2759 2731 2984 2801 quodam
3008 2731 3290 2799 impietatis
3306 2731 3578 2794 instinctu,
3597 2729 3779 2781 divinae

2226 2823 2342 2890 jura
2375 2833 2596 2886 naturze,
2628 2820 2940 2888 virtutisque
2971 2819 3177 2872 infectae
3205 2818 3574 2881 substantiam,
3610 2831 3775 2872 rerum

2229 2911 2483 2966 factarum
2508 2911 2710 2965 naturis
2730 2910 2963 2962 voluisse
2989 2908 3173 2961 Arium
3203 2920 3542 2975 comparare;
3573 2915 3628 2958 tit
3649 2905 3776 2959 scili-

2228 3012 2311 3056 cet
2340 3003 2408 3058 ob
2439 3004 2538 3056 hoc
2577 3018 2681 3055 non
2715 3011 2900 3056 natura
2933 2999 3108 3062 Pater,
3153 2996 3248 3052 sed
3293 2997 3562 3052 voluntate
3599 2995 3772 3050 Filium

2226 3093 2577 3161 generaverit,
2601 3106 2682 3147 ‘ne
2707 3101 3066 3145 creaturarum
3095 3090 3208 3143 sive
3237 3087 3645 3150 rationabilium,
3673 3084 3775 3137 sire

2154 3171 2199 3236 C
2231 3185 2436 3240 ratione
2469 3183 2761 3237 carentium
2792 3182 2972 3243 modo,
3003 3179 3330 3233 naturalibus
3359 3177 3596 3231 videatur
3635 3174 3773 3245 ιω

2226 3275 2630 3330 necessitatibus
2658 3272 2955 3340 subjacere.
2987 3269 3093 3326 Sed
3129 3268 3342 3332 habeat,
3386 3267 3622 3336 quisquis
3663 3264 3770 3316 talia

2224 3367 2403 3433 sentit,
2434 3363 2752 3434 opinationis
2773 3377 2882 3416 sum
2900 3359 3205 3424 arbitrium,
3235 3373 3266 3411 a
3287 3357 3566 3424 majestate
3584 3356 3767 3408 laturus

2229 3458 2439 3523 poenale
2450 3456 2727 3526 judicium,
2743 3464 2846 3508 tam
2865 3455 3063 3521 inepta,
3080 3460 3186 3503 tam
3211 3448 3466 3518 sacrilega
3480 3445 3766 3516 iudicando.

2226 3546 2332 3600 Nos
2363 3562 2489 3600 vero
2527 3545 2825 3600 divinarum
2869 3542 3060 3596 eruditi
3110 3539 3418 3606 magisterio
3469 3538 3765 3595 litterarum,

2227 3641 2360 3693 hanc
2390 3637 2454 3688 de
2477 3635 2606 3700 Deo,
2635 3633 2892 3701 religiose
2931 3629 3196 3698 opinionis
3233 3628 3552 3682 sententiam
3589 3626 3765 3679 retine-

2227 3743 2366 3791 mus,
2401 3733 2457 3777 ut
2490 3738 2593 3777 non
2633 3721 2774 3776 aliud
2810 3721 2925 3787 ejus
2951 3718 3300 3784 voluntatem,
3335 3716 3478 3770 aliud
3509 3715 3762 3770 credamus

2227 3831 2345 3870 csse
2366 3827 2628 3868 naturam.
3052 3854 3055 3856 .

2298 3905 2483 3960 XXIV.
2516 3903 2749 3970 Namque
2775 3899 2914 3970 quod
2941 3914 3059 3951 eum
3090 3897 3408 3962 sapientem,
3431 3897 3645 3955 bonum,
3666 3905 3760 3942 om-

2227 3997 2573 4064 nipotentem,
2609 3991 3008 4060 perfectumque
3032 3986 3279 4048 fatemur,
3313 3999 3417 4035 non
3449 3992 3682 4048 tanquam
3708 3992 3758 4029 ex

2225 4086 2530 4140 diversitate
2577 4082 2828 4134 virtutum
2877 4077 3278 4136 subsistentem,
3309 4082 3366 4127 et
3416 4073 3676 4126 distincta!
3699 4066 3758 4120 rei

2223 4173 2453 4241 alicujus
2472 4171 2725 4240 qualitate
2750 4166 3102 4233 compositum
3123 4163 3418 4217 asserimus
3443 4163 3634 4221 Deum;
3658 4157 3758 4226 quia

2231 4280 2337 4320 non
2378 4263 2529 4318 aliter
2556 4259 2788 4329 sapiens,
2823 4258 2922 4312 nisi
2955 4258 3075 4326 quia
3125 4255 3485 4321 omnipotens,
3531 4252 3626 4306 nisi
3655 4250 3757 4316 quia

2224 4353 2491 4425 perfectus
2521 4352 2777 4411 habetur;
2812 4348 2862 4402 id
2888 4357 2990 4409 est,
3022 4361 3126 4398 non
3158 4343 3298 4397 aliud
3331 4343 3383 4396 in
3415 4358 3480 4396 eo
3517 4351 3596 4396 est
3625 4339 3754 4394 beni-

2227 4456 2331 4514 tas,
2360 4445 2500 4500 aliud
2541 4442 2832 4511 sapientia,
2862 4454 2964 4492 non
3003 4436 3139 4490 aliud
3188 4435 3594 4500 omnipotentis,
3621 4443 3754 4499 quasi

2151 4527 2203 4587 Ι)
2227 4538 2367 4608 quod
2397 4534 2653 4605 perfectio
2678 4548 2693 4585 :
2722 4531 2813 4586 sed
2847 4530 3022 4583 omnia
3060 4529 3174 4580 ba'e
3207 4526 3259 4578 in
3305 4525 3413 4577 Deo
3435 4538 3542 4576 uno
3569 4523 3754 4575 eodem-

2229 4643 2331 4698 que
2358 4625 2516 4681 rnodo
2534 4624 2822 4689 habentur;
2847 4619 2938 4674 sed
2972 4615 3220 4685 singulari
3253 4615 3411 4686 modo
3435 4612 3646 4667 difﬁniti
3669 4623 3752 4662 non

2228 4727 2468 4791 possont.
2491 4716 2722 4769 Observa
2752 4722 2950 4774 tamen,
2985 4723 3069 4770 ne,
3101 4707 3222 4775 quia
3252 4708 3302 4759 in
3336 4706 3445 4759 Deo
3467 4705 3667 4758 modum
3690 4701 3750 4751 (ii-

2229 4813 2403 4868 ximus
2448 4804 2758 4877 quihusdam
2815 4801 3054 4855 terminis
3094 4798 3452 4852 modiﬁcatum
3501 4795 3745 4860 intelligas,

2226 4906 2315 4978 qui
2339 4917 2449 4957 suae
2475 4898 2684 4952 virtutis
2707 4893 3059 4948 immensitate
3088 4890 3335 4944 universa
3365 4887 3596 4941 excedit.
3627 4884 3747 4937 Sicut

2223 4976 2364 5050 enim
2408 5006 2528 5045 cum
2580 4989 2901 5040 immensum
2929 4981 3174 5040 dicimus,
3218 4993 3321 5031 non
3372 4976 3744 5030 immoderatum

2225 5087 2468 5137 volumus
2514 5075 2761 5144 intelligi,
2804 5075 2883 5128 vel
2927 5085 3047 5125 cum
3079 5069 3368 5137 perfectum
3408 5066 3744 5135 praedicamus.

2222 5193 2330 5230 non
2357 5171 2719 5242 proﬁcientem
2753 5163 3082 5226 inducimus;
3117 5159 3164 5214 id
3187 5169 3289 5221 est,
3322 5175 3426 5212 non
3454 5173 3546 5224 per
3573 5155 3743 5221 aliquas

2223 5267 2476 5317 virtutum
2501 5256 2812 5312 eflicientias
2829 5254 3076 5322 paulatim
3095 5245 3742 5319 experiendogradientm.

2224 5355 2288 5408 ad
2311 5364 2517 5407 summa
2549 5344 2888 5416 perfectionis
2907 5342 3110 5411 fastigia
3129 5340 3419 5394 asserimus
3444 5333 3740 5402 pervenisse:

2227 5451 2295 5501 ita
2325 5447 2484 5498 etiam
2510 5441 2610 5494 hoc
2639 5439 2835 5493 dictum
2869 5434 3033 5489 debes
3063 5431 3329 5497 accipere.
3355 5427 3455 5482 Sed
3485 5425 3548 5479 ad
3579 5433 3741 5492 propo-

2226 5538 2384 5590 situm
2421 5530 2724 5588 redeamus.
2755 5527 2897 5595 Ergo
2928 5525 3115 5584 Deum,
3145 5520 3232 5588 qui
3274 5515 3614 5587 proculdubio
3641 5514 3739 5567 sim-

2226 5626 2344 5694 plex
2387 5633 2494 5686 est,
2513 5618 2629 5674 \ide
2649 5617 2860 5686 quantis
2880 5612 3256 5668 vocabulorum
3280 5607 3578 5661 nominibus
3598 5596 3742 5694 appel-

2229 5691 2398 5770 lamus
2418 5729 2430 5767 :
2458 5709 2776 5779 sapientem,
2811 5706 3030 5768 bonum,
3049 5694 3485 5768 omnipotentem,
3505 5691 3743 5765 pruridttm
