3856 6222
131 349 218 402 913
849 346 1112 401 CONTRA
1153 348 1457 415 Ali'ANOS,
1500 347 1974 412 SABELLIANOS,
2020 349 2195 413 ιςτοη
2237 348 2360 402 LIB.
2405 351 2463 402 ll.

3218 351 3317 402 9J4

82 493 88 532 ε
128 475 268 530 atque
289 472 603 532 pertectum.
633 461 697 515 Et
727 460 839 515 inec
866 459 1076 530 quidem
1094 459 1156 514 ad
1184 461 1439 529 seipsum.
1466 457 1546 512 Ad
1569 471 1663 512 nos
1690 465 1740 525 Α
1768 459 1943 515 inesse
1984 460 2332 525 demonstrat,
2383 469 2438 513 nt
2463 469 2514 514 et
2550 476 2760 530 semper
2784 464 2834 517 in
2876 463 3031 516 Patre
3061 463 3235 524 fuerit,
3266 472 3322 516 et

80 555 86 594 τ
125 568 258 617 vero,
286 545 710 614 misericordem,
744 551 907 619 pium,
925 549 1124 618 justum
1149 557 1308 618 atque
1333 549 1619 626 benignum
1647 563 1661 600 :

129 659 214 696 nec
242 653 416 696 tamen
445 643 695 695 virtutum
723 640 996 709 multiplici
1026 638 1662 708 qualitate-compositum

127 737 391 803 quisquam
409 732 621 787 audebit
647 745 886 787 asserere
907 746 1051 798 eum,
1074 732 1164 800 qui
1185 729 1438 799 singulari
1453 728 1664 782 virtutis

129 825 492 896 armipotentia
517 823 834 887 subsistens,
865 837 1008 890 puras
1045 835 1108 876 ac
1145 820 1400 889 simplicis
1429 817 1665 873 creditur

128 930 234 968 esse
278 923 503 967 natum.
553 911 658 968 Sed
709 912 845 967 hanc
888 927 1044 966 unam
1083 912 1434 981 eamdemque
1462 918 1664 965 natura:

128 1010 384 1070 virtutem,
413 1005 657 1060 humana:
685 1002 1004 1059 conditionis
1035 1003 1412 1072 intelligentia,
1447 1009 1664 1053 natura.

127 1099 252 1159 libus
290 1096 566 1165 imperitia:
595 1095 880 1149 obstaculis
909 1093 1216 1163 praepedita,
1256 1108 1364 1147 uno
1392 1091 1660 1160 explicare

127 1203 359 1242 sermone
405 1201 510 1242 non
553 1187 743 1256 potuit.
776 1177 840 1241 Et
868 1187 986 1241 ideo
1007 1187 1166 1242 variis
1199 1194 1253 1240 et
1279 1182 1659 1252 multiplicibus

125 1278 381 1331 nominum
405 1278 842 1347 appellationibus
865 1276 1053 1342 utitur;
1079 1286 1135 1331 ut
1157 1277 1278 1330 hinc
1299 1275 1468 1344 qualis
1494 1285 1662 1341 quan-

123 1380 228 1424 ωε
273 1371 344 1424 sit
383 1370 574 1426 divinzn
612 1370 822 1425 virtutis
863 1380 1046 1423 natura
1079 1367 1284 1430 facilius
1321 1363 1658 1432 conjiciatur.

121 1463 238 1523 Qus:
283 1475 399 1514 cum
435 1475 542 1515 una
587 1461 677 1527 sit,
722 1460 1011 1528 eademque
1053 1457 1294 1525 simplex,
1338 1469 1444 1508 uno
1483 1461 1658 1507 tamen

123 1550 274 1603 verbo
301 1567 400 1604 non
432 1552 644 1620 penitus
675 1551 996 1620 explicatur.
1028 1548 1157 1602 Nam
1187 1549 1252 1610 si,
1287 1546 1434 1600 verbi
1462 1545 1647 1613 gratia,

122 1651 206 1703 per
230 1639 681 1694 diversasdivinie
708 1638 858 1710 165
880 1636 1201 1704 operationis
1222 1636 1429 1708 species
1447 1648 1660 1703 percur-

120 1746 319 1792 ramus,-
346 1742 396 1785 et
431 1732 756 1800 inquit-anius
792 1747 892 1799 qua
938 1729 1130 1782 virtute
1172 1742 1462 1782 convevum
1503 1735 1647 1779 tanta

1766 549 1941 604 editus
1971 564 2236 618 nunquam
2265 564 2295 602 a
2324 550 2479 604 Patre
2508 555 2788 607 recesserit
2813 569 2828 607 :
2861 556 2996 606 sicut
3028 551 3318 620 sapientem

1765 639 2022 707 sapientia
2071 654 2174 692 non
2204 639 2424 707 deserit,
2464 641 2600 697 sicut
2643 641 2832 698 fovtem
2863 656 2956 697 sua
2999 642 3164 698 virtus
3216 657 3320 696 non

1769 729 2037 796 relinquit,
2061 730 2202 784 sicut
2243 729 2495 800 splendor
2524 745 2641 786 sese
2667 746 2695 785 a
2723 732 2920 787 lumine
2959 733 3172 801 proprio
3215 746 3319 784 non

1765 818 2014 872 secernit.

1835 908 2021 962 XXVI.
2057 910 2210 963 Arius
2239 909 2369 962 dixit
2394 925 2410 961 :
2441 909 2714 962 lntent'ata:
2737 923 2766 962 a
2795 921 2878 964 me
2898 910 3206 978 qttaistionis
3222 923 3318 962 no-

1762 998 1885 1053 dum
1931 1017 2219 1071 nunquam,
2271 1012 2327 1055 ut
2374 995 2499 1055 mihi
2555 1001 2783 1064 videtur,
2824 1003 2970 1056 vales
3009 1002 3306 1056 exsolvere.

1763 1088 1890 1143 Nam
1922 1078 2185 1158 superius,
2235 1102 2289 1146 ut
2327 1093 2426 1146 ltoc
2465 1091 2535 1146 ita
2573 1096 2831 1158 repetam,
2862 1091 3060 1144 dixisse
3092 1105 3175 1145 me
3202 1105 3315 1144 me-

1760 1180 1912 1242 mini,
1935 1180 2096 1234 Deum
2118 1181 2205 1250 qui
2228 1183 2472 1236 universa
2495 1180 2888 1249 complectitur,
2913 1179 3148 1246 nibi‘qne
3166 1188 3314 1233 extra

1762 1283 1822 1323 se
1851 1269 2029 1333 habet,
2060 1272 2317 1341 nusquam
2349 1287 2442 1340 per
2467 1271 2824 1341 generationis
2853 1279 3189 1338 augmentum
3218 1270 3310 1322 de-

1761 1359 1923 1414 ﬂuere
1962 1373 2142 1428 posse,
2184 1371 2239 1416 et
2285 1362 2545 1416 inﬁnitum
2596 1361 3173 1421 minime'redundare,
3227 1366 3316 1412 aut

1761 1456 1906 1504 certe
1935 1453 2282 1507 substantiam
2314 1465 2462 1506 suam
2486 1454 2730 1507 divisisse
2776 1453 2826 1506 in
2875 1451 3095 1514 Filium;
3134 1463 3184 1503 et
3217 1464 3310 1518 pa-

1762 1551 1964 1596 ternam
1989 1544 2352 1597 tantummodo
2377 1552 2499 1598 ante
2529 1544 2875 1598 substantiam
2901 1559 2995 1611 pro
3027 1552 3135 1596 rata
3165 1551 3312 1610 parte

1766 1642 2026 1687 secretam
2043 1649 2070 1686 a
2090 1648 2148 1688 se
2164 1647 2224 1687 ac
2240 1633 2716 1696 resectam,Filium
2736 1633 3063 1699 nominasse;
3080 1642 3309 1686 tantum-

1759 1739 1861 1792 que
1884 1724 1985 1776 sibi
2014 1723 2335 1787 detraxisse,
2374 1733 2626 1792 quantum
2669 1724 2732 1776 'iu
2779 1723 2964 1776 Filium
3014 1717 3306 1777 contulisse

120 1821 425 1875 sublimitate
460 1822 657 1876 ccelum
697 1820 1014 1876 extenderit.
1061 1829 1360 1885 terramque
1398 1815 1652 1884 immobin
1686 1814 1730 1872 Β
1765 1814 1988 1867 videtur.
2037 1814 2117 1868 Ad
2164 1815 2280 1868 haec
2333 1814 2531 1882 nullum
2589 1823 2644 1868 te
2697 1823 2906 1868 constat
2946 1813 3156 1867 dedisse
3196 1807 3308 1866 res-

120 1912 386 1966 stabilitate
428 1910 751 1975 fundaverit,
803 1923 960 1979 atque
1008 1924 1218 1979 aequora
1260 1923 1357 1977 per
1396 1906 1648 1961 solubiles

119 2012 408 2066 camporum
437 2000 619 2055 latices
653 1999 862 2064 fuderit,
893 2014 993 2068 qua
1022 1998 1235 2068 sapiens
1264 2012 1330 2049 an
1360 2009 1459 2064 qua
1486 1994 1654 2050 omni-

121 2093 332 2152 potens;
372 2090 596 2142 refertur
638 2090 874 2156 profecto
901 2102 1003 2158 qua
1041 2089 1250 2156 sapiens
1278 2093 1330 2138 et
1358 2102 1457 2155 qua
1485 2084 1656 2139 omni-

119 2187 310 2244 potens.
341 2178 400 2232 Et
428 2180 663 2246 nunquid
702 2179 1007 2233 diversitate
1041 2180 1290 2231 virtutum
1319 2177 1643 2242 compositus

119 2269 250 2322 criti
273 2269 623 2339 Nequaquam,
654 2272 743 2324 sed
768 2272 921 2324 unius
943 2268 1153 2323 virtutis
1175 2269 1352 2322 multa:
1383 2268 1650 2337 signiﬁca-

124 2359 306 2412 tionum
329 2360 551 2428 species,
583 2361 706 2430 quia
747 2376 850 2414 non
887 2359 1026 2414 aliud
1059 2360 1108 2412 in
1150 2374 1215 2412 eo
1241 2359 1348 2428 agit
1373 2358 1653 2427 sapientia,

123 2449 255 2502 aliud
283 2453 674 2519 omnipotentia,
705 2451 846 2506 aliud
877 2451 1231 2526 providentia.

187 2540 335 2596 XXV.
369 2543 602 2612 Denique
648 2546 902 2610 scriptum
932 2554 1014 2597 est
1050 2561 1060 2595 :
1097 2540 1234 2595 Deus
1275 2542 1522 2612 sapientia
1562 2557 1655 2596 sua

125 2637 332 2699 {aitdavit
358 2645 556 2700 terram,
575 2638 809 2690 stabilivit
830 2648 994 2689 autem
1016 2637 1164 2688 catos
1201 2635 1487 2702 prudentia,
1509 2642 1656 2686 sensu

126 2729 222 2794 ejus
247 2727 398 2795 abyssi
431 2725 753 2780 άίιεὶιειεηιηι
786 2723 966 2797 (Prov.
1009 2741 1066 2789 ll,
1104 2724 1213 2794 l9).
1244 2723 1378 2776 Num
1410 2724 1566 2789 igitur
1588 2736 1652 2775 eo

127 2829 274 2881 usque
299 2819 614 2884 de~ipiemus
660 2827 715 2871 ut
754 2817 991 2871 dicamus
1033 2815 1171 2884 quod
1218 2814 1410 2868 coelum
1442 2813 1651 2882 quidem

127 2919 217 2954 una
241 2905 440 2974 virtute,
470 2905 520 2960 id
550 2917 633 2961 est
658 2907 959 2975 prudentia,
1010 2915 1150 2958 terra
1181 2913 1310 2958 vero
1337 2903 1461 2967 alia,
1495 2903 1546 2957 id
1576 2912 1657 2957 est

128 2994 375 3062 sapientia,
401 2996 724 3062 substiterit;
751 2996 852 3049 alia
881 3009 1089 3065 quoque
1113 2994 1206 3049 Dei
1244 2995 1460 3060 virtute,
1493 2993 1542 3047 id
1573 3002 1655 3047 est

128 3096 267 3138 sensu
291 3087 415 3154 ejus,
439 3086 617 3155 abyssi
643 3085 1001 3150 dissiluerinti
1033 3085 1135 3140 Sed
1167 3083 1285 3139 vide
1313 3084 1656 3154 quemadmo-

129 3171 238 3228 dum
282 3174 444 3230 divina
489 3154 782 3245 Scriptura,
825 3185 882 3229 ut
929 3176 1079 3229 istius
1121 3174 1363 3229 absurda:
1390 3174 1653 3242 Opinionis
1680 3154 1723 3217 c

129 3263 370 3319 abdicaret
413 3276 679 3330 errorem,
726 3265 775 3318 id
821 3265 961 3332 quod
1010 3278 1102 3332 per
1139 3264 1343 3332 species
1377 3263 1650 3316 nominum

130 3354 292 3420 partita
324 3354 508 3421 fuerat,
539 3357 590 3408 in
623 3369 779 3407 unam
827 3354 1016 3408 iterum
1071 3353 1351 3421 recolligit,
1383 3362 1438 3407 et
1465 3359 1644 3404 counit

131 3442 462 3509 appellationis
492 3445 764 3505 virtutem,
801 3443 990 3497 dicens
1025 3458 1039 3494 :
1077 3441 1259 3494 Omnia
1306 3441 1358 3492 in
1403 3441 1654 3509 sapientia

129 3532 268 3595 fecisti
295 3531 454 3601 (Psal.
488 3547 602 3599 cm,
633 3531 745 3602 24).
781 3533 842 3585 Et
871 3533 1058 3585 iterum
1084 3548 1098 3586 :
1129 3529 1312 3584 Omnia
1338 3529 1444 3584 hare
1474 3546 1653 3582 manus

129 3635 226 3673 mea
251 3625 352 3691 fecit
383 3623 517 3692 (Act.
546 3637 638 3689 vtt,
669 3623 780 3693 δο).
817 3622 975 3677 Vides
997 3637 1123 3691 ergo
1154 3623 1206 3677 in
1239 3623 1344 3678 Deo
1379 3624 1530 3692 cujus
1560 3638 1673 3675 na-.

130 3720 230 3764 tura
249 3716 450 3783 simplex
481 3726 583 3779 est,
611 3717 724 3770 sive
749 3729 981 3778 manum,
1014 3716 1124 3770 sive
1165 3716 1501 3786 sapientiam,
1531 3716 1641 3769 sive

130 3803 456 3869 prudentiam,
487 3806 601 3862 sive
623 3818 860 3867 sensum,
902 3819 1004 3858 non
1046 3820 1220 3858 rerum
1268 3803 1656 3868 diversitatem,

128 3891 210 3944 sed
241 3907 383 3947 unam
414 3893 653 3949 indicare
670 3896 940 3949 virtutem.
961 3893 1108 3962 Quod
1129 3908 1246 3947 cum
1277 3895 1347 3947 ita
1377 3893 1462 3960 sit,
1485 3894 1656 3948 uultis

128 3979 220 4049 jam
247 3984 500 4038 intentatis
520 3984 830 4054 quaestionis
857 3983 1169 4052 relinquitur
1200 3984 1345 4038 locus
1381 3998 1481 4051 quo
1506 3995 1655 4050 qua:-

130 4072 249 4126 l'llllt'
273 4085 435 4130 utrum
473 4076 746 4130 voluntate
778 4076 918 4130 Deus
948 4077 1123 4142 Pater,
1154 4091 1219 4129 an
1249 4084 1432 4129 natura
1462 4075 1650 4128 Filium

131 4165 455 4230 generaverit;
488 4181 607 4220 cum
633 4165 684 4218 in
715 4165 822 4219 Deo
855 4165 933 4233 (ut
958 4164 1349 4233 perdocuimus)
1376 4171 1477 4218 non
1511 4165 1651 4218 aliud

129 4253 187 4304 sit
207 4254 428 4310 voluntas
454 4269 608 4325 quam
624 4256 906 4325 sapientia,
928 4269 1023 4309 nec
1046 4255 1182 4308 aliud
1213 4256 1470 4321 sapientia
1493 4269 1651 4324 quam

131 4350 309 4409 natura,
349 4361 462 4415 qua:
498 4347 668 4400 virtus
709 4345 866 4399 etiam
907 4345 1220 4414 appellatur.
1269 4345 1334 4399 Et
1378 4361 1498 4399 cum
1541 4349 1653 4402 haec

129 4436 281 4487 omnia
306 4434 542 4502 Christus
569 4437 658 4503 sit,
701 4437 838 4491 sicut
885 4437 958 4489 ait
995 4435 1313 4505 Aposmlus:
1345 4434 1455 4489 Nos
1485 4445 1650 4490 autem

129 4525 425 4590 pradicamus
454 4526 712 4580 Christum
746 4526 839 4580 Dei
869 4527 1121 4590 virtutem,
1147 4536 1194 4580 et
1231 4525 1324 4580 Dei
1351 4527 1650 4597 sapientium
1683 4511 1734 4569 D

128 4611 294 4676 (lCor.
315 4615 400 4679 9.3,
429 4613 544 4684 Si),
570 4627 786 4683 apparet
813 4631 932 4671 eum
965 4615 1129 4670 libera
1157 4618 1410 4672 naturalis
1438 4619 1648 4673 virtutis

131 4707 487 4774 omnipotentia
509 4723 574 4762 ex
599 4707 753 4762 Patre
767 4708 1002 4777 genitum
1024 4721 1172 4773 esse;
1205 4709 1656 4776 quoniamnatura

128 4794 170 4844 in
197 4794 310 4858 Deo,
350 4811 452 4849 non
484 4806 552 4850 ‘ut
582 4798 738 4849 Arius
770 4794 992 4850 ridicule
1018 4798 1290 4865 opinatur,
1323 4794 1657 4853 necessitatis

126 4883 401 4939 conditione
431 4894 644 4954 putatur
664 4887 756 4954 (ne
789 4897 842 4942 et
866 4885 983 4955 ipse
1014 4887 1191 4956 Pater,
1227 4889 1313 4956 qui
1345 4888 1658 4942 naturaliter

125 4973 354 5038 subsistit,
378 4991 438 5030 ex
464 4979 778 5031 necessitate
805 4975 1095 5032 subsistere
1123 4977 1417 5047 videatur);
1441 4979 1533 5033 sed
1565 4987 1647 5033 est

124 5058 282 5118 liberae
309 5065 604 5134 potestatis,
638 5073 690 5118 ct
721 5065 1084 5134 nullisvincta
1118 5070 1522 5122 necessitatibus
1552 5071 1655 5122 viro

123 5159 221 5218 tus;
248 5171 357 5224 quae
386 5155 509 5225 quia
540 5171 643 5209 non
673 5155 778 5208 aliu
801 5156 886 5210 ide
915 5158 1121 5225 accepit
1158 5168 1212 5211 ut
1253 5164 1418 5223 esset,
1455 5160 1655 5213 idcirco

120 5245 279 5296 natura
305 5246 492 5299 dicitur
524 5255 772 5314 tanquam
809 5246 925 5300 fons
960 5257 1013 5300 et
1053 5246 1204 5316 origo
1233 5259 1566 5302 cunctorum.
1599 5248 1654 5302 In

122 5329 204 5385 bac
227 5343 346 5404 ergo
372 5345 556 5390 natura
591 5336 755 5390 Filius
777 5345 880 5396 est.
933 5347 986 5390 et
1029 5338 1080 5390 in
1131 5337 1232 5393 hoc
1260 5340 1479 5408 originis
1511 5339 1655 5395 fonte

124 5423 385 5501 ministeria
415 5428 672 5496 processit
703 5428 949 5498 tanqu:im
994 5442 1058 5483 ex
1086 5429 1322 5497 sapiente
1372 5430 1525 5501 166
1569 5443 1655 5484 sa-

127 5514 309 5582 pientia,
349 5531 410 5572 es
447 5518 569 5573 forti
599 5519 790 5584 virtus,
834 5509 901 5574 ex
950 5519 1147 5574 lumine
1207 5522 1478 5589 splendor.
1528 5523 1656 5588 Quae

127 5608 349 5674 t-rcicsio
378 5614 454 5668 vel
486 5614 736 5669 nativitas
765 5612 838 5682 (id
869 5623 951 5670 est
985 5613 1170 5684 Filius)
1201 5615 1248 5670 id
1276 5617 1324 5669 in
1352 5629 1408 5671 se
1438 5615 1647 5671 virtutis

1757 1920 2000 1972 pnttsum.

1823 1998 2130 2052 Athanasius
2150 1999 2314 2054 dixit:
2338 1995 2466 2054 Vide
2487 1999 2537 2052 in
2558 2008 2812 2068 quantum
2831 1997 3024 2051 laberis
3047 1995 3312 2057 amentiis,

1755 2097 1810 2142 ut
1834 2089 1864 2142 d
1893 2089 2028 2142 vina;
2061 2090 2349 2144 nativitatis
2377 2103 2658 2153 arcanum,
2702 2104 2798 2142 nec
2831 2087 3074 2155 supernis
3098 2085 3310 2150 quidem

1757 2181 2039 2236 virtutibus
2053 2182 2344 2250 cognitum,
2363 2179 2744 2249 pltilosoplticis
2763 2181 3055 2233 rationibus
3070 2177 3310 2244 vestigari

1757 2272 2104 2337 ntagis'qttam
2134 2270 2253 2322 fidei
2283 2271 2622 2324 veneratione
2645 2284 2798 2337 posse
2829 2268 3060 2334 (‘OHSjiiCi
3093 2267 3310 2319 arbitra-

1758 2360 1917 2418 rcris;
1950 2368 2002 2410 et
2031 2359 2130 2410 soli
2165 2357 2298 2410 Filio
2324 2359 2567 2426 Patrique
2597 2368 2648 2411 et
2678 2358 2892 2425 Spiritui
2922 2366 3102 2410 sancto
3120 2370 3212 2424 pro
3234 2357 3312 2411 sui

1768 2449 2006 2514 tniraculi
2038 2449 2293 2518 dignitate
2332 2448 2662 2504 solummodo
2697 2449 2984 2516 cognitum,
3033 2449 3165 2499 intra
3193 2446 3313 2497 ltu-

1757 2539 1898 2590 mani
1930 2552 2118 2592 sensus
2149 2539 2406 2591 rationem
2440 2536 2734 2601 concludis,
2777 2546 2830 2590 et
2870 2552 2930 2589 ac
2973 2537 3014 2589 si
3051 2535 3313 2603 vulgatam

1761 2637 1812 2682 et
1842 2627 2036 2680 nullius
2062 2629 2252 2681 secreti
2277 2642 2388 2682 rem
2413 2628 2598 2681 audaci
2620 2627 2990 2693 disputationis
3011 2640 3167 2680 manu
3191 2639 3314 2678 cou-

1762 2727 1976 2772 trectas.
2013 2718 2075 2772 Et
2107 2734 2226 2773 cum
2259 2734 2327 2773 ne
2363 2718 2429 2773 de
2469 2719 2729 2774 creaturis
2778 2719 3009 2788 quidem,
3059 2733 3174 2786 quc
3218 2718 3315 2772 sub

1768 2809 1980 2862 humani
2011 2822 2327 2879 conspectus
2346 2812 2532 2863 intuitu
2554 2811 2669 2864 sitm
2691 2822 2836 2876 sunt,
2861 2811 2994 2864 ratio
3025 2810 3168 2862 reddi
3197 2823 3314 2876 pos-

1759 2898 1826 2952 sit
1855 2898 2122 2968 (quoniam
2151 2899 2508 2969 investigabili
2537 2903 2907 2956 miraculorum
2948 2916 3106 2969 opere
3137 2901 3312 2954 sub~i-

1759 2989 1957 3058 stunt);
1985 2997 2037 3044 tu
2068 3000 2360 3045 creatorem
2390 3007 2571 3045 eorum
2602 2993 2687 3061 qui
2722 2990 2801 3046 bis
2829 2990 2993 3044 multo
3023 2990 3316 3044 mirabilius

1759 3090 1997 3150 prastat,
2017 3085 2308 3153 qurcstione
2323 3084 2562 3149 discutis,
2577 3083 2965 3139 circumscribis
2977 3094 3312 3146 argumento,

1760 3173 1988 3242 indignis
2018 3182 2069 3228 et
2100 3173 2336 3241 profanis
2358 3175 2650 3241 rationibus
2681 3175 2880 3243 vulgas.
2919 3173 3021 3229 Sed
3050 3173 3172 3226 dum
3204 3188 3307 3225 non

1760 3265 1838 3319 vis
1869 3265 1986 3319 tidei
2012 3265 2301 3330 deservire,
2332 3263 2455 3319 dum
2489 3265 2790 3334 dedignaris
2820 3265 2969 3319 miris
2996 3273 3050 3319 et
3078 3264 3314 3318 inciiali'r-

1758 3356 1896 3411 libns
1919 3357 2106 3425 subjici
2133 3358 2307 3420 rebus,
2332 3358 2454 3411 dum
2478 3356 2821 3431 impatientia:
2842 3356 3059 3410 :estibus
3081 3356 3314 3424 agitaris,

1757 3457 1812 3501 et
1841 3447 2096 3502 immensa
2126 3454 2282 3518 atque
2308 3447 2768 3513 infinita‘tnetiris,
2790 3462 2854 3502 eo
2880 3447 3183 3502 intentionis
3215 3456 3316 3500 tum

1759 3538 2005 3605 perducis
2036 3539 2339 3605 articulum,
2371 3550 2428 3592 ut
2457 3540 2593 3594 Deus
2630 3547 2719 3593 aut
2749 3541 2967 3592 omnino
2995 3553 3098 3592 non
3123 3554 3316 3605 genue-

1759 3629 1848 3695 rit,
1882 3637 1972 3684 aut
1999 3629 2041 3683 si
2064 3631 2267 3697 genuit,
2295 3630 2544 3684 omnibus
2569 3644 2596 3682 a
2626 3640 2676 3684 te
2711 3628 2932 3699 objectis
2957 3627 3315 3682 conditionum

1759 3719 2165 3788 necessitatibus
2194 3719 2512 3787 Sttbjacuerit
2524 3758 2536 3771 .
3341 3785 3346 3791 ξ

1827 3808 2038 3865 XXVII.
2061 3807 2166 3864 Sed
2193 3809 2278 3878 qui
2308 3809 2440 3863 tales
2462 3823 2625 3878 nugas
2652 3821 2748 3864 ore
2769 3807 3026 3880 sacrilego
3048 3807 3235 3876 garris,
3267 3817 3318 3860 et

1759 3902 1898 3955 mole
1929 3907 2188 3969 corporea
2217 3901 2593 3955 subsistentem
2626 3902 2705 3952 vls
2742 3896 3079 3952 introducere
3106 3894 3268 3950 Deum
3297 3914 3308 3946 :

1757 3992 1878 4059 quia
1910 4005 2024 4057 quae
2046 4005 2074 4043 a
2107 4000 2157 4045 te
2191 3988 2341 4060 167
2373 3990 2713 4056 objiciuntur,
2743 4002 2849 4041 non
2892 3987 2991 4040 nisi
3022 3985 3315 4038 visibilibus

1757 4091 1814 4134 et
1861 4080 2104 4148 palpabili
2144 4080 2360 4134 materia
2406 4077 2740 4133 exstantibus
2776 4065 3096 4131 conveniunt
3135 4077 3313 4130 rebus.

1759 4170 1888 4224 Dum
1935 4169 2074 4222 enim
2106 4168 2320 4222 conaris
2351 4168 2636 4222 ostendere
2675 4167 2861 4220 Filium
2899 4167 3226 4220 extrinsecus
3262 4175 3310 4218 et

1758 4277 1860 4314 non
1891 4260 1957 4314 de
1984 4259 2154 4312 Patris
2177 4258 2471 4313 substantia
2501 4257 2762 4326 genitum,
2782 4258 2845 4310 ad
2878 4258 3050 4310 inanis
3082 4257 3312 4322 pbiioso-

1759 4352 1926 4420 pbicae
1947 4353 2074 4403 artis
2091 4350 2409 4418 qumstiones
2439 4349 2620 4403 relicta
2644 4348 2760 4402 fidei
2789 4346 3124 4414 simplicitate
3145 4357 3314 4401 trans-

1757 4442 1876 4506 isti;
1907 4450 1963 4495 ut
1991 4442 2110 4508 quia
2141 4440 2318 4494 divina
2347 4452 2530 4494 natura
2560 4455 2626 4493 ex
2660 4441 2738 4492 stti
2772 4438 3030 4492 infinitate
3064 4437 3310 4492 decidere

1759 4545 1861 4583 non
1903 4539 2096 4599 potest,
2141 4543 2240 4583 nec
2284 4543 2377 4597 per
2415 4528 2638 4582 ﬂuentes
2667 4525 3105 4580 exuberationum
3134 4526 3316 4590 conias

1758 4623 1982 4691 amplius
2009 4621 2329 4687 redundare,
2355 4619 2561 4676 stolidae
2587 4630 2744 4684 atque
2771 4616 3048 4670 crassioris
3076 4615 3315 4670 materia:

1757 4707 2022 4767 simillima
2052 4711 2338 4778 judicetur,
2382 4725 2503 4780 quia
2549 4709 2665 4763 sine
2711 4706 2791 4762 sui
2837 4707 3033 4760 damno
3079 4720 3143 4760 ex
3195 4717 3315 4759 sese

1759 4803 2039 4872 quidquam
2065 4802 2298 4858 tribuere
2325 4817 2430 4857 non
2459 4809 2652 4870 potest:
2671 4799 2806 4868 Ergo
2832 4800 2950 4869 quia
2976 4809 3315 4869 augmentum

1759 4907 1846 4946 res
1873 4908 2124 4960 corporea
2156 4893 2336 4956 sumit,
2374 4894 2747 4946 detrimentum
2780 4906 2866 4945 res
2892 4892 3048 4945 morti
3080 4891 3310 4945 obnoxia

1755 4983 1934 5045 sentit,
1953 4982 2226 5036 videamus
2247 4989 2418 5036 utrum
2447 4982 2606 5044 Deus,
2631 4982 2718 5050 qui
2740 4981 2790 5034 in
2825 4981 2968 5034 nullo
2991 4987 3073 5034 est
3099 4979 3308 5042 borum,

1757 5086 1820 5124 ex
1853 5071 2031 5138 seipso
2063 5070 2250 5124 Filium
2294 5074 2622 5140 generando,
2659 5085 2758 5124 nec
2787 5069 3131 5124 substantiam
3163 5080 3310 5121 suam

1756 5175 1849 5230 pro
1879 5170 1992 5214 rata
2025 5172 2172 5228 parte
2198 5160 2458 5224 diviserit,
2500 5169 2556 5213 ut
2594 5160 2750 5215 Arius
2793 5159 2938 5214 inani
2978 5167 3120 5212 metu
3146 5166 3196 5210 et
3226 5172 3312 5209 su-

1757 5249 1955 5318 perﬂua
1989 5251 2193 5304 timoris
2236 5250 2514 5304 formidine
2541 5236 2816 5317 Opinatur';
2861 5265 2958 5305 nec
2987 5249 3084 5304 sibi
3116 5247 3309 5314 aliquid

1757 5339 2068 5404 detraxerit,
2100 5340 2239 5409 quod
2260 5341 2530 5394 conferret
2559 5341 2609 5393 in
2636 5339 2849 5407 Filium,
2879 5348 2934 5392 ut
2965 5337 3061 5391 hoc
3087 5335 3202 5405 ipso
3223 5349 3312 5389 aut

1758 5431 1912 5486 bodie
1943 5442 2141 5498 careat,
2177 5441 2229 5486 et
2261 5431 2526 5502 perlectus
2557 5446 2659 5485 non
2688 5431 2775 5495 sit,
2814 5439 2902 5485 aut
2924 5443 2988 5484 eo
3021 5429 3064 5482 si
3096 5443 3199 5482 non
3233 5431 3310 5482 in-

1759 5523 1951 5590 digeat,
1988 5523 2228 5578 videatur
2256 5525 2520 5591 superllue
2549 5523 2835 5578 abundare.
2868 5521 3043 5576 Primo
3071 5535 3196 5588 ergo
3228 5538 3310 5574 rc-

1757 5612 2004 5668 ccdcntes
2046 5613 2112 5668 ab
2157 5616 2300 5670 o‘tnni
2340 5616 2693 5683 corporalium
2728 5615 3031 5681 passionum
3081 5615 3308 5680 ραδετί-
