3856 6222
488 302 592 359 215

1796 299 2015 357 νισιιιι
2052 301 2132 354 TA
2145 299 2417 357 PSENSIS

3598 301 3730 356 916

491 418 694 485 ptionc,
719 425 772 471 et
793 418 997 470 eunetis
1011 415 1296 470 visibilium
1317 424 1620 470 naturarum
1644 417 2034 472 conditionibus
2071 425 2117 481 Α
2148 430 2286 475 tatur
2325 423 2373 475 in
2403 418 2736 489 profundum.
2787 418 2917 471 Dum
2948 418 3090 473 enim
3130 420 3244 472 vult
3284 416 3574 471 facundiam
3616 419 3721 472 sui

491 508 777 570 derelictis,
807 509 872 562 de
894 508 1148 575 spirituali
1180 507 1452 562 nativitate
1491 509 1840 577 spiritualiter
1864 511 2044 579 diSpu-

493 605 685 657 temus,
722 611 817 649 nec
846 596 1130 664 quidquam
1161 596 1228 655 de
1257 612 1317 679 e'a
1345 612 1532 651 sensus
1569 600 1731 651 nostri
1763 601 2045 668 opinemur

497 685 928 750 prmsomptiunc.
966 683 1238 750 Scriptura
1270 686 1446 754 itaque
1483 685 1685 752 divina,
1717 697 1774 739 ut
1801 688 2047 755 impassi-

495 776 751 827 bilitatem
781 786 1014 842 paternze
1039 777 1394 843 generationis
1432 779 1758 840 ostenderet,
1804 792 2043 842 sensum,

491 864 824 931 sapientiam,
857 866 1136 931 virtutem,
1181 869 1421 935 verbum,
1452 869 1650 930 lumen,
1695 869 1884 922 Filium
1928 884 2048 922 esse

492 955 747 1008 narravit.
799 956 1023 1011 Sensum
1072 959 1296 1023 scilicet,
1341 974 1445 1028 quo
1486 969 1672 1013 cuncta
1711 960 2044 1028 Cogitantur;

493 1043 830 1108 sapientiam.
862 1061 960 1113 qua
988 1048 1213 1115 cogitata
1242 1048 1626 1115 disponuntur;
1655 1048 1928 1106 virtutem.
1948 1061 2047 1116 qua

489 1133 745 1202 disposita
779 1137 1151 1203 perﬁciuntur;
1185 1135 1401 1190 verbum
1427 1152 1531 1204 quo
1555 1137 1782 1205 perlecta
1809 1142 2051 1190 nuntian-

491 1233 610 1288 tur;
643 1224 841 1288 lumeu,
883 1240 986 1294 quo
1027 1227 1262 1278 nuntiata
1288 1227 1612 1279 clarescunt.
1641 1227 1703 1279 Et
1749 1227 1830 1280 hae
1862 1241 2052 1282 omnes

494 1314 764 1367 nominum
806 1316 1033 1381 species,
1069 1331 1173 1368 non
1201 1316 1451 1377 diversa}.
1483 1318 1576 1368 sed
1608 1331 1708 1367 una
1747 1326 1830 1369 est
1860 1317 2046 1368 virtus.

563 1402 800 1456 XXVIII.
872 1404 1002 1468 Quia
1034 1408 1175 1458 enim
1213 1405 1366 1457 unius
1396 1405 1657 1460 sermonis
1695 1407 2054 1460 enuntiatione

490 1493 792 1559 magnitudo
824 1493 936 1559 ejus
970 1495 1114 1546 nosci
1160 1508 1262 1546 non
1304 1495 1508 1561 potuit,
1548 1494 1743 1548 idcirco
1778 1494 2053 1562 multiplici

493 1581 868 1634 vocabulorum
901 1583 1253 1650 appellatione
1293 1583 1650 1652 distinguitur,
1686 1592 1740 1635 ut
1777 1599 1843 1637 ex
1882 1585 2055 1636 diver-

484 1672 644 1725 sitate
692 1672 775 1725 vel
823 1674 1077 1740 qualitate
1126 1671 1393 1734 nominis,
1451 1675 1797 1741 quantitatem
1845 1671 2054 1725 virtutis

2145 513 2410 565 sermonis
2454 511 2763 572 ostendere,
2817 510 3026 564 nescius
3080 512 3133 563 in
3181 510 3402 564 crimine
3445 519 3717 571 versatur,

2146 603 2433 670 Scriptura:
2471 600 2662 654 divinzn
2698 600 2922 653 dicendo
2962 616 3112 666 esse,
3152 603 3291 672 quod
3333 602 3384 654 in
3414 603 3722 654 SUDslantia

2152 693 2239 746 Dei
2273 700 2515 759 coarquet
2541 690 2727 742 Filium
2766 689 3028 758 genitori;
3068 706 3188 744 eum
3229 691 3339 757 ipse
3369 690 3526 743 Filius
3550 689 3612 741 de
3649 704 3722 743 se

2149 788 2392 842 testetur,
2421 788 2472 832 et
2495 777 2663 831 dicat:
2701 775 2850 829 Pater
2872 781 3035 848 major
3058 794 3135 829 me
3159 788 3228 831 est
3248 778 3423 846 (Joan.
3450 793 3552 838 ιη’,
3573 776 3674 834 98)
3703 795 3720 832 ;

2148 885 2200 929 et
2229 873 2381 942 169
2403 873 2501 936 Qui
2522 887 2598 924 me
2623 871 2776 936 misit,
2802 873 3096 922 mandatum
3119 868 3254 922 dedit
3278 871 3453 940 (Joan.
3479 885 3568 929 ιιι,
3587 869 3720 931 A9}:

2147 974 2200 1018 et
2232 962 2351 1014 Non
2379 977 2470 1032 ego
2492 959 2621 1025 veni,
2653 959 2738 1012 sed
2761 960 2845 1011 ille
2883 975 2960 1012 me
2988 960 3122 1012 misit
3154 959 3332 1029 (Joan.
3364 974 3472 1018 vui,
3499 958 3620 1025 li);
3661 967 3729 1007 et

2152 1053 2272 1108 Non
2297 1053 2407 1106 veni
2433 1053 2595 1120 facere
2623 1053 2928 1104 voluntatem
2949 1066 3129 1115 meum,
3159 1051 3248 1103 sed
3277 1049 3571 1101 uoluntatem
3598 1052 3728 1117 ejus

2149 1145 2236 1214 qui
2266 1158 2345 1196 me
2369 1143 2501 1195 misit
2523 1141 2701 1212 (Joan.
2734 1157 2806 1200 vr,
2830 1141 2952 1208 38);
2984 1150 3036 1194 et
3069 1142 3211 1195 Sicut
3235 1142 3364 1192 dixit
3397 1141 3512 1191 mihi
3537 1137 3726 1200 Pater,

2151 1237 2224 1288 sic
2253 1235 2431 1300 loquor
2452 1231 2627 1304 (Joan.
2654 1246 2747 1293 xu,
2771 1232 2890 1298 50);
2922 1240 2975 1284 et
3003 1231 3152 1296 Quod
3183 1231 3321 1280 dedit
3354 1229 3493 1292 mihi,
3522 1227 3726 1280 servari

2155 1323 2331 1394 (Joau.
2359 1337 2485 1388 xvn,
2513 1323 2598 1389 19.)
2620 1337 2634 1384 ;
2657 1333 2708 1375 et
2734 1319 2916 1373 Omnia
2937 1336 3048 1388 qua:
3069 1320 3204 1372 dedit
3230 1319 3352 1369 milii
3376 1318 3548 1374 Pater.
3571 1333 3726 1369 nemo

2154 1416 2318 1483 aufert
2345 1431 2375 1468 a
2405 1430 2480 1467 me
2511 1413 2687 1484 (Joan.
2707 1427 2779 1476 vr,
2801 1413 2918 1477 59);
2951 1421 3002 1464 et
3031 1410 3234 1478 Rogabo
3262 1425 3374 1461 eum
3400 1418 3444 1461 et
3470 1407 3726 1460 exhibebit

2156 1507 2279 1558 mihi
2308 1505 2422 1570 plus
2450 1519 2597 1570 quant
2635 1503 2898 1554 duodecim
2929 1502 3144 1571 legiones
3174 1501 3468 1568 angelorum
3497 1499 3717 1565 (Matth.

2156 1613 2300 1659 xvvt,
2324 1597 2444 1664 53);
2473 1604 2526 1649 et
2555 1594 2652 1647 llic
2676 1594 2809 1646 calix
2831 1594 2874 1645 si
2900 1609 2999 1644 non
3023 1600 3179 1661 potest
3210 1591 3421 1642 transire
3448 1590 3542 1641 nisi
3570 1589 3727 1640 illum

2158 1689 2343 1750 bibam,
2376 1687 2464 1753 ﬁat
2494 1683 2723 1736 voluntas
2749 1693 2834 1736 tua
2877 1682 3063 1748 (Ibid.,
3091 1680 3206 1748 42);
3237 1689 3290 1734 et
3322 1679 3561 1748 Transeat
3587 1695 3614 1728 a
3640 1694 3728 1729 me

490 1777 862 1830 agnoscamus.
889 1764 1022 1830 Quia
1053 1779 1178 1832 erso
1205 1763 1482 1819 consilium
1511 1766 1577 1818 ab
1597 1779 1684 1831 eo,
1705 1765 1852 1832 cuius
1881 1765 2051 1817 consi-
2087 1772 2125 1828 tt
2156 1780 2292 1833 calix
2322 1780 2430 1829 iste.
2464 1775 2578 1828 Non
2609 1777 2737 1827 sicut
2763 1790 2851 1842 ego
2878 1773 3008 1837 volo,
3040 1772 3126 1826 sed
3151 1773 3278 1825 sicut
3309 1782 3360 1822 tu
3392 1769 3574 1839 una.
3594 1770 3724 1833 so);

492 1850 618 1905 lium
647 1863 750 1915 cst,
776 1869 876 1905 non
908 1862 1206 1920 separatur,
1234 1856 1354 1920 quia
1380 1854 1543 1907 virtus
1572 1869 1599 1906 a
1633 1856 1751 1907 lorti
1781 1871 1884 1906 non
1913 1855 2049 1908 scin-

489 1941 651 2003 ditur,
679 1944 800 2008 quia
828 1943 1084 2010 sapientia
1114 1957 1142 1995 a
1167 1943 1404 2010 sapiente
1430 1959 1533 1997 non
1559 1945 1895 2011 discernitur,
1926 1945 2047 2012 quia

488 2045 676 2085 sensus
713 2049 741 2084 a
772 2044 984 2087 seusato
1017 2049 1120 2086 non
1160 2033 1456 2100 divellitur,
1488 2036 1607 2102 quia
1643 2035 1867 2089 Verbum
1899 2050 1928 2088 a
1958 2051 2043 2101 pa-

490 2128 639 2173 terno
669 2137 760 2175 ore
791 2139 892 2175 non
925 2123 1180 2185 aufertur,
1213 2124 1333 2191 quia
1363 2125 1614 2192 Splendor
1651 2139 1678 2176 a
1719 2138 1818 2177 suo
1856 2125 2051 2179 lumine

491 2212 628 2264 nulla
657 2215 953 2267 secretione
983 2214 1407 2278 discriminatur;
1442 2217 1775 2268 manifestum
1807 2224 1917 2279 est,
1949 2216 2051 2269 Pa-

490 2312 621 2356 trem
668 2320 764 2360 nee
813 2317 1149 2373 augmentum
1195 2307 1517 2374 suscepisse,
1563 2306 1717 2375 168
1758 2320 1855 2360 nec
1892 2306 2054 2360 detri-

490 2407 722 2450 mentum
743 2391 936 2451 Filium
954 2399 1258 2466 generando
1287 2399 1548 2461 sensisse;
1579 2398 1698 2464 quia
1728 2400 1840 2450 lia-c
1871 2398 1921 2450 iu
1948 2398 2055 2450 Deo

491 2497 542 2539 et
569 2488 882 2540 natur-aliter
907 2489 1107 2552 insunt,
1131 2497 1184 2540 et
1214 2488 1325 2554 ipse
1355 2486 1406 2539 in
1438 2487 1515 2540 eis
1547 2487 1859 2545 natur-aliter
1888 2486 2052 2539 inest:

493 2577 625 2628 sicut
664 2577 778 2644 ipse
807 2576 973 2629 Filius
1010 2577 1244 2644 apertius
1293 2575 1549 2638 declarat,
1603 2575 1826 2644 dicens;
1869 2574 1975 2643 Ego
2006 2576 2057 2627 in

497 2661 683 2733 Patre,
729 2681 774 2722 et
805 2668 957 2721 Pater
997 2671 1049 2721 iu
1093 2686 1172 2721 me
1202 2668 1376 2737 (Joan.
1410 2685 1459 2732 ι,
1495 2668 1582 2731 58,
1610 2678 1656 2720 et
1687 2683 1790 2730 λιν,
1824 2669 1910 2732 10,
1945 2670 2054 2735 11).

498 2755 625 2808 Esse
656 2760 795 2810 enim
826 2766 877 2809 et
906 2760 1098 2820 inesse,
1130 2772 1226 2811 nec
1257 2758 1406 2822 copia
1440 2766 1520 2810 est
1549 2760 1867 2821 exuberans,
1899 2757 1947 2811 id
1979 2767 2059 2812 est

495 2859 635 2902 extra
671 2848 972 2902 redundans
1003 2849 1147 2918 (quia
1178 2848 1347 2916 ipsum
1381 2848 1582 2912 inesse,
1621 2848 1671 2902 id
1703 2858 1786 2902 est
1817 2849 1868 2902 in
1904 2847 2059 2902 Patre

496 2953 526 2991 c
556 2952 633 3002 se,
668 2953 770 2992 non
800 2940 984 3005 recipit
1017 2941 1192 3005 Arius,
1227 2940 1504 2993 cavillator
1531 2950 1679 2994 extra
1712 2940 1931 3010 ﬂuere);
1965 2954 2062 2994 nec

493 3033 797 3086 detrimenti
835 3034 1038 3099 jactura
1082 3040 1186 3097 est,
1230 3031 1352 3084 dum
1393 3047 1484 3086 cor
1521 3033 1833 3100 sapientiam
1873 3031 2057 3101 gignit,

2152 1881 2204 1924 et
2228 1870 2352 1932 Qua:
2374 1875 2489 1920 sunt
2511 1869 2552 1918 ei
2577 1864 2762 1931 placita
2783 1879 2873 1932 ego
2894 1864 3025 1931 facio
3050 1878 3242 1926 semper
3263 1861 3440 1930 (Joan.
3463 1875 3571 1922 vnt,
3592 1859 3688 1916 ‘29?
3713 1875 3726 1916 ;

2153 1972 2205 2016 et
2233 1962 2421 2014 Sedere
2451 1960 2516 2009 ad
2545 1957 2803 2008 dexteram
2828 1970 2987 2006 meam
3016 1955 3090 2006 vel
3120 1954 3186 2004 ad
3215 1953 3493 2012 sinistram,
3518 1967 3617 2002 non
3648 1965 3723 2001 est

2153 2067 2316 2103 meum
2344 2050 2464 2100 dare
2497 2045 2630 2098 vobis
2659 2043 2866 2112 (Matth.
2899 2055 2989 2104 xx,
3015 2042 3138 2109 23);
3173 2050 3226 2094 et
3258 2040 3406 2092 Dedit
3435 2041 3508 2090 illi
3538 2054 3724 2089 nomen

2152 2139 2288 2210 quod
2311 2147 2381 2191 est
2405 2152 2553 2206 super
2574 2150 2719 2188 omne
2739 2149 2917 2186 nomen
2944 2131 3164 2201 (Philip.
3196 2146 3256 2193 ll,
3281 2130 3370 2193 9);
3396 2139 3447 2183 et
3470 2127 3725 2180 Exaltaeit

2155 2244 2365 2299 puerum
2412 2240 2592 2288 suum;
2648 2231 2702 2278 et
2752 2221 3018 2275 Benedixit
3063 2230 3108 2272 te
3148 2218 3396 2272 Dominus
3447 2217 3574 2269 Deus
3607 2225 3728 2266 tam

2158 2317 2325 2387 (Ριαι.
2342 2331 2481 2380 xuv,
2507 2312 2592 2383 8);
2615 2324 2667 2368 et
2687 2313 2933 2366 Excitavit
2959 2328 3071 2365 eum
3096 2328 3126 2363 a
3146 2311 3377 2363 mortuis.
3408 2309 3590 2362 Sedere
3609 2309 3727 2375 fecit

2157 2406 2224 2459 ad
2247 2407 2500 2458 dexteram
2526 2419 2670 2456 suam
2694 2401 2904 2471 (Ephes.
2934 2417 2972 2464 ι,
2993 2399 3105 2468 20),
3138 2409 3192 2454 et
3217 2400 3381 2452 multa
3405 2398 3486 2451 bis
3509 2397 3726 2460 similia,

2159 2513 2274 2564 qua!
2304 2495 2476 2547 studio
2497 2492 2771 2547 brevitatis
2794 2491 2999 2544 omitto.
3030 2489 3086 2543 Si
3117 2503 3244 2558 ergo
3271 2488 3519 2554 majorem
3545 2487 3722 2546 habet,

2160 2587 2202 2638 si
2226 2586 2291 2638 ab
2312 2600 2376 2638 eo
2400 2585 2592 2636 ruissus
2619 2592 2721 2648 est,
2746 2582 2790 2633 si
2817 2589 3105 2648 spontanea
3131 2580 3404 2632 voluntate
3431 2593 3530 2630 non
3555 2576 3724 2640 venit,

2160 2676 2202 2729 si
2236 2674 2563 2727 voluntatem
2595 2685 2743 2722 suam
2777 2683 2880 2721 non
2913 2669 3058 2733 fecit,
3096 2669 3138 2745 si
3171 2670 3310 2736 quod
3345 2669 3393 2720 ei
3430 2668 3619 2720 dicitur
3651 2667 3728 2718 lo-

2160 2766 2366 2832 quitur,
2411 2765 2452 2814 si
2488 2761 2587 2814 sibi
2621 2759 2744 2812 data
2779 2759 3037 2824 custodit,
3078 2758 3124 2812 si
3163 2769 3334 2826 rogat,
3366 2759 3412 2811 si
3446 2772 3538 2825 pro
3563 2756 3726 2809 calice

2161 2855 2496 2922 deprecatur,
2522 2852 2564 2903 si
2594 2864 2785 2903 nomen
2817 2849 2882 2902 ab
2911 2849 3019 2901 alio
3051 2848 3273 2917 accepit,
3298 2849 3341 2900 si
3369 2849 3434 2900 ab
3459 2846 3560 2900 alio
3582 2847 3726 2900 eul-

2165 2955 2325 3006 tatur,
2358 2943 2402 2996 si
2424 2941 2579 2994 sedes
2607 2939 2884 3007 discipulis
2908 2938 3208 3007 petentibus
3231 2938 3441 3004 propria
3472 2944 3725 3005 potestate

2165 3052 2270 3090 non
2300 3034 2500 3096 tribuit,
2525 3033 2569 3085 si
2594 3047 2708 3100 qua:
2739 3040 2861 3084 sunt
2883 3031 3021 3083 l'atri
3052 3031 3238 3098 placita
3272 3028 3418 3093 iacit,
3451 3028 3584 3081 etab
3611 3029 3726 3093 ipso

495 3125 620 3176 dum
645 3125 943 3178 intellectus
967 3122 1242 3177 consilium
1265 3135 1504 3191 generat,
1529 3123 1652 3176 dum
1675 3137 1736 3177 os
1760 3138 2061 3178 sermonem
2087 3121 2132 3183 C
2166 3141 2194 3179 a
2218 3125 2439 3179 mortuis
2465 3124 2774 3185 suscitatur,
2806 3136 3086 3189 :equumne
3109 3120 3317 3172 videtur
3352 3131 3410 3173 ut
3431 3121 3517 3182 qui
3544 3119 3609 3171 de
3635 3131 3724 3167 sita

497 3217 716 3283 profert,
754 3215 876 3269 dum
907 3216 1080 3268 lumen
1110 3215 1446 3282 Splendorem
1479 3215 1692 3268 emittit.
1742 3213 1883 3268 Inest
1921 3213 2060 3268 enim

496 3306 746 3370 splendor
773 3308 823 3359 in
848 3309 1043 3360 lumine
1066 3317 1117 3359 et
1141 3308 1315 3359 lumen
1342 3309 1392 3359 in
1418 3307 1720 3372 splendore,
1745 3318 1798 3360 et
1829 3306 1899 3359 ita
1925 3307 1974 3360 in
2006 3322 2063 3360 se

499 3409 779 3464 utrumque
801 3407 980 3450 natura
1003 3397 1260 3459 subsistit,
1281 3408 1336 3448 ut
1356 3410 1598 3449 neutrum
1621 3397 1735 3450 sine
1753 3399 1922 3450 altero
1946 3411 2064 3450 esse

505 3488 698 3554 possit;
717 3489 836 3556 quia
855 3488 1150 3553 ubicunque
1170 3489 1344 3539 luruen
1366 3497 1469 3549 est,
1490 3487 1595 3541 illic
1611 3495 1664 3540 et
1682 3487 1935 3554 splendor
1953 3487 2062 3554 pari

506 3577 761 3630 radiantis
791 3575 1004 3630 luminis
1033 3576 1274 3629 claritate
1321 3575 1565 3644 refulget.
1612 3575 1750 3643 Ergo
1775 3575 1928 3629 Pater
1961 3589 2064 3630 non

507 3675 605 3732 est,
634 3667 787 3734 capia
816 3664 1094 3732 superﬂua:
1123 3665 1541 3728 redundationis,
1568 3675 1811 3733 tanquam
1835 3675 1982 3719 extra
2010 3680 2066 3720 se

508 3758 757 3821 efﬂuens;
786 3758 878 3812 sed
907 3773 968 3811 ex
993 3773 1050 3811 se
1073 3771 1230 3826 atque
1253 3759 1304 3811 in
1335 3773 1414 3823 se,
1439 3768 1492 3810 ut
1518 3758 1729 3826 sapiens
1752 3755 2065 3824 sapientiam

509 3849 685 3915 genuit
715 3847 925 3910 Filium,
954 3861 1004 3902 et
1037 3848 1235 3902 idcirco
1270 3863 1331 3901 ex
1362 3863 1471 3900 sua:
1505 3848 1781 3902 infinitatis
1807 3849 2070 3916 magnitu-

507 3941 628 3993 dine
653 3953 905 4006 nusquam
929 3940 1143 3993 omnino
1169 3940 1408 3992 recessit.
1441 3940 1543 3993 Sed
1570 3953 1739 4007 neque
1762 3939 2068 3992 substantiae

509 4044 614 4083 iure
644 4029 1051 4098 portiunculam,
1084 4045 1176 4097 pro
1207 4040 1316 4081 rata
1351 4041 1496 4097 parte
1525 4031 1751 4083 secrevit
1782 4045 1809 4082 a
1840 4045 1916 4090 se,
1947 4033 2068 4098 quia

509 4121 681 4174 lumen
716 4121 1054 4187 splendorem
1098 4121 1382 4188 gignendo,
1417 4119 1736 4187 separationi
1777 4119 2066 4172 obnoxium

509 4221 741 4265 nonest.
793 4212 964 4278 Atque
1010 4215 1076 4261 ita
1127 4211 1330 4278 singula
1386 4211 1777 4277 prosequendo,
1834 4210 2069 4274 reperies

511 4299 716 4352 Patrem
769 4300 823 4352 in
871 4315 963 4351 sua
1007 4300 1350 4367 generatione
1395 4313 1492 4351 nec
1531 4305 1680 4366 copia
1724 4301 2070 4353 redundantis

513 4389 701 4443 cumuli
746 4399 953 4442 auctura
974 4429 988 4453 ,
1024 4404 1120 4443 nec
1152 4391 1331 4442 divisae
1360 4389 1614 4456 partionis
1645 4389 1964 4443 detrimento
1992 4392 2068 4442 «ιὶ-

2165 3213 2493 3283 subjectione
2525 3220 2667 3265 tanta
2690 3220 2744 3266 et
2776 3206 3075 3275 talia'dicit,
3105 3209 3245 3262 Patri
3277 3209 3535 3263 efﬁciatur
3556 3223 3724 3274 atqua-

2167 3305 2275 3359 lis?

2240 3395 2400 3448 XXX.
2448 3392 2817 3460 Probusjudex
2845 3392 2971 3443 dixit
2992 3407 3010 3444 :
3035 3390 3090 3445 Si
3113 3390 3368 3444 adversus
3402 3392 3499 3443 ista
3521 3390 3722 3454 capiesa

2167 3485 2359 3539 divina:
2400 3483 2729 3535 auctoritatis
2763 3482 3089 3541 testimonia,
3122 3497 3237 3548 qua:
3268 3481 3334 3532 ab
3367 3480 3492 3532 Ario
3520 3481 3583 3533 de.
3610 3479 3718 3531 Filii

2167 3574 2494 3641 subjectione
2513 3572 2711 3638 prolata
2734 3579 2877 3633 sunt,
2901 3571 3094 3637 aliquid
3119 3570 3413 3622 Athanasio
3432 3577 3721 3635 competere

2169 3666 2397 3729 videtur,
2437 3664 2646 3718 edicere
2687 3678 2789 3715 non
2834 3673 3088 3724 ruoretur,
3123 3669 3179 3714 ut
3219 3671 3395 3713 amota
3436 3671 3720 3728 supersun-

2169 3760 2347 3812 ctioue
2376 3758 2660 3818 sermonis,
2686 3771 2749 3807 ex
2772 3754 2963 3806 divinis
2990 3755 3164 3821 potius
3193 3753 3501 3814 luminibus,
3526 3761 3606 3802 aut
3625 3751 3719 3803 dis-

2170 3849 2381 3911 similis,
2414 3847 2492 3900 vel
2524 3847 2809 3913 comqualis
2840 3845 2980 3898 Patri
3017 3844 3180 3898 Filius
3210 3844 3632 3905 demonstretur;
3671 3851 3720 3893 ut

2171 3937 2345 4006 agnita
2369 3936 2607 3997 veritate,
2633 3951 2748 4005 qua:
2774 3949 2917 3988 same
2940 3935 3060 3988 lidei
3087 3949 3148 3988 ac
3176 3933 3366 3988 rationi
3394 3934 3718 3994 conveniunt,

2171 4030 2507 4083 roborentur.

2243 4121 2549 4173 Athanasius
2577 4118 2704 4171 dixit
2739 4135 2756 4171 :
2787 4118 3049 4183 Quantum
3081 4116 3207 4170 velit
3245 4126 3519 4185 percurrat
3549 4116 3596 4169 in
3622 4116 3716 4168 cla-

2173 4211 2321 4264 tione
2352 4210 2612 4263 sermonis
2643 4209 2752 4261 Arii
2784 4208 3042 4263 calliditas
3069 4247 3082 4270 ,
3112 4219 3165 4260 et
3202 4208 3301 4260 sibi
3332 4208 3399 4261 de
3427 4207 3718 4259 auctoritate

2172 4301 2364 4354 divinae
2394 4300 2522 4367 legis
2559 4299 2776 4367 prolatis
2814 4299 3026 4365 plaudat
3059 4298 3374 4351 tesrimoniis
3397 4294 3622 4364 :‘quilius
3650 4297 3714 4345 vi-

2173 4391 2366 4444 delicet
2407 4392 2588 4444 nititur
2637 4391 2705 4442 ab
2746 4391 3043 4457 aequalitate
3081 4390 3250 4441 Patris
3297 4389 3496 4440 Filium
3545 4402 3715 4454 seque-

515 4478 802 4543 minutum,
834 4494 930 4534 nec
966 4490 1223 4548 separatae
1259 4480 1568 4534 substantia;
1602 4481 1864 4534 divisione
1893 4484 2069 4548 sejun-
2102 4477 2151 4536 ι)
2175 4492 2383 4537 strare:
2417 4491 2606 4534 cuncta
2627 4495 2742 4549 quae
2764 4481 2830 4533 ab
2852 4495 2915 4532 eo
2935 4480 3187 4548 prolixius
3212 4480 3409 4532 inserta
3433 4489 3713 4534 noscuntur,

514 4581 650 4624 etum
680 4571 835 4638 :quia
860 4586 1030 4624 rerum
1063 4581 1266 4633 natura,
1301 4572 1383 4625 cui
1412 4586 1559 4625 sacra
1589 4571 1676 4626 illa
1703 4581 1756 4625 et
1786 4572 2071 4626 ineﬂaliilis

513 4661 782 4728 generatio
826 4671 1180 4726 comparatur,
1213 4661 1341 4713 nihil
1375 4663 1423 4713 in
1457 4675 1513 4715 se
1545 4662 1649 4713 tale
1679 4662 1899 4729 recipit,
1931 4661 2069 4728 quod

514 4760 603 4802 aut
626 4749 1008 4815 exuberationi,
1040 4751 1514 4817 aut.dirniuutioni,
1547 4761 1633 4803 aut
1655 4752 1876 4819 jactura:
1906 4751 2072 4805 obno-

515 4839 659 4894 xium
690 4852 810 4892 esse
832 4840 1017 4906 possit.

585 4928 776 4984 XXIX.
855 4929 1054 4981 l’rohus
1099 4930 1253 4992 iudex
1278 4931 1404 4983 dixit
1441 4945 1457 4982 :
1496 4929 1711 4984 Certum
1741 4941 1820 4985 est
1859 4931 2070 5000 quidem

512 5030 756 5074 naturam
791 5019 1025 5082 luruinis,
1058 5020 1138 5072 vel
1175 5023 1316 5073 verbi
1355 5036 1414 5074 ac
1447 5023 1721 5089 sapientia:
1751 5023 2077 5092 aliarumque

514 5111 768 5165 virtutum
815 5111 908 5163 abs
955 5121 1006 5164 te
1053 5121 1583 5164 commetnoratarum
1637 5112 1956 5167 ellicientias
1997 5113 2077 5167 his

512 5201 905 5256 conditionibus
947 5200 1114 5252 teneri
1146 5215 1249 5252 non
1295 5214 1469 5265 posse.
1519 5201 1621 5254 Sed
1659 5213 1858 5266 utrum,
1888 5214 1943 5256 ut
1977 5205 2074 5267 ais,

518 5303 747 5358 paternae
789 5289 1148 5360 generationis
1201 5288 1444 5341 nativitas
1492 5290 1687 5343 talibus
1739 5304 2077 5360 comparetur

515 5381 792 5446 exemplis,
824 5381 1012 5433 divinis
1038 5391 1089 5432 te
1120 5379 1367 5432 convenit
1400 5381 1713 5432 testimoniis
1740 5382 1984 5434 edocerc.

591 5472 738 5523 Atius
763 5472 889 5523 dixit
925 5490 942 5524 :
979 5471 1262 5539 Superiore
1287 5472 1654 5538 prosecutione
1681 5485 1794 5524 mea
1825 5471 1893 5524 ita
1921 5487 2083 5525 exor-

524 5575 608 5616 -νη
634 5578 768 5626 sum,
800 5563 937 5629 quod
965 5561 1280 5615 Athanasius
1312 5561 1530 5630 perlidia
1559 5561 1807 5616 excitatis
1841 5565 2084 5633 praccipi-

2177 4574 2365 4628 iisdem
2393 4573 2549 4626 etiam
2580 4572 2892 4625 testimoniis
2918 4588 2946 4623 a
2970 4570 3120 4624 nobis
3151 4570 3268 4637 ejus
3293 4570 3516 4622 intentio
3542 4569 3716 4631 absque

2177 4665 2280 4718 ulla
2299 4663 2608 4717 difﬁcultate
2631 4662 2984 4715 l'rustrabitur.
3004 4660 3249 4713 Christus
3273 4659 3431 4727 igitur
3449 4658 3604 4711 Filius
3621 4657 3711 4714 Dei.

2175 4757 2227 4809 in
2259 4754 2424 4807 forma
2455 4754 2615 4818 servi,
2645 4768 2798 4821 quam
2830 4753 3052 4819 sumpsit
3081 4766 3146 4804 ex
3181 4749 3412 4818 Virgine,
3441 4748 3583 4801 Patri
3608 4747 3714 4798 dici-

2178 4853 2262 4898 tur
2294 4859 2413 4898 esse
2441 4843 2742 4912 subjectus,
2772 4843 3011 4908 apostolo
3033 4841 3196 4894 Paulo
3223 4839 3564 4893 nihilominus
3590 4838 3711 4892 allir-

2177 4944 2355 4988 mante
2390 4952 2402 4986 :
2433 4933 2528 4987 Ubi
2561 4934 2719 4996 venit,
2749 4931 2948 4998 inquit,
2976 4931 3238 5000 plenitudo
3265 4929 3418 4999 170
3443 4939 3710 4997 temporum,

2177 5025 2310 5076 misit
2341 5023 2475 5076 Deus
2498 5021 2688 5075 Filium
2715 5039 2858 5076 suum
2882 5022 3070 5090 factum
3096 5038 3158 5074 ex
3183 5022 3416 5082 muliere,
3441 5021 3620 5086 factum
3642 5018 3714 5070 sub

2175 5113 2285 5185 lege
2310 5113 2450 5184 (Gal.
2477 5129 2547 5176 tv,
2569 5113 2647 5180 4).
2681 5113 2771 5168 Ille
2801 5114 2978 5182 itaque
3003 5113 3194 5167 dicitur
3221 5127 3339 5166 esse
3360 5111 3621 5177 subjectus
3643 5110 3711 5178 qui

2177 5206 2277 5259 sub
2299 5207 2413 5273 lege
2434 5219 2496 5258 ex
2522 5204 2741 5258 muliere
2769 5205 3007 5258 noscitur
3023 5213 3324 5272 generatus,
3344 5211 3399 5254 et
3420 5202 3471 5253 iu
3489 5217 3547 5255 ea
3573 5201 3711 5255 lorrua

2184 5297 2438 5362 majorem
2468 5310 2526 5349 se
2551 5295 2745 5349 iudicat
2767 5297 2993 5358 Patrem,
3021 5312 3176 5364 quam
3201 5295 3494 5349 Voluntaria
3521 5296 3712 5365 sumpsit

2186 5402 2249 5440 ex
2294 5385 2526 5455 Virgine.
2576 5386 2707 5439 Nam
2750 5387 2800 5439 in
2844 5387 3012 5439 forma
3045 5387 3136 5439 Dei
3175 5385 3364 5452 Patris,
3396 5387 3651 5454 angelicas
3673 5402 3709 5434 t‘t

2186 5475 2380 5528 chorus
2407 5477 2658 5542 probatur
2685 5477 2974 5544 pra'buissc
3006 5476 3378 5530 ministerium.
3425 5477 3494 5529 ita
3521 5478 3648 5528 enim
3672 5480 3709 5523 iu

2191 5567 2472 5634 Evangelia
2500 5569 2752 5637 scripturn
2779 5577 2861 5621 est
2892 5584 2905 5620 :
2945 5567 3008 5620 Et
3049 5570 3273 5622 discessit
3303 5569 3364 5622 ab
3400 5586 3458 5622 eo
3488 5569 3707 5631 diabolus,
