3856 6222
125 359 225 413 217
909 353 1179 409 CONTRA
1216 350 1523 417 ARIANOS,
1565 350 1646 406 SA

1810 349 2049 417 .taxos,
2085 347 2257 412 κτα..
2303 347 2424 401 ua.
2469 345 2529 400 tt.
3224 351 3329 407 sis

128 476 415 521 statuerant
454 466 643 534 angeli,
675 471 724 517 et
750 463 1093 515 ministrabant
1125 463 1171 516 ei
1207 461 1417 532 (Matth.
1452 477 1520 524 tv,
1557 460 1666 527 ll).
1702 464 1749 522 Α
1777 460 1919 512 ιΙίυιιι
1956 444 2457 527 jttdicanditrthnit
2499 466 2834 525 potestatem.
2878 456 3005 521 Qum
3047 469 3170 511 sunt
3205 460 3343 514 Palfi

129 555 313 621 ()bjicit
337 554 466 621 quod
497 553 819 604 voluntatem
850 551 1019 604 Patris
1045 550 1251 615 fecerit,
1284 562 1336 605 ct
1368 567 1470 603 non
1500 566 1671 603 suam.
1785 552 1969 619 placita
2005 551 2151 617 fecit,
2180 550 2301 615 quia
2332 548 2597 602 contraria
2626 548 2801 602 facere
2831 547 3015 599 noscit.
3065 547 3192 600 Nam
3223 550 3341 615 quia

129 646 181 698 In
203 647 299 699 hoc
325 645 481 710 magis
505 643 785 696 laudabilis
814 642 969 710 hujus
994 643 1142 696 verbi
1165 643 1306 696 dicto
1334 640 1492 695 debet
1518 657 1679 709 agno-
1779 642 1924 695 venit
1948 659 2048 695 non
2072 653 2127 694 ut
2150 640 2348 694 faceret
2369 640 2690 693 voluntatem
2715 653 2885 701 suam,
2911 637 3003 691 sed
3023 639 3344 691 voluntatem

134 738 220 798 sci,
257 737 375 802 quia
415 732 501 801 qui
542 732 714 786 Patris
754 733 1074 786 voluntatem
1120 733 1487 800 mquanimiter
1530 731 1672 797 fecit,
1781 734 1891 802 ejus
1912 737 1998 802 qtti
2023 731 2830 796 tnisitillnm,dixit:Utracium
2853 730 3339 793 ooluntatemtuam,

132 825 466 891 aequalitatem
512 822 774 887 ostendit;
806 824 1057 888 Apostolo
1097 822 1444 876 conlirmantc
1491 837 1503 873 :
1547 820 1675 873 Ilwc
1777 823 1913 877 Deus
1944 840 2099 887 meus,
2132 824 2268 876 volui
2305 821 2475 891 (l’sal.
2510 835 2699 882 xxstx,
2727 819 2809 888 9);
2840 828 2893 873 et
2928 817 3221 871 Voluntaria
3254 834 3339 870 sa-

132 918 411 984 rst,inquit,
430 914 664 969 voluntas
683 916 775 969 Dei
801 917 850 968 in
868 915 1068 987 Christo
1087 914 1209 967 Jesu
1234 914 1281 985 (I
1306 913 1457 965 Thes.
1483 928 1533 975 v,
1558 912 1669 978 18).
1771 916 2008 979 criﬁcobo
2037 916 2126 968 tibi
2165 912 2332 983 (Paul.
2360 927 2472 974 LIII,
2496 911 2576 975 8).
2616 911 2714 976 Qui
2747 911 2820 962 ait
2854 926 2868 961 :
2896 908 3052 962 Pater
3076 912 3241 975 major
3262 924 3340 959 me

132 1005 395 1074 Namrquia
424 1005 651 1068 addidit,
703 1006 846 1058 Sicut
884 1006 1009 1057 dixit
1038 1006 1160 1057 mihi
1186 1004 1363 1069 Pater,
1396 1004 1466 1056 sic
1495 1002 1673 1069 loquor
1771 1017 1842 1057 est
1871 1004 2048 1075 (Joau.
2081 1021 2188 1068 atv,
2218 1005 2331 1072 ‘28),
2380 1003 2531 1067 dixit,
2562 998 2757 1072 Egoet
2789 997 2943 1050 Pater
2970 1014 3126 1051 unum
3164 1013 3340 1050 sumus

132 1095 533 1165 (Joan.xn,50).
570 1097 745 1162 Quare
779 1098 1045 1148 hominum
1084 1111 1269 1165 genus,
1303 1094 1438 1164 quod
1464 1104 1664 1146 rectum
1771 1093 1948 1163 (Joan.
1988 1112 2041 1156 ι.
2070 1095 2185 1163 50);
2219 1106 2272 1148 et
2315 1093 2429 1170 Sint
2469 1094 2523 1145 in
2562 1095 2704 1173 nobis
2745 1110 2898 1145 unum
2928 1095 3055 1145 sicut
3096 1110 3187 1163 ego
3211 1103 3258 1147 et
3285 1103 3339 1145 tu

130 1196 199 1237 est
234 1186 557 1254 intelligens,
596 1188 776 1240 audito
808 1187 905 1239 hoc
940 1187 1100 1239 verbo
1131 1187 1405 1239 turbetur?
1442 1184 1494 1237 Si
1524 1185 1667 1235 enim
1770 1202 1926 1237 unum
1965 1202 2135 1238 smnus
2174 1183 2347 1255 (Jonn.
2377 1200 2504 1247 xvtt,
2537 1186 2625 1247 2I,
2653 1185 2748 1251 ἐξ)
2773 1200 2786 1247 ;
2816 1194 2870 1238 et
2904 1183 3083 1237 Omnia
3114 1200 3222 1236 mea
3253 1193 3341 1236 tua

128 1275 266 1329 aliter
284 1275 521 1329 Christus
547 1292 702 1345 quam
731 1277 864 1330 Deus
887 1278 1041 1329 Pater
1072 1278 1395 1343 loqueretur,
1419 1287 1526 1327 tum
1557 1289 1667 1327 ma-
1766 1288 1906 1343 sunt,
1924 1288 1970 1329 et
1987 1288 2072 1331 tua
2092 1294 2199 1330 utea
2216 1285 2333 1330 sunt
2354 1275 2526 1346 (Joan.
2549 1293 2670 1339 xvn,
2693 1275 2774 1345 I0)
2795 1286 2875 1340 ;ct
2894 1274 3101 1327 Creditis
3116 1275 3233 1342 quia
3248 1290 3341 1340 ego

126 1368 199 1434 gis
226 1367 360 1421 Patri
405 1369 678 1437 inaequalis
718 1369 798 1422 vel
830 1368 1103 1422 dissimilis
1152 1376 1558 1420 monstraretur.
1609 1365 1664 1418 Si
1767 1370 1818 1422 in
1839 1366 2011 1432 Patre,
2031 1379 2078 1422 et
2096 1366 2249 1421 Pater
2269 1369 2321 1420 in
2344 1384 2421 1420 me
2441 1378 2512 1421 est
2534 1367 2712 1438 (Joan.
2740 1381 2843 1427 XIV,
2872 1366 2956 1424 10,
2978 1364 3092 1431 Il):
3114 1375 3168 1416 et
3186 1362 3342 1415 Pater

128 1470 247 1510 vero
267 1472 379 1526 quae
403 1457 635 1526 loquitur
658 1460 835 1522 Pater,
861 1474 920 1510 ea
944 1458 1174 1525 loquitur
1197 1458 1380 1515 Filius,
1402 1470 1665 1520 nunquam
1766 1474 1900 1511 meus
1922 1468 2177 1525 aperatur,
2199 1468 2247 1511 et
2268 1475 2357 1526 ego
2378 1474 2556 1526 aperor
2577 1455 2755 1524 (Joan.
2781 1473 2833 1520 v,
2855 1455 2975 1522 i7);
2996 1464 3050 1509 et
3068 1454 3213 1509 Sicut
3236 1453 3342 1506 Pa-

125 1545 380 1614 inzequalis
406 1546 544 1600 Patri
584 1556 673 1598 aut
708 1547 978 1599 dissimilis
1018 1546 1304 1598 invenitur.
1351 1545 1500 1606 Quod
1527 1544 1648 1594 dedi.

1815 1567 1840 1601 r
1868 1551 2073 1602 suscitat
2108 1561 2335 1602 mortuos
2361 1559 2409 1602 et
2436 1550 2651 1616 vivi/icat
2669 1589 2685 1613 ,
2716 1550 2787 1601 ita
2815 1559 2862 1601 et
2892 1547 3052 1600 Filius
3079 1564 3203 1613 quos
3228 1546 3334 1598 vult

125 1632 253 1697 milii,
286 1636 475 1703 inquit,
512 1636 696 1686 servavi
730 1634 904 1701 (Joan.
937 1649 1064 1694 χιιι,
1109 1632 1217 1700 l2);
1264 1642 1315 1685 et
1348 1632 1531 1682 Omnia
1555 1645 1666 1696 qua:
1762 1641 1976 1703 viviﬁcat
2003 1638 2175 1703 (.Ioan.
2207 1654 2260 1703 v,
2281 1638 2405 1705 2|);
2433 1647 2486 1690 et
2518 1638 2617 1703 Qui
2646 1656 2720 1691 me
2738 1640 2888 1703 videt,
2913 1638 3043 1691 videt
3071 1647 3115 1690 et
3136 1636 3341 1689 Patrem

124 1726 236 1777 mihi
270 1727 432 1790 dedit,
475 1743 617 1778 nemo
655 1728 822 1795 auft'rt
869 1742 901 1777 a
930 1742 1005 1777 mc
1042 1726 1219 1794 (Joan.
1259 1739 1333 1785 γι,
1360 1724 1474 1789 39).
1518 1724 1662 1776 Dona
1765 1728 1943 1797 (Joun.
1975 1745 2083 1793 atv,
2110 1728 2199 1796 9);
2227 1739 2281 1783 et
2305 1728 2406 1794 Qui
2430 1745 2509 1780 me
2529 1729 2657 1792 odit,
2678 1739 2723 1781 et
2745 1728 2952 1781 Patrem
2973 1745 3137 1781 meum
3159 1728 3338 1798 (Joan.

124 1817 253 1870 enim
278 1817 480 1879 divina,
513 1817 614 1869 hoc
643 1817 800 1870 modo
830 1816 1165 1882 intelligenda
1197 1825 1318 1869 Sunt
1349 1816 1480 1870 Filio
1508 1818 1661 1871 attri-
1694 1812 1741 1872 B
1768 1835 1853 1885 xv,
1886 1819 2012 1887 23);
2044 1828 2097 1873 ct
2121 1819 2364 1885 Clari/ica
2388 1817 2436 1869 F
2440 1817 2582 1870 ilium
2607 1830 2767 1879 tuum,
2792 1827 2844 1870 ut
2868 1817 3030 1870 Filius
3052 1828 3164 1870 tuus
3188 1818 3340 1870 clari-

126 1910 259 1959 buta.
1767 1910 1880 1978 ﬁcct
1899 1920 1946 1963 te
1964 1909 2140 1981 (Joan.
2161 1924 2287 1972 xvu,
2315 1906 2366 1976 I)
2385 1924 2398 1970 ;
2416 1914 2471 1962 et
2490 1906 2597 1978 Ego
2619 1908 2892 1975 clariﬁravi
2918 1915 2965 1959 lc
2983 1913 3134 1975 super
3151 1917 3339 1958 terram

186 1996 367 2051 XXXI.
441 1996 593 2051 Dedit
623 1996 760 2050 enim
789 1997 941 2050 Pater
970 1996 1103 2050 Filio
1134 1997 1471 2063 omnipotens
1497 1999 1668 2051 omni—
1768 1996 1955 2065 (Ibid,
1974 1998 2055 2066 4);
2080 2006 2131 2052 et
2152 1995 2475 2065 Manifestavi
2492 2012 2673 2048 nomen
2695 2006 2830 2047 tuum
2850 1992 3345 2063 hominibus(lbid.,

124 2078 414 2163 potentiam,
437 2091 764 2155 majestatem
792 2089 975 2142 tribuit
996 2089 1280 2156 majestati,
1306 2090 1552 2143 virtutem
1575 2091 1667 2144 de—
1771 2088 1851 2156 6).
1882 2087 1941 2140 Et
1971 2096 2028 2140 ut
2055 2087 2227 2139 omnis
2251 2085 2495 2140 humana:
2519 2078 2871 2139 cavillationis
2893 2087 3131 2152 quiescat
3161 2084 3338 2137 inten-

125 2178 390 2242 ditvirtuti,
417 2180 745 2244 prudentiam
769 2178 915 2231 dedit
936 2179 1252 2247 prudentia,
1278 2180 1663 2245 prmscientiam
1770 2178 1865 2239 tio,
1899 2176 2157 2230 Joannem
2186 2177 2584 2243 evangelistam,
2612 2175 2762 2243 cujus
2790 2174 3034 2249 superius
3062 2188 3186 2227 usus
3215 2188 3333 2227 sum

125 2266 254 2320 dedit
275 2269 637 2334 prtescientiae,
662 2269 986 2320 divinitatem
1011 2268 1293 2331 divinitati,
1313 2269 1662 2323 mternitatem
1769 2266 2093 2328 tesdmonio,
2112 2263 2375 2331 proferam
2400 2272 2610 2326 testem,
2635 2266 2722 2331 qui
2747 2266 2819 2316 ait
2839 2282 2851 2316 :
2872 2262 2935 2314 In
2959 2263 3206 2331 principio
3227 2273 3334 2315 erat

128 2358 406 2421 :eteruitati,
440 2359 861 2425 comqualitatem
894 2360 1270 2425 comqualitati,
1304 2360 1667 2413 immortalita-
1775 2355 2013 2417 Verbum,
2038 2365 2084 2405 et
2112 2354 2322 2406 Verbum
2344 2365 2451 2407 erat
2481 2356 2615 2424 apud
2643 2354 2825 2418 Deum,
2850 2364 2894 2405 et
2918 2352 3051 2406 Dens
3076 2362 3182 2404 erat
3216 2350 3329 2404 Ver-
3402 2386 3412 2396 ο

127 2454 215 2497 tem
254 2447 651 2511 immortalitati,
687 2448 1100 2503 invi'sibilitatem
1150 2448 1523 2511 invisibilitati,
1560 2439 1665 2516 regi
1769 2444 1905 2495 l'um.
1938 2444 1992 2495 Si
2018 2442 2130 2495 lucc
2155 2451 2297 2493 tanta
2327 2445 2480 2511 172
2507 2443 2768 2495 divinitati
2797 2442 3189 2502 convenientia,
3217 2442 3331 2507 qui-

129 2548 347 2603 regnum,
373 2537 533 2589 vitam
567 2536 713 2599 vitae,
742 2546 793 2589 et
824 2552 929 2590 non
955 2536 1113 2590 aliam
1146 2537 1211 2589 ab
1241 2552 1301 2591 ea
1329 2550 1480 2604 quam
1513 2538 1668 2591 habet
1775 2531 1872 2584 bus
1904 2531 2111 2583 Patrem
2142 2540 2191 2583 et
2226 2529 2418 2589 Filiqu
2448 2546 2605 2582 ttnutn
2635 2544 2752 2582 esse
2779 2530 3087 2593 docuimus,
3120 2529 3332 2593 perﬁdis

127 2621 270 2684 dedit,
291 2636 340 2678 et
364 2636 616 2691 quantum
644 2626 799 2679 habet
823 2635 1022 2679 tantum
1046 2627 1212 2690 dedit,
1237 2631 1312 2681 vel
1339 2630 1521 2696 siqua:
1542 2629 1666 2693 alia,
1770 2636 1874 2673 non
1905 2619 2197 2682 sufﬁciunt,
2230 2619 2331 2671 alia
2362 2620 2407 2671 si
2438 2618 2671 2683 videtur,
2701 2616 3191 2685 superadjiciatnus.

128 2725 226 2776 qua:
250 2711 397 2766 Pater
419 2711 554 2765 Filio
586 2698 976 2767 indivisibiliter
1003 2724 1055 2767 et
1085 2716 1509 2781 inseparabiliter
1536 2731 1663 2770 con-
1839 2709 2049 2762 XXXII.
2086 2709 2282 2762 Probus
2310 2710 2472 2777 judex
2500 2710 2658 2762 dixit:
2690 2710 2743 2764 Si
2778 2708 2897 2762 huic
2928 2718 3032 2761 tam
3061 2710 3248 2765 valida:
3272 2715 3330 2761 et

129 2800 285 2853 tulisse
322 2811 659 2855 monstratur.
704 2803 807 2857 Sed
853 2806 964 2858 haec
1006 2805 1183 2857 omnia
1229 2805 1439 2858 babenti
1487 2806 1665 2872 potius
1766 2810 1927 2852 certa:
1976 2801 2329 2869 proscctttioni
2372 2801 2525 2852 Arius
2570 2800 2716 2853 nisus
2754 2799 2911 2853 fuerit
2945 2801 3181 2863 obviare,
3212 2814 3330 2853 cer—

128 2903 261 2953 qttam
291 2891 541 2959 indigenti
568 2892 773 2946 dedisse
802 2894 1073 2961 probatur,
1105 2894 1191 2947 cui
1223 2910 1251 2945 a
1282 2895 1414 2947 Filio
1441 2895 1660 2947 dicitur:
1767 2899 1876 2941 tum
1909 2898 1984 2941 est
2015 2904 2134 2942 eum
2168 2905 2269 2942 non
2301 2889 2558 2942 rationem
2589 2888 2768 2957 sequi,
2801 2887 2894 2941 sed
2928 2903 3021 2956 per
3052 2889 3329 2943 verborum

130 2979 287 3031 Omnia
314 2998 420 3033 mea
451 2992 537 3032 tuo
566 2991 713 3043 sunt,
756 2992 802 3035 et
838 2991 925 3034 tua
964 2982 1131 3035 omnia
1175 3000 1286 3035 mea
1326 2994 1442 3036 sunt
1487 2983 1660 3053 (Joau.
1768 2980 2203 3033 irrationabiltum
2239 2994 2454 3047 campos
2497 2979 2803 3032 effrenatius
2844 2980 3076 3046 evagari.
3105 2979 3204 3043 Qui
3243 2995 3328 3031 us-

130 3071 368 3138 xvu,10).
403 3071 457 3125 Si
502 3072 599 3124 ista
644 3073 817 3125 omnia
859 3086 990 3139 quau
1014 3072 1320 3140 perhibetur
1346 3074 1496 3127 Pater
1532 3071 1663 3127 Filio
1765 3085 1868 3137 quc
1894 3085 2033 3124 nunc
2060 3071 2213 3123 trium
2241 3071 2653 3124 substantiarum
2686 3070 2971 3134 rationem,
2999 3078 3055 3121 ut
3084 3070 3329 3136 superius

130 3162 406 3226 contulisse,
430 3162 532 3214 alia
563 3163 615 3215 in
646 3176 739 3225 eo,
772 3171 826 3217 et
859 3162 959 3217 alia
989 3164 1235 3218 videntur
1270 3180 1388 3219 esse
1418 3165 1468 3217 in
1501 3164 1658 3230 Filio,
1687 3151 1734 3215 C
1765 3159 1933 3215 fassus
1960 3170 2043 3214 est
2069 3160 2226 3230 (sicut
2260 3160 2580 3215 Athanasius
2610 3162 2793 3223 unius,
2828 3162 3103 3228 permultis
3140 3168 3327 3213 osten-

130 3250 403 3306 tnendacem
434 3256 555 3307 sine
592 3252 751 3306 dubio
791 3254 1007 3307 facimus
1041 3256 1260 3319 Filium,
1292 3255 1380 3323 qui
1412 3256 1538 3310 dicit
1566 3272 1658 3310 sua
1762 3250 1838 3303 dit
1865 3249 2215 3319 documentis)
2248 3265 2340 3318 per
2371 3246 2551 3304 nescio
2590 3266 2747 3319 quam
2788 3251 3102 3304 nebulosam
3141 3250 3326 3317 caligi-

130 3354 227 3394 esse
245 3356 354 3409 quze
375 3343 548 3397 Patris
573 3352 716 3397 sunt.
741 3344 843 3398 Sed
868 3346 912 3397 si
940 3347 990 3398 in
1015 3347 1095 3400 bis
1121 3362 1239 3412 qua;
1262 3347 1410 3411 dixit,
1437 3349 1661 3404 mendax
1762 3354 1882 3393 nem
1912 3340 2195 3405 circuiens,
2223 3339 2569 3394 assertionem
2594 3344 2739 3393 suam
2772 3340 3065 3408 nequiverit
3095 3339 3324 3393 demon-

131 3426 267 3483 I’ilius
293 3431 577 3497 invenitur,
603 3442 657 3486 et
684 3435 1029 3503 evangelista,
1059 3438 1145 3502 qui
1174 3439 1283 3490 ait:
1317 3438 1581 3509 /Equalem
1610 3458 1661 3493 se
1760 3437 1955 3485 εῑΐατθο

132 3516 290 3580 {acicns
317 3519 417 3572 Deo
434 3520 615 3585 (Joan.
640 3536 692 3579 v.
720 3521 830 3588 18),
853 3525 995 3575 omni
1024 3525 1217 3577 virtute
1244 3525 1469 3589 fallitur;
1500 3543 1560 3581 ac
1584 3528 1661 3583 sic
1845 3519 1997 3571 Arius
2045 3519 2171 3573 dixit
2201 3535 2219 3572 :
2270 3517 2512 3584 Nunquid
2568 3519 2690 3586 quia
2744 3532 2809 3572 ex
2858 3516 3052 3570 divinis
3098 3517 3325 3570 oraculis

131 3621 209 3658 nec
231 3608 374 3663 Pater
398 3609 529 3663 Filio
552 3612 753 3679 integre
774 3628 835 3666 ac
860 3615 1117 3667 veraciter
1140 3615 1338 3684 aliquid
1367 3619 1654 3673 contulisse

1810 3608 2110 3673 thanasius,
2150 3612 2329 3663 nescio
2374 3610 2565 3675 quibus
2616 3607 2885 3670 articulis,
2930 3606 3117 3660 Filium
3168 3607 3327 3661 unius

135 3696 262 3766 171
290 3708 627 3753 monstratur.
661 3702 763 3755 Sed
798 3704 845 3756 si
878 3718 998 3756 vera
1031 3716 1171 3768 sunt,
1206 3706 1343 3759 sicut
1370 3717 1511 3771 sunt,
1542 3724 1658 3776 qua:

1800 3712 1877 3751 sse
1910 3699 2241 3761 substantia),
2268 3709 2321 3751 et
2364 3698 2502 3751 Patri
2535 3702 2888 3765 comqualcm,
2921 3712 3051 3749 ausu
3099 3707 3323 3749 temera-

134 3784 265 3841 Pater
285 3789 410 3842 Filio
433 3791 859 3859 inseparabiliter
882 3806 936 3847 ct
960 3795 1243 3851 indiscrete
1269 3800 1509 3864 contulit,
1535 3814 1657 3852 con-

1810 3804 1842 3839 o
1871 3791 2011 3843 visus
2051 3799 2133 3844 est
2174 3789 2475 3851 affirmare;
2519 3799 2571 3843 et
2614 3788 2899 3856 Spiritum,
2931 3790 3017 3855 qtti
3064 3787 3235 3841 Patris
3274 3794 3327 3842 et

132 3876 355 3933 lirescnnt
377 3881 703 3934 dementiam
732 3882 1005 3937 hominum
1036 3885 1246 3954 lingum,
1279 3904 1397 3954 qua:
1425 3889 1661 3942 nituntur
1762 3881 1879 3944 Filii
1924 3885 2165 3938 minister
2208 3896 2293 3938 est
2322 3884 2511 3937 iisdem
2554 3883 2709 3936 debet
2754 3884 2941 3950 mquali
2991 3870 3327 3935 confessione

129 3964 289 4023 Filium
332 3987 360 4025 a
404 3973 574 4026 Patris
619 3974 912 4027 substantia
957 3992 1230 4045 separare.
1284 3979 1451 4047 Rogat
1499 3981 1652 4033 Filius

1800 3976 2041 4038 inferre?
2070 3991 2191 4029 cum
2222 3976 2332 4042 ipse
2366 3975 2530 4028 Filius
2555 3974 2695 4027 dicat
2721 3991 2733 4027 :
2767 3973 2867 4025 Ille
2894 3989 2973 4027 me
3001 3973 3323 4041 glari/icabit,

132 4055 334 4123 Patrem,
378 4071 432 4113 ut
479 4062 746 4115 hominem
787 4079 968 4118 verum
1010 4081 1066 4120 se
1103 4078 1313 4135 gestare
1352 4072 1657 4125 contendat.
1759 4066 1878 4134 quia
1905 4065 1966 4118 de
1995 4083 2105 4118 meo
2135 4068 2343 4131 αείίρὶει
2377 4064 2553 4124 (107m-
2585 4079 2699 4126 XVI.
2725 4064 2841 4131 14);
2874 4073 2928 4117 ει
2962 4053 3163 4117 Μὶιῑάηι
3189 4063 3323 4116 vobis

132 4143 237 4197 Nam
271 4158 323 4201 ut
351 4150 561 4203 deitatis
597 4166 708 4205 sua:
746 4151 1011 4206 intimaret
1039 4156 1357 4222 potentiam,
1391 4158 1523 4211 mari
1562 4160 1660 4211 im-
1762 4156 2011 4223 Spiritum
2056 4157 2276 4209 veritatis
2316 4155 2503 4224 (Ιοαη-
2535 4171 2620 4220 XV.
2650 4154 2781 4223 26);
2816 4162 2868 4208 ει
2917 4154 3144 4220 Spiritus
3172 4170 3203 4205 α
3246 4170 3325 4206 me

133 4237 299 4298 peravit
344 4249 397 4291 et
441 4240 649 4303 ventis,
698 4250 751 4294 et
789 4243 1020 4310 quinque
1066 4244 1227 4297 millia
1277 4246 1545 4299 hominum
1591 4249 1659 4302 de
1759 4247 2007 4313 procedet.
2037 4246 2194 4310 Quem
2220 4246 2372 4299 Pater
2396 4249 2554 4299 mittet
2582 4248 2633 4299 in
2660 4248 2860 4298 nomine
2882 4261 2990 4296 meo
3013 4243 3188 4313 (Joan.
3214 4260 3320 4309 xtv,

131 4325 325 4393 quinque
349 4329 570 4395 panibus
587 4332 860 4385 saturavit.
883 4332 1113 4387 Calicem
1136 4334 1399 4400 passionis
1420 4346 1474 4389 ut
1498 4337 1655 4389 homo
1759 4333 1877 4401 26),
1905 4345 1961 4388 et
1989 4335 2142 4397 Pater
2173 4336 2235 4389 ad
2268 4346 2596 4390 mortuorum
2635 4351 2754 4388 ossa
2786 4336 2913 4388 dicit
2939 4352 2949 4383 :
2985 4334 3125 4385 Dabo
3156 4334 3323 4403 Spiri-

132 4414 268 4469 tristis
306 4419 539 4486 accepit,
582 4429 641 4473 ut
676 4419 815 4474 Deus
862 4432 1036 4476 autem
1086 4422 1282 4477 fontem
1327 4440 1477 4493 aqum
1524 4428 1654 4480 viva:
1761 4432 1869 4475 tum
1900 4440 2063 4478 meum
2091 4426 2143 4477 in
2172 4441 2279 4490 vos,
2310 4435 2355 4478 et
2384 4426 2551 4477 vivetis
2583 4424 2795 4495 (Ezech.
2827 4438 3040 4488 xxxv",
3067 4424 3141 4491 5).
3177 4422 3320 4477 Nun-

132 4503 333 4559 talientis
371 4509 423 4562 in
464 4510 627 4563 vitam
659 4522 915 4565 attentam
951 4512 1291 4567 credentibus
1335 4516 1653 4582 propinavit.
1685 4499 1737 4559 Ῑ)
1762 4513 1884 4578 quid
1914 4513 1958 4566 is
1994 4514 2081 4580 qui
2119 4529 2148 4567 a
2178 4515 2332 4569 Patre
2362 4515 2585 4568 mittitur
2609 4514 2687 4569 vel
2720 4514 2988 4581 procedit,
3018 4514 3189 4568 eidem
3228 4514 3321 4566 de-

130 4595 511 4661 Accepitnomen
544 4610 599 4653 ut
628 4601 679 4654 in
709 4602 809 4655 hoc
836 4603 1068 4670 nomine,
1096 4603 1356 4669 coelestia,
1383 4606 1655 4659 terrestria
1763 4600 1852 4655 bet
1894 4603 2087 4673 aquari
2108 4643 2124 4667 ,
2162 4617 2281 4656 cum
2325 4604 2577 4672 propheta
2608 4603 2673 4658 de
2704 4619 2768 4658 eo
2816 4612 3063 4669 testatur,
3088 4603 3271 4657 dicens
3305 4623 3317 4656 :

130 4693 171 4733 et
198 4684 381 4742 inferna
419 4690 661 4745 adorent.
709 4690 983 4746 Exaltatus
1018 4701 1099 4747 est
1136 4695 1202 4747 de
1237 4693 1355 4747 imis
1394 4696 1457 4747 ad
1496 4711 1656 4764 stipe.
1762 4693 1889 4746 Ecce
1928 4692 2172 4748 Dominus
2222 4696 2433 4761 ﬁrmans
2474 4696 2746 4748 tonitruum
2786 4705 2831 4748 et
2873 4710 3047 4747 craans
3090 4693 3321 4763 spiritum

132 4769 264 4836 riora,
288 4776 333 4828 id
361 4788 441 4831 est
470 4778 539 4832 de
568 4793 731 4833 carne
764 4780 1009 4834 humanae
1050 4782 1366 4851 fragilitatis,
1398 4785 1462 4837 ad
1490 4776 1653 4839 Deum
1758 4782 1931 4852 (Amos
1960 4801 2030 4851 tv,
2059 4786 2169 4855 15).
2195 4786 2417 4840 Prorsus
2442 4802 2704 4855 nunquam
2731 4786 2857 4841 mihi
2884 4786 3145 4840 videbitur
3166 4800 3319 4840 crea-

131 4866 474 4920 conscendens.
507 4867 670 4920 Sedet
697 4869 759 4918 ad
792 4868 1067 4923 dexteram
1108 4873 1399 4939 maiestatis
1442 4881 1499 4926 ut
1532 4888 1653 4927 eum
1759 4882 1878 4928 tura
1902 4889 2000 4927 suo
2034 4876 2263 4930 creatori
2292 4876 2520 4946 aquari,
2546 4884 2638 4929 aut
2666 4890 2767 4929 una
2797 4891 2918 4954 cuin
2949 4858 3135 4930 eodem
3164 4888 3318 4942 posse

133 4961 216 5001 non
232 4951 418 5010 dubitet
447 4955 675 5010 humana
702 4958 980 5013 infirmitas
1002 4962 1171 5029 sequi,
1198 4960 1284 5014 ubi
1312 4974 1467 5030 caput
1497 4978 1651 5017 suum
1757 4972 2018 5034 potestate
2040 4958 2230 5033 potiri?

134 5038 289 5093 viderit
321 5042 551 5112 gloriari.
626 5045 821 5100 Unctus
863 5057 977 5113 est,
1024 5060 1080 5103 ut
1133 5051 1442 5106 chrismatis
1484 5053 1647 5120 ipsius
1824 5055 2133 5111 Athanasius
2159 5055 2289 5110 dixit
2310 5070 2329 5109 :
2358 5054 2683 5121 Sapientiam
2711 5064 2764 5110 et
2790 5054 3067 5116 virtutem.
3098 5054 3193 5110 Dei
3223 5053 3312 5111 Fi-

136 5129 361 5197 unctione,
403 5150 433 5187 a
470 5136 588 5190 labe
621 5136 809 5201 prioris
849 5138 1080 5194 hominis
1122 5141 1300 5197 delicti
1345 5157 1641 5210 pttrgcmur.
1754 5144 1879 5198 lium
1923 5160 2063 5209 esse,
2102 5142 2212 5213 jam
2255 5145 2464 5214 quidem
2503 5145 2746 5213 superius
2786 5143 3171 5205 demonstravi,
3225 5144 3312 5198 ubi

137 5214 361 5309 Excitatus
391 5239 419 5275 a
449 5226 668 5280 mortuis
696 5236 798 5294 est,
825 5238 880 5281 ιιι
906 5244 1003 5284 nos
1032 5231 1277 5300 exemplo
1306 5234 1648 5286 resurrectio—
1754 5235 2061 5309 Apostolum
2086 5226 2286 5289 dixisse
2317 5234 2565 5302 probavi,
2595 5235 2853 5289 Christum
2887 5236 2978 5289 Dei
3003 5237 3240 5288 virtutem
3263 5242 3315 5289 et

136 5307 200 5359 nis
227 5311 326 5377 eius
352 5330 378 5367 a
411 5316 597 5369 mortis
625 5319 813 5371 aculeo
845 5319 1149 5375 liberemur.
1183 5322 1349 5378 Sedes
1378 5323 1649 5392 discipulis
1757 5320 1848 5373 Dei
1888 5307 2186 5388 sapientiam
2218 5320 2269 5390 (Ι
2294 5324 2411 5377 Cor.
2440 5339 2455 5377 ι
2480 5365 2494 5388 ,
2518 5324 2631 5390 94).
2662 5324 2765 5379 Sed
2798 5335 2850 5378 et
2895 5338 3032 5377 nunc
3061 5323 3235 5376 veritis
3260 5331 3311 5377 et

139 5403 389 5485 [ﬂentibus
416 5419 474 5458 se
504 5421 607 5458 noti
640 5420 794 5473 posse
833 5407 959 5461 dare
1000 5418 1241 5476 testatur,
1286 5428 1355 5465 ne
1393 5414 1530 5466 inter
1557 5427 1650 5466 eos
1754 5413 1980 5478 plenius,
2009 5414 2053 5467 si
2085 5416 2441 5469 necessarium
2475 5415 2707 5484 iudicas,
2738 5415 2803 5471 de
2842 5413 2939 5469 hac
2976 5414 3158 5468 eadem
3191 5430 3315 5485 pro-

140 5484 374 5544 divortium
410 5506 733 5550 nasceretur.
790 5497 917 5551 Nam
957 5500 1047 5567 qui
1104 5500 1200 5565 ait,
1226 5500 1346 5555 Non
1380 5512 1452 5554 est
1486 5518 1649 5565 meum
1756 5502 1965 5556 bationc
1992 5504 2187 5571 replico
2216 5501 2535 5559 teSIimonia.

141 5579 234 5634 t‘m
260 5583 396 5650 vobis,
434 5588 545 5654 ipse
572 5590 679 5656 jsun
711 5588 905 5647 dudum
942 5590 1214 5661 discipulis
1250 5591 1526 5649 duodecim
1565 5607 1649 5648 se-
1828 5593 2064 5651 XXXIII.
2097 5596 2210 5665 Ipsa
2237 5597 2526 5666 Sapientia,
2554 5595 2606 5651 id
2633 5606 2711 5651 est
2742 5595 2779 5649 Ρ
2783 5594 2923 5660 ilius,
2953 5611 3046 5662 per
3076 5596 3317 5651 Salomo-
