3856 6222
531 349 634 406 219

523 639 698 705 (Prov.
721 658 842 706 .vut,
863 643 976 708 25).
1008 643 1072 697 Et
1096 643 1233 715 quod
1264 645 1446 700 eadem
1474 644 1726 713 sapientia
1761 643 1963 711 paterni
1999 643 2074 695 Iu-

522 733 678 804 minis
718 733 966 801 splendor
1008 734 1109 797 sit,
1161 736 1392 804 praedicti
1439 736 1732 789 Salomonis
1783 736 1982 803 pariter
2023 744 2074 788 et

520 822 865 892 Davidatque
892 826 1127 902 Apostoli
1159 829 1458 882 testimonio
1500 826 1892 894 comprobatur.
1923 825 2074 878 Salo—

516 927 676 979 mone
717 930 928 985 quoque
973 919 1040 970 ita
1088 917 1300 973 dicente
1330 938 1343 975 :
1378 919 1634 986 Splendor
1667 917 1824 981 lucis,
1873 917 2067 984 inquit,

512 1008 1016 1077 wtcrntzgspeculunt
1063 1010 1170 1062 sine
1218 1010 1414 1062 macula
1445 1008 1624 1077 ,(Sap.
1659 1023 1761 1071 vn,
1799 1007 1934 1073 26),
1980 1020 2072 1075 per

512 1094 652 1163 quod
692 1104 745 1148 et
781 1097 832 1150 in
865 1111 968 1165 quo
997 1098 1113 1152 sine
1151 1099 1308 1151 dubio
1339 1097 1492 1151 Pater
1524 1096 1750 1163 videtur,
1791 1105 1848 1150 ut
1876 1097 1987 1164 ipse
2017 1096 2068 1148 in

510 1180 798 1253 Evangelia
840 1187 924 1246 ait
954 1186 1151 1240 Filius:
1196 1185 1296 1252 Qui
1342 1186 1492 1254 173
1535 1201 1612 1237 me
1656 1185 1814 1246 videt,
1853 1184 1982 1237 ridet
2019 1193 2067 1236 et

513 1268 718 1325 Patrem
761 1272 946 1346 (lsan.
992 1290 1092 1340 ιιιν,
1123 1275 1200 1344 9).
1232 1271 1381 1340 Quod
1423 1278 1580 1329 etiam
1629 1272 1789 1326 David
1828 1273 2065 1340 apertius

515 1361 808 1426 declarans,
839 1364 901 1416 ad
935 1364 1140 1418 Patrem
1188 1363 1435 1432 loquitur,
1476 1363 1693 1417 dicens:
1729 1363 1878 1428 Apud
1908 1372 1955 1415 te
1993 1372 2066 1417 est

507 1451 798 1522 fonsgvitat,
827 1461 874 1504 et
918 1452 968 1502 in
1015 1452 1199 1505 lumine
1237 1463 1322 1504 tuo
1359 1452 1632 1504 videbimus
1672 1452 1842 1504 lumen
1890 1450 2058 1519 (Psal.

507 1554 664 1604 xxxv,
693 1540 800 1608 10).
835 1540 997 1594 Audis
1027 1542 1200 1594 lumen
1242 1541 1292 1594 in
1323 1541 1517 1595 lumine
1559 1539 1734 1604 cerni,
1773 1539 1822 1592 id
1854 1547 1935 1593 est
1965 1539 2063 1593 Pa-

506 1639 641 1686 trem
689 1633 740 1684 in
792 1630 924 1686 Filio
978 1632 1365 1701 contemplari?
1423 1631 1616 1687 Paulus
1657 1624 1880 1703 queque
1930 1647 2059 1687 con-

503 1723 743 1792 gruentia
785 1722 865 1776 his
894 1738 953 1790 pr
971 1722 1170 1786 ndicat,
1203 1722 1383 1777 dicens
1409 1741 1420 1775 :
1457 1723 1555 1789 Qui
1580 1739 1693 1776 cum
1730 1724 1793 1777 sit
1822 1723 2058 1794 splendor

1837 347 2052 405 \‘lGlLll
2092 347 2456 406 TAPSENSIS

525 474 645 513 netu
693 461 927 516 clamitat
961 461 1183 516 dicens:
1219 459 1329 530 Ego
1356 477 1418 514 ea:
1458 476 1543 513 ore
1582 461 1825 513 Altissimt'
1865 457 2082 525 processi
2109 459 2153 516 Α
2186 459 2319 513 simo
2347 461 2677 524 summatim,
2713 451 3171 533 particulatimque
3212 469 3555 534 quaestionum
3583 484 3608 521 δ
3649 488 3720 523 ιιι..
3818 507 3819 514 η

527 548 711 619 (Eccli.
755 567 898 618 xxiv,
929 553 1024 621 5):
1064 561 1117 607 et
1159 551 1322 616 Ante,
1361 554 1558 621 inquit,
1589 553 1739 604 colles
1786 549 1956 620 genuit
2001 567 2077 603 me

3635 365 3722 417 92-1

2179 551 2566 619 propositarum
2597 551 2734 604 dicta
2763 554 2990 622 rimeris,
3025 555 3260 624 profecto
3289 558 3541 626 reperies,
3571 559 3720 612 Atha-

2177 641 2380 700 nasium
2402 656 2506 694 non
2530 641 2593 694 ad
2621 643 2795 694 omnia
2824 643 3035 699 dedisse
3060 662 3392 715 responsum.

2246 729 2441 785 Probus
2462 732 2630 802 judca;
2657 732 2780 785 dixit
2806 751 2824 786 :
2854 734 3102 801 Quaenam
3143 737 3228 791 illa
3273 750 3423 802 sunt,
3458 743 3506 793 in
3545 741 3717 810 quibus

2175 820 2265 873 tibi
2309 822 2634 876 satisfactum
2679 838 2779 875 non
2810 839 2927 880 esse
2961 826 3273 881 arbitraris?
3303 825 3521 898 Designa
3555 833 3711 882 mani-

2172 910 2374 966 featius.

2243 1000 2393 1053 Arius
2422 1001 2584 1053 dixit:
2618 1001 2748 1068 Quid
2777 1018 2912 1070 opus
2938 1014 3019 1059 est
3054 1005 3237 1061 eadem
3265 1022 3448 1063 rursus
3485 1018 3710 1078 repeten-

2170 1084 2267 1149 do,
2305 1088 2522 1156 iongmn
2562 1089 2934 1156 disputationis
2981 1092 3158 1149 funem
3208 1097 3444 1162 trahere,
3472 1112 3586 1151 cum
3611 1096 3708 1165 jam

2169 1177 2448 1229 conveniat
2483 1175 2719 1233 ultimam
2751 1193 2801 1236 te
2822 1182 2887 1236 de
2913 1185 3214 1252 cognitione
3263 1188 3569 1242 sententiam
3602 1204 3709 1257 pro-

2170 1281 2333 1319 mere.
2434 1275 2440 1281 '

2240 1356 2436 1435 Probus
2476 1359 2639 1429 judeJ.
2688 1359 2814 1416 dixit
2856 1377 2876 1416 :
2916 1362 3274 1434 Semipienam
3321 1381 3425 1420 non
3478 1379 3710 1435 oportere

2167 1448 2480 1502 Seuttan-iam
2526 1451 2743 1519 inferre,
2776 1462 2946 1506 vestra
2993 1453 3153 1517 etiam
3202 1455 3475 1522 prudentia
3515 1471 3709 1508 mecum

2166 1537 2363 1602 pariter
2403 1543 2751 1610 recognoscit.
2781 1544 2863 1596 0b
2892 1543 2991 1599 hoc
3017 1543 3084 1598 de
3112 1553 3293 1598 sancto
3333 1546 3491 1599 etiam
3522 1546 3708 1616 Spiritu

2164 1626 2337 1693 aliqua
2372 1645 2462 1680 vos
2493 1633 2741 1684 convenit
2769 1631 3087 1698 disputando
3113 1632 3370 1701 proferre.

2231 1715 2380 1769 Arius
2409 1719 2535 1771 dixit
2558 1735 2575 1771 :
2608 1721 2712 1786 ligo
2741 1719 2991 1787 Spiritum
3017 1730 3255 1775 sanctum
3285 1738 3391 1776 non
3415 1723 3578 1776 solum
3611 1722 3700 1777 Pa-

503 1820 551 1867 ει
576 1811 744 1880 imago
771 1815 1062 1866 “summa.
1087 1817 1193 1883 ej,“
1238 1812 1422 1883 (Hebr,
1448 1828 1493 1879 ι,
1523 1812 1600 1882 3),
1636 1812 1866 1868 verbum
1898 1814 2056 1868 etiam
2089 1807 2136 1869 Β
2164 1803 2241 1855 lrc
2266 1812 2319 1857 et
2351 1803 2487 1859 Filio
2515 1808 2801 1872 minorem,
2834 1824 3016 1863 verum
3043 1810 3200 1864 etiam
3229 1812 3508 1867 volttntatis
3529 1828 3704 1872 eorum

503 1900 820 1962 nominatur,
863 1902 996 1953 sicut
1044 1901 1195 1955 Pater
1223 1903 1287 1954 ad
1333 1901 1798 1956 demonstrandam
1838 1917 2060 1970 genera-

500 1989 658 2042 tionis
681 2005 788 2042 su.e
818 1981 1287 2056 intpassihilitutem
1321 1990 1653 2057 pronuntiat,
1686 1990 1865 2044 dicens
1891 2009 1903 2043 :
1930 1991 2056 2043 Eru-

497 2079 640 2131 ctavit
683 2094 770 2131 cn-
802 2095 960 2131 meum
1003 2078 1209 2130 Verbum
1255 2080 1438 2132 bonum
1487 2079 1662 2151 (Ptol.
1708 2095 1844 2145 xuv,
1870 2078 1968 2145 2);
2000 2090 2054 2135 et

503 2164 666 2220 Verbo
699 2164 903 2218 Domini
942 2165 1050 2219 coeli
1082 2154 1268 2231 ﬁrmati
1296 2177 1412 2221 sunt
1456 2166 1633 2239 (Psal.
1666 2183 1841 2233 xxxtt,
1875 2169 1966 2236 6);
2000 2178 2053 2222 ct

496 2254 560 2313 In
588 2259 835 2336 principio
856 2268 958 2312 erat
993 2257 1229 2320 Verbum,
1254 2267 1302 2311 et
1330 2257 1550 2311 Verbum
1574 2270 1679 2312 erat
1703 2259 1838 2327 apud
1861 2256 2020 2312 Deum
2025 2304 2048 2337 ρ

494 2357 539 2404 et
570 2346 704 2403 Deus
732 2361 839 2402 erat
877 2348 1089 2402 Verbum
1124 2347 1298 2418 (Joan.
1331 2364 1376 2415 t,
1410 2350 1479 2418 1).
1515 2345 1679 2412 Deus,
1712 2350 1908 2419 inquit,
1945 2343 2052 2402 ertit

500 2437 736 2493 Verbum.
777 2439 888 2492 Non
923 2439 1282 2508 prolativum,
1317 2451 1368 2493 et
1411 2455 1543 2494 sono
1573 2444 1716 2495 vocis
1764 2443 2047 2507 transiens,

492 2527 583 2582 sed
610 2529 1030 2582 sulistantialiter
1071 2530 1121 2582 in
1153 2544 1245 2581 sua
1289 2531 1479 2584 virtute
1517 2545 1756 2594 manens,
1787 2531 2050 2600 intelligas

494 2618 745 2673 Verbum.
773 2619 878 2673 Sed
911 2628 964 2672 ct
994 2618 1132 2688 quod
1157 2619 1430 2672 consilium
1454 2619 1551 2684 sit,
1581 2620 1740 2671 lsaias
1765 2621 1913 2672 testis
1937 2629 2046 2683 est,

491 2707 674 2762 dicens
698 2725 710 2760 :
753 2707 1021 2761 Vocabitur
1049 2710 1217 2779 magni
1243 2709 1441 2761 consilii
1461 2711 1667 2774 angelus
1694 2706 1844 2776 (lsai.
1871 2724 1942 2771 tx,
1967 2707 2043 2777 5),

492 2798 541 2852 id
567 2806 646 2850 cst
676 2782 1008 2864 paternorum
1041 2808 1172 2850 tract
1191 2806 1351 2850 illllllli
1379 2798 1459 2850 vel
1485 2795 1902 2850 coitsolationntn
1935 2798 2044 2849 dis-

491 2897 740 2956 pensator
777 2896 830 2941 ct
856 2895 1068 2950 auctor;
1100 2887 1204 2941 imo
1234 2888 1342 2956 ipsa
1369 2887 1662 2941 consolatio
1689 2898 1740 2940 et
1770 2896 2041 2941 tractatus.

490 2977 690 3055 Sensus
715 2979 873 3032 etiam
907 2979 1106 3048 paterni
1138 2979 1363 3046 pectoris
1411 2977 1822 3042 demonstratur,
1859 2989 1912 3032 ut
1951 2979 2046 3033 Sa-

2162 1893 2456 1949 ministrum
2478 1904 2526 1950 et
2550 1897 3026 1953 o'tsecundatoretu
3049 1900 3325 1963 conﬁteor,
3350 1910 3409 1955 ut
3430 1914 3549 1970 pote
3567 1917 3705 1956 crea-

2159 1988 2325 2058 turam
2384 1984 2608 2038 creatori
2661 1989 3149 2041 reverentissimum
3210 1989 3486 2043 famulatus
3550 1993 3696 2045 obse-

2157 2067 2334 2136 quium
2383 2069 2728 2140 prmbentem.
2772 2075 2869 2139 Qui
2917 2086 3095 2130 tamen
3135 2080 3340 2132 cunctis
3382 2075 3630 2132 creaturis
3656 2088 3701 2133 et

2155 2159 2365 2221 melior,
2398 2170 2449 2213 et
2496 2173 2611 2230 post
2646 2158 2832 2218 Filium
2872 2167 3073 2233 primus
3113 2169 3204 2220 sit.
3242 2167 3373 2221 Nam
3415 2170 3460 2222 si
3497 2168 3704 2237 aequalis

2155 2266 2274 2307 cum
2322 2253 2499 2319 Patre,
2532 2266 2590 2308 ut
2619 2258 2939 2312 Athanasius
2969 2256 3271 2327 proﬁtetur,
3307 2260 3518 2314 honoris
3547 2260 3699 2327 privi-

2152 2343 2290 2410 legio
2318 2344 2617 2414 insigniter,
2650 2362 2751 2400 non
2781 2347 2978 2402 diceret
3007 2347 3167 2429 Filius
3191 2350 3310 2418 quia
3342 2366 3444 2403 non
3473 2353 3698 2419 loquetur

2154 2451 2179 2487 a
2212 2437 2517 2506 semetipso,
2543 2438 2634 2493 sed
2671 2446 2996 2510 quaecunque
3035 2442 3296 2506 audierit,
3329 2441 3578 2510 loquetur.
3606 2441 3696 2507 Qui

2152 2526 2290 2578 enim
2340 2527 2464 2580 nihil
2506 2528 2746 2583 ultronea
2790 2531 3061 2597 pOtestatis
3101 2531 3415 2585 auctoritate
3455 2531 3686 2600 loquitur,

2145 2617 2377 2683 jubentis
2419 2618 2638 2686 imperio
2698 2633 2789 2688 per
2836 2620 3144 2688 obsequium
3205 2620 3480 2675 ministerii
3523 2622 3683 2673 lamu-

2150 2703 2308 2759 latur.

2217 2797 2430 2852 XXXV.
2464 2797 2768 2851 Athanasius
2799 2797 2926 2852 dixit
2949 2815 2966 2851 :
2994 2797 3046 2853 Si
3073 2797 3265 2865 judicis
3293 2799 3562 2854 clementia
3591 2815 3699 2865 per-

2153 2888 2370 2940 missum
2400 2887 2579 2942 tribuit
2605 2896 2658 2942 et
2687 2887 2927 2956 largitur,
2959 2902 3022 2939 ex
3050 2887 3240 2939 divinis
3283 2887 3700 2946 auctoritatibus,

2148 2976 2306 3029 etiam
2357 2976 2611 3045 Spiritum
2657 2984 2928 3040 sanctum,
2963 2989 3066 3029 non
3110 2986 3406 3030 creaturam
3450 2992 3581 3040 esse,
3613 2977 3697 3029 sed

489 3066 666 3122 lomon
695 3071 804 3121 ait:
840 3068 1083 3123 Dominus
1122 3070 1368 3136 sapientia
1405 3085 1495 3122 sua
1538 3068 1765 3138 [undavit
1812 3078 1995 3121 terram
2027 3083 2046 3120 :
2149 3059 2312 3120 Deum
2345 3075 2398 3120 et
2422 3076 2714 3121 creatorem
2739 3079 2857 3122 cum
2889 3063 3042 3121 Patre
3067 3076 3120 3122 et
3163 3067 3317 3134 Filio,
3354 3067 3579 3122 breviter
3607 3066 3695 3121 de-

489 3159 724 3211 stabiliuit
771 3167 936 3212 autem
985 3159 1132 3221 calas
1178 3159 1462 3226 prudentia.
1513 3158 1688 3212 Sensu'
1725 3159 1835 3227 ejus
1880 3159 2046 3227 abyssi
2073 3149 2116 3213 C
2149 3155 2475 3209 Monstrabo.
3073 3203 3077 3206 .
3242 3168 3244 3172 '

488 3248 829 3301 dissiluerunt.
854 3249 927 3303 De
952 3263 1057 3318 quo
1084 3253 1240 3302 senSu
1275 3246 1457 3313 Isaias,
1482 3257 1534 3301 et
1561 3248 1842 3315 Apostoius
1873 3247 1996 3301 dicit
2024 3266 2035 3300 ε

492 3336 618 3401 Quis
648 3337 872 3403 cognovit
897 3351 1095 3388 sensum
1125 3334 1329 3388 Domini
1359 3335 1509 3404 (Isti.
1534 3352 1620 3399 ιι,
1651 3334 1745 3399 15;
1782 3338 1928 3390 liam.
1955 3352 2003 3388 χι
2024 3377 2037 3400 ,

488 3421 620 3490 ὖιι)ἳ
661 3423 948 3477 secundum
995 3423 1116 3476 illud
1161 3424 1556 3492 evangelicum:
1593 3425 1720 3488 Quia
1765 3438 1908 3477 nemo
1948 3410 2055 3477 scit

491 3513 688 3570 Filium
731 3513 829 3568 nisi
873 3511 1031 3568 Pater
1079 3513 1301 3585 (Matth.
1345 3530 1424 3578 χι,
1465 3513 1602 3583 27).
1634 3513 1836 3567 Claruit
1885 3515 2041 3582 igitur

492 3615 741 3676 quantum
762 3605 1009 3672 arbitror,
1033 3605 1236 3659 Patrem
1260 3603 1448 3659 Filium
1472 3621 1532 3659 ex
1561 3620 1618 3660 se
1639 3605 1962 3673 generando,
1989 3616 2042 3659 et

491 3696 735 3752 eumdem
765 3697 815 3751 in
843 3708 1010 3752 semet
1040 3697 1300 3761 habendo,
1333 3712 1428 3750 nec
1456 3706 1665 3750 auctum
1689 3705 1741 3750 et
1764 3697 2006 3750 diffusum
2026 3741 2038 3765 ,

490 3801 590 3843 nec
624 3785 788 3841 fuisse
829 3787 1038 3856 penitus
1075 3787 1424 3850 diminutum;
1473 3787 1596 3840 dum
1644 3786 1734 3856 qui
1791 3795 2038 3856 generat,

489 3875 541 3930 in
570 3876 835 3930 nascentis
865 3875 1113 3945 perfecta:
1153 3861 1352 3929 natura:
1390 3875 1679 3929 substantia
1711 3874 2037 3944 dignoscitur

488 3979 838 4034 permanere:
868 3978 965 4019 nec
994 3975 1140 4018 extra
1189 3979 1247 4019 se
1290 3974 1509 4033 uterque
1558 3963 1887 4026 diffunditur,
1919 3964 2040 4016 dum

489 4064 706 4124 uterque
747 4053 801 4108 in
845 4068 902 4108 se
949 4053 1170 4109 invicem
1224 4068 1438 4108 manere
1485 4045 1842 4120 cegnuscitur.
1893 4053 2040 4110 Sicut

489 4141 669 4213 Isaias,
703 4159 809 4198 non
854 4153 998 4198 extra
1040 4144 1348 4198 infinitatem
1397 4154 1625 4212 paterna:
1664 4151 1894 4206 naturte,
1926 4153 2042 4199 tau-

489 4247 644 4303 quam
674 4233 808 4287 ultra
834 4247 892 4286 se
914 4229 1213 4285 emneutem
1245 4232 1462 4298 Filium;
1497 4232 1587 4287 sed
1619 4232 1668 4285 in
1699 4246 1757 4286 se
1783 4226 2041 4301 per-com-

491 4325 666 4378 munis
711 4323 1019 4375 substantite
1064 4323 1314 4375 unitatem
1362 4323 1682 4375 habitantem
1731 4323 1942 4376 Patrem
1991 4331 2045 4378 et

493 4413 680 4467 Filium
712 4411 973 4474 declarat,
1002 4426 1119 4463 cum
1163 4408 1225 4463 ad
1253 4411 1420 4480 ipsum
1469 4409 1654 4465 Filium
1695 4413 1928 4480 loquitur
1964 4413 2042 4468 di-

2216 3241 2416 3298 Probus
2432 3244 2597 3317 judex
2624 3245 2752 3298 dixit
2781 3261 2798 3300 :
2829 3245 2897 3301 Ut
2924 3255 3006 3298 tua
3041 3245 3304 3314 professio
3327 3245 3584 3311 continet,
3615 3261 3698 3313 ap-

2144 3334 2305 3403 proba
2349 3335 2581 3389 breviter
2626 3336 2764 3403 quod
2809 3337 2942 3390 ratio
2976 3337 3138 3406 exigit
3168 3337 3570 3401 documentum;
3599 3353 3692 3392 non

2142 3441 2206 3479 ex
2245 3436 2559 3494 argumento
2605 3431 2889 3492 sermonis,
2919 3428 3011 3483 Sed
3043 3443 3105 3483 ex
3139 3429 3434 3486 divinarum
3466 3431 3692 3499 Scriptu-

2150 3504 2325 3569 rarum
2373 3517 2716 3584 testimoniis,
2756 3513 3009 3589 Spiritum
3041 3532 3281 3576 sanctum
3329 3523 3466 3576 Patri
3496 3537 3547 3577 et
3575 3523 3699 3576 Filio

2143 3607 2463 3671 cumqualem
2503 3621 2654 3672 esse;
2697 3613 2787 3662 su’t
2834 3610 2996 3680 (sicut
3035 3613 3146 3679 ipse
3197 3611 3365 3666 fassus
3413 3609 3496 3682 es)
3543 3614 3695 3668 Deum

2145 3711 2266 3749 eum
2297 3696 2376 3750 vel
2407 3706 2701 3752 creatorem
2731 3699 3031 3754 communis
3071 3703 3250 3770 operis
3292 3716 3411 3756 esse
3452 3703 3694 3763 ostende;

2146 3794 2202 3837 ut
2223 3785 2348 3839 dum
2378 3785 2488 3841 lucc
2516 3787 2762 3843 veridicis
2792 3789 3107 3843 testimoniis
3133 3789 3525 3859 approbaveris,
3553 3792 3696 3846 Arius

2144 3874 2327 3930 eadem
2357 3889 2385 3927 a
2411 3890 2506 3930 sua
2535 3877 2847 3942 intentione,
2877 3891 3020 3933 verre
3050 3877 3168 3934 lidei
3209 3879 3538 3950 professione
3573 3895 3694 3935 con-

2145 3966 2315 4019 victus
2343 3966 2614 4020 abscedat.

2215 4056 2524 4110 Athanasius
2553 4058 2723 4111 dixit:
2759 4059 2911 4131 175
2942 4055 3102 4114 Multo
3133 4059 3296 4128 magis
3319 4075 3382 4114 ex
3419 4059 3521 4113 hoc
3548 4074 3697 4128 appa-

2144 4154 2224 4200 ret
2250 4147 2502 4215 Spiritum
2529 4157 2771 4203 sanctum
2799 4164 2829 4204 a
2861 4149 3032 4204 Patris
3055 4158 3108 4206 et
3137 4149 3252 4203 Filii
3283 4148 3574 4204 substantia
3597 4161 3690 4202 non

2143 4231 2266 4290 esse
2296 4236 2555 4300 alienum,
2586 4238 2713 4293 dum
2742 4252 2848 4294 non
2879 4254 2905 4293 a
2937 4239 3116 4308 seipso
3149 4247 3394 4309 tanquam
3424 4240 3623 4295 alienus
3647 4244 3693 4291 ct

2143 4335 2448 4391 extraneos,
2478 4326 2570 4380 sed
2616 4335 2674 4380 ut
2722 4336 2842 4395 pote
2889 4328 3043 4381 unius
3085 4327 3321 4395 ejusdem
3367 4338 3572 4382 naturae
3615 4339 3690 4379 so-

2147 4407 2278 4478 cius,
2318 4430 2434 4484 quae
2466 4416 2640 4473 Patris
2664 4423 2714 4471 et
2748 4417 2862 4470 Filii
2908 4416 3200 4470 communia
3240 4423 3362 4470 sunt
3403 4418 3510 4484 agit
3550 4428 3600 4470 et
3626 4416 3692 4466 lo-

493 4517 615 4558 ceus
642 4518 654 4553 :
686 4498 751 4554 In
783 4511 829 4557 te
852 4510 922 4554 est
953 4499 1108 4566 Deus,
1136 4513 1179 4554 et
1209 4517 1307 4553 nan
1339 4512 1408 4554 est
1449 4500 1585 4554 Deus
1624 4515 1766 4578 extra
1798 4515 1843 4559 te
1883 4503 2039 4575 (Isai.
2073 4498 2125 4564 D
2152 4501 2346 4568 quitur.
2374 4504 2502 4559 Nam
2534 4505 2580 4559 si
2625 4507 2688 4560 de
2718 4506 2946 4574 pr0priis
2983 4507 3306 4575 loqueretur,
3340 4521 3444 4559 non
3477 4507 3638 4559 solum
3666 4516 3692 4553 a

492 4609 609 4649 xcv.
639 4595 744 4648 Hi.

558 4681 793 4740 XXXIV.
835 4680 1029 4738 Probus
1060 4683 1223 4754 judea:
1272 4680 1440 4736 dixit:
1472 4683 1731 4748 Quantum
1783 4684 2046 4740 facultatis

488 4777 839 4846 percipiendae
868 4765 1086 4830 rationis
1117 4777 1358 4829 humana:
1395 4789 1585 4830 sensus
1613 4776 1874 4845 capac’ttas
1912 4790 2045 4844 pra:-

490 4879 621 4936 stat,
665 4869 965 4936 plenissime
1006 4882 1123 4922 reor
1161 4867 1508 4923 Athanasium
1557 4867 1843 4936 superioris
1893 4885 2040 4934 quzc-

489 4961 765 5018 stiuncula:
785 4961 1003 5030 nodosa,
1028 4968 1132 5018 tota
1150 4961 1474 5029 scrupulosus
1489 4959 1751 5029 opinionis
1774 4962 2039 5030 ambigua,

489 5056 542 5104 in
581 5053 770 5121 quibus
813 5063 990 5120 nostra
1039 5052 1271 5107 haerebat
1313 5051 1563 5115 intentio,
1606 5052 1811 5120 penitus
1853 5068 2038 5120 ampu-

490 5153 648 5202 tas~e.
683 5146 734 5200 Si
778 5144 879 5200 hoc
917 5145 1083 5215 ipsum
1124 5148 1282 5200 etiam
1314 5147 1442 5200 Ario
1488 5145 1706 5212 claruit,
1741 5144 1894 5216 174
1922 5145 2038 5200 edi-

491 5249 574 5292 cat
602 5237 866 5306 apertius;
897 5245 951 5292 et
978 5237 1043 5291 do
1072 5235 1151 5292 his
1179 5237 1242 5292 ad
1269 5239 1368 5291 alia
1415 5238 1480 5307 (si
1515 5247 1686 5294 tamen
1732 5231 1901 5294 adhuc
1945 5242 2038 5295 aii-

490 5345 592 5392 qua
613 5343 891 5396 supere~se
921 5329 1134 5398 putatis)
1169 5329 1376 5383 tandem
1407 5330 1688 5399 aliquando
1721 5338 2037 5399 trauseatur,

493 5430 595 5481 quo
620 5417 841 5471 celerius
884 5418 1152 5472 valeamus
1189 5419 1364 5487 operis
1402 5419 1555 5488 hujus
1611 5419 1897 5477 terminare
1946 5437 2041 5476 nc-

497 5504 708 5572 3olium.
2025 5503 2028 5506 ’

565 5590 714 5645 Arius
740 5593 906 5647 dixit:
936 5593 989 5650 Si
1027 5606 1198 5653 mente
1239 5599 1501 5669 pervigili,
1529 5608 1581 5655 et
1613 5613 1770 5656 scnsu
1812 5601 2041 5670 stgacis-

2109 4636 2113 4643 .
2156 4596 2308 4648 Patre
2334 4594 2555 4658 alienus,
2585 4597 2675 4649 sed
2708 4606 2756 4648 et
2802 4595 2960 4649 fallax
2987 4604 3040 4649 et
3069 4595 3321 4662 deceptor
3361 4592 3693 4663 proculdubio

2156 4683 2471 4740 haberetur:
2501 4687 2746 4755 quoniam
2779 4687 2870 4755 (ut
2896 4687 2968 4739 ait
3002 4685 3190 4753 Filius)
3221 4684 3399 4737 Omnis
3427 4686 3512 4752 qui
3550 4683 3694 4752 loqui-

2152 4787 2233 4830 tur
2259 4775 2603 4843 mendacium,
2631 4776 2693 4828 de
2719 4776 2938 4844 prapriis
2972 4777 3193 4844 loquitur
3232 4772 3409 4844 (Joan.
3435 4789 3525 4827 vnt
3547 4816 3559 4836 ,
3587 4771 3689 4836 46).

2154 4867 2216 4920 Et
2241 4867 2358 4920 ideo
2389 4865 2474 4918 hic
2504 4879 2684 4919 verum
2718 4863 2966 4932 loquitur,
2999 4863 3116 4931 quia
3161 4879 3264 4916 non
3295 4864 3359 4917 de
3391 4865 3619 4932 proprio,
3647 4857 3690 4911 id

2149 4965 2229 5010 est
2256 4971 2358 5009 non
2383 4967 2411 5006 a
2432 4956 2627 5022 seipso,
2653 4954 2744 5007 sed
2769 4955 2834 5009 de
2861 4954 3030 5008 Patris
3050 4963 3100 5008 et
3123 4952 3240 5008 Filii
3259 4995 3273 5019 ,
3304 4967 3421 5023 qua
3447 4949 3689 5022 loquenda

2148 5056 2270 5099 sunt
2300 5046 2556 5116 loquitur.
2590 5045 2664 5096 De
2691 5059 2829 5109 meo,
2859 5044 3057 5110 inquit,
3091 5045 3329 5113 accipiet,
3365 5053 3413 5097 et
3440 5042 3688 5096 annuntia-

2148 5123 2216 5189 bit
2242 5136 2377 5189 vobis
2415 5134 2591 5199 (Joan.
2617 5149 2734 5197 xvr,
2765 5130 2886 5201 ii).
2921 5131 2986 5186 Et
3016 5140 3072 5186 ut
3112 5133 3415 5186 ostenderet
3457 5131 3557 5185 ho‘c
3590 5141 3690 5190 esse

2148 5242 2174 5277 a
2206 5240 2263 5280 se
2303 5223 2569 5293 accipere,
2597 5223 2737 5292 quod
2780 5230 2861 5276 est
2889 5227 3049 5277 etiam
3088 5223 3155 5277 de
3205 5222 3359 5275 Patre
3401 5220 3689 5289 sumpsisse,

2148 5307 2221 5370 ait
2247 5333 2256 5366 :
2294 5314 2414 5368 Ideo
2444 5314 2586 5381 dixi,
2617 5313 2694 5368 De
2723 5329 2829 5366 meo
2852 5313 3092 5381 accipiet,
3125 5313 3246 5379 quia
3276 5313 3443 5364 omnia
3473 5323 3583 5380 quis
3612 5308 3689 5360 Ita-

2149 5414 2225 5466 bet
2260 5408 2435 5475 Pater,
2461 5415 2572 5463 mea
2610 5415 2725 5462 sunt
2769 5404 2944 5478 (Joan.
2969 5421 3084 5471 ut,
3112 5405 3222 5473 l5).
3253 5403 3414 5460 Vides
3440 5418 3564 5474 ergo
3589 5399 3687 5469 Spi-

2153 5504 2308 5560 ritum
2335 5507 2574 5556 sanctum
2597 5506 2634 5554 'a
2663 5497 2818 5553 Patre
2847 5507 2900 5552 et
2930 5496 3071 5551 Filio“
3099 5509 3202 5549 non
3233 5509 3352 5551 esse
3390 5492 3682 5548 discretum.

2151 5595 2276 5654 dum
2307 5611 2368 5654 ea
2396 5594 2627 5666 loquitur
2654 5606 2771 5663 qua:
2802 5589 2977 5644 Patris
3005 5597 3055 5644 et
3087 5587 3203 5642 Filii
3234 5602 3383 5659 pt'opt
3399 5589 3446 5643 ia
3472 5598 3586 5643 esse
3607 5594 3684 5634 nor
