3856 6222
208 385 290 440 2:2!

948 373 955 382 '
1001 387 1263 442 comm
1303 388 1614 456 annuos,
1655 393 2127 464 saueuastvos,
2171 396 2339 465 ETC.,
2382 378 2503 454 mh.
2550 402 2608 455 ll.

3276 410 3381 464 2‘29.

207 508 419 559 senatus.
455 500 557 557 Sed
594 512 647 558 et
679 503 846 557 Filius
887 501 988 553 tale
1029 500 1225 567 aliquid
1273 501 1564 567 profitetur,
1605 503 1728 556 dum
1760 510 1805 566 Α
1835 508 2032 574 poteris
2070 509 2449 566 demonstrare.
2473 512 2753 568 Salomone
2780 518 2988 584 quidem
3023 521 3088 572 ita
3125 519 3370 574 dicente:

209 589 352 642 dicit:
382 590 495 644 Non
531 592 661 645 enim
691 607 722 641 a
748 591 932 658 meipso
967 589 1342 659 loquor-(Joan.
1370 607 1475 656 xlv,
1503 593 1612 660 I0).
1645 596 1730 645 sed

211 697 308 748 qua
327 682 483 734 audivi
503 697 532 732 a
560 680 713 732 Patre
737 695 866 741 meo,
887 692 1005 732 nota
1026 681 1162 732 vobis
1188 682 1282 745 feci
1303 680 1484 750 (latnt.
1510 698 1594 746 sv,
1622 682 1728 749 15).

211 774 324 837 Qua:
349 770 600 824 sententia
629 768 819 822 Filium
847 778 901 822 et
927 769 1177 837 Spiritum
1205 779 1440 822 sanctum
1464 810 1477 832 ,
1502 773 1659 823 etiam
1688 772 1730 825 si

211 861 350 915 Patre
375 862 539 913 minor
578 869 660 914 est
701 859 783 926 (ut
812 858 943 912 falso
981 859 1256 927 opinaris),
1297 858 1396 912 sibi
1429 868 1602 914 tamen
1641 875 1730 914 os-

214 951 360 1004 tendit
379 951 626 1017 zqualem
647 989 664 1013 ,
691 949 828 1017 quod
856 949 1014 1016 impie
1040 948 1254 1017 refugis.
1279 947 1336 1001 Si
1361 951 1500 1002 enim
1528 951 1734 1018 utrique

211 1038 323 1091 nihil
341 1039 641 1092 auctoritate
664 1038 870 1106 propria
891 1039 1204 1106 loquendum
1227 1049 1566 1106 prmsumunt,
1592 1043 1733 1095 nullo

207 1139 259 1180 se
278 1126 490 1180 invicem
512 1126 779 1195 dignitatis
808 1127 1005 1180 honore
1031 1127 1355 1194 praecellunt.

272 1212 492 1267 XXXVI.
526 1215 714 1267 Adhuc
747 1223 919 1266 tamen
951 1215 1076 1270 audi
1117 1216 1442 1272 manifestius
1470 1218 1733 1287 quomodo

205 1303 331 1356 Patri
360 1303 583 1372 aequales
617 1305 926 1357 habeantur.
958 1303 1097 1358 Dicit
1132 1305 1305 1373 itaque
1336 1306 1537 1360 Filius:
1569 1308 1734 1376 Opera

203 1406 306 1460 qut:
329 1408 415 1463 ego
443 1393 594 1461 facio,
617 1393 728 1461 ipsa
753 1394 1081 1461 testiﬁcantur
1114 1394 1175 1447 de
1205 1411 1281 1448 me
1311 1395 1487 1463 (Joan.
1514 1413 1541 1449 x
1562 1437 1575 1460 ,
1605 1397 1730 1465 25);

205 1493 252 1537 et
286 1485 498 1538 iterum:
531 1485 740 1558 Ego‘ea:
780 1503 858 1541 me
897 1488 1022 1540 nihil
1058 1490 1212 1556 facio,
1256 1489 1341 1539 sed
1383 1486 1534 1540 Pater
1568 1489 1620 1539 in
1661 1503 1736 1540 me

205 1590 407 1639 manens,
435 1578 538 1646 ipse
580 1578 700 1645 facit
743 1593 894 1641 opera
935 1576 1119 1646 (Joau.
1154 1593 1261 1641 xtv,
1294 1575 1414 1643 l0).
1459 1576 1736 1640 Quomodo

206 1679 328 1720 nunc
353 1680 471 1731 soa,
512 1670 778 1733 quomodo
821 1668 976 1732 paulo
1017 1676 1132 1733 post
1179 1682 1282 1718 non
1329 1680 1422 1718 sua
1466 1666 1592 1718 dicit
1617 1680 1737 1720 esse

205 1770 346 1822 opera
383 1772 495 1825 quae
534 1757 695 1810 facit?
737 1756 841 1810 Sed
885 1756 1070 1810 volens
1112 1759 1288 1823 utique
1335 1758 1488 1812 unius
1535 1766 1738 1811 natura:

1836 598 2053 663 Spiritus
2082 611 2285 654 sanctus
2315 601 2551 666 simplex,
2577 604 2774 668 unicus,
2800 616 2852 659 et
2879 617 3070 661 caetera
3102 607 3254 678 (Sap.
3281 624 3345 660 vu
3365 648 3379 670 ,

1831 687 1943 758 22).
1971 688 2034 742 Et
2060 691 2314 758 Apostolo
2342 701 2705 749 contestaute:
2740 695 2880 750 Unus
2910 697 3135 765 Spiritus
3163 697 3381 764 (Ephes.

1831 795 1903 846 tv,
1933 782 2018 846 ι).
2065 781 2122 834 Et
2160 783 2389 835 iterum:
2421 781 2548 836 Hart:
2589 796 2749 839 autent
2780 790 2947 842 omnia
2983 800 3222 858 aperatur
3255 803 3382 839 unus

1829 878 1976 938 atque
2004 871 2134 923 idem
2158 871 2382 938 Spiritus
2412 863 2478 938 (Ῑ
2497 872 2612 926 Cor.
2637 890 2735 939 xtt,
2762 878 2872 944 11).
2899 880 2966 932 At
2991 891 3174 932 rursus
3198 894 3213 930 :
3247 878 3388 942 Quo-

1832 960 1969 1011 niam
1999 977 2085 1027 per
2112 961 2307 1028 ipsum,
2348 961 2545 1029 inquit,
2582 965 2819 1018 habemus
2847 983 3098 1020 accessum
3138 969 3309 1030 utique
3335 965 3386 1017 irt

1831 1064 1931 1100 uno
1960 1049 2157 1117 Spiritu
2191 1049 2413 1121 (Ephes.
2444 1066 2509 1114 ti,
2542 1052 2650 1118 18).
2693 1050 2878 1106 Cernis
2923 1055 3098 1121 igitur,
3137 1069 3255 1108 eum
3297 1053 3385 1122 qui

1833 1140 2002 1192 unica'
2027 1153 2088 1192 ac
2133 1140 2389 1208 simplicis
2426 1150 2627 1196 natura:
2673 1153 2785 1206 est,
2817 1144 2977 1196 Deum
3019 1147 3191 1212 patius
3228 1158 3388 1213 quam

1832 1241 2129 1284 creaturam
2169 1233 2321 1286 esse?
2364 1234 2594 1303 Denique
2638 1235 2680 1287 si
2727 1244 2966 1288 creatura
3003 1245 3058 1288 et
3101 1251 3202 1289 non
3251 1236 3394 1289 Deus

1835 1329 1952 1387 est,
1983 1336 2087 1390 quo
2125 1322 2366 1375 utilitatis
2403 1323 2661 1377 beneficio
2691 1325 2742 1378 in
2791 1326 3003 1379 nomine
3040 1327 3153 1392 ejus
3195 1325 3389 1378 lavacri

1837 1411 2010 1464 vitalis
2053 1413 2384 1480 regeneratio
2418 1413 2567 1482 177
2598 1414 2930 1467 celebratur?
2973 1415 3265 1482 Baptisate,
3311 1414 3391 1467 in-

1835 1502 1946 1569 quit
1974 1502 2241 1566 Dominus,
2265 1516 2432 1573 gentes
2457 1506 2509 1555 in
2534 1505 2735 1558 nomine
2763 1503 2933 1558 Patris
2957 1516 3004 1558 et
3034 1503 3161 1557 Filii
3191 1513 3237 1557 et
3267 1504 3391 1571 Spi-

1834 1588 1964 1644 ritus
1999 1593 2156 1645 sancti
2193 1592 2402 1663 (Matth.
2426 1609 2547 1646 xxix
2565 1635 2577 1658 ,
2604 1593 2712 1660 19).
2747 1595 2880 1659 Quid
2904 1595 3046 1649 enim
3076 1594 3228 1647 nobis
3255 1602 3390 1661 prae.

1837 1691 1978 1737 stare
2008 1693 2206 1750 potest,
2236 1686 2278 1737 si
2312 1685 2447 1737 Deus
2486 1699 2588 1736 non
2615 1684 2734 1737 est?
2756 1685 2934 1751 Qualis
2962 1700 3140 1754 quzeso
3168 1694 3251 1739 est
3289 1684 3392 1737 ista

1839 1781 2077 1825 creatura
2119 1787 2237 1841 qua:
2286 1788 2446 1825 unum
2497 1787 2616 1826 cum
2667 1772 2821 1826 Patre
2871 1775 3109 1841 possidet
3159 1763 3391 1827 nomen?

206 1845 543 1901 demonstrare
572 1848 850 1911 virtutem,
897 1849 1368 1917 perpetrandurum
1399 1864 1616 1917 operum
1660 1850 1736 1905 ef-

1841 1863 2007 1927 Quent
2035 1864 2078 1916 si
2110 1864 2160 1916 in
2193 1865 2506 1930 baptismate
2537 1880 2638 1917 non
2683 1865 3058 1928 nominaveris,
3091 1864 3281 1917 frustra
3311 1867 3390 1916 vi-

207 1936 497 2002 ftcientiam,
541 1938 608 1992 ad
656 1947 889 2007 paternae
928 1939 1198 2009 dignitatis
1236 1941 1412 1994 retu'it
1458 1941 1733 1996 unitatem.

209 2024 268 2079 Ut
296 2027 408 2080 dum
437 2042 567 2093 Opus
597 2028 766 2082 Patris
802 2036 858 2083 et
885 2029 1005 2082 Filii
1031 2040 1142 2088 est.
1173 2039 1225 2083 et
1252 2044 1384 2099 opus
1416 2031 1535 2084 Filii
1566 2032 1736 2085 Patris

209 2117 335 2184 (quia
360 2133 677 2187 quaecunque
721 2118 875 2171 Pater
919 2117 1070 2182 facit,
1098 2120 1284 2174 eadem
1314 2129 1369 2174 et
1414 2119 1579 2174 Filius
1610 2122 1735 2176 facit

209 2206 470 2273 similiter),
501 2224 563 2263 ex
605 2209 870 2262 communi
916 2218 1184 2276 gestorum
1215 2225 1396 2276 Opere,
1429 2211 1734 2263 communio

209 2308 525 2365 cognoscatur
566 2313 685 2353 esse
722 2309 940 2352 naturas.
973 2299 1118 2354 Sicut
1145 2316 1268 2368 ergo
1297 2316 1390 2353 sua
1440 2316 1600 2369 opera
1630 2316 1734 2355 noxi

211 2400 288 2439 sua
313 2386 453 2452 dicit;
480 2401 595 2454 quas
625 2396 798 2440 tamen
832 2387 995 2455 ipsius
1034 2403 1153 2442 esse
1192 2389 1518 2456 probantur;
1561 2391 1642 2442 sic
1683 2399 1737 2444 et

210 2478 350 2532 verba
376 2495 472 2532 non
494 2494 583 2532 sua
604 2493 663 2533 se
683 2479 822 2546 loqui
848 2489 1084 2541 testatur,
1104 2495 1218 2550 quas
1245 2481 1480 2547 profecto
1497 2481 1733 2549 ejusdem

211 2583 313 2624 esse
341 2580 635 2625 noscuntur.
672 2570 740 2624 Et
768 2572 904 2637 quod
934 2571 999 2623 de
1029 2570 1184 2636 Filio,
1213 2571 1312 2624 hoc
1342 2572 1499 2625 etiam
1531 2572 1736 2639 conjice

210 2659 267 2712 de
290 2660 471 2727 Spiritu
499 2669 704 2724 sancto,
735 2663 820 2728 qui
853 2659 929 2713 sic
964 2675 991 2712 a
1030 2674 1088 2713 se
1134 2659 1248 2726 ipso
1276 2670 1490 2729 propter
1517 2661 1736 2715 demon-
1801 2685 1805 2694 ι

211 2753 446 2805 strandam
480 2751 632 2822 176
652 2753 803 2805 unius
835 2760 1034 2804 natura:
1060 2751 1306 2804 deitatem
1340 2767 1443 2806 nou
1480 2753 1731 2820 loquitur,

213 2849 258 2892 ut
283 2851 438 2896 tamen
467 2859 581 2912 quae
612 2843 862 2909 loquitur,
893 2844 1006 2910 ejus
1032 2858 1170 2911 esse,
1201 2854 1252 2896 et
1281 2859 1385 2897 non
1418 2845 1587 2898 aliena
1620 2860 1736 2897 cre-

213 2931 392 2988 dantur.
429 2934 487 2988 Et
535 2937 883 3004 loquebantur,
915 2938 1079 3005 inquit
1124 2938 1292 2991 Lucas
1341 2938 1407 2989 de
1455 2939 1732 3002 apostolis,

214 3026 339 3076 rariis
371 3027 570 3097 linguis,
594 3037 744 3094 prout
781 3028 998 3095 Spiritus
1021 3037 1222 3081 sanctus
1255 3028 1404 3080 dabat
1437 3029 1602 3095 eloqui
1630 3028 1736 3081 illis

216 3111 326 3180 (Att.
348 3130 406 3179 tt,
430 3115 511 3185 4).
541 3117 603 3170 Ει
634 3119 684 3170 in
719 3117 1002 3185 Evangelia
1033 3136 1045 3172 :
1083 3117 1199 3170 Non
1229 3119 1360 3170 enim
1394 3135 1479 3170 vos
1509 3121 1624 3171 estis
1652 3119 1736 3182 qui

216 3205 467 3272 loquimini,
508 3209 596 3262 sed
636 3207 856 3277 Spiritus
895 3209 1063 3262 Patris
1107 3209 1254 3261 vestri
1293 3210 1380 3274 qui
1419 3210 1638 3276 loquitur
1681 3209 1732 3259 in
1760 3198 1802 3257 C

216 3295 332 3347 vobis
358 3297 558 3365 (Matth.
581 3315 612 3352 x
633 3338 647 3363 ,
670 3299 781 3368 20).
809 3299 971 3353 llabet
1004 3314 1129 3367 ergo
1160 3300 1270 3367 ipse
1299 3301 1560 3366 prapriam
1589 3299 1732 3351 fandi

217 3388 568 3454 auctoritatem,
616 3389 707 3457 qui
753 3389 968 3441 liberam
1008 3389 1216 3442 caeteris
1253 3388 1500 3457 loquendi
1551 3388 1737 3442 tribuit

219 3471 502 3530 facultatem.

270 3563 403 3619 Arius
438 3568 558 3619 dixit
581 3582 599 3619 :
637 3565 836 3630 Quibus
877 3567 1160 3633 Scriptura:
1201 3567 1602 3621 auctoritatibus
1642 3567 1736 3618 do-

221 3665 320 3706 cere
345 3657 524 3720 poteris
546 3655 797 3721 Spiritum
826 3666 1060 3709 sanctum
1093 3657 1255 3710 Deum
1283 3671 1423 3720 esse,
1456 3671 1610 3724 quem
1636 3671 1736 3724 ego

221 3753 476 3797 creaturam
508 3761 625 3800 esse
649 3746 943 3799 confiteor?

272 3833 549 3890 Athanasius
578 3838 705 3889 dixit
727 3853 746 3890 :
779 3837 907 3890 llinc
939 3837 1201 3905 prircipue
1230 3836 1526 3890 declaratur
1557 3835 1728 3905 Spiri-

223 3928 312 3975 tum
350 3935 570 3979 sanctum
607 3928 768 3980 Deum
799 3941 938 3987 esse,
977 3925 1092 3993 quia
1127 3925 1317 3993 ubique
1344 3933 1460 3986 est,
1498 3937 1550 3978 et
1581 3925 1730 3978 nullo

223 4014 477 4066 continetur
503 4017 639 4078 loeo,
671 4016 806 4069 sicut
829 4019 1081 4084 propheta
1104 4015 1232 4070 dicit
1249 4015 1312 4068 ad
1343 4015 1548 4069 Patrem
1577 4031 1589 4066 :
1623 4015 1737 4077 Quo

226 4098 285 4152 ito
314 4121 340 4154 a
371 4107 536 4173 spiritu
564 4117 652 4160 tuo
686 4105 853 4175 (Psal.
879 4121 1106 4163 cxxxvm
1126 4147 1141 4173 ,
1169 4105 1264 4176 7)?
1294 4105 1360 4158 Et
1396 4113 1731 4158 commonet:

227 4189 409 4259 Spiritus
445 4195 650 4252 Domini
687 4197 893 4264 repleuit
931 4198 1096 4249 orbem
1123 4207 1368 4249 terrarum
1409 4193 1561 4261 (Sap.
1587 4209 1631 4256 t,
1657 4194 1730 4258 7).

228 4279 330 4338 Esse
364 4287 493 4341 enim
521 4287 734 4358 ubique,
765 4297 816 4341 et
847 4301 952 4342 uno
976 4287 1264 4355 eodemque
1309 4295 1586 4339 momento
1627 4298 1735 4338 co:-

229 4370 304 4438 los,
334 4385 504 4443 terras,
533 4377 698 4431 maria
733 4377 1039 4446 inlernaque
1067 4374 1273 4444 replere
1313 4375 1393 4441 (ut
1423 4373 1584 4427 David
1620 4373 1730 4426 ait:

231 4459 272 4512 Si
291 4469 537 4520 ascendere
566 4469 618 4519 in
644 4467 821 4519 caelum
838 4511 852 4533 ,
883 4476 933 4516 tu
960 4466 1063 4517 illic
1092 4481 1174 4528 es;
1201 4473 1246 4517 et
1276 4464 1317 4516 si
1341 4462 1641 4516 descendero
1665 4464 1732 4515 ad

232 4551 464 4620 infernum,
503 4560 619 4611 ades
649 4556 818 4628 U’sal.
842 4571 1078 4610 cxxxvnt
1099 4595 1112 4620 ,
1141 4553 1256 4623 81),
1298 4568 1402 4608 non
1442 4562 1728 4620 creaturae,
1761 4539 1806 4598 Ι)

233 4647 299 4698 sed
318 4650 462 4702 solius
488 4650 577 4704 Dei
604 4659 686 4704 est
715 4649 1006 4716 proprium.
1461 4710 1463 4712 .

285 4734 511 4792 XXXVII.
546 4740 779 4806 Denique
807 4737 924 4806 quia
970 4737 1105 4790 idem
1136 4744 1216 4790 est
1256 4731 1648 4802 incompositae,
1681 4732 1733 4787 id

235 4825 539 4894 cStsimplicis
570 4839 788 4880 naturae.
820 4827 946 4879 Nam
984 4836 1222 4890 creatura
1251 4825 1446 4889 omnis,
1477 4835 1731 4893 quantum

236 4909 281 4959 id
304 4924 480 4970 naturas
503 4917 739 4970 ordinem
765 4916 1009 4985 pertinet,
1034 4917 1320 4982 composita
1349 4923 1450 4967 est.
1472 4914 1524 4968 Si
1557 4913 1733 4981 itaque

237 4995 436 5065 Spiritum
463 5017 699 5060 sanctum
729 5008 1078 5074 compositum
1107 5022 1171 5060 ex
1206 5007 1516 5063 diversitate
1545 5004 1732 5058 forma-

238 5098 320 5143 lum
340 5097 874 5170 valueris'ostendere,
902 5109 1026 5152 tunc
1051 5100 1258 5150 demum
1285 5109 1612 5164 consequens
1633 5097 1732 5148 erit

240 5190 395 5239 meum
414 5199 704 5243 creaturam
726 5205 844 5243 esse
873 5191 1050 5243 nullus
1075 5193 1264 5244 audeat
1291 5190 1554 5244 dubitare.
1585 5189 1732 5241 Tunc

241 5281 370 5331 autem
399 5295 608 5335 necesse
649 5281 750 5334 erit
785 5292 867 5347 ut,
897 5284 937 5334 si
979 5291 1216 5334 creatura
1247 5290 1354 5343 est,
1385 5283 1575 5333 doceas
1612 5293 1729 5332 cum

241 5371 516 5423 Communem
557 5385 679 5426 esse
719 5385 836 5425 cum
867 5382 1092 5435 caetera,
1136 5373 1214 5424 vel
1259 5371 1487 5439 angelis,
1518 5370 1596 5423 vel
1642 5385 1728 5423 ar-

243 5451 478 5525 ﬂlingelis,
496 5473 582 5515 aut
607 5463 948 5531 potestatibus
968 5471 1021 5516 et
1049 5462 1424 5530 principatibus
1451 5481 1460 5514 :
1492 5472 1542 5517 et
1569 5475 1728 5514 unum

244 5551 326 5595 “Si!
345 5565 401 5603 ex
428 5553 549 5619 illis;
579 5569 642 5609 ac
667 5555 743 5612 sic
782 5557 990 5610 unicum
1017 5567 1069 5609 et
1104 5556 1425 5624 singularem
1469 5570 1571 5610 non
1613 5567 1730 5611 esse

246 5630 534 5710 demonstres,
557 5648 697 5716 quod
742 5662 1069 5717 nequaquam
1105 5650 1282 5716 utique
1325 5646 1726 5716 (obtinentibus,

248 5731 492 5801 “undique
524 5739 929 5799 reclamantibus
962 5739 1229 5806 prophetis
1267 5748 1424 5803 atque
1453 5737 1730 5808 apostolis)

1837 1951 2048 2006 debitur
2077 1954 2385 2023 mysterium
2427 1969 2603 2022 omne,
2639 1955 2925 2024 perfectum
2959 1970 3061 2008 non
3089 1955 3190 2008 erit
3218 1965 3395 2007 sacra-

1838 2051 2094 2097 mentum.
2123 2043 2392 2098 Incassum
2416 2046 2608 2113 quippe
2642 2045 2808 2098 Patris
2828 2056 2877 2099 et
2907 2045 3024 2098 Filii
3048 2045 3259 2098 nomine
3280 2053 3394 2098 ute-

1836 2131 1929 2196 ris,
1973 2133 2060 2186 illo
2089 2149 2189 2186 non
2235 2135 2523 2187 nominato.
2569 2129 2871 2187 Creaturam
2914 2149 3040 2202 ergo
3081 2136 3397 2188 creatricem

1835 2232 1953 2273 esse
1981 2237 2081 2274 non
2113 2237 2285 2290 posse,
2313 2223 2443 2277 nulli
2476 2231 2556 2277 est
2584 2224 2800 2276 omnino
2825 2223 3146 2291 ambiguum.

1906 2317 2186 2371 XXXVIII.
2232 2318 2378 2384 llune
2424 2327 2597 2370 autem
2631 2318 2888 2384 Spiritum
2929 2327 3222 2372 creatorem
3273 2331 3392 2372 esse

1836 2406 2121 2470 Scriptura:
2165 2406 2362 2458 divinae
2409 2407 2603 2472 ubique
2652 2407 2964 2474 loquuntur;
3011 2409 3143 2461 sicut
3195 2409 3246 2460 in
3293 2406 3395 2461 Job

1839 2494 2107 2547 volumine
2139 2493 2390 2561 legimus;
2441 2494 2662 2559 Spiritus
2699 2498 2897 2549 divinus
2922 2508 3014 2559 cst,
3058 2501 3144 2566 qui
3175 2499 3290 2564 fecit
3317 2513 3400 2550 me

1839 2584 1961 2655 (Job
1990 2599 2173 2650 xxxttt,
2199 2583 2274 2647 4).
2322 2585 2448 2637 Nam
2488 2593 2728 2637 cunctam
2758 2587 3073 2652 generaliter
3098 2597 3391 2641 creaturam

1836 2690 2090 2744 aperasse
2135 2664 2364 2740 Spiritus
2414 2685 2626 2729 sanctus
2674 2676 3018 2744 designatur:
3060 2679 3194 2731 sicut
3225 2678 3393 2731 David

1836 2764 2134 2818 evidentius
2165 2765 2416 2828 declarat,
2461 2764 2643 2818 dicens
2671 2782 2684 2816 :
2721 2766 2970 2829 Quoniam
3010 2765 3186 2818 videbo
3219 2766 3391 2830 casias,

1837 2872 1988 2926 Opera
2013 2858 2283 2925 digitorum
2312 2866 2514 2908 tuorum
2545 2854 2709 2925 (Psal.
2745 2871 2854 2921 Vttt,
2884 2855 2959 2924 4),
3016 2855 3169 2910 Verbi
3201 2856 3386 2908 videli‘

1838 2955 1923 2999 cet
1951 2936 2257 3013 et'Spiritus
2301 2946 2492 2998 sancti.
2537 2945 2763 3011 Digitum
2806 2948 2943 3000 enim
2986 2960 3106 3000 esse
3141 2945 3390 3014 Spiritum

1840 3047 2102 3100 sanctum,
2131 3038 2280 3104 cujus
2309 3052 2465 3105 opera
2493 3052 2610 3090 esse
2638 3039 2890 3091 cm'orum
2925 3038 3195 3101 fabricam,
3241 3051 3395 3092 sacro

1843 3128 2095 3196 prOpheta
2123 3129 2350 3181 concinit
2388 3141 2500 3195 ore,
2554 3128 2830 3195 perspicue
2861 3129 3112 3182 Dominus
3143 3129 3193 3181 iu
3223 3129 3392 3181 Evan-

1834 3219 1970 3286 gelio
1996 3219 2377 3270 demonstravit
2401 3219 2580 3272 dicens
2619 3234 2631 3272 :
2669 3218 2728 3272 Si
2751 3234 2840 3286 ego
2865 3219 2915 3270 in
2938 3219 3093 3289 digito
3122 3219 3214 3271 Dei
3240 3221 3387 3288 ejicio

1833 3309 2105 3372 dcmonia,
2139 3311 2418 3370 superuenit
2445 3310 2496 3361 in
2519 3325 2604 3361 vos
2631 3325 2837 3380 regnum
2867 3308 2961 3361 Dei
2999 3311 3148 3379 (Luc.
3177 3325 3251 3372 xt,
3275 3312 3388 3379 20).

1833 3399 1947 3462 Qtto
1975 3398 2138 3466 digito
2184 3398 2266 3450 lex
2303 3398 2390 3451 Dei
2441 3401 2490 3450 in
2532 3397 2733 3451 duabus
2777 3399 2967 3451 tabulis
3011 3400 3233 3468 lapideis
3262 3414 3393 3454 con-

1833 3489 2028 3555 scripta
2069 3489 2314 3553 refertur,
2367 3498 2420 3540 ut
2463 3488 2513 3540 in
2545 3487 2726 3540 Exodo
2762 3489 2985 3557 legimus
3015 3508 3026 3541 :
3060 3491 3281 3560 Accepit,
3311 3491 3392 3546 in—

1833 3577 1963 3646 quit,
2000 3577 2199 3646 Moyses
2240 3578 2368 3630 duas
2397 3579 2591 3630 tabulas
2631 3579 2845 3646 scriptas
2887 3580 3045 3649 digito
3075 3579 3168 3632 Dei
3197 3579 3390 3650 (Exod.

1837 3683 1983 3728 xxxt,
2019 3668 2109 3735 I8)
2142 3666 2292 3720 Unde
2332 3668 2626 3721 ostenditur
2671 3669 2807 3720 hunc
2849 3668 3100 3736 Spiritum
3147 3683 3386 3723 sanctum

1836 3760 2187 3826 legislatorem
2219 3774 2360 3824 esse,
2410 3760 2558 3828 cujus
2598 3762 2678 3814 lex
2710 3775 2738 3814 a
2773 3763 3001 3827 peccatis
3050 3761 3290 3818 homines
3328 3765 3394 3816 li-

1838 3851 2003 3914 berat,
2051 3851 2338 3905 secundum
2378 3853 2674 3904 attestantis
2706 3850 2850 3904 Pauli
2891 3855 3251 3919 prteconium:
3287 3852 3392 3907 Lex

1842 3931 2066 4000 Spiritus
2087 3935 2200 3986 virts
2225 3934 2449 3987 liberavit
2480 3950 2559 3987 me
2577 3951 2607 3987 a
2626 3933 2734 4005 lege
2757 3936 2944 4000 peccati
2963 3945 3008 3988 et
3030 3935 3202 4003 mortis
3218 3935 3390 4004 (Rpm.

1837 4040 1947 4091 vm,
1977 4025 2053 4093 (Ξ).
2097 4023 2259 4092 Cujus
2287 4023 2493 4080 virtutis
2524 4025 2812 4093 potentiam
2842 4025 2974 4094 magi
3018 4040 3226 4094 quoque
3251 4015 3394 4078 Pha-

1837 4117 2014 4169 raonis
2043 4115 2356 4169 mirabiliter
2380 4114 2720 4188 confitentur,
2762 4115 2997 4169 dicentes
3029 4132 3042 4168 :
3073 4115 3174 4168 Hic
3203 4117 3394 4188 digitus

1836 4205 1931 4259 Dei
1951 4216 2020 4258 est
2047 4204 2251 4275 (Exod.
2268 4219 2378 4269 vni,
2400 4203 2509 4273 19).
2534 4204 2720 4256 Adhuc
2748 4214 2922 4258 autem
2950 4212 3245 4258 creatorem
3267 4219 3388 4259 esse

1834 4293 2088 4361 Spiritum
2119 4303 2382 4358 sanctum,
2411 4291 2662 4360 propheta
2688 4292 2850 4345 David
2878 4293 3112 4360 apertius
3134 4293 3389 4364 declarat,

1833 4383 2052 4438 dicens:
2081 4381 2240 4433 Verbo
2265 4380 2467 4434 Domini
2492 4382 2602 4433 caeli
2619 4382 2808 4449 ﬁrmati
2835 4395 2972 4450 sunt,
2994 4393 3040 4435 et
3065 4383 3262 4448 Spiritu
3291 4386 3390 4438 oris

1834 4473 1944 4534 eius
1970 4471 2131 4523 omnis
2157 4471 2312 4522 virtus
2341 4486 2514 4522 eorum
2550 4469 2719 4540 (Psal.
2751 4486 2911 4535 xttxtt,
2943 4471 3020 4540 6).
3067 4473 3128 4526 Et
3166 4473 3390 4530 iterum:

1835 4559 2019 4612 Emitte
2046 4560 2292 4629 Spiritum
2329 4569 2494 4624 tuum,
2525 4571 2569 4613 et
2601 4561 2903 4613 creabantur
2930 4562 3095 4632 (Psal.
3130 4579 3242 4628 cm,

1833 4650 2066 4704 Virtutes
2095 4661 2269 4704 autem
2301 4651 2552 4705 cmloruin
2587 4655 2801 4720 angelos
2831 4668 2950 4706 esse
2977 4669 3132 4708 nemo
3162 4656 3391 4709 dubitat.

1832 4740 1930 4805 Qui
1959 4740 2120 4792 etiam
2144 4740 2435 4793 secundum
2466 4741 2704 4807 Apostoli
2736 4740 3114 4805 testimonium,
3172 4746 3222 4796 in
3255 4744 3393 4798 hunc

1831 4829 2082 4899 Spiritum
2109 4840 2352 4898 Umquam
2395 4831 2445 4884 in
2480 4844 2591 4884 sua:
2641 4832 2856 4899 originis
2893 4843 3182 4898 auctorem,
3234 4846 3392 4887 reve-

1836 4920 2142 4974 rentissime
2185 4921 2486 4975 desiderant
2526 4921 2790 4988 aspicere,
2843 4921 2969 4975 dicit
3001 4925 3142 4977 enim
3182 4925 3247 4976 ita
3275 4940 3289 4973 τ
3314 4921 3392 4976 Ea

1835 5024 1946 5078 qua:
1971 5020 2086 5062 sunt
2115 5011 2249 5062 t'obis
2271 5026 2302 5061 a
2328 5010 2526 5079 Spiritu
2548 5020 2722 5062 sancto
2741 5011 2890 5063 missa
2914 5012 2978 5064 de
2998 5013 3150 5074 caelis,
3175 5014 3226 5064 in
3242 5026 3391 5080 quem

1835 5099 2190 5167 concupiscunt
2221 5099 2388 5169 angeli
2415 5100 2697 5168 prospicere
2723 5098 2772 5167 (1
2809 5098 2952 5154 Petr.
2983 5115 3019 5164 t,
3053 5101 3163 5170 η).

1905 5189 2145 5244 XXXIX.
2177 5191 2233 5245 Si
2263 5190 2400 5244 Deus
2423 5205 2524 5243 non
2544 5198 2703 5256 esset,
2734 5189 2959 5245 faciendi
2990 5204 3106 5261 qua:
3137 5191 3246 5246 ωιι
3270 5206 3391 5260 pro-

1836 5280 2004 5348 prium
2039 5294 2140 5332 non
2179 5279 2393 5334 haberet
2425 5279 2721 5334 arbitrium.
2770 5283 2836 5333 At
2872 5296 2988 5334 cum
3021 5281 3072 5335 in
3111 5281 3386 5348 dispensa-

1836 5372 1975 5422 tione
2001 5369 2339 5430 sacrameuti,
2394 5371 2547 5438 178
2594 5369 2838 5423 libertate
2875 5373 3037 5423 utitur
3083 5369 3386 5433 voluntatis.

1835 5479 1935 5520 nec
1960 5473 2233 5532 exspectat
2257 5463 2494 5532 jubentis
2527 5464 2829 5530 imperium,
2873 5478 3004 5531 appa
3035 5471 3087 5517 et
3118 5477 3240 5516 eum
3267 5474 3387 5518 esse

1837 5570 1942 5610 non
1967 5564 2288 5618 creaturam,
2332 5555 2423 5610 sed
2467 5554 2650 5608 Deum.
2695 5553 2974 5621 Apostolus
3001 5553 3138 5604 cnim
3169 5566 3288 5606 cum
3317 5553 3388 5609 do

1837 5645 2130 5700 ccelestium
2160 5645 2418 5698 donorum
2448 5644 2838 5706 diversitatibus
2860 5643 3179 5710 loqueretur,
3204 5642 3267 5693 ad
3290 5657 3386 5697 ex-

1840 5748 2062 5794 tremum
2096 5737 2270 5793 intulit
2297 5777 2308 5790 .
2340 5736 2457 5793 Ηίῑιε
2485 5747 2649 5789 autem
2679 5735 2841 5790 omnia
2869 5741 3106 5804 operatur
3141 5749 3274 5786 unus
3307 5747 3384 5788 at-
