3856 6222
470 297 573 355 223

1768 288 1992 345 VIGII."
2032 288 2403 344 TM‘SENSIS

3559 292 3668 348 ω

472 428 570 477 que
594 412 724 461 idem
757 410 1002 477 Spiritus,
1039 410 1263 461 dividens
1289 410 1498 480 singulis
1537 416 1683 474 prout
1710 408 1808 458 nuli
1833 405 1879 471 (1
1906 404 2021 457 Cor.
2057 404 2101 462 Α
2130 401 2469 470 argumentis.
2545 401 2681 454 Dii-It
2733 399 2986 467 Spiritum
3035 411 3273 455 sanctum
3326 400 3483 455 Deum
3524 417 3666 469 esse,

470 515 564 563 xu,
601 501 706 567 il).
744 500 808 553 Et
835 500 1022 551 iterum
1053 516 1064 547 :
1090 498 1343 564 Spiritus,
1376 499 1567 566 inquit,
1609 505 1811 548 sanctus
1850 493 2025 548 distri-

471 591 577 641 buit
606 590 834 641 omnibus
862 588 1136 639 secundum
1165 588 1470 641 voluntatem
1499 602 1639 639 suam
1660 584 1842 652 (llebr.
1861 599 1917 649 ιι,
1942 585 2019 653 4).

475 680 540 730 l-Jt
560 678 817 738 Dominus
842 676 893 728 in
922 676 1202 744 Evangelia
1232 678 1304 729 ait
1328 695 1340 729 :
1367 677 1592 745 Spiritus
1628 675 1711 726 ubi
1731 674 1836 725 vult
1864 676 2023 739 spirat

472 763 651 830 (loan.
681 777 758 829 ιιι,
789 764 863 830 8).
887 764 942 816 Si
992 764 1128 817 Deus
1175 781 1278 818 non
1324 774 1426 829 cst,
1468 762 1730 832 quomodo
1760 762 2025 815 vivificat?

470 852 726 914 Apostolo
763 850 974 905 dicente
1004 871 1016 903 :
1043 852 1234 905 Littera
1261 854 1463 915 occidit,
1508 851 1732 918 Spiritus
1760 860 1927 902 natlem
1956 851 2025 901 vi-

468 940 633 1006 ri/icat
661 938 748 1011 (ll
775 940 899 997 Cor.
928 958 1006 1005 ιιι,
1034 942 1112 1011 6).
1156 943 1218 997 Et
1241 954 1419 995 rursus
1448 941 1514 993 de
1546 940 1651 994 Deo
1677 956 1691 995 :
1736 939 2026 1004 Vioiﬁmbit

469 1036 518 1079 ct
547 1030 780 1081 mortalia
822 1046 1037 1100 corpora
1064 1040 1223 1083 uestra
1262 1045 1348 1095 per
1385 1029 1743 1081 inhabitantem
1775 1027 2028 1094 Spiritum

469 1130 617 1166 suum
645 1116 696 1169 in
726 1117 862 1170 vobis
887 1119 1059 1179 (Rom.
1090 1134 1201 1184 vm,
1228 1120 1334 1183 ii).
1390 1117 1451 1169 Et
1485 1117 1737 1170 Dominus
1781 1120 1832 1171 in
1860 1117 2031 1170 Evan-

470 1205 609 1271 gelio
634 1224 646 1258 :
672 1207 897 1274 Spiritus
927 1221 1020 1270 est,
1046 1211 1129 1275 qui
1156 1208 1369 1275 uiviﬁmt
1398 1207 1577 1274 (Joan.
1609 1223 1683 1274 vl,
1716 1206 1826 1275 64).
1877 1208 2029 1263 Unde

471 1303 528 1347 et
571 1294 623 1347 in
672 1296 944 1351 Ezechiele
989 1298 1209 1363 Spiritus
1250 1299 1362 1351 vita:
1406 1299 1731 1363 appellatur;
1777 1297 2024 1364 Spiritus,

474 1384 663 1452 inquit,
693 1387 804 1439 vita:
829 1397 935 1438 erat
964 1388 1015 1439 in
1041 1389 1165 1440 rotis
1192 1386 1399 1453 (Ezech.
1418 1403 1455 1449 ι,
1479 1387 1593 1456 20).
1616 1388 1688 1443 De
1714 1403 1817 1455 quo
1853 1388 2029 1440 Domi-

474 1487 576 1525 nus
610 1474 867 1527 incudem
896 1477 1149 1545 propheta
1180 1477 1479 1530 mortalium
1508 1479 1825 1545 corporibus
1859 1478 2025 1531 dicit:

474 1562 626 1623 Ecce.
656 1579 748 1633 ego
777 1567 1106 1619 intromittam
1128 1568 1178 1619 in
1205 1584 1288 1620 ros
1311 1568 1561 1635 Spiritum
1592 1584 1752 1621 meum
1785 1576 1829 1620 et
1861 1570 2030 1621 vinetis

475 1652 686 1720 (Ιείιεειι.
714 1670 912 1724 xxxvii,
948 1656 1024 1724 5).
1058 1655 1194 1726 Ergo
1226 1658 1314 1725 qui
1346 1660 1503 1710 vitam
1529 1657 1728 1719 tribuit,
1752 1656 1890 1710 Deus
1926 1667 2030 1711 est.

2124 491 2267 559 quod
2321 490 2531 558 quidem
2586 506 2841 557 nusquam
2889 490 3183 545 evidentius
3239 491 3398 543 valuit
3454 492 3671 546 demon-

2124 589 2313 634 strare.
2340 581 2466 633 Esto
2486 590 2679 643 tamen,
2706 591 2759 634 nt
2781 582 2829 634 ei
2853 596 3033 634 eontra
3055 598 3229 636 rerum
3252 582 3517 635 veritatem
3542 597 3675 635 con-

2124 669 2306 721 cedam
2335 669 2404 721 oh
2446 669 2545 722 hoc
2593 670 2849 735 Spiritum
2891 681 3129 723 sanctum
3183 671 3344 725 Deum
3389 670 3545 723 videri
3580 672 3674 725 vel

2125 772 2245 810 esse
2271 772 2446 826 posse,
2497 760 2634 824 quod
2682 758 2799 810 talia
2848 770 3098 822 operetur
3127 776 3242 828 qua:
3290 776 3395 813 non
3443 760 3676 812 nisiDt-o

2124 849 2366 900 convenit
2396 849 2620 913 operari.
2652 848 2790 917 Ergo
2822 849 2984 901 Deum
3015 849 3244 911 Patrem,
3271 850 3433 903 Deum
3464 848 3672 911 Filium,

2127 935 2291 989 Deum
2336 938 2527 988 fatetur
2570 936 2817 1003 Spiritum
2864 946 3146 990 sanctum:
3190 952 3253 990 ac
3301 952 3393 1005 per
3432 939 3522 990 hoc
3562 948 3680 989 tres

2132 1026 2287 1088 Deos,
2319 1029 2415 1077 etsi
2446 1042 2548 1077 litin
2571 1036 2748 1093 aperta
2783 1028 3073 1095 impietate,
3123 1028 3231 1094 ipsa
3280 1039 3450 1080 tamen
3480 1029 3677 1095 profes-

2129 1114 2294 1166 sionis
2323 1114 2531 1167 videtur
2554 1116 2856 1169 conditione
2885 1118 3249 1181 introducere;
3281 1128 3332 1171 et
3357 1134 3447 1185 per
3466 1119 3555 1170 hoc
3573 1132 3680 1169 nos

2129 1205 2194 1256 ad
2225 1219 2344 1256 eum
2377 1204 2515 1258 unde
2548 1205 2769 1273 digressi
2812 1207 3096 1269 fueramus,
3129 1207 3415 1260 multorum
3454 1207 3679 1259 Deorum

2129 1310 2364 1348 errorem
2385 1296 2772 1362 quodaminodo
2793 1311 3038 1349 remeare
3068 1296 3270 1364 incipit.
3295 1297 3454 1349 Velim
3479 1298 3682 1362 optime

2127 1384 2288 1453 judex
2323 1386 2388 1450 (si
2424 1395 2596 1439 tamen
2632 1386 2879 1454 possibile
2920 1387 3009 1454 sit)
3052 1388 3449 1453 deprehendere
3488 1401 3681 1438 novum

2134 1476 2292 1528 istum
2323 1476 2590 1542 egregium
2618 1477 2743 1529 artis
2770 1490 2879 1528 sua:
2905 1477 3237 1544 magistrum,
3262 1476 3445 1528 solutis
3474 1479 3684 1543 prasti-

2133 1566 2338 1631 giorum
2371 1565 2657 1629 fraudibus,
2691 1566 3113 1619 convenientium
3142 1566 3327 1619 oculos
3358 1566 3681 1619 illudcotem.

2138 1654 2203 1708 Ut
2232 1656 2369 1708 enim
2416 1656 2572 1708 trium
2602 1656 2817 1711 deorum
2848 1658 3192 1710 confessionis
3235 1656 3516 1724 periculurn
3554 1670 3687 1709 eva-

476 1744 609 1799 Nam
624 1749 666 1799 si
690 1746 825 1801 Deus
847 1764 950 1801 non
973 1750 1411 1811 esset,quomudo
1433 1750 1682 1803 mundum
1702 1750 2030 1817 iudicaturus
2064 1742 2106 1803 Β
2131 1744 2245 1810 dat,
2276 1746 2456 1799 subito
2484 1760 2596 1807 eos,
2647 1748 2719 1799 uti
2768 1758 2873 1801 tres
2898 1764 3030 1801 unus
3058 1757 3339 1816 appareat,
3389 1750 3682 1814 incompre-

482 1834 666 1888 veniie
706 1837 1055 1903 pradicaturl
1095 1838 1318 1890 Domino
1359 1839 1567 1893 dicente
1606 1839 1657 1893 in
1703 1840 2025 1907 Evangelia:

478 1922 605 1976 Cum
629 1926 811 1977 venerit
836 1926 1061 1992 Spiritus
1102 1926 1411 1991 Paraclitus,
1450 1930 1556 1997 ipse
1582 1939 1755 1999 arguet
1784 1931 2031 1982 mundum

477 2019 541 2065 de
568 2024 788 2079 peccato,
811 2018 872 2067 de
886 2018 1104 2082 iustitia,
1137 2027 1181 2068 et
1207 2018 1270 2070 ile
1290 2020 1482 2083 judicio
1514 2019 1685 2085 (Joon.
1720 2037 1801 2072 xvt
1850 2022 1926 2086 8).

554 2099 662 2154 XL.
709 2101 841 2154 Audi
888 2102 1026 2156 aliud
1069 2114 1434 2170 argumentum
1481 2120 1585 2173 quo
1630 2107 1825 2158 clareat
1865 2106 2027 2159 Deum

478 2202 599 2243 esse
627 2189 879 2256 Spiritum
907 2200 1165 2244 sani-lum.
1223 2191 1376 2245 Vocat
1412 2193 1561 2244 l'ater
1608 2193 1791 2247 lldeles
1823 2195 1870 2246 in
1912 2210 2029 2263 gra~

484 2279 607 2330 tiam
633 2294 804 2341 suam,
833 2290 983 2334 vocat
1014 2281 1197 2346 Filius,
1235 2293 1386 2335 vocat
1419 2284 1642 2352 Spiritus
1672 2293 1905 2337 sanctus.
1931 2287 2031 2351 Qui

480 2369 524 2421 si
549 2381 788 2423 creatura
815 2383 977 2437 esst-t,
1010 2389 1187 2440 parem
1218 2390 1280 2428 ac
1305 2376 1530 2429 similem
1559 2379 1775 2429 Vocandi
1804 2380 2033 2431 auctori-

480 2468 641 2513 tatem
668 2475 771 2515 non
801 2464 1037 2517 haberet.
1088 2464 1217 2515 Nam
1249 2464 1315 2517 de
1346 2464 1499 2520 Putre
1538 2468 1818 2534 Apostolus
1863 2470 2030 2523 dicit:

486 2550 703 2615 Quando
724 2564 893 2605 autem
920 2556 1109 2622 placuit
1140 2554 1265 2618 Deo,
1305 2559 1390 2624 qui
1421 2574 1497 2609 me
1520 2563 1792 2630 segregarit
1814 2564 1876 2613 ab
1898 2572 2036 2615 utero

482 2644 656 2696 matris
678 2661 819 2707 mea,
844 2656 889 2699 et
916 2652 1104 2700 vocavit
1135 2651 1183 2701 in
1206 2654 1421 2718 gratiam
1447 2671 1591 2705 suum
1620 2654 1759 2722 (Gal.
1778 2671 1813 2720 I,
1838 2655 1942 2724 15).
1974 2659 2038 2712 Et

484 2732 555 2787 de
584 2734 795 2789 Christo
823 2737 1069 2792 Romanis
1098 2744 1369 2795 sorbens:
1399 2743 1459 2796 In
1485 2746 1665 2812 quibus
1696 2748 1810 2798 estis
1854 2758 1899 2799 et
1929 2765 2035 2813 vos,

490 2825 677 2891 inquit,
708 2829 1011 2882 varatiJcsu
1054 2832 1237 2885 l.'ltristi
1285 2836 1457 2905 (Rom.
1504 2853 1542 2900 ι,
1590 2838 1665 2908 li).
1718 2839 1793 2894 De
1842 2840 2036 2908 Spiritu

486 2926 674 2969 sancto
699 2916 868 2971 Lucas
895 2920 946 2971 in
970 2922 1189 2976 Actibus
1217 2928 1575 2993 apostolorum
1598 2929 1726 2983 dicit
1752 2948 1761 2980 :
1786 2930 2035 2999 Jejunun-

483 3005 615 3058 tibus
650 3015 695 3057 et
734 3009 1135 3075 muni/icauribus
1175 3015 1279 3067 illis
1319 3016 1391 3085 (id
1435 3026 1515 3072 est
1560 3020 1856 3087 apostolis),
1906 3023 2034 3074 dixit

2137 1835 2379 1888 hensihili
2413 1835 2775 1902 phantasmate
2800 1836 3012 1901 conﬁat,
3058 1837 3241 1891 dicens
3272 1855 3284 1890 :
3318 1836 3421 1891 Sed
3458 1837 3506 1889 hi
3545 1844 3686 1901 tres,

2135 1940 2270 1979 unus
2299 1926 2456 1978 Deus.
2484 1925 2682 1980 Rursus
2700 1942 2832 1997 quos
2859 1928 3036 1981 nescio
3056 1944 3157 1996 qua
3180 1929 3537 1997 coagulatione
3558 1943 3687 1996 per-

2138 2017 2323 2068 mistos
2348 2026 2399 2069 et
2430 2018 2671 2069 counitos
2701 2019 2751 2070 in
2780 2033 2936 2071 unum
2966 2019 3126 2072 Deum
3158 2019 3450 2085 redegerat,
3494 2017 3686 2069 iterum

2131 2120 2225 2158 eos
2266 2114 2538 2170 separatos
2580 2105 2847 2159 triformes
2885 2106 3134 2173 OSIendit.
3192 2107 3348 2176 180
3373 2106 3586 2159 dicens;
3622 2103 3688 2157 Et

2133 2193 2219 2247 hic
2250 2208 2383 2247 unus
2411 2195 2545 2247 Deus
2573 2194 2801 2250 Trinitas
2830 2204 2928 2249 est.
2983 2196 3128 2261 Vide,
3181 2198 3224 2251 si
3271 2196 3417 2249 vales
3460 2198 3576 2265 (oro
3613 2197 3687 2261 te)

2134 2281 2370 2336 inaudita
2409 2284 2521 2337 hzec
2550 2292 2604 2338 et
2634 2285 2803 2337 invisa
2836 2286 3076 2353 pessima
3106 2286 3493 2354 imaginationis
3518 2286 3690 2340 vesti-

2135 2386 2260 2439 gare
2304 2382 2562 2441 portenta.
2614 2374 2721 2442 Ego
2765 2376 2903 2429 enim
2963 2377 3418 2445 comprehendere
3466 2390 3689 2444 nequeo.

2138 2462 2577 2529 quemadmodum
2607 2466 2675 2517 sit
2694 2465 2831 2517 Deus
2861 2480 2996 2520 nunc
3026 2480 3180 2529 unus,
3209 2479 3349 2520 nunc
3376 2466 3691 2532 lripartitns;

2139 2567 2280 2605 nunc
2308 2568 2369 2605 ex
2399 2552 2565 2607 tribus
2597 2558 2648 2606 in
2682 2571 2786 2607 uno
2814 2556 3086 2619 confusus,
3133 2572 3273 2609 nunc
3298 2573 3362 2609 ex
3390 2572 3490 2608 ιιιιο
3513 2556 3560 2608 in
3593 2557 3689 2609 tri-

2142 2644 2239 2695 bus
2265 2643 2574 2709 distinctus;
2611 2661 2749 2699 nunc
2779 2650 3162 2715 compositione
3190 2649 3415 2717 quadam
3443 2662 3502 2701 ex
3534 2649 3693 2715 partio

2140 2734 2241 2789 bus
2271 2735 2627 2788 conformatus
2651 2776 2665 2800 ,
2714 2753 2853 2791 nunc
2898 2740 3227 2793 derivatione
3274 2741 3454 2793 nescio
3494 2752 3594 2806 qua
3627 2754 3689 2792 ex

2142 2826 2249 2877 uno
2275 2826 2459 2877 iterum
2492 2826 2541 2878 in
2592 2837 2766 2892 partes
2796 2827 3013 2881 divisu~.
3068 2831 3152 2882 Ait
3190 2831 3361 2891 enim,
3409 2828 3534 2882 Tres
3571 2837 3693 2881 sunt

2142 2926 2413 2970 exstantes
2440 2918 2489 2971 in
2520 2934 2613 2972 sua
2654 2920 2945 2974 substantia
2994 2935 3262 2988 personas,
3313 2929 3368 2973 et
3395 2920 3693 2987 permisceri

2143 3023 2250 3061 non
2272 3009 2488 3075 debent,
2518 3026 2582 3062 ne
2607 3021 2798 3064 statum
2828 3015 3097 3081 proprium
3126 3014 3379 3081 perdant;
3412 3014 3693 3066 secundum

485 3094 711 3163 Spiritus
750 3109 954 3153 sanctus
993 3102 1311 3172 :Srgregale
1356 3109 1483 3158 mihi
1512 3106 1729 3175 ρααιυη,
1767 3121 1813 3163 ει
1840 3110 2035 3164 nam“.
2066 3089 2113 3151 C
2145 3114 2339 3163 nteam,
2392 3101 2664 3170 magisque
2708 3104 2941 3156 veritatis
2984 3106 3325 3167 sententiam,
3372 3104 3438 3157 ait
3469 3103 3559 3157 :Si
3594 3118 3693 3155 una

485 3185 596 3236 bam
626 3186 677 3239 iu
708 3203 831 3254 Opus
860 3192 927 3242 ad
947 3193 1080 3259 quod
1105 3198 1269 3247 vocavi
1288 3214 1371 3248 cos
1400 3198 1538 3266 (Act.
1570 3215 1680 3264 xttt,
1703 3202 1781 3267 ἓ).
1821 3202 2041 3255 llevela-

487 3281 653 3327 torem
698 3292 905 3345 quoque
932 3296 1053 3335 esse
1087 3285 1466 3352 mysteriorum
1498 3288 1748 3357 Spiritum
1776 3301 2043 3358 sanctum,

488 3362 675 3455 eadem
705 3367 976 3435 Scriptura
1010 3381 1269 3425 testatur:
1300 3374 1604 3446 Exsurgens,
1639 3381 1824 3447 inquit,
1843 3384 2045 3455 Agabus

490 3452 787 3542 signiﬁcavit
810 3471 897 3521 per
918 3456 1162 3525 Spiritum
1194 3461 1376 3537 [autem
1403 3481 1631 3534 magnam
1653 3452 2041 3542 futurumldct.

492 3555 566 3601 tu,
594 3541 705 3610 28).
738 3542 804 3597 Et
827 3546 1015 3599 iterum
1050 3567 1061 3599 :
1091 3549 1349 3618 Cogitante
1376 3567 1543 3609 autem
1579 3557 1729 3611 Petro
1754 3560 1816 3611 de
1836 3541 2044 3627 visione,

492 3632 620 3684 dixit
644 3632 870 3700 Spiritus
888 3647 1085 3690 sanctus
1108 3655 1127 3691 :
1152 3640 1278 3693 Ecce
1304 3644 1396 3695 uiri
1426 3655 1523 3697 tres
1552 3660 1781 3712 quierim!
1822 3660 1887 3704 te.
1919 3652 2050 3704 Sur-

494 3740 576 3792 ge,
603 3726 866 3791 descende,
896 3737 944 3780 et
974 3732 1099 3782 uade
1124 3749 1237 3784 cum
1266 3733 1367 3785 illis
1389 3737 1517 3787 nihil
1545 3739 1800 3803 dubitans,
1823 3743 1940 3807 quia
1961 3760 2049 3812 rgo

506 3816 661 3885 179
690 3817 800 3868 misi
828 3819 941 3870 illos
965 3820 1097 3886 (Act.
1130 3838 1181 3885 ιι,
1219 3823 1324 3891 l9).
1374 3824 1477 3877 Sed
1526 3840 1591 3880 ne
1620 3832 1776 3881 multa
1808 3832 1856 3882 in
1889 3847 2047 3884 unum

497 3907 831 3974 congerendo
858 3911 1183 3975 testimonia,
1212 3914 1260 3965 in
1295 3915 1508 3981 longum
1542 3921 1919 3982 prosecutiOuis
1955 3939 2051 3975 nu-

496 3986 623 4047 straz
676 3998 921 4052 tendantur
964 4003 1169 4066 oratio,
1217 4004 1446 4059 breviter
1490 4008 1729 4061 universa
1775 4011 2044 4081 recolligo.

495 4085 629 4149 Quid
659 4100 786 4155 ergo
814 4087 901 4142 tibi
932 4089 1160 4153 videtur.
1206 4095 1402 4159 optime
1442 4095 1623 4161 judex.
1655 4096 1785 4151 Num
1814 4099 2047 4167 Spiritus

493 4184 707 4228 sanctus
738 4176 876 4231 Deus
906 4194 1007 4232 non
1037 4190 1138 4245 est,
1186 4185 1275 4250 qui
1310 4182 1636 4251 compositus
1666 4202 1768 4241 non
1814 4198 1913 4253 est,
1958 4192 2047 4259 qui

500 4266 687 4320 unicus
712 4282 774 4320 ac
795 4269 1073 4336 singularis
1094 4283 1191 4335 est,
1216 4276 1305 4341 qui
1327 4286 1535 4329 creator
1555 4293 1615 4329 ac
1639 4279 1925 4334 vivificator
1947 4291 2047 4343 est,

497 4356 587 4422 qui
618 4370 737 4409 cum
772 4357 926 4412 Patre
955 4369 1006 4411 et
1040 4361 1171 4413 Filio
1200 4378 1360 4415 unum
1409 4366 1641 4430 possidet
1687 4382 1876 4421 nomen
1900 4411 1913 4432 ,
1959 4370 2049 4437 qui

2147 3198 2230 3241 est
2257 3203 2505 3255 persona,
2536 3192 2633 3244 hoc
2663 3192 2830 3258 ipsum
2857 3194 3167 3260 simpliciter
3196 3194 3440 3257 fateatur,
3467 3204 3517 3245 et
3539 3195 3669 3245 liber

2149 3279 2200 3331 in
2227 3280 2445 3332 Sabellii
2495 3290 2727 3334 transeat
2768 3282 2978 3350 dogma.
3028 3284 3155 3337 Nam
3195 3283 3322 3350 quid
3360 3298 3492 3351 opus
3526 3294 3600 3336 eat
3632 3280 3695 3333 ad

2147 3369 2467 3421 il!udendam
2496 3371 2795 3434 veritatem,
2836 3372 3061 3425 diversis
3093 3374 3278 3425 formis
3309 3382 3363 3425 et
3390 3371 3694 3439 imaginibus

2150 3462 2372 3521 variari;
2405 3469 2460 3512 et
2487 3460 2563 3513 sic
2592 3461 2879 3514 Sabellium
2914 3461 3113 3529 fugere,
3155 3473 3214 3515 ut
3244 3464 3295 3514 in
3326 3477 3409 3515 me
3438 3461 3694 3521 incurrat;

2148 3549 2225 3601 sic
2253 3563 2280 3599 a
2313 3564 2397 3601 me
2430 3550 2687 3617 refugere.
2721 3561 2772 3601 ut
2804 3566 2921 3603 eum
2954 3552 3211 3605 Sabellius
3241 3552 3448 3619 capiat?
3488 3549 3618 3615 Quia
3644 3562 3693 3601 ut

2150 3654 2208 3691 se
2256 3639 2526 3705 impietate
2573 3640 2869 3693 Sabelltana
2913 3650 3088 3707 exuat,
3136 3656 3291 3707 quem
3342 3656 3498 3693 unum
3545 3641 3689 3703 dicit,

2152 3738 2260 3783 tres
2289 3743 2407 3782 esse
2429 3728 2676 3783 afﬁrmat.
2709 3731 2812 3785 Sed
2845 3746 2909 3784 ne
2931 3746 3027 3799 ego
3056 3748 3173 3784 eum
3205 3732 3255 3784 in
3287 3732 3454 3785 tribus
3491 3740 3689 3785 teneam

2153 3836 2319 3884 reum,
2372 3820 2437 3875 de
2466 3822 2631 3874 tribus
2673 3822 2851 3875 nescio
2878 3825 2982 3888 qu'o
3009 3823 3232 3876 artiﬁcio
3278 3838 3440 3875 unum
3478 3821 3687 3874 condat.

2151 3911 2264 3965 iam
2294 3910 2338 3963 si
2383 3912 2609 3979 aliquam
2644 3911 2980 3965 verisimilem
3025 3912 3179 3966 habet
3224 3913 3338 3964 haec
3380 3911 3507 3964 fides
3542 3898 3692 3964 ratio-

2150 4016 2293 4065 ncm,
2325 4002 2585 4068 :equitatis
2616 4011 2718 4055 tuae
2746 4009 2829 4055 est
2849 4001 3105 4069 judicare,
3133 4003 3331 4070 optime
3360 3994 3547 4055 Probe.

2222 4092 2377 4145 XLII.
2434 4090 2627 4145 Probus
2664 4092 2829 4162 judex
2870 4092 3037 4145 dixit:
3069 4093 3233 4157 Quem
3278 4107 3440 4145 unum
3481 4090 3691 4152 dixeris,

2150 4180 2395 4234 eumdem
2435 4194 2615 4233 rursus
2654 4189 2759 4233 tres
2797 4181 3091 4247 appellare;
3137 4190 3190 4234 et
3234 4196 3369 4247 quos
3400 4192 3504 4233 tres
3533 4180 3694 4233 credi-

2151 4271 2313 4330 deris,
2341 4270 2555 4322 eosdem
2600 4270 2787 4322 iterum
2834 4270 3167 4323 ununtt‘ateri
3206 4271 3403 4335 Deum;
3450 4284 3690 4337 quantum

2152 4361 2217 4413 ad
2251 4362 2462 4413 humani
2492 4377 2678 4413 sensus
2708 4363 2933 4427 pertinet
2962 4364 3240 4424 rationein,
3274 4365 3495 4414 multum
3527 4363 3693 4414 incon-

498 4456 711 4509 peccata
734 4446 915 4509 donat,
948 4450 1033 4515 qui
1068 4452 1382 4517 sanctiﬁcat,
1415 4456 1504 4521 qut
1542 4458 1823 4523 gratiarum
1850 4463 2049 4516 charis-
2080 4440 2127 4499 Ι)
2153 4466 2382 4518 sequens
2407 4466 2526 4503 esse
2554 4452 2779 4515 videtur,
2827 4452 2924 4503 nisi
2974 4452 3110 4504 forte
3140 4454 3237 4503 hoc
3272 4450 3447 4504 divina
3473 4449 3688 4503 aucturia

498 4545 637 4589 mata
670 4554 765 4605 pro
792 4542 871 4592 sui
906 4543 1178 4597 voluntate
1198 4545 1487 4611 dispensat,
1511 4549 1596 4617 qui
1628 4553 1872 4619 mysteria
1902 4569 2051 4608 reve-

498 4624 592 4688 lat,
622 4626 712 4695 qui
754 4628 921 4695 legem
960 4630 1080 4693 dat,
1123 4632 1209 4697 qtti
1257 4636 1569 4690 auctoritate
1598 4652 1687 4692 sua
1732 4641 1796 4692 ad
1827 4643 2048 4709 gratiam

497 4726 670 4779 vocat.
700 4719 787 4787 qui
817 4721 1071 4773 mundum
1097 4723 1319 4789 judicat,
1349 4726 1438 4790 qui
1470 4735 1752 4782 tentatores
1778 4746 1901 4784 suos
1928 4748 2050 4785 cun-

494 4806 733 4868 deutnat,
783 4808 834 4860 in
866 4824 971 4877 quo
1009 4813 1445 4867 irremissihiliter
1476 4817 1619 4884 impii
1656 4818 2051 4882 hlasphomant?

494 4899 549 4953 Si
582 4898 665 4952 hic
691 4900 808 4953 talis
841 4900 981 4955 Deus
1005 4919 1107 4955 nun
1137 4915 1240 4971 est,
1288 4906 1533 4959 ostendat
1560 4908 1683 4975 quid
1708 4910 1931 4979 amplius
1962 4913 2051 4965 ha-

498 4988 623 5042 bere
651 4989 815 5055 possit
842 4992 928 5059 qui
960 4992 1096 5045 Deus
1122 5002 1224 5047 est.

568 5078 701 5131 XLI.
733 5083 881 5134 Arius
911 5084 1037 5135 dixit
1061 5099 1080 5136 :
1104 5084 1411 5153 Quanquam
1440 5086 1510 5141 sit
1536 5100 1711 5141 sermo
1731 5090 1901 5145 omnis
1928 5106 2055 5145 con-

495 5169 795 5223 tradictioni
828 5173 1111 5240 ohnmtius,
1139 5184 1212 5238 et,
1248 5177 1391 5231 vi-lut
1427 5179 1653 5246 quodam
1697 5183 2057 5249 responsionis

496 5259 711 5327 clypeo,
745 5262 1099 5325 objectionum
1130 5268 1228 5320 tela
1259 5268 1467 5336 repulsa
1508 5268 1843 5337 frustrentur,
1877 5281 2052 5326 tamen

496 5348 649 5401 istam
691 5364 847 5415 quam
882 5367 1019 5406 nunc
1058 5354 1381 5410 intendimus
1425 5358 1789 5424 quaestionem,
1836 5372 2056 5427 quanta-

495 5452 702 5501 t‘tlttqttc
729 5440 1045 5494 Athanasius
1092 5444 1284 5512 ingenii
1334 5446 1631 5499 subtilitate
1679 5460 1898 5503 coiretur
1940 5452 2055 5504 elu-

497 5528 653 5591 dere;
688 5545 953 5597 nunquam
986 5534 1202 5601 valebit,
1250 5552 1353 5591 non
1381 5536 1503 5591 dico
1535 5546 1721 5604 totam,
1755 5540 1844 5592 sed
1879 5556 1943 5593 ne
1973 5541 2056 5594 ul-

501 5615 606 5669 lam
634 5619 844 5679 quidem
868 5622 983 5689 ejus
1012 5624 1322 5691 particulam
1348 5626 1747 5685 rationabilibus
1766 5628 2058 5685 dissolvere

2154 4549 2263 4593 tute
2295 4540 2513 4594 credere
2552 4541 2850 4607 jubeamur.
2898 4541 3045 4595 Unde
3092 4540 3156 4593 ad
3204 4540 3317 4592 hch
3368 4551 3471 4591 tam
3511 4539 3688 4600 valida,

2155 4642 2364 4700 tamque
2416 4632 2627 4695 invicta,
2674 4648 2791 4701 qua:
2820 4632 2977 4686 Arius
3013 4631 3215 4700 obftcit,
3269 4630 3592 4685 Athanasius
3614 4643 3691 4681 re-

2152 4723 2413 4791 spondere
2441 4737 2545 4774 non
2572 4721 2802 4776 differat.

2226 4811 2526 4863 Athanasius
2562 4811 2690 4863 dixit
2726 4824 2745 4862 :
2783 4810 2995 4864 Frustra
3027 4810 3171 4863 visus
3210 4824 3269 4863 es
3308 4810 3463 4864 nodis
3502 4809 3579 4879 (ut
3610 4805 3689 4859 tibi

2157 4900 2383 4968 videtur)
2408 4900 2774 4954 insolubilibus
2800 4900 3076 4953 verborum
3108 4909 3286 4954 texere
3315 4902 3479 4963 retia;
3513 4914 3607 4953 non
3628 4897 3688 4947 in-

2161 4993 2425 5061 telligens,
2457 5006 2625 5058 neque
2654 4991 3007 5059 prospiciens,
3035 5000 3087 5044 te
3112 5005 3320 5059 quoque
3351 4990 3438 5043 his
3464 4987 3689 5058 objectio-

2158 5100 2281 5136 num
2314 5082 2596 5136 tendiculis
2628 5097 2780 5150 posse
2806 5082 3019 5135 involvi.
3050 5083 3177 5135 Nam
3206 5082 3327 5149 quia
3357 5081 3489 5133 mihi
3522 5082 3580 5133 de
3606 5076 3688 5129 tri-

2158 5175 2254 5227 bus
2282 5173 2529 5236 intendis,
2560 5174 2691 5226 hanc
2714 5174 2806 5226 tibi
2834 5173 2901 5227 de
2917 5174 3125 5227 duobus
3147 5174 3319 5226 refero
3342 5174 3689 5237 iliimstiooetn.

2159 5266 2213 5320 Si
2250 5282 2406 5317 unum
2442 5266 2602 5317 Deum
2630 5266 2783 5328 colis,
2816 5275 2869 5318 et
2896 5280 2998 5317 non
3031 5274 3114 5317 est
3143 5264 3276 5314 alius
3313 5272 3509 5329 prater
3532 5273 3689 5318 unum.

2162 5357 2426 5424 quomodo
2459 5355 2590 5409 duos
2620 5355 2683 5408 ad
2714 5356 2909 5408 cultum
2939 5354 3292 5408 venerationis
3317 5353 3558 5407 inducis?
3587 5348 3689 5401 Pro-

2164 5447 2359 5499 fitendo
2403 5448 2545 5499 enim
2590 5446 2795 5500 I‘atretn
2829 5446 3015 5511 Deum,
3060 5454 3117 5498 et
3163 5444 3352 5497 Filium
3396 5443 3579 5504 Deum,
3619 5443 3691 5487 λιιι

2164 5537 2474 5605 bipartitutn
2503 5538 2693 5601 Deum,
2721 5544 2811 5588 aut
2838 5536 2970 5589 duos
2991 5536 3229 5589 diversos
3246 5535 3577 5588 convinceris
3594 5544 3688 5596 pro.

2170 5628 2332 5694 (lteri,
2361 5642 2423 5683 ac
2451 5646 2545 5697 per
2579 5629 2676 5684 hoc
2707 5628 2930 5696 gemina:
2955 5627 3220 5700 divinitati
3252 5628 3476 5697 impium
3504 5619 3691 5682 exhibes
