3856 6222
174 267 272 322 235

921 254 1184 312 cortina
1223 248 1540 315 ARIANOS,
1581 225 2066 305 sassLtJttrios.
2111 241 2282 306 ETC.,
2327 241 2448 296 LIB.
2497 240 2558 294 ιι.

3253 249 3356 306 228

173 373 484 434 famulatum;
513 369 719 423 dicente
744 363 1002 419 Domino:
1032 363 1149 416 Non
1176 364 1326 433 181
1359 368 1563 429 potestis
1583 361 1705 410 duo-
1734 361 1780 414 Λ
1811 356 2056 422 loquitur,
2081 357 2294 407 dicens:
2333 353 2442 424 Ego
2462 370 2574 406 sum
2625 352 2760 406 Deus
2801 352 3075 418 Abraham,
3118 365 3167 409 et
3226 359 3367 411 Deus

173 466 255 517 bus
273 463 472 516 dominis
497 461 682 514 servire
712 454 923 525 (Matth.
954 469 1024 522 γι,
1073 453 1166 522 24)
1215 452 1320 507 Sed
1372 467 1439 506 ne
1469 464 1569 517 ego
1588 450 1706 520 qni-

175 555 278 607 detn
306 549 602 606 temeritatis
630 556 808 600 notam
833 546 1121 609 incurram,
1147 544 1192 598 si
1221 552 1274 597 te
1296 544 1363 597 de
1387 541 1568 596 divina
1593 555 1708 609 pro-

1811 441 1983 506 lsaac,
2022 454 2068 497 et
2096 444 2233 497 Deus
2260 443 2418 497 Jacob
2449 447 2582 514 (Act.
2619 457 2709 506 νυ,
2737 443 2852 510 32).
2883 445 2934 498 ltt
2964 459 3029 499 eo
3056 446 3196 499 enim
3223 451 3364 515 quod

1811 534 1908 596 ait,
1945 531 2054 600 Ego
2074 549 2206 598 sunt,
2231 550 2388 588 unum
2413 534 2582 587 Deum
2612 533 2881 589 ostendit:
2912 544 2966 588 et
3005 535 3053 587 itt
3076 535 3217 606 quod
3252 549 3363 590 ter-

178 642 384 695 lessiotte
411 640 513 709 pari
532 636 824 705 quaestione
846 635 1239 703 constringam;
1268 633 1421 701 cujus
1444 630 1708 699 praecipua
1813 622 1887 674 lio
1913 623 2122 690 ι’·ῬειΙι.
2157 620 2289 675 Deus
2339 616 2609 685 Abraham.
2653 633 2702 676 et
2760 623 2895 677 Deus
2925 623 3095 691 Isaac.
3128 635 3177 679 et
3233 626 3368 679 Deus

176 733 423 786 veneratio
451 729 724 784 silentium
758 727 924 795 magis
953 742 1108 792 quam
1133 726 1349 779 callidas
1374 725 1536 793 exigit
1564 738 1710 792 quae-

1810 709 2009 775 Jacob,
2061 711 2333 764 Trinitatis
2386 710 2622 777 apertius
2665 712 2897 767 declarat
2945 724 3366 770 sacramentum.

179 823 378 875 stiones.
408 820 531 873 llluc
557 818 688 872 milii
723 817 1020 871 necessario
1056 816 1211 871 video
1243 815 1620 879 leatittandum,
1654 825 1712 868 ut

1842 799 1947 851 ιιιόί
1971 799 2139 852 adhuc
2164 808 2217 853 et
2235 799 2444 853 intuere
2470 799 2766 853 evidentius
2789 807 2963 856 arcani
2988 803 3141 872 hujus
3168 814 3362 874 myste-

179 923 276 964 tres
298 925 447 964 unum
474 923 615 973 esse,
642 918 697 962 et
718 923 885 960 unum
911 914 1017 961 tres
1045 921 1183 975 esse,
1224 917 1279 960 et
1303 907 1347 959 si
1376 921 1481 960 non
1510 906 1712 960 ratione

1818 887 1978 941 rium.
2001 887 2136 941 Dicit
2158 887 2341 952 Isaias,
2373 885 2495 940 Vidi
2522 885 2793 942 Dominum
2821 891 3071 945 sedentem
3090 896 3143 946 in
3166 897 3374 960 throno,

179 1018 269 1069 qua
291 1003 443 1053 homo
467 1014 609 1062 sum,
638 1008 823 1068 tamen
841 998 1152 1051 auctoritate
1176 977 1712 1066 perdoceamflpsam

1842 988 1870 1030 :t
1913 978 2068 1044 intra,
2115 977 2181 1030 Et
2223 978 2373 1046 dixit,
2415 978 2576 1042 Quem
2607 980 2821 1048 mittam,
2851 983 2964 1050 quis
2991 984 3079 1035 ibit
3103 1001 3168 1039 ea:
3192 983 3372 1042 nobis?

183 1096 339 1159 itaque
362 1091 672 1144 Trinitatem
702 1090 973 1142 audiamus
1001 1086 1266 1143 dicentem
1291 1087 1602 1143 :Faciamus
1623 1089 1716 1142 Ito-

181 1183 342 1233 nn'netn
359 1181 424 1233 ad
447 1181 722 1250 imaginem
742 1189 787 1232 et
810 1180 1193 1232 similitudinem
1221 1189 1444 1232 nostram
1472 1171 1637 1246 (Gen.
1672 1192 1712 1238 ι.

1813 1059 1955 1120 ltaud
1989 1067 2207 1120 dubium
2234 1067 2359 1134 quin
2385 1067 2452 1121 ad
2504 1070 2892 1137 praedicandum
2945 1074 3138 1141 populo
3166 1077 3375 1144 Ιιιιιωοτ

1817 1170 1934 1210 rum
1967 1154 2075 1211 :Et
2118 1158 2247 1222 dixi,
2278 1173 2389 1210 ecce
2425 1173 2540 1227 ego,
2571 1160 2710 1212 mitte
2737 1176 2832 1214 me.
2866 1159 2943 1215 Et'
2977 1162 3071 1230 ait,
3111 1162 3274 1231 Vade,
3329 1177 3376 1220 et

181 1271 286 1338 26).
313 1271 404 1334 Qui
452 1245 748 1324 iaciendum
779 1272 1072 1323 decernunt
1115 1278 1223 1323 tres
1266 1279 1410 1332 sunt,
1460 1245 1637 1332 Pater,
1665 1276 1720 1320 et

1842 1245 1953 1299 lices
1983 1247 2171 1316 populo
2199 1247 2317 1300 ltuit:
2346 1247 2497 1317 (lsat.
2522 1265 2593 1315 tn,
2625 1248 2758 1315 1,·8,
2788 1251 2864 1319 9).
2897 1253 3028 1306 Cum
3050 1268 3177 1323 ergo
3200 1255 3380 1327 singu-

188 1359 353 1424 Filius,
381 1369 430 1413 et
455 1359 688 1426 Spiritus
713 1369 953 1422 sanctus;
981 1359 1074 1411 sed
1105 1357 1156 1410 hi
1193 1369 1298 1410 tres
1329 1372 1463 1409 unus
1483 1366 1583 1410 est.
1621 1356 1719 1408 De-

183 1452 328 1518 nique
356 1451 526 1503 intulit
550 1466 564 1502 :
590 1447 654 1500 Et
685 1451 800 1516 fecit
830 1448 964 1500 Deus
993 1448 1240 1498 hominem
1271 1446 1339 1497 ad
1378 1446 1647 1515 imaginem
1673 1453 1719 1497 et

184 1541 545 1592 similitudinem
565 1539 656 1591 Dei
675 1535 987 1606 (Ibid.,27).
1007 1537 1073 1589 Ut
1093 1535 1540 1604 crgn'l‘riuitatetn
1561 1548 1725 1601 agno-

182 1644 311 1693 scas,
342 1631 608 1698 pluraliter
648 1629 844 1680 dictum
891 1634 992 1686 est.
1045 1624 1355 1686 Faciamus;
1395 1632 1449 1677 et
1486 1631 1543 1676 ut
1588 1624 1722 1676 lianc

1820 1337 2001 1391 lariter
2027 1337 2175 1400 dicit,
2211 1337 2369 1401 Quem
2399 1339 2616 1402 mittam,
2647 1355 2806 1394 unutn
2838 1342 3033 1396 indicat
3065 1343 3228 1398 Deum
3256 1362 3272 1398 :
3319 1354 3380 1401 ιι

1824 1426 1947 1479 dum
1971 1426 2129 1481 infert
2156 1427 2446 1494 pluraliter,
2473 1427 2703 1493 Quisibit
2731 1445 2794 1482 ex
2819 1431 2979 1494 nobis,
3005 1442 3186 1501 aperte
3210 1432 3381 1489 Trini-

1824 1526 1986 1570 tatem
2040 1517 2294 1570 insinuat.
2350 1517 2568 1585 Percipe
2613 1519 2785 1572 adhuc
2833 1521 3283 1593 manifestiorem,
3333 1529 3382 1581 si

1827 1607 2019 1660 mcutis
2050 1620 2208 1660 aures
2232 1616 2409 1675 gestas
2435 1616 2670 1676 apertas,
2716 1607 2873 1676 hujus
2907 1609 3027 1665 ﬁdei
3077 1613 3379 1669 veritatem.

181 1695 474 1773 nmmum,
520 1733 682 1772 unum
730 1716 892 1770 Deum
934 1730 1052 1772 “se
1101 1731 1204 1768 mm
1255 1715 1480 1779 nescias,
1532 1714 1724 1782 adjecit
1754 1717 1798 1774 Β
1823 1695 2166 1749 Conditorem
2196 1695 2315 1749 cteli
2340 1704 2393 1749 et
2424 1706 2598 1758 terras,
2644 1697 2856 1751 Patrem
2886 1712 3005 1752 esse
3030 1706 3085 1751 et
3112 1699 3304 1756 Filium
3329 1711 3385 1758 et

183 1812 521 1881 singulariter,
559 1809 624 1862 Et
651 1811 769 1879 fecit
800 1809 931 1862 Deus
964 1809 1232 1862 hominem.
1263 1809 1327 1862 Et
1358 1808 1569 1870 iterum,
1603 1807 1722 1860 Non

184 1913 249 1955 est
269 1903 437 1955 bonum
459 1902 710 1955 hominem
740 1914 846 1954 esse
863 1902 1027 1955 solum
1038 1918 1056 1965 ;
1084 1901 1333 1968 faciamus
1350 1902 1394 1952 ri
1407 1902 1724 1974 adjutorium

186 1994 336 2048 simile
361 1994 450 2046 sibi
477 1995 630 2062 (Gen.
651 2009 708 2057 n,
731 1994 840 2062 t8).
871 1994 1004 2047 Ecce
1023 2004 1077 2047 et
1107 1993 1190 2046 hic
1217 1993 1488 2060 pluraliter
1512 1992 1722 2059 dit-itur,

187 2085 439 2153 faciamus.
489 2085 542 2138 ln
573 2085 1019 2154 consequentibus
1064 2094 1238 2138 autem
1268 2083 1607 2151 singulariter
1637 2082 1725 2148 in-

191 2175 365 2238 fertur,
413 2185 455 2228 et
483 2175 600 2243 fecit
632 2174 766 2228 Deus
790 2173 1041 2227 hominem
1065 2174 1131 2225 ad
1157 2174 1422 2242 imaginem
1448 2172 1542 2224 Dei
1565 2189 1582 2224 :
1615 2188 1728 2224 ma-

187 2267 374 2320 sculum
391 2277 435 2320 et
456 2267 692 2335 feminam
711 2267 892 2318 creavit
914 2282 995 2318 eos
1010 2264 1161 2335 (Gen.
1175 2280 1228 2330 ν,
1250 2265 1297 2327 l,
1313 2264 1368 2332 2)
1393 2266 1445 2317 In
1467 2265 1731 2317 consulta-

195 2359 325 2413 tione
349 2367 473 2422 tres,
505 2358 556 2412 in
589 2372 749 2426 opere
777 2373 910 2412 unus
938 2356 1193 2420 refertur;
1225 2364 1282 2409 ut
1310 2371 1413 2409 non
1445 2342 1739 2409 diversitas.

192 2451 478 2516 voluntatis,
510 2450 602 2504 sed
625 2453 798 2504 unitas
820 2457 1072 2518 appareat
1101 2448 1394 2517 potestatis.

257 2543 428 2598 XLIII.
458 2543 524 2597 Et
542 2542 765 2598 iterum:
795 2541 946 2596 Visus
970 2550 1043 2595 est
1068 2540 1205 2594 Deus
1231 2539 1467 2603 Abrahte,
1488 2538 1555 2591 ad
1581 2553 1732 2607 quer-

195 2649 294 2685 cum
338 2633 564 2686 Hambre
593 2633 809 2700 aspexit;
838 2641 885 2684 et
931 2647 1042 2686 ecce
1081 2640 1183 2684 tres
1210 2630 1303 2682 uiri
1352 2638 1595 2682 steterunt
1620 2637 1734 2682 ante

193 2722 364 2787 ipsum,
393 2733 438 2774 et
469 2722 736 2788 procidens
770 2722 1021 2786 adorauit,
1064 2721 1284 2790 dicens;
1316 2718 1378 2774 Si
1407 2719 1570 2772 inueni
1608 2734 1732 2788 gra-

201 2813 308 2863 tiam
326 2813 375 2863 in
398 2819 665 2879 conspectu
691 2819 798 2873 tuo,
830 2827 892 2864 ne
914 2810 1171 2863 transieris
1200 2825 1397 2863 seruum
1416 2819 1555 2861 tuum
1579 2806 1733 2880 (Gen.

197 2914 333 2965 amt,
359 2900 409 2966 l,
438 2901 493 2963 2,
518 2901 596 2968 5).
633 2901 767 2954 Ecce
788 2909 844 2953 et
864 2915 993 2952 unus
1014 2900 1187 2952 dictus
1215 2905 1296 2951 est
1326 2897 1656 2966 apparuisse,
1683 2905 1736 2949 et

203 2999 359 3043 ωιτη-ιι
386 2999 495 3044 tres
519 2999 713 3053 erant;
755 2998 810 3044 et
856 2989 984 3043 licet
1011 2998 1121 3042 tres
1151 2997 1350 3054 essent,
1384 2997 1558 3041 tamen
1597 2999 1736 3040 unus

1825 1783 2078 1851 Spiritum
2101 1794 2368 1849 sanctum,
2391 1797 2457 1839 ex
2489 1785 2552 1838 iis
2576 1798 2696 1853 quae
2724 1785 2834 1854 jam
2885 1789 3127 1856 superius
3164 1791 3387 1857 protuli-

1827 1890 1966 1938 mus,
1995 1874 2300 1929 evidentius
2335 1875 2681 1940 .deelaratur;
2708 1891 2830 1930 cum
2875 1877 3148 1946 pluraliter
3188 1880 3388 1936 dictum

1825 1966 1992 2032 fuisse
2012 1965 2306 2031 docuimus,
2337 1965 2610 2020 Faciamus
2640 1968 2890 2021 hominem
2914 1967 3061 2037 (Gen.
3097 1984 3133 2034 ι,
3159 1971 3272 2040 26),
3295 1973 3387 2028 ulti

1824 2066 1936 2110 tota
1978 2057 2090 2127 ipsa
2142 2056 2373 2112 Trinitas
2407 2057 2712 2126 intelligitur
2753 2058 3016 2114 hominem
3065 2063 3384 2128 fabricasse;

1827 2150 1964 2202 sicut
1992 2151 2104 2203 haec
2122 2149 2310 2202 cadent
2341 2163 2524 2203 rursus
2552 2150 2603 2203 itt
2631 2150 2941 2217 baptismate
2960 2153 3194 2206 creditur
3217 2153 3390 2208 homi-

1831 2253 1956 2291 nem
2001 2239 2316 2292 rt-l’ormarc.
2346 2238 2440 2292 γει
2468 2239 2626 2292 etiam
2657 2239 2788 2292 illud
2816 2241 2954 2307 quod
2995 2242 3249 2310 propheta
3295 2245 3388 2308 ait,

1843 2327 2003 2408 verba
2032 2328 2240 2382 Domini
2280 2329 2391 2381 caeli
2439 2331 2624 2392 ﬁrmati
2653 2337 2787 2392 sunt,
2814 2341 2860 2382 et
2913 2331 3109 2399 Spiritu
3132 2333 3234 2385 oris
3279 2337 3390 2405 ejus

1830 2421 1996 2472 omnis
2015 2420 2173 2473 uirtus
2200 2435 2373 2472 eorum
2421 2417 2592 2489 (Psal.
2642 2434 2810 2486 nan,
2834 2420 2910 2490 6).
2945 2421 3008 2474 Et
3034 2422 3285 2478 Salomon
3322 2439 3390 2478 ex

1832 2522 2053 2576 persona
2102 2509 2386 2577 Sapientiae
2422 2509 2762 2576 pronuntiat,
2802 2510 2955 2579 183
2985 2510 3203 2572 dicetis:
3262 2512 3390 2567 Cum

1830 2606 2032 2666 pararet
2053 2597 2206 2650 caelos
2229 2598 2436 2650 aderant
2477 2597 2555 2652 illi
2579 2613 2601 2650 :
2619 2613 2735 2650 cum
2783 2598 2939 2666 fortia
2969 2600 3182 2669 faciebat
3211 2603 3397 2670 funda-

1831 2697 1998 2740 menta
2038 2696 2205 2749 teme,
2258 2703 2349 2757 ego
2394 2701 2535 2740 erant
2577 2703 2692 2759 cum
2744 2688 2836 2742 illo
2881 2705 3185 2759 componens
3227 2694 3396 2745 onmia

1833 2774 2016 2846 (Prov.
2045 2791 2157 2842 Vill,
2186 2754 2399 2838 27,-29,
2447 2775 2561 2845 50).
2589 2754 2811 2831 Constat
2848 2754 3028 2848 igitur,
3052 2780 3264 2847 utdixi,
3296 2781 3395 2837 Pa-

1835 2877 1974 2923 trem
2000 2877 2054 2922 et
2076 2867 2264 2922 Filium
2293 2877 2343 2926 et
2384 2868 2638 2937 Spiritum
2683 2878 2950 2933 sanctum,
3000 2870 3049 2922 id
3079 2879 3180 2937 est,
3232 2881 3394 2928 totam

1836 2958 2172 3023 Trinitatem,
2186 2961 2362 3012 mundi
2377 2957 2686 3012 creatricem
2705 2970 2842 3012 esse.
2861 2958 3146 3013 Audiamus
3158 2974 3286 3029 ergo
3301 2977 3396 3030 per

204 3090 320 3134 erat.
339 3078 465 3134 Cum
488 3081 629 3135 enim
670 3047 819 3144 dicit,
845 3079 905 3135 Si
934 3080 1097 3133 inveni
1119 3047 1419 3149 gratiam'in
1463 3088 1733 3142 conspectu

1842 3049 2026 3104 Isaiam
2060 3048 2394 3117 prophetam,
2417 3047 2558 3118 quod
2591 3060 2698 3101 tres
2720 3062 2855 3101 unus
2893 3051 2961 3102 sit
3005 3050 3164 3105 Deus.
3195 3049 3396 3106 Dicitur

208 3181 307 3235 tuo,
327 3185 387 3223 ne
409 3169 675 3223 transieris
699 3185 895 3222 servum
927 3182 1087 3235 tuum,
1134 3169 1366 3222 ostendit
1392 3184 1551 3222 unum
1595 3181 1733 3222 esse.

210 3259 410 3313 Rursum
431 3274 553 3313 cum
575 3259 770 3313 dicitur
787 3275 807 3312 ξ
831 3259 1087 3326 ΑῙΤει-αηιι·
1105 3274 1256 3326 aqua,
1281 3271 1323 3310 et
1348 3257 1573 3321 laventur
1596 3259 1742 3324 pedes

210 3347 606 3413 vestri,ostendit
639 3360 745 3401 tres
771 3361 911 3404 esse.
955 3349 1142 3410 lterum
1165 3362 1284 3400 cuin
1314 3345 1462 3413 dicit,
1495 3346 1742 3415 Apparuit

209 3438 272 3489 eis
308 3454 522 3490 mensam
557 3446 604 3489 et
651 3439 1096 3500 manducaverunt,
1126 3437 1231 3505 ipse
1263 3451 1375 3489 vero
1421 3422 1582 3487 stabat
1631 3445 1745 3488 ante

213 3528 328 3596 ipsos
373 3530 458 3582 sub
487 3529 666 3582 arbore
690 3528 844 3597 (Gen.
889 3542 1040 3593 xvnt,
1069 3527 1151 3596 4),
1181 3526 1414 3581 ostendit
1451 3535 1560 3580 tres
1602 3539 1743 3580 esse.

217 3617 395 3674 Etcum
423 3619 714 3688 subiungit,
742 3617 881 3671 Dixit
908 3628 1073 3672 autent
1099 3617 1165 3670 ad
1205 3632 1337 3682 eum,
1369 3614 1466 3671 Ubi
1509 3625 1581 3668 est
1610 3614 1747 3670 Sara

214 3722 325 3761 uxor
349 3718 431 3761 tua
461 3708 650 3780 (Ibid,
682 3708 763 3778 8)?
797 3707 1027 3762 ostendit
1053 3721 1215 3760 unum
1259 3719 1400 3759 esse.
1451 3705 1579 3758 Item
1621 3718 1742 3759 cum

217 3797 342 3864 dcit,
366 3799 633 3870 Surgentes
653 3799 772 3851 inde
795 3798 890 3850 viri
909 3799 1045 3851 ibant
1070 3797 1138 3848 ad
1171 3797 1351 3864 faciem
1381 3795 1746 3859 Sodomorum,

219 3888 443 3940 Abraham
469 3897 638 3957 autem
663 3888 993 3940 comitabatur
1017 3902 1130 3939 cum
1152 3887 1221 3939 eis
1245 3883 1429 3956 (Ibid.,
1456 3883 1537 3952 9),
1569 3893 1747 3939 osten-

220 3977 281 4028 tlit
299 3989 396 4033 tres
436 3994 578 4033 esse.
606 3978 670 4032 Et
708 3993 826 4031 cum
875 3977 1086 4045 repetit,
1120 3975 1255 4029 Dixit
1284 3984 1452 4028 autent
1477 3973 1746 4038 Dominus,

223 4062 342 4117 Num
361 4067 524 4120 celabo
553 4082 644 4134 ego
665 4081 819 4134 puero
844 4081 953 4118 meo
965 4065 1176 4117 Abrahte
1194 4079 1306 4132 quae
1327 4063 1564 4118 Sodomis
1585 4065 1749 4132 factu-

221 4169 293 4206 tus
313 4171 414 4208 tum
440 4155 630 4225 (Ibid.,
666 4154 798 4224 l6)?
832 4156 989 4224 182
1015 4153 1243 4208 ostendit
1271 4168 1430 4206 unum
1459 4165 1598 4208 esse.
1644 4151 1747 4207 Sed

221 4254 267 4294 ct
291 4259 425 4300 sacra
461 4249 555 4318 illa
593 4260 942 4314 supernarutn
980 4245 1234 4299 virtutum
1276 4244 1530 4305 carmina,
1585 4257 1747 4296 unum

224 4340 316 4385 tres
341 4348 450 4389 esse
475 4347 526 4390 et
557 4345 665 4389 tres
696 4349 856 4388 unum
897 4347 1014 4388 esse
1041 4333 1426 4387 demonstrant.
1459 4333 1562 4386 Isto
1606 4332 1749 4385 enim

1842 3140 1986 3193 enim
2017 3138 2092 3192 ibi
2120 3154 2133 3190 :
2163 3136 2273 3207 Ego
2296 3136 2430 3190 Deus
2456 3138 2666 3205 ﬁrmans
2693 3136 2842 3190 (αξιοι
2861 3139 3016 3202 solus,
3053 3149 3098 3191 et
3142 3140 3398 3193 stabilitas

1842 3237 2052 3294 terram;
2077 3238 2123 3282 et
2152 3229 2322 3281 nullus
2347 3244 2538 3280 mecum
2566 3226 2735 3297 (lsai.
2764 3243 2908 3292 thv,
2935 3227 3051 3296 2t).
3090 3228 3275 3283 Utrum
3300 3231 3402 3285 Pa-

1844 3318 1939 3372 tris
1968 3333 2035 3370 au
2065 3318 2182 3371 Filii
2207 3317 2440 3372 volueris
2461 3331 2579 3371 esse
2609 3318 2745 3369 hanc
2775 3319 3000 3370 vocem?
3021 3318 3079 3372 Si
3109 3333 3213 3372 non
3234 3328 3401 3376 totam

1842 3407 2157 3462 Trinitatem
2198 3422 2358 3460 unum
2405 3407 2570 3461 Deum
2602 3403 2919 3468 credideris,
2976 3408 3090 3463 haec
3139 3413 3402 3465 sententia

1844 3512 1950 3550 non
1981 3496 2160 3550 stabit.
2185 3496 2274 3549 Ait
2294 3497 2435 3549 enim
2457 3494 2713 3548 stabiliens
2744 3507 2951 3560 terram,
2981 3506 3028 3548 et
3077 3499 3249 3550 nullus
3291 3513 3397 3552 nte-

1843 3603 1980 3640 cum.
2015 3585 2081 3639 Et
2109 3586 2288 3654 utique
2312 3584 2477 3639 Filius
2505 3599 2624 3638 cum
2654 3585 2808 3638 Patre
2829 3598 2941 3640 erat
2963 3588 3050 3656 qui
3082 3587 3211 3642 dicit
3235 3605 3248 3641 :
3280 3587 3406 3644 Cum

1849 3690 2050 3750 pararet
2107 3681 2255 3733 caios
2293 3681 2523 3747 aderam,
2571 3681 2619 3734 el
2646 3697 2758 3733 cum
2788 3683 2936 3751 fortia
2961 3683 3174 3750 faciebat
3223 3686 3401 3755 funda-

1849 3781 2015 3824 menta
2043 3784 2209 3836 terror,
2240 3787 2331 3839 ego
2349 3787 2486 3824 erant
2509 3787 2657 3840 penes
2677 3773 2823 3826 illunt
2847 3771 3026 3838 (Prov.
3059 3790 3173 3856 Vlll‘,
3204 3776 3292 3842 27,
3317 3777 3406 3842 29,

1851 3863 1967 3931 50).
1997 3862 2128 3916 Cum
2160 3865 2317 3932 igitur
2366 3866 2593 3928 clamat,-
2621 3865 2672 3916 in
2722 3867 3024 3919 conditione
3050 3867 3191 3920 orbis
3217 3867 3407 3922 solita-

1852 3953 1988 4005 rium
2012 3967 2116 4005 non
2144 3953 2311 4006 fuisse
2339 3953 2545 4005 Patrem
2576 3953 2793 4022 (quippe
2824 3957 2906 4006 cui
2953 3957 3136 4007 aderat
3178 3955 3410 4020 Spiritus

1850 4049 2088 4104 sanctus,
2121 4052 2172 4094 et
2199 4040 2382 4106 Filius,
2416 4054 2469 4094 ut
2497 4050 2619 4108 pote
2659 4044 2813 4094 unius
2848 4043 3141 4097 divinitatis
3169 4047 3410 4100 virtutis-

1849 4147 1952 4201 que
1979 4131 2304 4200 consortes),
2336 4132 2461 4200 quid
2492 4144 2573 4186 est
2617 4134 2754 4200 quod
2785 4146 2844 4187 se
2891 4135 3063 4188 solum
3117 4151 3216 4190 nec
3247 4137 3409 4193 ullum

1849 4223 2011 4276 alium
2061 4237 2238 4277 secum
2283 4222 2446 4277 fuisse
2491 4232 2732 4291 testatur,
2765 4225 2866 4278 nisi
2916 4237 2973 4278 ut
3029 4226 3293 4294 intelligas
3347 4241 3407 4281 se

1861 4312 2054 4382 ipsum,
2077 4323 2130 4366 et
2153 4311 2363 4376 Filium,
2387 4321 2441 4366 et
2471 4312 2722 4381 Spiritum
2747 4325 3008 4380 sanctum,
3025 4330 3186 4368 uttutn
3210 4316 3415 4372 dixisse

225 4435 445 4480 manant
475 4427 719 4482 modulo:
743 4427 980 4490 Sanctus,
1010 4435 1234 4488 sanctus,
1257 4435 1458 4477 sanctus
1501 4423 1747 4476 Dominus
1779 4428 1826 4486 D
1857 4403 2041 4462 Dem“;
2073 4417 2192 4456 cum
2218 4416 2326 4470 quo
2355 4402 2490 4456 alius
2539 4413 2854 4470 θιίηιιευεο
2901 4415 2953 4457 ei
2979 4419 3010 4457 ³
3063 4415 3245 4457 "illum
3300 4406 3415 4474 ⁸1⁸³³

225 4509 343 4567 Deus
363 4517 579 4570 Sabaoth
606 4517 762 4589 (Isai.
785 4532 859 4585 v1,
883 4517 937 4586 5)
963 4534 975 4569 :
1008 4516 1131 4570 dum
1167 4516 1326 4570 tertio
1377 4523 1620 4584 repetunt
1639 4530 1758 4567 san-

227 4608 338 4664 ιιιιε.
365 4604 672 4660 Trinitatem
697 4606 970 4660 insinuant
995 4622 1009 4670 ;
1035 4604 1159 4660 dum
1188 4605 1354 4659 semel
1379 4592 1561 4658 dicunt
1583 4604 1760 4657 Domi-

231 4701 338 4754 nus,
384 4693 514 4750 banc
565 4697 811 4750 eamdem
862 4695 1171 4749 Trinitatem
1219 4709 1380 4748 unum
1421 4707 1538 4748 esse
1592 4693 1756 4746 Deum

229 4780 500 4852 designant.
553 4789 688 4843 Huic
728 4789 886 4843 etiam
929 4788 1178 4858 mysterio
1219 4785 1345 4842 illud
1399 4785 1758 4853 evangelicum

230 4875 444 4941 congruit
493 4887 931 4942 sacramentum,
991 4876 1133 4946 quod
1190 4876 1449 4929 Dominus
1515 4874 1763 4942 praecepit

239 4962 534 5031 baptisandas
562 4980 732 5040 gentes
761 4970 812 5022 in
860 4969 1060 5035 nomine
1083 4967 1251 5021 Patris
1291 4974 1337 5019 et
1365 4963 1490 5019 Filii
1520 4975 1567 5017 et
1597 4965 1761 5032 Spiri-

236 5059 300 5104 tus
324 5061 468 5111 sancti
490 5060 701 5130 (Matth.
725 5075 909 5124 xxvnt,
936 5058 1042 5128 t9).
1075 5059 1232 5120 Ecce,
1261 5057 1424 5111 liabes
1449 5065 1561 5110 tres
1583 5055 1633 5108 iit
1657 5070 1764 5108 uno

242 5142 430 5200 deitatis
458 5153 672 5207 nomine
701 5152 1068 5206 subsistentes.
1121 5146 1323 5202 Nomen
1349 5147 1490 5201 enim
1519 5147 1687 5199 Patris
1713 5155 1768 5200 et

239 5227 342 5286 Filii
368 5245 418 5291 et
443 5238 670 5308 Spiritus
704 5240 871 5296 sancti
919 5239 1057 5295 Deus
1071 5248 1174 5294 est.
1212 5239 1284 5292 De
1331 5251 1435 5306 quo
1466 5237 1681 5290 nomine
1710 5235 1764 5289 in

240 5316 558 5384 Numerorum
589 5333 726 5385 libro
754 5329 1004 5384 Dominus
1042 5327 1107 5380 ad
1129 5326 1384 5395 Moysem
1436 5325 1668 5394 loquitur
1685 5324 1767 5378 di-

243 5420 352 5462 cens
375 5427 391 5465 :
422 5414 542 5470 Vivo
567 5431 730 5489 ego'et
749 5422 866 5474 trivit
895 5434 1076 5474 nomen
1113 5433 1275 5470 meum
1303 5415 1491 5487 (Nunt.
1518 5419 1624 5478 xlv,
1649 5415 1765 5484 2|).

308 5500 618 5564 XLIV.Nam
661 5521 714 5566 et
751 5511 876 5566 illud
922 5525 1026 5566 non
1078 5508 1170 5562 tibi
1225 5506 1466 5561 videatur
1514 5505 1767 5568 otiosum,

1856 4495 2063 4548 alienus
2089 4510 2192 4548 non
2226 4495 2327 4549 luit
2350 4495 2521 4549 Deus?
2556 4495 2618 4548 Et
2650 4508 2791 4549 recte
2814 4495 3023 4564 Moyse.
3038 4495 3103 4549 de
3125 4495 3418 4552 liliislsrael

1859 4588 2069 4642 locutus
2113 4597 2218 4652 est,
2248 4587 2472 4640 dicens:
2507 4585 2661 4640 Solus
2708 4585 2916 4638 ducebat
2957 4601 3062 4653 eos,
3095 4596 3139 4638 et
3187 4603 3287 4639 non
3314 4597 3420 4640 erat

1857 4694 1968 4731 cum
1991 4693 2048 4729 eo
2071 4675 2205 4730 Deus
2233 4677 2430 4731 alienus
2457 4676 2630 4747 (Deut.
2663 4692 2827 4742 xxxii,
2857 4677 2940 4745 l2)
2966 4692 2980 4740 ;
3011 4691 3130 4730 cntn
3161 4677 3340 4746 utique
3367 4689 3421 4733 ct

1869 4769 2059 4822 Filium
2086 4770 2412 4838 etSpiritum
2443 4781 2681 4822 sanctum
2729 4783 2845 4821 cum
2874 4768 3068 4836 populo
3090 4767 3271 4830 fuisse,
3322 4785 3421 4823 nec

1869 4862 1966 4914 iste
2019 4861 2185 4927 possit
2212 4859 2368 4912 Arius
2398 4859 2678 4926 denegare.
2721 4856 2824 4911 Sed
2880 4856 3045 4909 Filius
3095 4867 3147 4910 et
3195 4857 3420 4926 Spiritus

1866 4958 2083 5001 sanctus
2112 4962 2218 5001 non
2249 4961 2329 5002 eat
2374 4947 2580 5002 alienus
2605 4985 2619 5011 ,
2660 4947 2751 5015 qui
2796 4961 2916 5000 cum
2963 4947 3120 5000 Patre
3161 4961 3293 5001 unus
3335 4957 3418 5001 est

1869 5041 2029 5095 Deus.

1940 5131 2094 5185 XLV.
2131 5131 2420 5184 Audiamus
2448 5136 2623 5182 autem
2673 5136 2727 5182 et
2772 5127 3135 5181 beatissimum
3176 5124 3422 5192 Paulum,

1868 5225 1934 5277 de
1960 5224 2061 5277 ltoc
2091 5224 2278 5278 eodem
2308 5222 2564 5290 mysterio
2589 5221 2819 5286 apertius
2841 5221 3214 5282 disserentem,
3242 5227 3294 5270 et
3317 5226 3426 5271 tres

1869 5329 2027 5369 unum
2059 5315 2222 5367 Deum
2255 5312 2659 5366 conﬁrmantem
2695 5328 2708 5374 ;
2740 5312 2876 5364 sicut
2907 5313 2955 5362 iu
2989 5311 3122 5362 libro
3151 5322 3305 5376 quem
3333 5308 3426 5359 ad-

1869 5422 2052 5461 versus
2082 5404 2435 5472 Maribadunt,
2462 5405 2700 5458 nefandae
2745 5404 3010 5456 hmreseos
3035 5415 3224 5452 vesra:
3249 5398 3427 5453 diaco-

1872 5514 1995 5554 num
2049 5497 2335 5565 edidimus,
2369 5499 2675 5567 pleuissitne
2706 5505 2909 5549 constat
2961 5505 3316 5560 expressum;
3362 5491 3431 5546 de

247 5593 367 5655 Quod
410 5597 538 5653 idem
581 5601 744 5656 Filius
788 5602 891 5658 sub
939 5601 1138 5671 ingenti
1193 5596 1446 5671 mysterio
1491 5594 1775 5650 Trinitatis
1873 5607 1977 5661 quo
2000 5603 2137 5644 nunc
2162 5589 2212 5642 in
2245 5588 2344 5644 hoc
2395 5588 2511 5643 loco
2565 5598 2825 5655 petpauca
2879 5581 3258 5635 interseritnus.
3297 5580 3429 5635 Dum
