3802 6246
397 263 401 267 .
417 219 518 270 2⁸27

420 343 548 397 εἴδη
575 343 666 380 ΙΙΙθ
704 343 977 385 ουΙΙΓΕΙἸΞι,
1008 343 1150 385 quuu
1203 343 1326 364 ulnv
1370 343 1614 361 υιιυιυιυιη
1656 343 1691 357 υ..

425 391 755 474 Trinitatem,
789 408 1060 475 aequalitas
1111 400 1333 468 repellat
1383 395 1652 455 unionem,
1681 393 1818 445 inter
1866 391 1968 441 aha

425 504 590 557 multa
622 501 721 554 hoc
761 509 860 565 ego
911 490 1087 549 retuli.
1119 490 1288 551 Audi,
1345 485 1580 552 inquam,
1635 479 1966 565 Apostnlttui,

425 592 561 644 hanc
585 563 857 649 Trinitatis
879 582 1123 635 unionem
1147 576 1396 632 calcatius
1410 572 1804 641 praedicantem.
1840 563 1971 618 Dicit

425 679 480 733 in
509 676 736 744 Epistula
754 673 817 724 ad
843 668 1147 724 Corinthios
1173 665 1337 734 prima
1366 679 1379 712 :
1413 661 1690 714 Diuisione:
1740 653 1968 744 donatio-

424 743 709 820 namsunt,
735 761 865 812 idrm
885 767 1053 810 autem
1082 754 1325 824 Spiritus.
1362 750 1424 802 Et
1445 749 1715 800 divisiones
1745 743 1976 796 ministe-

420 858 622 907 riorum,
639 858 775 908 sunt,
803 847 936 898 idem
972 854 1137 903 autem
1165 842 1436 894 Dominus:
1461 846 1510 889 et
1552 836 1824 888 divisiones
1852 847 1974 901 ape-

421 941 676 998 rationum
701 944 844 996 sunt,
863 935 997 990 idem
1019 941 1186 985 autem
1209 930 1362 991 Deus,
1389 926 1476 993 qui
1524 935 1768 989 operatur
1809 921 1976 979 omnia

422 1027 474 1078 in
488 1020 789 1087 omnibus“
816 1020 936 1086 Cor.
969 1034 1058 1081 stt,
1087 1021 1141 1078 4,
1171 1018 1224 1078 5,
1255 1014 1331 1080 6).
1392 1010 1546 1080 184
1573 1013 1704 1074 Quia
1745 1009 1975 1062 Trinitas

418 1125 524 1171 est,
558 1126 668 1164 tres
689 1108 998 1164 nominavit.
1028 1108 1090 1157 Et
1118 1105 1239 1171 quia
1269 1103 1377 1169 ipsa
1412 1100 1645 1154 Trinitas
1674 1113 1806 1151 unus
1840 1098 1977 1152 Deus

421 1205 672 1262 est,cutn
722 1205 830 1249 tres
875 1176 1308 1245 connumerasset
1354 1200 1628 1252 personas,
1678 1200 1785 1239 non
1841 1185 1975 1237 dixit

419 1282 696 1346 pluraliter
723 1282 804 1345 qui
833 1287 1122 1345 operantur,
1152 1274 1246 1328 sed
1301 1274 1640 1342 singulariter
1666 1275 1752 1340 qui
1791 1278 1974 1338 opera-

416 1372 521 1417 tur.
550 1366 615 1417 Et
666 1381 734 1418 ne
771 1381 954 1432 pravo,
999 1365 1230 1432 inquam,
1263 1362 1627 1431 intelligentia:
1677 1377 1858 1425 sensu,
1909 1362 1976 1416 de

419 1451 575 1504 Patre
595 1467 716 1514 eum
740 1453 854 1511 solo
881 1453 1080 1507 dixisse
1093 1453 1386 1515 arbitreris,
1409 1454 1492 1517 qui
1523 1464 1754 1522 operatur
1774 1452 1941 1504 omnia
1954 1466 1975 1510 ;

413 1545 598 1587 etnon
633 1537 796 1590 etiam
826 1539 982 1590 simul
1006 1539 1072 1590 de
1118 1538 1272 1602 Filio,
1299 1547 1353 1590 et
1403 1539 1601 1605 Spiritu
1627 1548 1830 1605 sancto,
1858 1538 1977 1605 dili-

1702 190 1921 246 γιϐιιιι
1961 185 2330 248 TAPSENSIS

573 326 666 380 in,
704 324 977 385 obiiceret,
1008 314 1150 385 quod
1202 311 1326 364 unio
1369 304 1614 361 excludat
1656 302 1969 369 teqnalitatis
2000 309 2042 362 Α
2071 302 2192 353 dum
2248 298 2384 350 hunc
2434 294 2595 353 Deum
2647 291 2958 347 Trinitatem
3009 301 3127 343 esse
3176 286 3400 354 ingenue
3450 291 3607 356 protl-

2070 402 2262 444 temur.

3512 174 3606 226 2'28

2374 473 2568 526 Probus
2589 435 2748 541 judea
2766 471 2895 523 dixit
2920 486 2940 523 :
2964 468 3155 524 Contra
3181 468 3290 522 hac
3315 482 3433 536 qua:
3457 469 3615 520 Attia.

2073 564 2255 618 nasius
2285 570 2592 630 prosecutus
2619 569 2730 622 est,
2772 561 2816 611 si
2858 559 2982 626 quid
3018 560 3108 612 tibi
3137 574 3170 614 ο
3204 559 3412 621 diverso
3455 558 3615 625 repli-

2073 652 2292 707 candntn
2319 650 2598 714 remansit,
2632 648 2681 698 in
2723 647 2950 701 medium
2980 647 3214 716 proferre
3241 656 3443 701 curato.

2145 740 2296 791 Arius
2342 740 2468 790 dixit
2525 753 2544 789 .'
2607 737 2740 789 Sunt
2780 736 2992 804 quidem
3035 738 3456 804 quamplurima,
3504 751 3616 801 quur

2078 828 2261 882 Fili-rm
2294 837 2345 879 et
2381 827 2597 880 alterius
2626 835 2855 888 mtnrte,
2885 833 2936 879 et
2969 825 3229 879 interioris
3255 825 3478 877 doceant
3503 839 3619 878 e-se

2078 919 2265 972 Filium
2300 919 2570 985 potentiae.
2597 916 2699 970 Sed
2726 917 2972 985 quoniam
2998 915 3120 969 alibi
3160 929 3188 967 a
3219 916 3410 969 nostris
3438 925 3619 968 contra

2076 1009 2293 1065 istorum
2333 1022 2543 1061 errores
2561 1006 2784 1075 oplenius
2812 1006 3017 1073 objecta
3043 1013 3190 1069 sunt,
3224 1004 3348 1075 quid
3381 1020 3512 1073 opus
3540 1015 3620 1058 est

2078 1099 2188 1150 hinc
2217 1097 2402 1152 eadem
2436 1112 2617 1153 rursus
2656 1107 2927 1165 repetere,
2959 1105 3012 1151 et
3052 1097 3354 1151 laciniosam
3391 1098 3619 1150 alterca~
3704 1104 3710 1116 '

2087 1188 2248 1241 tionis
2275 1188 2512 1262 prtebere
2537 1188 2843 1245 materiam?
2870 1187 2924 1241 Si
2950 1187 3118 1255 placet
3141 1187 3318 1252 igitur,
3347 1188 3413 1242 de
3436 1188 3636 1241 habitis'

2089 1277 2228 1331 inter
2253 1292 2351 1332 nos
2377 1277 2814 1346 disputationibus
2841 1276 2974 1332 ferto
3011 1278 3348 1331 sententiam.

2162 1365 2357 1419 Probus
2372 1367 2534 1436 judex
2558 1365 2686 1418 dixit
2716 1380 2734 1418 :
2763 1365 2876 1420 lam
2905 1367 3142 1433 superius
3171 1365 3444 1420 interfatus
3480 1378 3619 1430 sum,

2080 1455 2427 1520 semiplenam
2466 1469 2568 1506 non
2607 1465 2854 1522 Oportere
2883 1456 3194 1511 sententiam
3223 1470 3491 1525 promere.
3529 1457 3622 1512 Su-

2084 1553 2260 1609 perest
2285 1552 2342 1597 ut
2361 1545 2404 1596 si
2422 1543 2546 1611 quid
2571 1545 2717 1598 vobis
2750 1547 3022 1612 remansit,
3047 1561 3298 1616 peragere
3317 1547 3636 1617 dignemini-

412 1622 632 1686 geutius
671 1623 724 1675 in
754 1623 1005 1691 subjectis
1049 1624 1172 1692 quid
1196 1626 1337 1676 dicat
1381 1627 1637 1678 ausculta.
1660 1624 1788 1680 Cum
1833 1626 1972 1680 enim
2005 1635 2049 1692 Β
2148 1631 2299 1682 Arias
2329 1631 2458 1682 dixit
2489 1645 2508 1684 :
2541 1630 2613 1685 De
2643 1631 2724 1685 bis
2751 1647 2866 1701 qua:
2911 1636 3198 1705 cognitioni
3224 1644 3326 1695 tua:
3348 1646 3622 1704 patuerunt

417 1713 580 1763 multa
609 1712 805 1764 divinae
845 1715 1031 1780 gratia:
1073 1729 1232 1779 opera
1287 1725 1641 1777 numerasset,
1692 1719 1800 1768 ait:
1845 1715 1970 1777 ﬂare

414 1805 584 1846 autem
608 1801 777 1850 omnia
807 1811 1046 1866 operatur
1066 1817 1192 1852 unus
1223 1812 1371 1869 atque
1395 1804 1528 1854 idem
1543 1802 1833 1869 SpiritusU
1840 1805 1968 1869 θεώ,

416 1885 528 1944 11).
557 1886 746 1938 Cernis
769 1898 1078 1952 cperantem
1135 1889 1367 1954 Patrem,
1401 1905 1706 1957 operantem
1756 1891 1968 1954 Filium,

415 1981 723 2032 operantem
771 1975 1025 2036 Spiritum
1074 1987 1344 2042 sanctum;
1398 1989 1448 2032 et
1492 1994 1612 2031 cum
1669 1979 1823 2031 simul
1865 1991 1972 2032 tres

2081 1720 2420 1787 pronuntiare
2447 1718 2682 1787 dignare.

2149 1809 2455 1861 Athanasius
2477 1809 2648 1862 dixit:
2680 1810 3015 1879 Reliquarum
3045 1815 3417 1882 qua-stiouum,
3440 1816 3622 1885 quibus

2075 1900 2135 1948 Αι
2153 1889 2229 1948 ins
2251 1897 2497 1964 opinatur
2519 1912 2673 1964 posse
2691 1897 2879 1952 Filium
2897 1916 2927 1952 a
2950 1902 3104 1956 Patre
3121 1906 3323 1957 ostendi
3347 1908 3618 1976 minorem,

2076 1984 2363 2049 principale
2394 1984 2522 2037 illud
2559 1994 2659 2048 est,
2687 1987 2824 2054 quod
2855 1986 2994 2041 idem
3019 1989 3181 2044 Filius
3210 1991 3306 2056 ait,
3336 1990 3497 2049 Pater
3523 2015 3622 2048 nta-

416 2069 724 2122 operentur,
759 2076 861 2114 non
892 2063 958 2116 de
987 2071 1064 2117 eis
1115 2068 1306 2120 dicitur
1333 2070 1416 2134 qui
1443 2079 1738 2136 operantur,
1767 2068 1859 2122 sed
1884 2070 1972 2137 qui
2066 2077 2153 2143 jor
2183 2075 2260 2125 me
2288 2082 2396 2134 est;
2421 2073 2562 2141 quod
2582 2074 2693 2141 jam
2718 2079 3054 2144 cognoscitur
3083 2081 3402 2148 intentasse,
3430 2097 3486 2137 et
3511 2087 3622 2139 huic

413 2154 678 2208 cperatur;
702 2155 756 2197 ut
777 2163 912 2202 unus
945 2152 1080 2204 Deus
1102 2155 1153 2207 itt
1181 2155 1440 2208 Trinitate
1470 2168 1813 2210 monstretur.
1843 2158 1971 2211 item

415 2232 606 2285 Filium
630 2243 683 2286 et
709 2235 915 2290 Patrem
938 2238 1080 2292 idem
1101 2245 1383 2307 Apostolus
1407 2248 1708 2313 nominans,
1729 2247 1850 2314 Ipse
1874 2248 1976 2302 Do-

417 2323 580 2375 minus
607 2332 773 2374 noster
801 2326 949 2378 Jessts
975 2327 1227 2394 Christus,
1253 2342 1300 2383 et
1331 2331 1466 2385 Deus
1510 2335 1665 2387 Pater
1693 2338 1779 2403 qui
1802 2339 1976 2394 dilexit

415 2422 509 2461 nes
538 2405 622 2475 (Il
646 2407 796 2464 Thes.
832 2426 888 2476 It,
919 2412 1026 2481 15).
1053 2426 1250 2470 etcum
1278 2420 1345 2473 de
1380 2421 1584 2474 duobus
1632 2425 1973 2487 nominasset,

413 2509 472 2553 et
499 2514 659 2552 unum
686 2515 804 2553 esse
839 2504 1161 2565 ostenderet,
1196 2519 1301 2558 non
1353 2507 1488 2558 dixit
1538 2510 1626 2572 qui
1669 2510 1972 2579 dilexerunt,

415 2587 507 2640 sed
542 2589 630 2654 qui
657 2586 852 2640 dilexit.
895 2588 1002 2642 Nec
1031 2591 1106 2642 ait
1157 2591 1498 2657 consolentur,
1547 2596 1638 2647 sed
1689 2599 1974 2652 consoletur

413 2678 572 2730 corda
599 2691 756 2730 vestra
786 2678 832 2746 (Ι
842 2678 971 2741 bid.,
996 2680 1106 2749 16).
1133 2680 1283 2746 item,
1308 2681 1333 2732 Ι
1341 2698 1428 2752 pse
1456 2694 1623 2735 autem
1652 2683 1788 2737 Deus
1820 2683 1974 2743 Pater

415 2778 602 2831 noster,
629 2777 676 2821 et
705 2766 950 2822 Dominus
965 2771 1114 2822 Iesus
1138 2771 1366 2824 Christus
1387 2773 1576 2840 dirigat
1598 2774 1729 2825 viam
1750 2785 1973 2828 nostram

411 2857 482 2909 ad
501 2873 586 2910 vos
617 2859 664 2927 (ι
681 2859 832 2915 Thes.
860 2875 937 2924 Ill,
959 2862 1070 2929 11).
1098 2861 1206 2915 Nec
1231 2862 1314 2916 hic
1335 2865 1408 2916 ait
1438 2863 1679 2931 dirigant,
1709 2866 1800 2917 sed
1837 2866 1968 2917 diri-

2086 2164 2227 2216 vclot
2267 2163 2426 2230 capiti
2464 2174 2651 2216 cuncta
2680 2166 3028 2232 qutestionum
3071 2166 3330 2223 iuberent
3372 2175 3619 2232 membra.

2080 2250 2206 2301 Nam
2258 2251 2398 2317 quod
2443 2252 2554 2314 ait,
2600 2251 2715 2303 Non
2757 2253 2867 2305 veni
2907 2254 3072 2321 facere
3119 2257 3426 2313 voluntatem
3473 2281 3622 2319 meam

2083 2338 2256 2406 (Joan.
2304 2355 2376 2405 vt,
2408 2341 2534 2409 38);
2567 2350 2619 2395 et
2642 2340 2759 2394 Non
2790 2353 2950 2412 potest
2981 2343 3150 2399 Filius
3171 2364 3202 2399 a
3223 2364 3274 2400 se
3295 2353 3462 2417 facere
3479 2356 3621 2419 quid-

2077 2447 2229 2495 quam
2260 2429 2439 2493 (loan.
2475 2447 2527 2493 v,
2567 2432 2692 2499 i9);
2734 2443 2782 2485 et
2824 2431 2968 2486 Sicut
3007 2435 3176 2487 docuit
3217 2453 3295 2489 me
3319 2438 3526 2505 ,Pater,
3555 2445 3623 2495 sic

2077 2518 2209 2585 facio
2254 2519 2431 2588 (Joan.
2465 2535 2578 2587 vnt,
2609 2521 2739 2586 28);
2779 2532 2831 2576 et
2858 2523 3101 2577 Doctrina
3135 2542 3245 2579 mea
3273 2543 3375 2580 non
3411 2541 3485 2583 est
3521 2548 3620 2583 mea

2077 2604 2253 2674 (Joan.
2289 2623 2378 2672 vn,
2415 2608 2534 2676 i6);
2569 2619 2624 2662 et
2652 2609 2740 2662 die
2758 2621 2949 2678 Oportet
2971 2618 3165 2683 operari
3196 2633 3348 2684 opera
3373 2623 3517 2688 ejus,
3545 2624 3622 2685 qui

2077 2693 2212 2744 tttisit
2263 2711 2339 2747 me
2381 2694 2556 2763 (Joan.
2601 2713 2682 2758 ix,
2706 2697 2793 2766 Ii);
2834 2709 2887 2752 et
2919 2699 3039 2753 Non
3063 2716 3096 2752 a
3131 2717 3209 2754 me
3233 2707 3342 2757 veni
3379 2722 3399 2758 :
3442 2708 3526 2758 ille
3553 2724 3622 2758 ate

2077 2784 2211 2834 misit
2237 2782 2413 2848 (Joan.
2443 2801 2556 2846 vm,
2591 2785 2716 2853 42);
2748 2796 2802 2840 et
2828 2787 2940 2858 Ego
2958 2805 3069 2842 sum
3100 2792 3212 2843 vitis
3240 2801 3284 2844 et
3318 2793 3470 2846 Pater
3489 2811 3620 2848 meas

2076 2872 2302 2939 agricola
2325 2886 2394 2925 cst
2421 2875 2593 2942 (Joan.
2622 2893 2709 2941 xv,
2737 2877 2788 2947 1)
2814 2894 2829 2939 ς
2855 2887 2906 2932 et
2925 2877 3035 2949 Ego
3061 2882 3170 2933 vivo
3195 2891 3402 2950 propter
3429 2872 3621 2937 Patrem

413 2956 520 3018 gat.
555 2947 820 3002 Hactenus
843 2951 910 3003 de
941 2950 1028 3002 illo
1051 2965 1213 3017 opere
1250 2953 1634 3005 mutuatissi‘ue
1660 2951 1969 3006 Trinitatem
1999 2959 2041 3018 C
2075 2962 2253 3030 (Joisn.
2295 2977 2366 3026 vn,
2416 2962 2527 3028 58).
2570 2964 2658 3018 Vel
2709 2967 2851 3035 quod
2892 2947 3032 3021 diem
3066 2947 3309 3035 ignorare
3343 2983 3401 3023 se
3442 2971 3622 3025 fatetur

414 3053 576 3092 unum
611 3040 774 3094 Demn
795 3055 934 3104 esse,
967 3042 1257 3109 apostolico
1284 3056 1440 3097 sensu
1460 3043 1761 3108 docuerim;
1793 3044 1858 3098 ad
1888 3059 1972 3097 re-

419 3132 558 3200 liqua
586 3131 914 3184 festinemus.

488 3220 669 3275 XLVI.
699 3221 966 3288 Exemplis
990 3221 1150 3274 etiam
1173 3221 1498 3274 naturalibus
1525 3223 1624 3276 hoc
1655 3223 1772 3276 lidei
1795 3237 1974 3278 sacra-

417 3326 652 3369 mentum
713 3327 868 3381 posse
916 3313 1142 3365 maxime
1181 3313 1561 3376 commendari,
1615 3316 1970 3381 apoSIolorum

414 3408 641 3461 edocent
674 3409 821 3469 Acta,
853 3415 1103 3458 narrante
1131 3403 1267 3456 Luca
1300 3404 1366 3456 de
1395 3405 1730 3457 credentibus
1755 3423 1767 3455 :
1796 3403 1972 3457 Multi-

407 3499 602 3551 tudinis
633 3505 799 3548 autem
827 3495 1137 3546 credentium
1180 3501 1283 3544 erat
1310 3508 1394 3543 cor
1423 3509 1577 3544 unum
1606 3504 1651 3545 et
1682 3495 1850 3545 anima
1873 3510 1974 3546 una

417 3591 552 3660 (Act.
587 3604 660 3650 tv,
690 3587 799 3652 3'2).
821 3586 876 3638 Si
907 3585 1007 3637 hoc
1038 3583 1278 3636 ﬁdelibus
1307 3598 1398 3651 per
1427 3582 1673 3650 baptismi
1700 3599 1976 3653 regenera-

417 3684 613 3736 tionem
643 3678 868 3733 contulit
890 3678 1080 3744 gratia,
1115 3685 1170 3728 ut
1209 3680 1388 3728 multa:
1415 3689 1598 3728 eorum
1626 3676 1836 3740 animm,
1871 3691 1972 3729 una

418 3775 487 3828 sit
506 3773 718 3834 anima;
751 3785 846 3823 cur
876 3785 988 3823 non
1029 3768 1191 3821 multo
1213 3768 1587 3834 congruentius
1622 3768 1689 3821 de
1719 3767 1974 3821 Trlnitate

416 3861 686 3923 credatur,
716 3859 854 3927 quod
887 3873 1021 3910 unus
1042 3855 1284 3920 SitDeus,
1316 3867 1370 3909 ut
1416 3856 1555 3924 quod
1593 3870 1691 3910 nos
1737 3871 1829 3924 per
1857 3872 1971 3923 grav

417 3951 567 4009 tiam,
601 3949 699 4002 hoc
721 3948 809 4001 illa
835 3947 1069 4000 Trinitas
1093 3946 1287 3999 habeat
1312 3961 1405 4014 per
1451 3945 1717 3998 naturam?
1743 3944 1874 3998 Nam
1921 3955 1973 3999 et

412 4043 461 4097 si
490 4042 794 4109 diligentius
815 4041 1215 4107 perspiciamus,
1241 4038 1539 4092 invenimus
1562 4038 1722 4093 etiam
1746 4039 1795 4092 in
1821 4038 1972 4092 nobis

415 4136 669 4202 quiddam
695 4144 928 4196 naturte,
962 4133 1097 4201 quod
1124 4133 1196 4185 illi
1244 4133 1560 4187 beatissima:
1599 4144 1756 4202 atque
1787 4135 1970 4188 inell‘a-

415 4226 508 4278 hili
533 4225 880 4287 assimiletur,
913 4224 1037 4277 licet
1086 4223 1237 4292 longe
1263 4224 1434 4289 aliter,
1475 4225 1743 4278 Trinitati.
1791 4225 1971 4294 Neque

2075 3051 2282 3120 (Matth.
2332 3068 2471 3115 xxiv,
2501 3054 2568 3107 56
2597 3071 2611 3117 ;
2645 3053 2810 3108 Marc.
2847 3071 2969 3117 xm,
3013 3056 3122 3125 52),
3169 3065 3224 3109 et
3251 3058 3390 3124 quod
3421 3059 3618 3114 Patrem

2072 3156 2221 3194 suum
2252 3151 2405 3196 vocet
2438 3142 2598 3195 Deum
2630 3142 2805 3212 (Joan.
2840 3159 2893 3209 ν,
2926 3145 3035 3212 18),
3077 3155 3128 3196 et
3157 3146 3225 3200 de
3247 3146 3432 3200 calicis
3459 3157 3621 3200 trans-

2074 3228 2265 3282 latione
2312 3241 2555 3297 precatur
2591 3230 2804 3298 (Matth.
2848 3247 2993 3297 xxvr,
3032 3231 3148 3302 39),
3186 3243 3242 3287 et
3274 3249 3334 3289 se
3383 3235 3430 3288 in
3472 3249 3620 3288 cruce

2072 3318 2378 3381 derelictum
2421 3321 2763 3390 conqueritur
2792 3321 3003 3389 (Matth.
3038 3337 3213 3388 xxvii,
3236 3323 3354 3390 46),
3396 3333 3449 3378 et
3487 3324 3619 3392 quod

2075 3408 2324 3473 Spiritum
2356 3422 2512 3475 suum
2538 3411 2676 3463 Patri
2704 3415 3041 3464 commendat
3068 3411 3219 3480 (Luc.
3251 3426 3398 3478 xxttt,
3424 3413 3513 3482 ιϐ)
3531 3456 3542 3472 .
3571 3423 3618 3467 et

2074 3497 2116 3548 si
2160 3512 2258 3562 qua
2300 3505 2522 3564 possunt
2557 3499 2658 3553 alia
2688 3499 2988 3566 bujusmodi
3017 3515 3171 3569 esse,
3200 3501 3292 3555 illo
3321 3503 3616 3571 respiciunt,

2073 3575 2189 3653 qtliP.
2211 3600 2240 3636 a
2270 3586 2419 3638 nobis
2438 3602 2555 3643 cum
2582 3588 2724 3640 onmi
2743 3597 2882 3642 metu
2910 3600 2962 3644 et
2993 3595 3314 3656 reverentia,
3341 3596 3617 3649 secundum

2074 3677 2526 3742 dispensationem
2559 3679 2753 3741 carnis,
2785 3694 2884 3747 qua
2913 3695 3016 3733 non
3046 3682 3217 3735 solum
3243 3683 3415 3747 Patre,
3447 3701 3616 3739 verum

2075 3766 2232 3817 etiam
2271 3767 2427 3836 186
2457 3770 2656 3836 angelis
2677 3779 2730 3822 et
2757 3770 3055 3824 hominibus
3081 3773 3391 3840 minoratur,
3415 3753 3615 3830 etdicta

2074 3856 2153 3908 vel
2177 3855 2308 3907 facta
2341 3857 2721 3926 intelliguntur.

2145 3945 2369 4000 XLVIII.
2429 3948 2703 4018 Tantaque
2760 3965 2855 4004 nos
2911 3952 3171 4008 beneﬁcio
3216 3955 3331 4022 ejus
3371 3955 3617 4010 obnoxios

2073 4039 2369 4103 credimus,
2411 4051 2609 4108 quanto
2640 4043 2750 4096 haec
2795 4054 2850 4097 et
2898 4045 3107 4114 indigna
3142 4062 3263 4100 esse
3299 4048 3612 4115 ignoramus;

2073 4129 2160 4195 qui
2184 4142 2280 4181 nos
2315 4137 2459 4183 tanto
2484 4131 2666 4185 dilexit
2689 4148 2889 4199 amore,
2923 4144 2977 4187 ut
3001 4137 3066 4188 ad
3099 4135 3195 4189 ista
3225 4147 3326 4190 tam
3347 4137 3487 4202 vilia,
3516 4147 3613 4190 tam

2075 4219 2326 4287 injuriosa
2364 4224 2700 4289 semetipsum
2743 4225 2967 4278 voluerit
3008 4227 3281 4281 inclinare.
3329 4228 3456 4281 Nam
3500 4233 3612 4297 quia

409 4316 557 4368 enim
585 4315 778 4369 frustra
806 4315 1056 4380 scriptum
1082 4325 1184 4377 est,
1219 4313 1378 4367 Deum
1411 4317 1584 4383 fecisse
1632 4318 1882 4369 hominem
1905 4317 1970 4370 ad
2001 4297 2048 4355 ί)
2074 4313 2273 4380 angelis
2317 4313 2605 4367 minoratus
2631 4324 2712 4368 est
2743 4315 2910 4383 (Psal.
2939 4332 3033 4371 vui
3053 4358 3067 4382 ,
3105 4318 3181 4386 6),
3202 4319 3309 4386 jam
3352 4334 3534 4387 supra,
3564 4330 3611 4371 ut

411 4408 681 4476 imaginem
711 4416 758 4460 et
787 4407 1166 4460 similitudinem
1194 4424 1335 4460 suam
1359 4407 1532 4476 (Gem.
1558 4423 1592 4466 ι.
1631 4411 1716 4473 17,
1739 4419 1786 4462 et
1811 4426 1864 4474 v,
1895 4408 1968 4478 1).

417 4498 691 4551 Hominem
717 4513 842 4564 ergo
869 4513 932 4550 ex
957 4498 1123 4552 tribus
1144 4507 1412 4561 constare,
1437 4499 1489 4551 id
1519 4507 1601 4552 est
1636 4513 1698 4552 ex
1727 4513 1970 4567 corpore,

416 4595 473 4640 et
494 4580 690 4648 anima,
716 4597 770 4640 et
796 4587 1000 4653 spiritu,
1034 4589 1316 4654 Apostolus
1343 4589 1490 4640 testis
1524 4599 1628 4654 est,
1658 4588 1875 4642 dicens:
1905 4588 1972 4641 Ut

408 4678 624 4742 integer,
656 4692 862 4742 corpus,
891 4685 935 4728 et
951 4678 1143 4738 animo,
1166 4687 1212 4729 et
1263 4679 1470 4742 spiritus
1504 4679 1558 4730 in
1603 4679 1736 4730 diem
1768 4677 1969 4730 Domini

413 4768 569 4818 nostri
593 4767 720 4819 Jesu
745 4765 933 4818 Christi
961 4776 1184 4819 seruetur
1214 4766 1261 4838 (Ι
1290 4767 1441 4819 Thes.
1473 4784 1524 4830 ν,
1547 4767 1660 4833 25).
1686 4769 1740 4822 Si
1759 4768 1810 4822 in
1844 4784 1963 4823 cor-

413 4856 646 4923 rnptibili
676 4868 728 4910 et
757 4859 1046 4924 composita
1073 4868 1280 4922 natura,
1325 4866 1481 4910 tanta:
1524 4860 1736 4911 unitatis
1767 4870 1962 4927 myste-

413 4945 545 4996 rium
580 4948 858 5011 reperitur,
894 4958 949 4999 ut
981 4961 1114 4999 unus
1137 4957 1245 5001 tres
1275 4948 1403 5011 sint,
1437 4948 1588 5018 185
1615 4958 1668 5002 et
1700 4959 1806 5004 tres
1831 4967 1966 5004 unus

411 5035 572 5088 homo
595 5039 684 5098 sit;
704 5047 897 5102 quanto
928 5037 1193 5104 pulchrius
1217 5050 1269 5090 et
1305 5038 1576 5090 honestius
1600 5039 1664 5093 de
1712 5039 1965 5094 Trinitate

409 5129 690 5196 accipitur,
715 5128 854 5196 quod
886 5144 1018 5181 unus
1046 5131 1116 5183 sit
1146 5131 1282 5184 Deus
1303 5171 1317 5193 ,
1346 5146 1448 5185 non
1493 5132 1819 5186 confusionis
1847 5149 1962 5200 per-

406 5217 676 5276 tnistione,
707 5216 798 5268 sed
824 5219 1020 5271 unitate
1046 5222 1278 5272 naturae?
1304 5221 1392 5272 llis
1416 5234 1542 5288 ergo
1563 5230 1614 5275 et
1634 5222 1751 5274 aliis
1779 5237 1959 5288 quam-

409 5305 649 5370 plnrimis
679 5307 1099 5360 testimoniorum
1117 5308 1466 5371 documentis,
1488 5325 1770 5379 rerumque
1790 5325 1966 5364 exem-

413 5392 512 5457 plis
541 5393 748 5456 imbuti,
780 5410 875 5447 nec
921 5395 1210 5450 Sabellium
1269 5399 1604 5464 incurrimus,
1652 5411 1756 5453 tres
1805 5415 1962 5453 unum

413 5482 838 5550 Deumfatcndo;
867 5501 961 5539 nec
1017 5498 1117 5541 tote
1149 5490 1379 5556 perﬁdia:
1423 5491 1622 5558 laqueis
1674 5493 1960 5558 irretimur,

2076 4401 2329 4464 memini,
2379 4404 2584 4469 plenius
2624 4403 2931 4472 docuimus,
2981 4407 3065 4461 ubi
3123 4409 3342 4462 dicentis
3385 4411 3608 4478 Apostoli

2075 4494 2231 4548 verba
2264 4496 2532 4562 posuimus
2565 4495 2746 4565 (Hebr.
2780 4512 2833 4561 ιι,
2861 4499 2935 4568 7).
2967 4498 3115 4553 Hune
3141 4510 3313 4554 autem
3341 4500 3514 4554 Jesum
3542 4502 3610 4554 vi-

2073 4583 2245 4636 dimus
2268 4595 2483 4651 propter
2511 4586 2804 4652 passionem
2834 4589 3021 4643 mortis
3051 4589 3202 4656 paulo
3239 4590 3408 4643 minus
3435 4592 3499 4642 ab
3524 4605 3608 4641 an-

2070 4672 2203 4739 gelis
2231 4673 2569 4727 minoratum.
2606 4674 2755 4740 Quod
2793 4691 2918 4728 vero
2949 4691 3002 4730 et
3029 4677 3328 4756 hominibus
3355 4680 3524 4732 minor
3547 4679 3607 4730 sit

2071 4763 2260 4828 factus,
2296 4764 2480 4817 Isaiam
2519 4767 2638 4819 audi
2670 4767 2930 4821 dicentem
2967 4785 2980 4821 :
3020 4768 3252 4822 Vidimus
3293 4786 3401 4823 eunt
3432 4782 3478 4822 et
3515 4785 3605 4820 non

2067 4863 2172 4904 erat
2192 4857 2381 4921 species
2411 4858 2476 4919 ei,
2507 4872 2662 4924 neque
2690 4857 2871 4920 decor;
2900 4861 2985 4911 sed
3015 4843 3200 4923 species
3228 4863 3336 4929 ejus
3363 4861 3602 4927 despecta,

2065 4954 2111 4996 et
2134 4944 2368 5010 deﬁciens
2399 4961 2549 5013 super
2569 4946 2700 5014 ﬁlios
2723 4931 2981 5000 hominum
3013 4949 3165 5018 (lsai.
3197 4965 3306 5012 LIII,
3333 4951 3388 5015 9.,
3414 4953 3489 5013 5).
3510 4950 3601 5004 Sed

2066 5046 2120 5089 et
2153 5035 2322 5089 Lucas
2349 5039 2672 5105 evangelista
2700 5040 2767 5094 de
2793 5056 2856 5093 eo
2882 5042 2954 5093 ait
2989 5059 3002 5095 :
3035 5040 3098 5098 Et
3127 5053 3230 5094 erat
3265 5044 3488 5095 subditas
3523 5058 3603 5109 pn-

2067 5125 2290 5177 rentibus
2317 5126 2420 5178 suis
2446 5125 2594 5193 (Luc.
2630 5144 2685 5191 tt,
2717 5128 2833 5195 5‘2).
2873 5129 3001 5194 Quae
3031 5131 3230 5193 omnia,
3259 5132 3299 5183 si
3326 5131 3599 5184 secundum

2070 5215 2405 5268 humanitatis
2456 5218 2671 5272 formam
2716 5223 3062 5288 accipiantur,
3097 5238 3198 5274 non
3227 5225 3393 5276 solum
3428 5226 3597 5281 Patre.

2066 5308 2156 5361 sed
2194 5319 2247 5362 et
2289 5311 2488 5378 angelis
2523 5324 2574 5366 et
2621 5313 2918 5368 hominibus
2959 5316 3172 5370 inferior
3213 5319 3325 5384 ejus
3366 5317 3597 5369 divinitas

2065 5399 2349 5455 invenitur.
2380 5403 2570 5457 Verum
2605 5407 2719 5472 quia
2761 5417 3034 5475 utramque
3063 5410 3112 5462 in
3142 5424 3200 5462 se
3241 5419 3474 5461 naturam
3519 5407 3599 5455 Ita-

2065 5493 2207 5558 buit,
2253 5495 2342 5547 Dei
2370 5497 2573 5552 scilicet
2609 5509 2657 5552 ct
2689 5499 2936 5566 hominis,
2970 5503 3240 5568 utriusque
3276 5509 3472 5554 natura:
3521 5510 3596 5549 res
