3856 6222
125 277 226 331 Ξῖξ)

896 275 1159 330 CONTRA
1200 275 1512 341 AliiAXUS,
1553 274 2036 349 SABELLIANOS,
2081 273 2257 338 ETC.,
2301 271 2425 328 LIB.
2470 273 2556 357 Ill.

3242 283 3347 338 230
3421 358 3425 366 η

132 390 383 458 loquitur.
408 399 564 459 atque
590 393 718 458 agit.
745 391 920 458 Neque
943 392 1081 444 enim
1109 391 1345 459 ejusdem
1380 380 1687 444 naturaecst
1715 401 1764 452 Α
1794 393 2059 445 cumulum
2081 399 2266 446 cuncta
2295 392 2532 459 congessi
2557 434 2569 456 ,
2601 393 2845 459 quoniam
2888 393 2953 448 de
2981 393 3062 447 his
3099 398 3343 453 omnibus

126 481 322 545 dicere,
354 480 503 533 Pater
526 484 691 550 major
713 496 788 532 m3
814 490 882 532 est
912 478 1088 548 (Joan.
1116 496 1220 543 nv,
1249 480 1364 546 ς28),
1396 488 1450 534 et
1483 481 1680 546 dicere,

130 572 234 642 Ego
255 582 300 626 et
333 571 485 624 Pater
509 587 666 623 ununt
691 587 859 624 sumus
891 571 1064 636 (Joan.
1088 588 1142 637 ι,
1172 572 1284 641 50).
1310 572 1531 639 Dicere,
1567 572 1684 624 Non

125 672 280 730 potest
311 660 479 714 Filius
509 676 541 714 α
577 677 630 714 se
659 662 824 730 facere
850 663 1119 731 quidquam
1162 662 1341 733 (Ιοαη.
1377 677 1426 725 v,
1462 661 1546 729 19)
1573 678 1586 724 ;
1633 673 1686 715 et

124 753 328 816 dicere,
379 752 560 805 Omnia
599 769 906 821 qua‘cunque
936 753 1088 805 Pater
1116 754 1259 821 facit,
1293 754 1399 806 lucc
1443 764 1488 806 et
1519 753 1684 808 Filius

126 825 351 894 similiter
396 843 535 910 facit.
592 843 812 903 Dicere.
859 843 975 896 Non
1020 845 1130 896 veni
1175 846 1340 913 facere
1379 834 1684 921 voluntatem

127 949 276 986 mem
307 931 486 1001 (lacn.
521 949 594 994 Vt,
638 937 768 1002 38);
802 946 854 989 et
880 937 1085 999 dicere,
1118 938 1264 992 Sicut
1297 937 1447 991 Pater
1473 942 1682 993 suscitat

129 1033 366 1089 mortuos,
398 1033 447 1077 et
471 1025 704 1091 vivi/Scal,
731 1028 802 1079 sic
830 1036 873 1080 et
903 1025 1101 1091 Filius,
1132 1045 1257 1096 quos
1297 1029 1420 1092 vult,
1462 1031 1680 1095 vivi/icui

125 1113 293 1180 ('Joan.
328 1130 381 1177 v,
413 1113 526 1184 21).
560 1116 707 1170 Unde
730 1127 782 1170 et
806 1133 923 1170 cum
947 1121 1258 1175 auctoritate
1287 1122 1466 1176 liberte
1489 1124 1678 1175 volun-

127 1205 256 1282 tatis,
289 1203 502 1268 leproso
530 1205 602 1257 ait
635 1223 646 1257 :
686 1205 836 1271 Volo,
863 1209 1108 1263 mundare
1132 1209 1318 1277 (Marc.
1347 1227 1382 1274 ι,
1424 1211 1538 1277 Η).

188 1294 367 1348 XLIX.
409 1295 521 1349 Non
547 1311 696 1366 ergo,
730 1299 963 1367 inquam,
998 1299 1154 1354 unius
1183 1311 1381 1353 natura:
1410 1312 1511 1365 est,
1547 1318 1680 1369 prze-

127 1387 255 1453 scpis
298 1386 508 1455 gremio
551 1390 832 1453 contineri,
881 1399 933 1444 et
969 1398 1230 1444 astrorum
1264 1391 1467 1444 indiciis
1498 1391 1676 1458 prodi;

127 1475 416 1530 hominibus
443 1478 665 1546 subjici,
691 1488 743 1531 et
768 1479 834 1532 ab
869 1479 1066 1546 angelis
1097 1479 1418 1542 ministrari;
1453 1482 1516 1532 de
1563 1480 1679 1535 loco

127 1564 181 1617 ad
199 1563 370 1618 locum
394 1566 597 1636 fugere,
628 1575 681 1620 et
709 1567 898 1632 ubique
918 1567 999 1620 sui
1031 1567 1363 1634 praesentiam
1389 1568 1676 1636 exhibere;

126 1666 320 1710 terrena
360 1657 623 1721 incolere,
647 1666 701 1711 et
726 1657 1099 1714 corlestlanon
1128 1657 1407 1723 deserere;
1433 1660 1624 1714 tentari
1645 1677 1676 1714 a

1789 484 2134 552 QIIfBSliODUIll
2163 481 2428 550 capitulis,
2463 482 2615 536 latius
2641 493 2695 536 et
2738 482 2939 551 plenius
2961 484 3145 538 beatus
3169 497 3372 560 noster-

1787 573 2073 639 disputavit
2091 572 2425 626 Ambrosius.
2446 571 2641 626 Contra
2664 588 2821 640 quem
2845 573 3110 629 Palladius
3137 575 3344 628 Arianae

1790 662 2023 729 perﬁdia:
2045 663 2344 731 episcopus,
2375 660 2498 714 dum
2517 660 2649 728 jam,
2675 661 2855 725 Credo,
2885 662 2970 717 ille
2995 648 3210 718 sanctus
3240 664 3341 716 hu-

1787 755 1955 804 manis
1985 752 2140 806 rebus
2180 749 2369 805 fuisset
2398 759 2709 818 exemptus,
2740 751 2794 805 in
2824 753 3139 807 refutatione
3167 753 3340 807 dicto-

1787 858 1901 895 rum
1928 843 2046 911 ejus
2069 842 2306 915 qnaadam
2328 840 2551 895 credidit
2568 844 2969 897 conscribenda.
2987 843 3043 898 Si
3066 845 3189 912 quid
3214 860 3340 913 ergo

1784 943 1921 980 nunc
1952 943 1979 980 a
2029 935 2079 982 te
2108 927 2266 994 objici
2301 926 2497 993 potuit,
2548 925 2635 978 ille
2667 926 2774 993 jam
2814 927 2922 980 suis
2956 928 3340 997 obieetiunibus

1782 1018 2083 1087 occupavit.
2137 1018 2232 1072 Cui
2280 1017 2529 1086 quoniam
2555 1031 2682 1089 uno
2716 1017 2824 1084 jam
2849 1019 3093 1086 respondi
3127 1019 3334 1080 libello,

1784 1108 1973 1160 melius
2006 1123 2139 1174 reor_
2179 1109 2221 1161 si
2247 1122 2348 1174 qua
2384 1106 2470 1160 hic
2497 1105 2723 1160 fortasse
2746 1105 2941 1159 omissa
2971 1107 3231 1170 videntur,
3267 1108 3337 1160 ibi

1785 1197 1988 1271 plenius
2014 1198 2187 1250 divina
2217 1198 2510 1264 opitulante
2538 1195 2702 1264 gratia
2746 1196 3039 1265 explicare;
3073 1204 3130 1249 nt
3168 1199 3218 1249 in
3252 1198 3342 1249 illo

1783 1301 1840 1341 se
1883 1302 2092 1356 quoque
2131 1287 2287 1340 Arius
2325 1293 2630 1354 superatum
2677 1295 2945 1353 agnoscat.
2989 1284 3343 1350 Quamobrem

1781 1377 2020 1443 dignare,
2052 1377 2248 1446 optime
2290 1375 2501 1443 Probe,
2549 1375 2787 1429 ultimam
2826 1375 2892 1429 de
2933 1375 3159 1444 cognitis
3203 1374 3342 1429 ferre

1780 1469 2116 1522 sententiam.

1852 1559 2047 1613 Probus
2062 1561 2227 1630 judex
2256 1559 2380 1612 dixit
2403 1574 2422 1611 :
2445 1558 2498 1612 Si
2533 1567 2650 1627 post
2673 1558 3070 1614 innumerabilia
3104 1559 3340 1613 testimo-

1785 1653 1868 1704 nia
1901 1651 2103 1705 caelesti
2137 1650 2440 1719 magisterio
2468 1651 2825 1720 promulgata,
2875 1652 3001 1705 Ario
3026 1651 3218 1719 aliquid
3252 1665 3341 1706 re-

123 1749 341 1814 dlabolo,
367 1759 424 1805 et
442 1750 559 1819 ejus
581 1751 632 1802 in
655 1750 903 1820 abyssum
926 1750 1135 1819 mittere
1156 1750 1420 1820 legiones;
1444 1753 1666 1808 esuriem

1781 1745 2039 1797 mansisse
2050 1742 2270 1805 videtur,
2288 1755 2586 1811 proponere
2597 1755 2701 1794 non
2717 1747 2984 1809 gravetur.
3011 1741 3341 1809 Quanquam,

123 1839 390 1902 sustinere,
423 1846 480 1893 et
505 1839 670 1910 multa
693 1839 964 1894 hominum
988 1840 1146 1913 millia
1180 1849 1452 1908 saturare;
1483 1857 1676 1912 aquam

124 1929 276 1996 sitire,
305 1932 580 2005 etﬁuenta
605 1933 840 1988 Iaticisin
867 1933 971 1989 vini
993 1942 1236 2006 naturam
1259 1943 1495 2005 mutare;
1520 1936 1676 1991 unius

124 2025 358 2074 momenti
395 2022 462 2075 ad
493 2022 933 2093 exstinguendam
983 2021 1124 2097 sitim
1150 2061 1165 2086 ,
1216 2023 1442 2092 putealia
1488 2024 1674 2092 pocula
1722 2075 1730 2080 .

125 2125 345 2177 poscere,
375 2123 431 2168 et
463 2112 652 2168 undosi
681 2114 854 2169 amnis
881 2127 1147 2182 perennes
1169 2123 1377 2168 meatus
1406 2113 1670 2184 tribuere;

126 2211 224 2256 rate
241 2217 451 2272 arquora
476 2203 859 2270 transmittere,
886 2210 942 2257 et
969 2202 1153 2274 eadem
1183 2203 1392 2256 incessu
1416 2203 1669 2270 mirabili,

124 2289 246 2342 sicco
275 2293 497 2371 vestigio
517 2301 718 2356 terere;
744 2293 988 2362 ignorare
1009 2284 1173 2366 diem,
1199 2303 1247 2346 et
1271 2291 1479 2347 Patrem
1501 2293 1668 2359 scire;

129 2380 241 2432 duas
267 2383 564 2448 petentibus
600 2383 755 2436 sedes
783 2397 885 2436 non
915 2382 1232 2445 concedere,
1255 2388 1309 2435 et
1328 2391 1516 2454 sponte
1536 2383 1670 2452 duo.

127 2470 273 2523 decim
301 2472 454 2526 simul
497 2473 809 2540 promittere
838 2472 1083 2537 thronos;
1117 2481 1342 2527 mortem
1375 2473 1525 2546 187
1558 2473 1665 2531 fore

129 2561 320 2626 midare,
351 2569 408 2615 et
436 2561 598 2615 murti
626 2562 880 2626 illudere;
913 2561 1030 2630 capi
1081 2561 1297 2626 timere,
1328 2572 1382 2617 et
1429 2565 1670 2633 captivos

130 2651 371 2714 reducere,
405 2661 626 2721 totaque
649 2652 839 2706 inferni
863 2656 982 2720 jura
1007 2655 1214 2720 penitus
1234 2653 1553 2727 compilare;
1577 2655 1668 2710 de-

130 2741 320 2794 solatam
346 2757 402 2795 se
423 2742 702 2812 conqueri,
728 2751 781 2797 et
804 2757 925 2796 mox
952 2743 1215 2797 latronem
1246 2743 1664 2818 patriarcharum

129 2833 365 2884 consmlio
403 2832 703 2895 asciscere;
734 2834 910 2886 omnia
943 2847 1010 2887 ex
1038 2833 1207 2895 nihilo
1233 2832 1568 2898 condidisse,
1611 2845 1668 2891 et

132 2934 284 2972 eorum
305 2930 616 2986 potestatem
654 2921 977 2990 triumphata
1008 2932 1177 2981 morte
1202 2923 1467 2992 accipere.
1505 2923 1664 2996 Vides

133 3023 249 3076 ergo,
280 3023 606 3080 cognitorum
625 3013 823 3080 optime
850 3013 1040 3077 Probe.
1067 3013 1120 3067 itt
1146 3014 1244 3069 hac
1269 3003 1664 3085 dispensatione

1781 1847 1834 1888 ut
1887 1849 2031 1897 reor,
2064 1831 2194 1887 nihil
2239 1832 2318 1886 illi
2360 1831 2725 1901 responsionis
2761 1833 3106 1895 remanserit;
3153 1830 3341 1899 quibus

1777 1926 2022 1995 videlicet
2048 1922 2488 1992 responsionibus
2519 1922 2686 1990 possit
2725 1921 3066 1975 Athanasium
3094 1919 3159 1971 dc
3183 1916 3338 1970 unius

1778 2015 2122 2091 substantias,
2160 2014 2211 2068 id
2241 2023 2341 2078 est,
2393 2010 2653 2067 homeusii
2681 2012 2885 2066 ratione
2906 2008 3193 2077 depellere.
3234 2007 3342 2063 Sed

1774 2121 1843 2162 ne
1859 2105 2194 2177 postmodum
2214 2105 2279 2158 de
2300 2104 2473 2172 aliqua
2486 2093 2830 2175 Oppressione
2846 2106 3094 2156 causetur
3108 2113 3140 2153 a
3161 2099 3336 2160 nobis.

1772 2197 1945 2256 nullus
1969 2195 2035 2250 ad
2065 2194 2489 2264 respondendum
2521 2195 2669 2256 locus
2696 2194 2747 2250 ei
2774 2193 3058 2248 adimatur.

1843 2286 1994 2352 Arius
2021 2288 2150 2341 dixit
2178 2304 2196 2338 :
2225 2288 2365 2340 Nulli
2389 2287 2606 2342 dubium
2633 2293 2717 2342 est
2742 2283 2882 2353 quod
2900 2268 3117 2355 magicis
3134 2280 3339 2336 artibus

1776 2377 2105 2442 Athanasius
2132 2392 2236 2430 non
2259 2377 2466 2440 desinat
2495 2360 2726 2454 judicum
2756 2383 3057 2443 pervertere
3087 2385 3334 2434 sensum;

1773 2477 1833 2524 ut
1861 2477 2020 2524 recte
2051 2468 2173 2523 ﬁdei
2203 2469 2465 2522 tramitem
2506 2481 2630 2536 erga
2663 2480 2756 2520 eos
2780 2466 2868 2533 qui
2892 2479 3007 2518 eam
3034 2462 3335 2532 religiosius

1774 2569 2048 2626 sectantur
2077 2568 2130 2614 et
2177 2559 2389 2624 colunt,
2434 2567 2617 2611 tenere
2649 2569 2752 2610 non
2781 2553 3100 2622 possint.-Et
3140 2553 3337 2606 idcirco

1765 2632 1992 2720 quodin
2028 2649 2279 2716 examine
2323 2649 2395 2712 tui
2417 2646 2665 2703 culminis
2702 2645 2968 2713 explicare
3010 2657 3115 2696 non
3143 2641 3332 2706 valeo,

1772 2742 2023 2813 principis
2044 2742 2246 2811 judicio
2273 2739 2556 2795 reservabo
2573 2777 2589 2804 ,
2613 2737 2698 2792 ubi
2728 2735 2963 2806 veritatis
2987 2733 3176 2802 indago
3199 2747 3335 2802 prte-

1767 2837 1954 2907 pollet,
2001 2845 2058 2891 et
2082 2836 2315 2904 magicas
2351 2841 2492 2888 artes
2521 2830 2589 2884 ob
2616 2843 2756 2884 vera:
2788 2828 2908 2881 fidei
2940 2824 3334 2880 observantiam

1768 2928 2064 2994 praevalere
2094 2939 2197 2979 non
2227 2936 2383 2992 posse
2417 2921 2574 2991 188
2601 2917 2921 2986 credendum
2951 2924 3052 2969 est.

1836 3017 2143 3080 Athanasius
2189 3015 2372 3068 dixit:
2413 3013 2512 3080 Qui
2556 3012 2666 3064 suis
2709 3005 3091 3062 assertionibus
3119 3004 3328 3057 adesse

119 3099 274 3154 tcarnis
299 3113 611 3172 assumptus,
665 3104 931 3159 divinitati
969 3104 1098 3158 nihil
1127 3102 1294 3159 fuisse
1324 3105 1533 3173 penitus
1567 3107 1660 3162 de-
1682 3119 1731 3180 α
1764 3123 1869 3163 non
1918 3116 2170 3175 possunt,
2201 3104 2524 3173 quibuslibet
2559 3098 2842 3154 fallacibus
2881 3093 3203 3164 argumentis
3244 3093 3328 3145 vel

134 3202 364 3260 rogatum'
398 3197 523 3251 dum
556 3197 644 3250 ubi
692 3185 916 3264 corpore
945 3194 1256 3250 humilitatis
1297 3196 1547 3266 impletur
1570 3197 1655 3252 of-

133 3280 302 3347 ﬁcium,
332 3285 400 3339 ibi
443 3286 746 3339 divinarum
777 3294 1059 3338 coruscant
1092 3285 1343 3340 miracula
1377 3287 1650 3341 virtutum.

137 3370 248 3439 Ergo
289 3377 497 3455 :eqnalis
528 3385 612 3430 est
643 3376 782 3430 Patri
822 3377 969 3444 juxta
1018 3376 1068 3430 id
1099 3377 1235 3445 quod
1267 3377 1406 3432 Deus
1434 3387 1552 3445 est,
1603 3389 1657 3435 et

136 3464 274 3517 minor
301 3477 375 3521 est
405 3467 561 3523 Patre
584 3470 733 3537 juxta
761 3469 810 3522 id
842 3469 980 3537 quod
1009 3468 1170 3523 homo
1202 3469 1362 3524 factus
1384 3479 1485 3526 est.

193 3553 242 3610 L.
274 3556 386 3613 liae
413 3559 615 3614 idcirco
651 3574 749 3628 ego
777 3561 1007 3613 breviter
1028 3561 1078 3612 in
1107 3574 1268 3613 unum
1296 3562 1658 3636 responsionis

1761 3197 2186 3253 cavillationibus
2211 3195 2605 3249 excusationem
2636 3189 2736 3244 sibi
2759 3187 2998 3241 invenire
3041 3200 3147 3237 non
3182 3181 3326 3236 desi-

1763 3298 1912 3353 nunt,
1945 3290 2082 3342 sicut
2105 3301 2243 3341 nunc
2273 3285 2323 3339 id
2349 3285 2522 3341 facere
2548 3281 2734 3335 Arium
2759 3278 2969 3347 plenius
2999 3285 3173 3328 vestra
3204 3287 3326 3336 per-

1763 3379 1921 3449 Spicit
1949 3378 2278 3448 magnitudo.
2312 3375 2436 3430 Mihi
2469 3387 2598 3428 vero
2623 3371 2688 3424 ad
2715 3369 2893 3424 omnia
2921 3380 3038 3435 qua:
3075 3366 3139 3417 ab
3178 3377 3242 3416 eo
3276 3361 3330 3414 in

1764 3472 1923 3526 vestri
1948 3469 2192 3524 culminis
2211 3465 2492 3536 praesentia
2514 3461 2783 3532 proposita
2803 3468 2944 3524 sunt,
2970 3469 3146 3510 veram
3172 3452 3328 3506 ﬁdem

1764 3559 2053 3614 vindicanti
2095 3557 2432 3624 respondisse
2462 3553 2706 3608 sufficiat.
2790 3588 2799 3597 .

3235 3695 3316 3712 ..σι

2197 3700 3231 3726 ___________________.___.

1999 3719 2191 3728 ..__——

1055 3857 1514 3966 LIBER
1563 3947 1567 3954 .
1608 3846 2349 3982 TERTIUS.

805 4075 1169 4159 PROB-I
1271 4040 1768 4157 JUDiCIS
1869 4071 2640 4154 SENTENTIA..-

189 4267 224 4321 l.
267 4268 446 4322 Probus
468 4273 636 4341 judex
665 4267 789 4320 dixit
822 4281 839 4320 :
879 4267 1073 4319 Amore
1126 4263 1360 4315 veritatis
1406 4269 1459 4314 et
1499 4259 1651 4322 ﬁdei,

140 4358 249 4413 inter
272 4371 544 4415 sect-stores
565 4358 882 4414 Christianze
916 4355 1208 4425 religionis,
1240 4352 1292 4406 id
1314 4360 1395 4405 est
1420 4350 1654 4403 Athana-

140 4451 275 4514 sium,
299 4452 600 4517 Sabellium,
648 4451 828 4503 Arium
859 4455 912 4499 et
944 4442 1223 4499 Photinum
1244 4482 1260 4506 ,
1301 4442 1497 4496 arbiter
1517 4438 1650 4492 sedi.

1835 4255 1896 4309 ll.
1929 4254 2058 4307 Cum
2087 4253 2244 4320 igitur
2273 4247 2507 4303 Sabellio
2535 4244 2797 4314 primum,
2825 4234 3126 4308 disputandi
3160 4239 3324 4296 licet].

1763 4345 1886 4406 tiam
1923 4339 2313 4396 consultatione
2344 4337 2516 4404 potius
2543 4346 2704 4401 quam
2752 4327 3068 4382 auctoritate
3113 4327 3326 4384 tribuis-

1759 4453 1868 4494 sem
1887 4477 1903 4501 ,
1957 4437 2115 4490 talem
2143 4434 2211 4488 de
2247 4432 2356 4485 Deo
2384 4427 2508 4482 ﬁdei
2536 4423 2853 4480 sententiam
2882 4419 3135 4491 protulit,
3185 4422 3323 4489 quod

139 4538 212 4604 Qui
235 4510 462 4610 quoniam
492 4510 814 4594 diversitate
856 4535 1158 4604 dogmatum
1190 4542 1242 4587 et
1270 4531 1652 4586 sententiarum
1682 4561 1734 4620 Β
1760 4529 1954 4619 diceret
1984 4527 2194 4620 Putrem
2228 4526 2300 4620 ita
2322 4519 2620 4620 solitarium
2650 4511 3050 4620 ctﬁsingul-aretn
3078 4510 3324 4620 sitie-

139 4629 380 4696 varietate,
410 4630 569 4700 longo
598 4625 921 4680 discriminis
952 4624 1230 4678 intervallo
1262 4636 1291 4675 a
1320 4637 1378 4674 se
1423 4619 1650 4690 invicem

140 4716 439 4786 dirimuntur,
497 4719 790 4775 studiosius
838 4716 1116 4786 explorare
1159 4713 1336 4768 curavi
1378 4713 1653 4779 cujusnam

142 4819 291 4862 eorum
333 4811 454 4866 ﬁdes
485 4813 625 4867 veris
667 4808 1051 4864 assertionibus
1100 4805 1461 4883 insigniretur.
1505 4799 1653 4866 Quod

143 4909 186 4950 ut
210 4901 385 4956 facilius
422 4916 744 4972 cognoscere
775 4915 1016 4969 possem,
1057 4898 1358 4966 singillatim
1387 4910 1480 4950 eos
1533 4894 1653 4945 ﬁdei

144 5000 228 5040 sua:
254 4988 340 5043 feci
380 4992 615 5058 proferre
640 4983 951 5054 sententias,
976 4989 1294 5055 easdemque
1321 4984 1652 5040 documentis

147 5080 454 5143 probabilibus
499 5084 755 5139 roborare
785 5096 900 5135 mea
952 5080 1360 5135 interlocutione
1388 5077 1651 5146 ﬂagitavi;

146 5169 429 5229 ebviautibus
456 5175 552 5229 sibi
580 5174 786 5229 scilicet
818 5182 871 5227 et
904 5171 1269 5226 refellentibus
1305 5171 1386 5223 his
1406 5171 1493 5238 qui
1528 5183 1655 5221 cun-

149 5264 440 5333 travenirent,
466 5273 520 5319 ut
547 5268 664 5320 aliis
686 5263 1112 5327 defendentibus,
1134 5262 1250 5316 aliis
1271 5254 1651 5322 obnitentibus,

151 5345 434 5407 lucidissima
465 5357 700 5411 veritatis
740 5353 936 5424 agnitio
978 5354 1317 5422 panderetur.
1359 5350 1510 5418 Quod
1563 5364 1654 5404 eos

153 5435 206 5488 ita
241 5438 405 5497 fecisse
433 5445 663 5515 ipsarum
697 5444 1125 5516 prosecutionum
1176 5443 1405 5497 lectione
1438 5441 1655 5495 demon-

154 5538 325 5589 Sii‘litll'.

1760 4615 2015 4674 exs’tantis
2043 4615 2186 4679 Filii,
2209 4612 2292 4665 vel
2321 4609 2548 4679 Spiritus
2569 4605 2736 4659 sancti
2765 4615 2991 4672 persona
3014 4598 3326 4662 subsistere,

1760 4719 1814 4764 ut
1845 4710 1960 4780 ipse
1988 4705 2159 4775 magis
2182 4703 2301 4756 Filii
2325 4710 2485 4768 atque
2512 4686 2737 4764 Spiritus
2762 4692 2976 4744 nomine
2998 4697 3278 4780 censeatur
3308 4703 3320 4738 :

1761 4799 2068 4854 trinomium
2123 4806 2369 4849 asserens
2411 4790 2578 4844 Deum
2602 4827 2616 4849 ,
2648 4784 2697 4837 id
2748 4784 2834 4837 est"
2862 4791 3106 4848 tanquam
3147 4779 3190 4830 si
3221 4790 3322 4829 una

1760 4870 1965 4960 species
2012 4887 2090 4941 vel
2125 4897 2349 4955 persona
2403 4878 2570 4934 tribus
2613 4872 2987 4928 vocabulorum
3022 4867 3322 4922 nominibus

1761 4959 2112 5048 nuncupctur,
2140 4992 2243 5031 non
2273 4971 2612 5028 distinctione
2639 4964 2872 5036 generis,
2904 4961 2996 5016 sed
3023 4959 3180 5016 ofﬁcii
3210 4972 3321 5028 per-

1762 5062 2051 5128 mutatione
2071 5114 2085 5135 ,
2119 5079 2177 5123 ut
2204 5068 2380 5128 Pater,
2413 5078 2516 5117 non
2545 5061 2662 5129 quia
2693 5058 2892 5127 genuit.
2924 5055 3015 5109 sed
3047 5052 3164 5121 quia
3191 5064 3318 5103 cono

1759 5166 1890 5219 didit
1923 5163 2184 5216 habeatur
2212 5177 2224 5214 :
2264 5159 2508 5225 idemque
2541 5154 2696 5223 189
2731 5151 2843 5217 ipse
2888 5149 2969 5235 de
2989 5143 3189 5216 paterni
3218 5141 3316 5195 ho-

1760 5254 1905 5308 noris
1959 5251 2217 5321 dignitate
2262 5245 2516 5303 decidens
2555 5258 2648 5312 per
2684 5240 2922 5308 qumdam
2967 5245 3166 5289 natura!
3191 5246 3321 5299 attg-

1759 5347 1958 5410 menta,
1999 5353 2090 5398 aut
2140 5341 2314 5411 potius
2358 5335 2672 5393 detrimenta
2698 5373 2712 5393 ,
2766 5331 2818 5385 in
2859 5329 2973 5384 Filii
3013 5324 3222 5381 neruine
3251 5338 3315 5375 ex

1760 5436 1985 5504 virginei
2033 5443 2181 5488 ortus
2220 5431 2498 5485 nativitate
2531 5425 2820 5482 transierit.
2855 5421 2954 5475 Sed
2988 5419 3098 5471 lucc
3142 5417 3317 5482 inepta

1763 5543 1900 5593 esse,
1922 5536 1976 5580 ct
2003 5525 2180 5596 impia,
2204 5524 2453 5592 omnique
2477 5519 2597 5575 ﬁdei
2616 5517 2834 5573 veritate
2855 5509 3105 5575 carentia,
3131 5521 3316 5564 eorum
