3856 6222
468 301 564 357 23f

1751 290 1971 345 VleLll
2015 293 2380 351 TAPSENSIS

3599 307 3712 363 239.

470 415 560 480 qui
587 405 1058 464 contraveniebant
1101 404 1565 472 prosecutionibus
1610 405 2038 460 manifestissime
2065 409 2110 466 Α
2139 421 2250 462 sua
2280 409 2545 464 tramitem
2584 410 2786 478 pandit,
2816 423 2874 467 ut
2902 413 3130 481 Patrem,
3161 422 3217 470 et
3263 415 3476 481 Filium,
3505 427 3559 470 et
3585 417 3715 485 Spi-

471 502 681 556 claruit.
707 498 987 552 Ostensum
1010 508 1236 561 namque
1261 505 1342 547 est
1372 496 1550 548 multis
1575 503 1627 546 et
1649 492 1878 561 eopiosis
1898 493 2032 548 divi-

470 604 654 644 narum
681 587 961 641 lectionum
990 583 1370 650 probamentis,
1398 595 1450 637 et
1475 585 1704 649 Patrem,
1733 593 1788 636 et
1819 584 2030 650 Filium,

476 691 529 734 et
561 679 812 748 Spiritum
841 684 1101 740 sanctum,
1146 675 1258 729 suis
1284 676 1590 745 specialiter
1613 684 1666 727 et
1691 675 1918 743 propriis
1944 692 2036 730 es-

477 782 618 824 stare
639 768 879 838 personis
908 783 921 822 :
947 769 1106 822 alium
1130 782 1248 822 esse
1263 765 1747 834 genitorem,afium
1772 766 2030 835 genitum,

477 859 634 912 alium
664 858 824 925 geniti
857 866 1016 925 atque
1059 857 1275 926 ingeniti
1305 856 1560 922 Spiritum
1597 864 1870 918 sanctum;
1911 856 2036 911 licet

477 946 768 1000 secundum
825 946 1100 999 Athanasii
1156 944 1477 1014 probabilem
1535 943 1655 997 fidei
1705 945 1982 998 veritatem
2014 985 2031 1009 ,

472 1036 619 1090 aliud
661 1051 781 1091 esse
812 1051 915 1089 non
947 1037 1180 1105 possint,
1222 1049 1339 1087 cum
1376 1033 1511 1086 alius
1537 1043 1694 1102 atque
1729 1033 1864 1087 alitis
1890 1034 2036 1089 credi

475 1128 711 1196 possint,
756 1137 811 1181 et
854 1126 1093 1196 profecto
1122 1126 1245 1178 sint.
1291 1124 1423 1188 Quia
1466 1123 1738 1179 enimvero
1784 1136 2035 1180 extremae

474 1225 635 1283 atque
667 1214 941 1285 profunda:
963 1214 1198 1267 stultitia:
1221 1227 1387 1282 genus
1415 1222 1496 1266 est
1524 1213 1732 1268 Patrem
1761 1213 2036 1268 nominare

477 1318 600 1357 eum
645 1305 733 1374 qui
791 1319 893 1359 non
933 1303 1148 1371 genuit,
1188 1311 1242 1355 et
1287 1301 1476 1355 Filium
1525 1304 1747 1358 credere
1782 1319 1908 1358 eum
1947 1303 2035 1372 qui

476 1394 687 1462 genitus
716 1408 819 1446 non
841 1394 940 1456 sit;
964 1407 1059 1444 seu
1086 1407 1182 1459 per
1203 1391 1374 1445 inania
1407 1399 1460 1445 et
1484 1391 1640 1446 rebus
1667 1407 1831 1446 vacua
1879 1392 2040 1447 falso-

478 1498 594 1536 rum
645 1483 917 1535 nominum
970 1490 1269 1534 commenta
1302 1520 1317 1544 ,
1374 1481 1723 1534 humanarum
1777 1482 2033 1540 mentium

474 1587 663 1628 sensus
689 1587 941 1632 attocare,
973 1582 1027 1625 et
1058 1570 1275 1624 ludicris
1316 1572 1698 1626 sententiarum
1724 1571 2035 1642 objectiuni-

446 1665 572 1718 «bus
604 1643 726 1718 fidei
755 1663 1071 1718 Christiana:
1093 1663 1334 1717 illudere.
1501 1664 1505 1668 ’

2135 499 2295 552 ritum
2319 511 2577 564 sanctum,
2604 502 2757 556 unius
2781 507 3049 569 essentize,
3075 506 3339 576 uniusque
3362 507 3565 560 diceret
3588 523 3716 564 esse

2137 599 2359 643 natura.
2415 591 2456 644 E
2482 601 2667 644 contra
2710 608 2836 646 vero
2883 595 3040 648 Arius
3073 597 3356 662 referebat,
3399 597 3454 650 in
3504 606 3716 651 tantum

2136 682 2293 732 ttnius
2321 694 2412 733 eos
2440 697 2540 733 non
2565 696 2686 735 esse
2707 683 3038 751 substantia},
3068 696 3124 740 ut
3149 687 3426 756 dignitate,
3453 691 3718 753 potentia,

2139 768 2362 834 honore,
2387 769 2595 824 Patrem
2619 771 2754 824 Filio
2777 774 2998 828 multum
3029 777 3330 841 excellere;
3366 778 3556 831 Filium
3584 793 3722 829 vero

2137 857 2270 911 intra
2302 858 2417 913 haec
2467 867 2523 913 et
2569 861 2721 929 longe
2749 862 2970 917 inferius
3004 858 3305 919 subsistere
3337 868 3561 921 diceret.
3603 865 3720 919 llo-

2138 947 2327 1000 mousii
2366 963 2577 1017 quoque
2609 952 2925 1007 vocabulum
2970 963 3218 1023 tanquam
3251 959 3619 1025 peregrinum,
3666 965 3723 1009 et

2135 1051 2165 1090 a
2201 1037 2492 1106 Scripturis
2509 1039 2703 1094 divinis
2727 1042 2994 1108 alienum;
3022 1059 3292 1114 nuperque
3312 1045 3456 1115 apud
3481 1045 3720 1100 Niemam

2138 1138 2452 1196 argumento
2482 1130 2658 1197 potius
2689 1147 2845 1198 quam
2876 1137 3193 1188 auctoritate
3234 1145 3529 1203 repertum,
3563 1137 3722 1204 peni-

2138 1224 2224 1271 tus
2267 1215 2650 1285 repudiandum
2690 1221 2888 1286 aiebat,
2921 1234 3011 1275 aut
3040 1234 3186 1278 certe
3214 1224 3414 1278 divinis
3443 1226 3721 1280 contineri

2140 1307 2332 1361 litteris
2370 1307 2585 1362 sibimet
2633 1309 2989 1365 demonstrari
3035 1314 3304 1379 poscebat.
3337 1314 3592 1384 Alioquin
3627 1331 3727 1369 uo-

2140 1398 2297 1452 ntinis
2328 1399 2494 1468 ipsius
2521 1401 2677 1454 simul
2707 1399 3002 1455 faciendam
3029 1418 3148 1456 esse
3167 1404 3430 1471 iaeturam
3480 1406 3725 1460 obnixis-

2139 1486 2275 1540 sime
2302 1489 2603 1555 perorabat.
2645 1489 2750 1544 Sed
2782 1489 3102 1545 Athanasius
3144 1500 3319 1544 utrum
3349 1494 3585 1546 nominis
3620 1509 3721 1548 no-

2139 1577 2323 1641 vitate,
2350 1593 2418 1630 an
2448 1579 2592 1632 verbi
2614 1580 2811 1634 virtute
2849 1579 3211 1634 offenderetur
3230 1579 3355 1634 dum
3394 1583 3722 1650 inquireret,

2141 1676 2426 1735 utrumque
2477 1666 2576 1720 sibi
2629 1667 2789 1722 Arius
2837 1668 3123 1736 diSplicere
3167 1669 3462 1738 respondit.
3509 1671 3590 1724 Ex
3618 1687 3725 1740 quo

543 1753 632 1807 ΙΙΙ.
673 1753 953 1822 Postquam
981 1767 1108 1820 ergo
1124 1753 1275 1806 istius
1299 1755 1495 1807 erroris
1521 1756 1786 1824 prmstigia
1819 1757 2030 1826 prodita
2060 1757 2109 1817 Β
2134 1759 2407 1826 apparuit,
2460 1773 2580 1812 eum
2633 1774 2736 1812 non
2811 1761 2880 1814 ob
2925 1761 3024 1814 hoc
3077 1761 3389 1816 homonsion
3446 1765 3726 1832 suscipere

475 1855 714 1913 patuere,
745 1853 800 1896 et
848 1842 1128 1896 Photinum
1180 1841 1298 1894 fidei
1353 1858 1482 1906 suae,
1534 1845 1576 1897 si
1602 1846 1820 1907 valeret,
1850 1847 2040 1901 adt-sse

475 1947 590 1987 mea
623 1931 1028 1984 interlocutione
1060 1932 1301 1999 prmcepi.
1335 1932 1435 1995 Qui
1468 1934 1518 1984 in
1565 1933 1679 1997 ipso
1711 1938 2040 2000 prosecutio-

476 2020 557 2074 nis
583 2035 691 2072 sua:
711 2019 932 2072 exordio
963 2020 1238 2071 Dominum
1291 2029 1530 2072 nostrum
1559 2019 1738 2074 Jesum
1772 2013 2037 2076 Christum

475 2119 669 2170 purum
697 2103 985 2165 hominem.
1018 2111 1074 2154 et
1100 2101 1252 2156 Verbi
1290 2102 1568 2156 divinitate
1610 2118 1832 2158 vacuum
1875 2104 2040 2160 fuisse

475 2191 737 2257 asseruit;
766 2195 820 2246 et
844 2205 911 2244 eo
940 2205 1107 2258 usque
1139 2205 1234 2258 per
1273 2192 1529 2258 quosdam
1572 2191 1740 2246 beata:
1768 2196 1890 2247 vitze
1919 2207 2042 2263 pro-

477 2281 645 2335 fectus
675 2267 930 2335 illustrius
957 2280 1268 2346 eminuisse,
1297 2289 1354 2333 ut
1389 2284 1441 2333 in
1485 2281 1575 2334 Dei
1606 2295 1667 2335 ac
1698 2282 1908 2345 Domini
1950 2299 2043 2352 ap-

477 2370 814 2438 pellationem
857 2368 978 2437 iure
1023 2368 1315 2431 transiret;
1349 2383 1456 2422 non
1506 2371 1732 2424 naturali
1771 2357 2043 2439 dignitatis

479 2458 775 2527 privilegio,
807 2458 902 2513 sed
932 2457 1222 2512 accidentis
1253 2450 1433 2526 proba:
1459 2473 1524 2512 ac
1567 2460 1894 2527 dignissima:
1933 2476 2046 2514 me-

485 2549 589 2602 rito
617 2547 838 2601 actionis
862 2565 876 2600 :
915 2547 1133 2612 impium
1164 2561 1280 2601 esse
1304 2549 1489 2602 dicens
1521 2560 1760 2602 naturam
1788 2550 2041 2603 divinita-

488 2638 556 2691 tis
598 2635 650 2690 in
699 2651 765 2690 eo
818 2639 1088 2704 accipere,
1117 2639 1204 2705 qui
1234 2649 1290 2690 et
1325 2639 1546 2692 materni
1589 2640 1721 2692 uteri
1751 2641 2046 2708 gestamine

484 2717 690 2792 vectus,
721 2726 983 2778 solemnes
1016 2725 1224 2780 feminei
1266 2729 1482 2795 pudoris
1515 2729 1848 2785 conditiones
1870 2741 2044 2784 trans-

483 2815 637 2878 ierit;
684 2824 738 2868 et
783 2829 947 2868 cunas
986 2816 1291 2882 vagitnsqne
1325 2829 1602 2886 expertus,
1633 2821 1806 2875 aetatis
1832 2837 2046 2891 quoque

480 2905 716 2958 sortierit
743 2905 1071 2958 incrementa
1103 2923 1118 2958 :
1146 2915 1200 2958 et
1225 2907 1275 2959 in
1297 2915 1498 2962 tantum
1522 2919 1721 2962 nostra:
1741 2911 2046 2980 fragilitatis

480 2996 779 3048 communia
827 3009 929 3046 non
959 2996 1211 3060 evaserit,
1242 3004 1300 3049 ut
1348 3007 1402 3050 et
1449 3000 1700 3052 es.trierit
1730 3009 1785 3054 et
1827 3002 2043 3065 sitierit,

483 3085 823 3155 ignoraverit,
880 3093 1113 3139 tentatus
1140 3087 1227 3150 sit,
1270 3087 1402 3141 muri
1434 3090 1690 3156 timuerit,
1730 3101 1783 3146 et
1812 3103 2051 3148 mortuus
2077 3095 2122 3158 C
2154 3112 2260 3162 ευίι
2286 3085 2444 3179 igitur
2472 3113 2538 3167 ad
2566 3114 3033 3174 demonstrandam

481 3175 568 3229 sit.
597 3173 690 3228 Illa
723 3190 848 3228 vero
872 3189 991 3242 qua:
1017 3175 1070 3227 in
1093 3176 1206 3243 ejus
1225 3179 1394 3245 gestis
1410 3180 1690 3236 miraculis
1735 3184 1889 3251 plena
1920 3200 2043 3238 nar-

481 3273 683 3329 rantur,
717 3277 821 3315 non
852 3272 908 3316 ut
932 3262 1070 3316 Deus
1099 3264 1258 3333 (quod
1291 3281 1392 3319 non
1424 3267 1561 3337 erat)
1587 3271 1781 3338 egisse,
1811 3272 1903 3326 sed
1928 3288 2043 3326 mu-

485 3367 615 3405 nere
666 3353 1470 3421 patrocinantium.meritorum
1524 3359 1774 3415 divinitus
1821 3365 2046 3417 asseruit

474 3442 811 3509 impetrasse.
841 3443 947 3497 Sed
974 3444 1087 3496 haec
1115 3445 1274 3498 etiam
1303 3447 1574 3514 probrosa
1604 3450 1922 3506 infidelitatis
1949 3453 2046 3507 do-

483 3532 672 3594 ctrina,
705 3533 1001 3584 numerosis
1035 3544 1090 3586 et
1115 3533 1492 3600 multiplicibus
1521 3536 1853 3594 documentis
1885 3542 2047 3609 impia

485 3627 606 3668 esse
633 3624 686 3668 et
712 3615 883 3668 inanis
918 3616 1072 3686 190
1097 3620 1368 3685 apparuit;
1393 3629 1447 3673 et
1480 3621 1642 3675 Deum
1673 3641 1884 3696 quoque
1904 3643 2047 3694 esse,

486 3721 642 3773 quem
675 3708 763 3761 ille
786 3708 954 3761 solum
992 3709 1258 3764 hominem
1290 3715 1664 3778 contendebat,
1697 3731 1760 3769 ex
1795 3719 1882 3770 illo
1913 3733 2049 3786 prte-

486 3797 639 3864 cipue
683 3798 870 3850 claruit
920 3802 1222 3853 testimonio
1267 3805 1404 3870 quod
1452 3805 1682 3860 Joannes
1728 3809 2048 3876 evangelista

486 3895 707 3939 testatus
736 3896 837 3948 est,
887 3887 1105 3943 dicens:
1152 3889 1218 3943 In
1272 3896 1524 3962 principio
1566 3905 1674 3949 erat
1718 3895 1959 3962 Verbum,
2001 3909 2050 3953 et

491 3973 706 4028 Verbum
743 3987 849 4029 erat
884 3981 1020 4048 apud
1068 3980 1251 4047 Deum,
1277 3992 1324 4034 et
1355 3982 1492 4036 Deus
1532 3996 1637 4037 erat
1675 3984 1907 4041 Verbum.
1939 3987 2049 4041 Hoc

481 4075 588 4118 erat
613 4067 666 4119 in
694 4068 940 4138 principio
970 4071 1106 4139 apud
1150 4071 1325 4124 Deum.
1379 4075 1562 4127 Omnia
1602 4092 1690 4143 per
1719 4078 1885 4144 ipsum
1910 4079 2048 4148 facta

481 4167 616 4222 sunt,
646 4167 693 4210 et
738 4159 844 4211 sine
873 4162 981 4225 ipso
1012 4160 1203 4228 factum
1247 4173 1320 4216 est
1368 4164 1496 4217 nihil
1523 4166 1698 4233 (Joan.
1745 4184 1788 4231 t,
1819 4169 1906 4236 l);
1956 4185 2048 4238 per

481 4247 619 4316 quod
646 4261 752 4300 non
789 4249 959 4302 solum
985 4260 1108 4313 ante
1133 4252 1321 4304 sarcula
1363 4254 1524 4308 Deum
1555 4257 1692 4324 apud
1727 4257 1919 4325 Deum,
1948 4274 2046 4314 ve-

482 4353 599 4392 rum
649 4339 808 4393 etiam
852 4341 1012 4394 totius
1039 4343 1324 4398 creationis
1352 4346 1617 4401 exstitisse
1645 4360 1914 4404 auctorem
1952 4352 2045 4406 de-

485 4429 738 4483 claratum
758 4439 859 4484 est.
880 4429 1034 4485 Plura
1056 4433 1212 4487 etiam
1235 4446 1287 4489 et
1311 4437 1409 4490 alia
1441 4439 1524 4493 his
1546 4440 1755 4505 similia,
1770 4445 1903 4498 sicut
1927 4461 2046 4513 pro-
2076 4444 2125 4502 D
2152 4429 2341 4520 fama;

483 4521 811 4575 secutionum
838 4538 1061 4592 corpore
1083 4535 1308 4592 tenetur,
1338 4540 1391 4582 et
1418 4543 1647 4598 presunt
1665 4535 1868 4601 prolata
1895 4539 2044 4592 testi-

485 4609 658 4662 monia
678 4627 692 4668 ;
715 4611 904 4680 quibus
932 4613 1159 4668 dilucide
1181 4621 1439 4684 apparuit,
1474 4621 1572 4676 hoc
1595 4622 1822 4677 Verbum
1850 4627 2038 4690 Deum,

482 4702 549 4754 de
577 4700 744 4755 Patris
774 4713 925 4756 ntero
959 4712 1082 4757 ante
1104 4706 1294 4759 saecula
1319 4709 1575 4776 genitum,
1609 4720 1662 4766 et
1688 4713 1738 4766 in
1771 4715 1876 4770 fine
1907 4725 2041 4771 tem-

480 4807 666 4860 porum
694 4795 762 4849 ob
786 4808 1023 4851 amorem
1074 4798 1344 4854 hominum
1393 4803 1560 4856 nostri
1603 4809 1812 4875 generis
1859 4824 2040 4866 susce-

481 4883 620 4950 pisse
643 4896 910 4950 naturain;
941 4888 991 4940 in
1017 4904 1142 4956 qua,
1162 4893 1306 4942 salva
1330 4891 1410 4945 sui
1436 4896 1706 4958 natura,in
1737 4914 1835 4951 una
1862 4910 2036 4956 tamen

481 4974 768 5043 eademque
792 4991 1013 5038 persona
1042 4993 1228 5034 omnes
1257 4981 1500 5038 humana:
1532 4985 1827 5056 fragilitatis
1855 4993 2034 5048 subie-

481 5065 548 5116 rit
572 5065 862 5132 passiones.

549 5151 637 5205 IV.
681 5151 905 5207 Exeluso
945 5157 1120 5227 itaque
1150 5159 1309 5214 etiam
1350 5162 1594 5232 Photino,
1622 5155 1673 5222 et
1699 5169 1811 5238 ejus
1848 5186 2031 5229 errore

479 5245 610 5297 meis
639 5246 969 5302 interfatibus
996 5251 1256 5318 abdicato,
1309 5256 1516 5324 pondus
1543 5275 1698 5316 omne
1736 5265 1946 5332 negotii,
1981 5276 2032 5320 et

480 5343 585 5388 tota
617 5336 734 5389 fidei
765 5353 964 5393 summa
996 5357 1059 5396 es
1089 5343 1197 5398 Arii
1235 5354 1393 5416 atque
1428 5350 1701 5410 Athanasii
1731 5357 2032 5412 altercatio-

479 5425 560 5476 nis
607 5427 995 5486 conflictatione
1048 5436 1329 5502 pendebat.
1385 5438 1586 5506 Quibus
1637 5444 1759 5498 dum
1817 5447 2030 5503 ineundi

479 5517 780 5573 certaminis
806 5524 1006 5589 cepiam
1037 5529 1357 5600 tribuissem,
1383 5532 1415 5587 b
1439 5551 1520 5591 inc
1547 5536 1861 5598 Athanasius
1909 5542 2032 5601 fidei

2145 1850 2309 1912 nolle,
2339 1849 2460 1917 quia
2491 1862 2685 1903 novum
2717 1858 2853 1915 erat,
2877 1852 2969 1905 sed
2990 1853 3110 1920 quia
3143 1853 3262 1907 fidei
3290 1855 3407 1922 ejus
3443 1856 3726 1909 molimina

2141 1941 2470 1994 destruebat.
2505 1939 2609 1994 Sed
2643 1942 2768 1994 dum
2797 1942 2989 1996 iterum
3018 1958 3080 1997 ac
3118 1947 3310 2012 smpius
3339 1947 3723 2015 proprietatem

2141 2029 2382 2082 vocabuli
2417 2045 2548 2095 pure
2572 2039 2626 2083 et
2655 2032 2960 2098 specialiter
2987 2033 3038 2086 in
3060 2033 3348 2102 Scripturis
3377 2037 3535 2104 positi
3567 2037 3723 2105 ﬂagi-

2143 2127 2301 2183 taret,
2357 2120 2508 2189 191
2560 2120 2610 2174 id
2665 2122 2988 2177 Athanasius
3036 2125 3299 2193 allegabat
3344 2127 3725 2182 ecclesiasticae

2141 2211 2545 2264 consuetudinis
2572 2226 2715 2277 esse,
2742 2213 2956 2283 quando
2976 2216 3284 2284 apostolica:
3313 2217 3431 2271 fidei
3462 2219 3725 2272 terminos

2146 2299 2379 2354 insolens
2408 2311 2461 2355 et
2492 2304 2778 2357 temeraria
2807 2302 3075 2359 btereticaa
3106 2305 3305 2361 fraudis
3334 2307 3557 2362 audacia
3591 2323 3726 2376 pra:-

2146 2388 2380 2453 terisset,
2430 2388 2512 2443 his
2564 2392 2989 2459 propositionum
3041 2395 3264 2449 nexibus
3314 2395 3726 2460 inenodabiliter

2147 2480 2453 2546 vinciretur,
2487 2479 2680 2547 quibus
2715 2480 2882 2548 ipsam
2911 2483 3166 2538 catholici
3199 2499 3388 2539 sensus
3419 2486 3724 2539 libertatem

2147 2565 2284 2621 intra
2321 2568 2555 2636 perfidiae
2593 2584 2705 2625 sua:
2746 2572 2964 2642 laqueos
3005 2574 3322 2644 implicatam
3352 2577 3592 2634 retinere
3630 2593 3726 2647 pu-

2150 2657 2312 2710 tabat.

2221 2748 2282 2800 V.
2323 2748 2388 2802 Et
2431 2760 2492 2806 ut
2534 2765 2594 2806 se
2645 2752 2970 2810 Athanasius
3023 2756 3361 2826 antiq'uorum
3408 2760 3726 2814 auctoritate

2147 2839 2400 2904 muniret,
2433 2843 2556 2895 talia
2587 2843 2774 2910 priscas
2810 2848 3209 2902 consuetudinis
3247 2850 3492 2917 exempla
3535 2861 3724 2918 protu-

2148 2927 2240 2991 lit;
2263 2943 2382 2997 qu:e
2410 2931 2570 2984 Arius
2593 2946 2698 2985 non
2738 2933 2909 2988 solum
2941 2950 3136 3004 negare
3174 2951 3278 2989 non
3305 2946 3506 3004 posset,
3537 2953 3722 2991 verum

2149 3019 2312 3074 etiam
2345 3021 2454 3088 pari
2477 3035 2599 3076 cum
2630 3038 2696 3078 eo
2735 3024 2854 3079 fidei
2901 3027 3107 3082 ratione
3153 3025 3487 3084 defenderet.
3534 3029 3724 3097 Prope

3082 3134 3240 3187 super
3268 3121 3542 3174 nominum
3571 3120 3722 3174 novi-

2145 3199 2339 3253 tatibus
2356 3201 2554 3270 antiqui
2579 3206 2741 3259 moris
2760 3206 3015 3274 regulam,
3034 3209 3172 3276 quod
3195 3218 3380 3262 contra
3401 3208 3716 3274 Sabellium,

2143 3295 2231 3357 qui
2249 3290 2454 3344 Patrem
2468 3294 2704 3361 genitum
2717 3297 3011 3361 asserebat,
3032 3297 3318 3364 ingenitum
3331 3306 3488 3366 atque
3504 3299 3721 3353 mnasci-

2146 3379 2306 3434 bilem
2335 3381 2531 3437 debere
2557 3385 2849 3440 catholicos
2879 3387 3138 3456 profiteri,
3166 3389 3558 3457 prateritornm
3595 3405 3721 3444 con-

2146 3470 2387 3524 ciliorum
2401 3471 2618 3527 decreto
2635 3473 2800 3530 fuisse
2823 3477 3039 3542 initum;
3059 3492 3176 3531 cum
3191 3478 3290 3533 hoc
3312 3480 3483 3549 ipsum
3504 3481 3720 3538 eviden-

2150 3562 2256 3615 tius
2269 3565 2516 3630 positum,
2542 3565 2830 3633 Scriptura
2851 3567 3044 3622 divina:
3063 3571 3372 3626 auctoritate
3387 3575 3600 3628 ostendi
3615 3590 3717 3633 non

2150 3663 2356 3720 posset;
2387 3657 2477 3708 sed
2511 3657 2610 3708 hoc
2637 3658 3010 3723 profitendum,
3058 3669 3111 3715 et
3157 3661 3270 3727 ipsa
3309 3663 3386 3716 rei
3411 3664 3631 3729 veritas,
3662 3675 3714 3719 et

2150 3748 2442 3802 necessitas
2468 3749 2727 3803 bazreticte
2749 3749 3096 3820 professionis
3110 3757 3366 3822 exigeret.
3391 3754 3524 3809 item
3557 3756 3716 3811 Deum

2150 3837 2218 3891 de
2249 3838 2380 3905 Deo,
2426 3838 2606 3894 lumen
2627 3839 2940 3906 eiiumine,
2973 3843 3161 3896 Filium
3199 3845 3581 3914 confitendum,
3610 3849 3716 3918 epi-

2149 3940 2341 3994 scopos
2373 3927 2666 3995 religionis,
2697 3945 2853 3998 quam
2894 3931 3052 3987 Arius
3087 3933 3294 3989 tradidit
3319 3947 3635 4004 sectatores,
3663 3941 3710 3992 in

2148 4014 2436 4083 Syrmiensi
2468 4017 2671 4086 synodo
2697 4019 3012 4084 tradidisse;
3040 4025 3176 4090 quod
3205 4024 3376 4094 ipsum
3404 4030 3569 4084 etiam
3599 4032 3711 4083 sim-

2149 4104 2354 4172 pliciter
2381 4114 2434 4159 et
2461 4108 2763 4174 specialiter
2784 4108 3136 4180 inScripturis
3161 4113 3354 4169 divinis
3377 4124 3608 4184 positum
3635 4120 3709 4173 in-

2147 4195 2315 4248 veniri
2344 4210 2446 4250 non
2489 4211 2644 4264 posse
2673 4215 2686 4248 :
2711 4210 2763 4252 et
2789 4216 2945 4268 quam
2976 4203 3124 4269 plura
3156 4206 3236 4258 his
3265 4207 3462 4262 similia
3497 4211 3706 4278 protulit

2146 4284 2484 4352 documenta,
2514 4303 2632 4354 quae
2676 4290 2944 4357 gestorum
2975 4295 3114 4348 serie
3143 4305 3391 4352 tenentur
3420 4315 3702 4367 expressa;

2146 4376 2338 4443 quibus
2358 4377 2671 4443 ostenditur,
2704 4379 2766 4432 ad
2789 4381 3143 4436 Ostendendas
3167 4385 3543 4444 btereticorum
3568 4395 3702 4444 inso-

2349 4507 2363 4531 ,
2392 4483 2654 4522 novorum
2684 4472 2950 4524 nominum
2977 4475 3227 4528 vocabula
3260 4475 3425 4531 fuisse
3454 4494 3701 4548 praesum-

2149 4567 2234 4623 pta
2259 4574 2273 4610 :
2306 4571 2402 4610 nt-c
2434 4567 2608 4612 tamen
2635 4568 2822 4612 contra
2850 4560 3070 4615 vetitum
3092 4565 3396 4632 apostolicae
3424 4569 3699 4622 sententiae

2147 4661 2240 4702 eos
2266 4647 2453 4702 fecisse
2481 4651 2836 4717 credendum,
2870 4668 2985 4721 qum
3016 4657 3259 4721 profanas
3289 4672 3478 4712 vocum
3509 4662 3696 4713 novita-

2143 4744 2223 4790 tes
2249 4739 2497 4806 prazcepit
2525 4739 2820 4794 evitandas.
2849 4743 2951 4796 Sed
2984 4746 3249 4812 profanas,
3275 4748 3467 4816 inquit,
3494 4767 3593 4804 non
3617 4767 3693 4804 re-

2145 4827 2385 4894 ligiosas.
2412 4829 2541 4882 Nam
2570 4831 2874 4901 religiosum
2907 4848 3046 4901 esse,
3079 4836 3368 4905 ingenitum
3397 4842 3579 4898 dicere
3605 4841 3693 4895 Pa-

2142 4929 2297 4984 trem,
2331 4931 2385 4974 et
2414 4920 2605 4974 Filinttt
2639 4924 2802 4977 Deum
2831 4925 2896 4978 de
2938 4926 3065 4990 Deo.
3116 4928 3295 4984 lumen
3345 4949 3410 4986 ex
3463 4934 3688 4996 lumine;

2135 5022 2290 5062 veros
2316 5026 2524 5079 quoque
2549 5011 2882 5068 Christianos
2909 5001 3196 5072 catholicos
3235 5026 3549 5092 nuncupari,
3578 5025 3688 5079 novi

2135 5101 2362 5154 nominis
2387 5103 2606 5156 docetur
2627 5118 2746 5159 esse
2781 5106 3110 5164 vocabulum.
3139 5109 3308 5164 Simili
3352 5127 3484 5183 ergo
3523 5116 3690 5178 modo,

2137 5185 2647 5246 aiebatAtbanasius
2691 5198 2850 5248 etiam
2892 5195 3107 5250 Nicceno
3155 5201 3395 5256 evenisse
3447 5205 3682 5259 concilio.

2143 5275 2314 5348 thue
2361 5285 2516 5336 Arius
2557 5292 2738 5337 contra
2792 5285 2949 5340 fidem
3002 5302 3178 5341 rerum
3229 5291 3506 5356 triousion,
3537 5294 3583 5347 id
3612 5301 3680 5346 est

2137 5379 2247 5425 tres
2275 5374 2597 5430 substantias
2639 5377 2948 5440 inducebat;
2983 5378 3314 5443 hoinousion,
3347 5384 3398 5436 id
3431 5397 3514 5439 est
3543 5385 3682 5437 unius

2137 5478 2254 5514 cum
2288 5462 2440 5519 Patre
2470 5466 2660 5521 Filium
2691 5469 2999 5523 substantia:
3031 5471 3387 5528 cottfftendutn
3417 5481 3680 5544 t'pESt‘opos

2139 5552 2425 5608 censuisse.
2459 5555 2519 5612 Et
2546 5565 2662 5612 orat
2690 5559 2904 5613 omnino
2931 5573 3282 5631 consequens.
3311 5574 3367 5620 ut
3392 5567 3436 5623 si
3467 5565 3676 5622 humou-
