3856 6222
120 286 235 343 9.33

987 280 1253 337 CONTRA
1295 280 1607 347 ARIANOS,
1650 279 2120 348 SABELLIANOS,
2165 282 2335 351 ETC.,
2381 285 2503 340 ΜΒ.
2549 286 2632 340 lli.

3248 291 3346 343 954

119 403 181 453 tii
224 396 486 468 professio
519 405 761 461 tauquam
812 407 839 445 a
893 392 1005 461 lege
1057 392 1328 461 peregrina
1376 399 1675 455 censeatur,
1711 396 1757 449 Α
1784 392 1878 452 sci,
1906 403 1961 444 ut
1990 394 2188 447 nullum
2217 397 2324 447 suis
2354 398 2489 450 mule
2528 397 3082 465 giguuatnr'materiis
3130 377 3350 458 aderant

120 490 333 542 trinsim
370 480 575 554 quoque
607 484 842 537 inventio
879 482 987 549 pari
1028 481 1236 550 ratione
1278 480 1687 545 conl'rttstretur.

120 562 235 632 Aut.
258 588 408 632 certe
441 576 592 646 192
630 574 848 626 doceret
887 571 1043 624 Arius
1086 569 1342 623 triousion
1389 566 1693 637 specialiter

120 672 172 720 in
208 668 332 735 lege
358 667 738 730 conscriptum,
767 662 903 714 sicut
942 659 1286 714 Athanasium
1323 657 1391 711 de
1431 656 1693 710 homousii

122 754 455 823 proprietate
481 744 722 819 cogebat.
762 748 865 803 Sed
896 762 1015 802 cum
1049 749 1147 799 hoc
1170 747 1381 814 penitus
1408 746 1691 799 ostendere

122 847 475 915 nequivisset,
504 841 693 897 claruit
722 855 841 895 eum
867 837 1129 905 superﬂua
1159 836 1225 890 de
1256 835 1541 888 Athanasio
1568 849 1693 887 exe-

116 933 269 1007 gisse
293 947 412 1005 quze
441 934 553 1002 ipse
574 930 791 984 minime
813 927 982 996 potuit
1000 925 1384 980 demonstrare.

194 1023 291 1077 Vl.
336 1023 399 1077 Et
447 1037 567 1076 cum
611 1034 671 1073 se
698 1017 807 1087 pari
836 1016 1143 1085 quaestionis
1178 1005 1386 1068 vinculo
1433 1022 1689 1067 arctatum

121 1119 497 1182 cognosceret,
555 1108 768 1163 tandem
821 1104 1100 1174 aliquando
1141 1102 1191 1156 in
1246 1116 1364 1157 eum
1413 1102 1692 1155 sententiae

124 1207 378 1273 placitum
406 1201 616 1256 reﬂexit
640 1210 937 1261 assensum,
971 1203 1029 1248 ut
1056 1193 1178 1247 nudi
1212 1194 1472 1247 sermonis
1504 1192 1689 1259 proha-

122 1300 273 1349 tione
302 1297 516 1359 omissa,
546 1294 708 1346 rebus
742 1297 899 1357 atque
932 1286 1223 1341 rationibus
1255 1284 1539 1339 edocerent
1587 1282 1688 1337 Pa-
1744 1290 1746 1292 '

124 1386 221 1437 tris
250 1394 309 1439 et
338 1384 451 1438 Filii
483 1392 574 1435 aut
604 1393 758 1434 unam
786 1387 877 1431 aut
903 1376 1139 1430 diversas
1170 1387 1289 1428 esse
1319 1381 1559 1427 naturas.
1585 1372 1689 1426 Sed

125 1464 275 1529 hitth
299 1476 620 1529 Athanasius
650 1470 845 1525 clarius
883 1477 1041 1535 atque
1081 1475 1321 1533 apertum
1360 1465 1516 1517 unius
1559 1462 1689 1516 sub-

124 1565 337 1617 stantiae
366 1560 617 1616 indicium
645 1558 820 1619 dabat,
851 1570 955 1625 quo
977 1555 1187 1608 Patrem
1230 1566 1295 1606 ex
1318 1552 1431 1620 ipso
1486 1559 1538 1605 et
1585 1565 1687 1603 non

124 1668 461 1710 extrinsecus
510 1652 702 1705 Filium
747 1647 994 1717 genuisse
1054 1642 1415 1706 monstrabat;
1470 1641 1691 1710 ﬁerique

1794 482 2200 550 detrimentuttt,
2250 489 2381 541 sicut
2417 491 2591 544 lumen
2635 508 2662 545 a
2715 493 2910 547 lumine
2950 509 3233 565 sumptum,
3268 508 3348 557 vel

1795 589 2031 641 accessu,
2064 590 2113 631 et
2153 594 2247 647 per
2283 585 2559 643 quamdam
2593 587 2857 653 profectus
2885 590 3210 645 nativitatem
3254 598 3349 649 ιη’-

1797 668 2093 733 nistratum,
2123 670 2483 737 ditnjuutiouis
2515 675 2762 730 damnum
2795 682 3037 748 originali
3080 690 3241 751 possit
3271 690 3349 741 af-

1796 755 1935 808 l‘erre
1966 760 2230 827 materitr,
2263 776 2379 814 cum
2412 774 2464 817 ct
2494 765 2701 821 divinus
2724 772 3092 827 sacrati~simte
3123 776 3349 845 Virginis

1795 858 2086 916 partusret
2115 854 2215 907 tale
2252 854 2444 922 aliquid
2475 857 2527 909 in
2557 874 2614 913 se
2647 861 2779 913 tuiro
2807 872 2960 931 atque
2992 860 3349 936 inextilfc'aliili

1792 950 2244 996 sacramentorum
2287 950 2542 1015 mySterio
2595 953 2755 1008 fuisse
2807 956 3174 1012 demonstret:
3221 963 3345 1015 dum

1791 1027 1905 1081 sine
1952 1030 2146 1084 damno
2180 1036 2393 1101 pudoris
2424 1037 2532 1091 Deo
2562 1041 2745 1107 plenus
2776 1053 2956 1099 uterus
2981 1024 3245 1104 vacuatur.
3283 1055 3349 1107 lit

1790 1120 1832 1170 si
1863 1120 2130 1189 virginalis
2158 1125 2449 1195 integritas.
2475 1129 2518 1183 si
2542 1143 2723 1185 natura
2747 1139 3067 1205 corruptioni
3090 1145 3344 1206 obnoxia.

1794 1207 1957 1263 Deum
1988 1213 2239 1277 pariendo
2284 1232 2386 1271 non
2431 1225 2809 1293 corrumpitur,
2856 1232 3119 1296 quomodo
3162 1244 3345 1288 natusa

1793 1298 2203 1401 incorruptibilis
2234 1306 2396 1361 Patris
2425 1314 2669 1367 eumdem
2691 1316 2852 1370 Deum
2882 1323 3187 1387 generando
3231 1340 3348 1379 cor-

1790 1394 1961 1458 rumpi
1991 1394 2224 1459 potuisse
2274 1400 2558 1454 credatur?

1858 1478 1990 1573 Vlll.
2011 1481 2111 1535 Sed
2136 1482 2322 1539 iterum
2351 1490 2502 1545 Arius
2520 1490 2687 1549 Patris
2713 1508 2765 1550 et
2784 1497 2898 1553 Filii
2923 1500 3072 1572 longe
3095 1503 3347 1573 imparent

1790 1570 2208 1664 dissimilemque
2280 1589 2519 1634 naturam
2566 1584 2687 1639 hinc
2734 1570 3031 1646 ostendere
3063 1570 3344 1664 nitebdnr,

1788 1664 1926 1732 quod
1951 1663 2114 1720 Elius
2141 1669 2397 1734 minorem
2428 1687 2487 1727 se
2514 1674 2705 1731 dixerit
2744 1678 2896 1736 Patre
2927 1700 2939 1733 :
2971 1693 3148 1740 etnon
3177 1663 3347 1752 suam,

128 1767 236 1847 ll?“
305 1763 456 1819 Posse
505 1744 650 1847 διίιξξι
674 1756 822 1842 ,θυω
865 1736 1427 1847 (ιιιξπηυῑξιᾉςιξιιξξξ-ξεεξ
1456 1742 1551 1847 ξεί
1579 1734 1690 1847 cf“:
1726 1751 1772 1810 B
1798 1755 1887 1809 sed
1916 1758 2031 1823 ejus
2054 1758 2107 1811 in
2128 1762 2375 1815 omnibus
2398 1762 2570 1821 facere
2597 1734 2939 1828 voluntatem.
2964 1734 3347 1847 nlui-taque-

128 1842 279 1894 disse
312 1880 328 1903 ,
354 1852 470 1892 cum
502 1846 554 1889 et
581 1833 774 1888 divinae
825 1826 1180 1899 generationis
1219 1824 1412 1880 veritas
1460 1838 1555 1893 pro
1608 1824 1691 1878 sui

129 1929 353 1983 honoris
374 1923 671 1980 reverentia
694 1920 744 1976 id
766 1932 883 1974 esse
900 1915 1219 1973 credendum
1242 1914 1499 1983 exigeret,
1529 1923 1585 1969 et
1612 1928 1694 1968 re-

128 2036 249 2075 rum
296 2016 611 2073 natantium
650 2009 1050 2068 consuetudinis
1100 2006 1387 2060 auctoritas
1426 2003 1690 2067 invitaret,

127 2127 236 2168 non
261 2125 418 2181 posse
439 2116 688 2177 parentes
708 2102 983 2159 dissimilis
1001 2111 1205 2177 natura:
1232 2098 1379 2153 ﬁlios
1390 2112 1691 2167 procreare.

129 2201 196 2256 Et
225 2200 347 2255 ideo
382 2196 674 2253 secundum
700 2192 809 2247 Arii
839 2190 1180 2251 sententiam,
1212 2186 1301 2257 qui
1328 2186 1547 2240 alterius
1570 2187 1696 2239 sub-

128 2291 341 2345 stantiae
384 2302 543 2357 quam
573 2285 727 2341 Pater
769 2290 853 2337 est
894 2281 1081 2335 Filium
1122 2279 1414 2342 asserebat,
1449 2277 1557 2332 hoc
1596 2277 1693 2331 hu-

128 2397 293 2438 manu
324 2380 499 2437 sensui
531 2376 932 2447 intelligendum
962 2388 1117 2443 posse
1144 2372 1380 2438 reliquit,
1407 2380 1468 2424 ut
1491 2370 1535 2423 si
1568 2383 1694 2424 vere

131 2470 299 2526 Pilius
346 2456 402 2525 in
453 2468 766 2522 diversitate
818 2472 1018 2519 natura:
1047 2470 1151 2524 est,
1200 2475 1304 2514 non
1350 2468 1455 2513 tam
1485 2458 1694 2527 genitus

130 2575 291 2628 quam
318 2558 483 2612 factus
512 2569 631 2611 esse
671 2555 951 2610 videatur:
994 2553 1165 2621 sitque
1193 2565 1356 2611 vacua
1410 2558 1463 2605 et
1513 2548 1688 2603 inanis

132 2648 249 2703 Filii
296 2647 567 2715 Patrisque
611 2643 916 2715 appellatio,
962 2642 1085 2696 dom
1117 2641 1294 2710 specie
1346 2648 1497 2693 tenus
1526 2636 1694 2706 magis

134 2751 290 2806 quam
315 2736 594 2798 veraciter,
620 2742 710 2787 aut
729 2732 821 2786 ille
843 2732 1113 2800 genu’sse,
1143 2738 1232 2781 aut
1262 2727 1347 2781 hic
1377 2735 1532 2780 natus
1559 2740 1693 2794 prte-

134 2826 357 2880 dicatur.
388 2827 490 2877 Aut
532 2823 577 2878 si
600 2836 723 2877 vere
745 2820 957 2890 quidem
985 2818 1052 2872 de
1100 2817 1257 2871 Patre
1304 2824 1458 2870 natus
1498 2814 1694 2869 asseri-

138 2927 238 2978 tur,
270 2928 367 2969 nec
395 2924 569 2968 tamen
608 2912 763 2965 unius
788 2923 909 2965 cum
954 2922 1018 2962 eo
1069 2904 1411 2975 ejusdemque
1449 2904 1692 2959 substan-

138 3005 221 3058 tia:
278 3002 547 3068 creditur‘,
597 3002 917 3069 degenerem
973 3011 1116 3060 eum,
1167 3003 1222 3051 et
1251 2995 1417 3048 instar
1469 2992 1691 3060 alicujus

139 3094 377 3157 monstri,
405 3092 533 3146 alias
557 3105 715 3160 quam
742 3098 959 3158 paterna
989 3094 1177 3140 natura
1203 3084 1433 3139 dictabat
1485 3082 1686 3139 editum
1715 3111 1762 3174 ο

139 3184 379 3238 convenit
420 3182 678 3252 proﬁteri.
710 3178 862 3245 Quod
893 3192 1013 3233 cunt
1055 3184 1253 3230 sanctae
1294 3173 1366 3227 illi
1405 3181 1459 3225 et
1496 3172 1689 3226 beatis-

138 3275 280 3328 sima
305 3282 460 3343 atque
484 3270 735 3326 ineﬂ’abili
754 3284 858 3325 non
878 3274 1135 3335 congruat
1161 3262 1443 3333 maiestati,
1465 3261 1692 3316 maxime

140 3382 254 3421 cum
283 3377 335 3421 et
376 3364 673 3419 animantes
699 3361 767 3415 ab
797 3362 897 3415 hoc
934 3359 1175 3429 pessima
1205 3354 1529 3411 conditionis
1572 3368 1693 3423 pro-

141 3458 221 3527 dig
242 3473 275 3512 o
303 3466 485 3510 natura
523 3455 716 3509 liberos
745 3450 1061 3512 reddiderit,
1094 3447 1330 3502 ne-aliud
1358 3462 1519 3516 quam
1550 3445 1690 3515 quod
1763 3477 1773 3484 ~

142 3548 244 3613 ipsa
292 3554 414 3601 sunt
461 3550 745 3614 generent,
804 3540 1002 3610 liquido
1066 3536 1396 3606 comprobari
1454 3534 1688 3603 ejusdem

141 3634 321 3689 Filium
348 3634 497 3702 cujus
529 3634 683 3686 Pater
708 3645 828 3686 esse
862 3639 1084 3683 naturae.

205 3725 310 3780 VII.
351 3725 455 3779 Sed
498 3733 682 3778 contra
713 3720 844 3783 haec
871 3718 1030 3775 Arius
1075 3718 1203 3772 illttd
1236 3716 1497 3786 praecipue
1528 3730 1689 3783 Oppo-

141 3816 308 3877 uebat,
341 3816 545 3868 Patrem
573 3826 680 3866 non
717 3810 951 3879 potuisse
981 3823 1044 3863 ex
1079 3823 1137 3863 se
1178 3807 1368 3861 Filium
1411 3821 1684 3873 generare,

140 3919 202 3958 ne
229 3919 321 3973 per
346 3907 444 3958 hoc
478 3902 758 3958 divisionis
802 3899 1024 3966 alicujus
1054 3898 1137 3952 vel
1175 3895 1531 3963 corruptionis
1561 3895 1688 3948 vitio

140 3994 370 4047 videatur
396 4006 512 4048 esse
555 3990 843 4060 subjectus.
892 3987 1025 4054 Quia
1069 3988 1113 4041 si
1161 4001 1225 4040 ex
1275 3983 1582 4052 semetipso,
1631 3992 1688 4037 ut

137 4083 320 4146 aiebat,
342 4082 397 4136 id
420 4091 503 4137 est
546 4096 613 4135 ex
644 4079 745 4134 hoc
766 4078 907 4152 quod
935 4078 1050 4146 ipse
1078 4084 1180 4140 est,
1214 4074 1400 4130 Filium
1440 4076 1685 4143 genuisse

137 4174 389 4239 credatur,
418 4172 644 4241 aliquam
676 4170 855 4239 utique
879 4166 1189 4223 substantiae
1228 4180 1336 4220 suat
1380 4166 1677 4234 port’onem

141 4266 284 4336 193
327 4279 357 4317 a
386 4264 561 4334 seipse
589 4261 882 4317 secrevisse
908 4258 1207 4329 potabitur;
1254 4271 1348 4325 per
1385 4255 1522 4323 quod
1570 4257 1683 4307 s‘ne

135 4357 329 4412 dubioa
358 4370 465 4410 suae
493 4353 828 4424 perfectionis
853 4350 1177 4421 plenitudine
1201 4349 1483 4403 admodum
1511 4348 1682 4402 desci-

134 4463 303 4511 scens,
334 4454 391 4499 et
413 4446 615 4501 divisus
635 4444 893 4514 profecto,
924 4453 976 4498 et
1002 4443 1454 4497 imminutus‘ese
1482 4441 1682 4494 vidcbi—
1714 4461 1760 4520 ι)

134 4546 228 4589 tur.
260 4536 410 4603 Quod
450 4530 762 4603 objectionis
788 4533 1093 4602 capitulum,
1126 4532 1215 4584 tali
1250 4529 1566 4584 Athanasius
1592 4544 1679 4582 ve-

132 4626 294 4680 ritatis
344 4626 551 4681 ratione
600 4625 894 4686 submovit;
944 4637 1063 4677 esse
1115 4620 1442 4689 impossibile
1498 4620 1681 4674 dicens

135 4718 306 4779 Deum.
341 4718 429 4787 qui
460 4719 798 4785 incorporeus
822 4715 891 4768 sit
920 4724 972 4767 et
997 4712 1278 4766 invisibilis
1303 4719 1460 4779 atque
1488 4710 1680 4777 impal-

134 4806 331 4873 pabilis,
362 4807 413 4860 id
445 4808 497 4860 in
524 4822 584 4861 se
608 4807 865 4873 recipere,
887 4802 968 4855 vel
1011 4803 1206 4856 habere
1239 4799 1379 4870 quod
1435 4801 1503 4854 sit
1541 4800 1678 4852 divi-

133 4897 284 4949 sionis
338 4906 431 4951 aut
483 4894 843 4963 corruptionis
893 4893 1021 4945 vitio
1067 4891 1399 4956 subjectmn,
1430 4890 1678 4959 quoniam

131 4987 321 5042 sni'icet
342 4988 501 5041 dividi
529 4988 608 5040 vel
653 4984 889 5039 imminui
922 4982 1377 5037 contrectabilium
1434 4981 1600 5034 soleat
1630 4989 1683 5033 et

132 5077 469 5145 corporalium
525 5092 645 5131 esse
697 5074 1060 5128 materiarum.
1116 5073 1278 5125 Deum
1330 5086 1477 5133 vero,
1506 5071 1594 5137 qui
1629 5072 1679 5122 in

135 5167 364 5221 nulloest
389 5168 599 5227 hotum,
654 5166 757 5218 tale
808 5162 1010 5231 alijuid
1055 5161 1251 5230 perpeti
1305 5161 1522 5212 omnino
1576 5175 1679 5211 non

135 5273 309 5323 posse:
342 5268 392 5313 et
417 5260 484 5314 ob
512 5259 564 5312 id
600 5256 923 5310 credendum
973 5254 1111 5323 quod
1154 5254 1417 5322 genuerit,
1467 5252 1587 5318 quia
1622 5265 1680 5302 se

134 5354 363 5417 genuisse
388 5358 628 5405 testatur.
661 5347 981 5415 Corruptum
1023 5354 1199 5399 autem
1237 5346 1335 5396 hac
1382 5344 1491 5409 ipsa
1520 5356 1681 5409 gene-

136 5440 319 5493 ratione
344 5441 559 5494 omnino
583 5454 687 5493 non
734 5436 1021 5497 latendum,
1050 5434 1170 5501 quia
1202 5448 1411 5499 semper
1442 5433 1679 5483 incorru-

138 5540 259 5592 ptus.
288 5530 507 5583 Maxime
529 5546 649 5583 eum
677 5529 925 5596 pleraque
950 5525 1283 5580 inveniantur
1310 5526 1358 5576 in
1388 5524 1546 5576 rebus
1568 5537 1681 5574 cur-

138 5620 293 5685 porcis
320 5631 369 5674 et
416 5618 745 5686 corruptioni
774 5620 1024 5685 subjectis
1056 5618 1125 5671 ita
1157 5616 1445 5670 ministrari
1474 5615 1550 5667 \‘tl
1585 5630 1678 5666 ua-

356 5713 616 5775 Pnnoe.
671 5708 857 5767 LXII.

1794 1847 1845 1898 iu
1895 1845 2031 1902 hunc
2061 1864 2271 1906 sensum
2296 1858 2660 1913 convenientia
2684 1861 2751 1917 de
2769 1864 2946 1933 seipse
2969 1845 3158 1924 lassum
3186 1873 3348 1929 fuisse

1792 1939 2061 2005 asseruit,
2095 1956 2212 2008 qua:
2258 1945 2387 1999 mihi
2426 1949 2490 2001 ad
2531 1950 3029 2012 demonstrationem
3075 1962 3294 2018 (li-simil
3322 1983 3347 2019 s

1794 2040 1996 2084 natura:
2039 2034 2165 2088 satis
2224 2035 2491 2093 imbecilla
2532 2051 2584 2095 et
2622 2047 2840 2100 ntuitum
2881 2051 3123 2106 Vidt'nllll‘
3162 2055 3259 2110 inc.
3285 2075 3346 2109 u-

1792 2133 1940 2187 grua.
1970 2121 2130 2199 Quasi
2160 2140 2283 2181 vero
2319 2128 2361 2181 si
2403 2131 2622 2198 quilibet
2650 2136 2784 2189 titius
2826 2137 2983 2192 homo
3032 2147 3195 2210 patris
3253 2148 3347 2199 ho-

1796 2211 1950 2265 minis
1984 2213 2137 2267 laciat
2166 2218 2510 2285 voluntatem,
2542 2230 2595 2277 et
2623 2239 2741 2277 cum
2771 2228 2872 2282 sibi
2905 2243 3236 2298 prmstantem
3268 2240 3341 2291 la-

1795 2310 1966 2355 teatur
1997 2312 2152 2373 atque
2196 2309 2483 2377 majorem,
2524 2313 2749 2369 diversze
2787 2319 2853 2371 ab
2881 2335 2945 2375 eo
2985 2327 3202 2390 poterit
3230 2343 3347 2384 es.~e

1794 2404 2033 2449 mlurm:
2070 2397 2193 2453 dum
2220 2402 2319 2455 etsi
2353 2405 2520 2471 possit
2548 2417 2691 2474 pater
2717 2409 2915 2467 honore
2946 2416 3211 2486 praeferri,
3242 2438 3344 2475 non

1795 2492 1968 2582 tamen
2000 2500 2181 2553 natura
2209 2491 2462 2549 discerni.
2511 2497 2657 2563 Quod
2689 2502 2899 2569 quidem
2924 2522 3019 2573 ego
3050 2509 3161 2578 lege
3187 2525 3342 2582 atque

1793 2580 2097 2637 conditione
2126 2592 2325 2639 natura}
2359 2586 2602 2644 humanae
2630 2592 2875 2649 dixerim.-
2908 2599 3060 2669 194.
3083 2580 3342 2657 Gtcternm

1793 2670 2113 2728 Athanasius
2144 2676 2504 2735 manifestiore
2525 2687 2785 2740 sententia
2831 2689 2981 2758 hujus
3010 2694 3159 2747 nobis
3187 2697 3344 2750 intel-

1795 2762 2020 2832 ligentiae
2040 2765 2178 2823 viam
2204 2772 2431 2839 aperuit,
2462 2773 2513 2827 in
2540 2791 2660 2845 qua,
2688 2780 2830 2833 omni
2862 2787 3211 2842 cunctationis
3238 2791 3347 2844 dis-

1793 2867 1945 2947 cussa
1992 2856 2236 2926 caligine,
2270 2861 2469 2918 clarum
2504 2867 2741 2924 veritatis
2768 2870 2944 2926 lumen
2976 2875 3177 2932 eduxit.
3210 2880 3345 2947 Qu'tl

1793 2944 1931 2998 enim
1969 2947 2033 3000 ad
2075 2950 2234 3003 totius
2271 2954 2467 3009 erroris
2508 2957 2745 3012 nebulas
2772 2960 3073 3031 ell‘ugandas
3128 2944 3346 3025 (ιλιῖνυι

1794 3032 1937 3087 credi
1966 3037 2292 3093 manifestius
2312 3044 2510 3110 potuit,
2543 3061 2721 3114 quam,
2753 3052 2887 3105 sicut
2919 3052 2967 3105 in
3001 3070 3103 3110 uno
3133 3059 3345 3113 Christo

1792 3122 1925 3179 duas
1952 3129 2217 3185 credimus
2244 3147 2363 3187 esse
2394 3144 2627 3203 naturas,
2660 3140 2747 3194 Dei
2778 3145 2979 3202 scilicet
3022 3160 3075 3203 et
3117 3151 3345 3207 hominis

1792 3216 2053 3281 geminam
2086 3233 2298 3289 quoque
2333 3224 2383 3277 in
2418 3224 2532 3293 ejus
2568 3232 2741 3285 verbis
2772 3236 2852 3288 vel
2884 3238 3012 3291 actis
3045 3257 3220 3297 rerum
3252 3261 3337 3299 co-

1791 3317 2104 3405 gnoscamus
2136 3310 2306 3405 inesse
2332 3316 2626 3373 virtutem?
2659 3322 2718 3376 Ut
2752 3339 2813 3378 ea
2843 3316 3073 3396 quidem,
3108 3349 3221 3401 quae
3254 3351 3341 3390 su.

1794 3394 2005 3449 hlimius
2045 3398 2294 3467 loquitur,
2338 3403 2386 3457 id
2417 3417 2529 3473 est,
2570 3408 2682 3480 Ego
2710 3423 2755 3465 et
2788 3412 2942 3468 Pater
2986 3394 3138 3473 unum
3174 3441 3344 3481 summ

1793 3484 1970 3553 (Joun.
2007 3505 2059 3555 ι,
2090 3491 2201 3561 50),
2232 3504 2286 3548 et
2313 3507 2501 3553 cratera
2529 3502 2609 3555 his
2641 3506 2852 3573 similia,
2877 3508 2940 3563 ad
2974 3512 3182 3569 deitatis
3215 3519 3346 3571 tcl'e-

1794 3592 1978 3633 rantur
2008 3593 2280 3650 naturam;
2321 3603 2437 3656 quae
2470 3606 2595 3646 vero
2627 3594 2896 3664 humilius,
2927 3605 3216 3659 secundum
3245 3610 3342 3661 lto--

1792 3672 1985 3724 minem
2028 3671 2189 3729 fuisse
2223 3676 2509 3751 loeutum‘l
2541 3682 2613 3737 De
2661 3684 2859 3754 Spiritu
2908 3706 3116 3762 quoque
3163 3709 3346 3752 sancto

1791 3780 2099 3839 competens
2121 3773 2294 3827 habita
2324 3777 2610 3845 disputatio
2633 3794 2746 3837 est:
2780 3800 2933 3854 quem
2966 3791 3121 3845 Arius
3147 3807 3175 3846 a
3200 3810 3344 3849 com-

1800 3865 2047 3918 munione
2068 3877 2267 3921 uatura:
2298 3868 2465 3924 Patris
2494 3884 2547 3926 et
2576 3875 2694 3928 Filii
2739 3893 2831 3945 per
2853 3892 3110 3936 creatura:
3137 3888 3343 3941 confes-

1789 3953 1993 4043 sionem
2023 3955 2175 4026 longe
2203 3972 2464 4014 secretum
2496 3972 2654 4033 atque
2694 3969 2925 4024 alienum
2969 3987 3088 4029 esse
3120 3981 3338 4043 putavit.

1788 4042 1889 4096 Sed
1921 4045 2057 4112 quod
2082 4048 2233 4102 unius
2254 4049 2322 4103 sit
2342 4051 2685 4123 ejusdemque
2714 4060 3024 4117 subStantitn
3056 4042 3176 4119 hinc
3207 4085 3343 4135 prte-

1788 4137 1940 4203 cipue
1987 4138 2307 4195 Athanasius
2354 4144 2760 4213 demonstravit,
2794 4151 2917 4205 dum
2965 4170 3024 4208 ea
3054 4173 3170 4211 eum
3203 4161 3341 4226 lojni

1787 4236 1944 4295 atque
1995 4243 2150 4297 agere
2196 4248 2310 4300 qua:
2339 4250 2444 4287 non
2476 4238 2573 4290 nisi
2624 4237 2732 4294 Deo
2761 4245 3008 4309 possibile
3035 4248 3107 4301 sit
3132 4256 3340 4317 operari

1788 4318 1870 4370 vel
1901 4318 2074 4389 loqui,
2108 4320 2337 4385 taliaque
2381 4323 2446 4376 de
2490 4340 2555 4379 eo
2602 4328 2783 4400 referri
2837 4347 2954 4399 qua!
2985 4337 3109 4387 nulli
3142 4352 3338 4391 conve-

1789 4410 1936 4464 niant
1962 4420 2240 4476 creaturae,
2274 4414 2568 4483 perdocuit.
2604 4419 2667 4471 Et
2709 4420 2828 4474 ideo
2864 4438 2889 4474 a
2940 4425 3107 4479 Patris
3135 4443 3186 4482 et
3221 4430 3331 4483 Filii

1787 4500 1999 4555 deitatis
2046 4504 2247 4558 unitate
2298 4516 2608 4562 ertraneum
2660 4514 2736 4565 vel
2790 4514 3014 4569 |II\'iSUm
3065 4534 3183 4572 esse
3234 4538 3337 4576 non

1791 4607 1974 4660 posse,
2010 4610 2165 4661 quem
2194 4596 2380 4651 similis
2407 4607 2564 4668 atque
2591 4604 2772 4656 eadem
2804 4620 3018 4672 operum
3050 4612 3218 4665 virtus
3249 4616 3341 4669 de-

1788 4685 2102 4737 monstravit
2127 4686 2403 4753 aequalem.
2428 4687 2526 4754 Qui
2556 4702 2607 4744 et
2654 4708 2834 4746 revera
2856 4736 2869 4758 ,
2894 4697 3190 4754 detestabili
3224 4720 3342 4770 pra-

1790 4778 1962 4830 vitatis
1988 4791 2170 4831 errore
2190 4818 2204 4842 ,
2238 4777 2405 4831 Patris
2431 4790 2482 4833 et
2516 4780 2629 4835 Filii
2680 4784 2932 4839 societate
2959 4789 3158 4843 alienus
3189 4804 3339 4859 [mitt-

1789 4878 1893 4933 tur,
1927 4867 2045 4935 quia
2078 4883 2255 4935 parem
2306 4870 2535 4923 nominis
2581 4872 2892 4941 virtutisque
2934 4877 3185 4930 honorem
3218 4896 3336 4933 cum

1787 4961 1986 5013 eisdem
2017 4960 2259 5015 obtinere
2291 4971 2633 5017 monstratur.

1859 5051 1946 5104 IX.
1993 5051 2269 5105 Difﬁcilem
2308 5068 2515 5121 quoque
2544 5055 2684 5108 illam
2725 5066 2777 5109 et
2809 5060 2884 5123 (ul
2919 5059 3073 5111 Arius
3096 5070 3337 5113 autumi-

1787 5146 1896 5206 hat)
1946 5146 2284 5199 insolubilem
2314 5147 2657 5213 Qttmstimtetn
2679 5188 2693 5212 ,
2722 5149 2857 5216 quod
2906 5160 3010 5202 tres
3042 5166 3173 5202 unus
3202 5152 3338 5206 Deus

1784 5240 1909 5302 diei,
1939 5251 1991 5291 et
2016 5238 2151 5291 idem
2187 5237 2352 5291 tribus
2377 5238 2623 5304 distingui
2656 5256 2758 5291 non
2805 5254 2959 5306 passo.
2985 5244 3225 5310 persmis
3260 5245 3338 5296 itt-

1785 5338 2073 5382 t-ntaverat
2102 5369 2115 5390 ,
2149 5330 2215 5381 ita
2258 5328 2577 5380 Athanasius
2609 5330 2802 5380 divinae
2838 5331 3121 5393 Scriptum
3150 5343 3329 5385 aucto-

1785 5424 1935 5475 ritrte
1982 5421 2252 5484 dissolvit;
2299 5430 2355 5472 ut
2399 5420 2582 5487 majori
2617 5421 2685 5472 sit
2715 5421 3048 5473 absolutione
3091 5424 3333 5475 veritatis

1783 5512 2031 5573 enotlata,
2064 5526 2217 5577 quam
2270 5510 2427 5562 fuerit
2480 5526 2572 5577 per
2609 5526 2667 5579 sy
2697 5510 2948 5576 logismos
2980 5499 3331 5564 versutiarum

1789 5604 2011 5674 plictilcs
2043 5604 2294 5657 involuta.
2340 5602 2434 5654 Ma.
2464 5602 2666 5654 il'estius
2708 5616 2930 5667 namque
2962 5601 3135 5656 tlut'ttit
3195 5604 3333 5669 quod

3020 5692 3057 5747 8
