3856 6222
538 252 640 306 925

1841 235 2058 294 γὀιιιι
2095 232 2457 290 TAPSENSIS

3660 236 3753 292 236

539 368 588 418 in
619 363 868 418 'l‘rinit.tte
897 355 1222 421 unus-Deus,
1251 351 1542 407 secundum
1573 358 1775 404 naturre
1808 349 2091 408 unionem,
2123 348 2170 404 Α
2201 346 2372 396 facere
2396 341 2720 393 voluntatem
2740 379 2752 401 ,
2784 347 2839 393 et
2866 346 3056 414 cetera
3090 338 3170 392 his
3193 339 3410 404 similia,
3436 354 3556 410 quae
3580 343 3754 409 ιιίςρυ-

538 469 638 507 non
667 449 952 506 secundum
981 446 1376 502 distinctionem
1408 456 1778 510 personarum.
1806 440 1868 494 Et
1894 438 2089 492 idcirco

538 557 643 598 tres
672 556 806 595 unus
834 548 918 595 est
947 539 1108 602 Deus,
1135 537 1256 609 quia
1289 534 1448 594 trium
1480 541 1665 594 natura
1695 544 1796 584 una
1823 539 1923 583 est.
1959 527 2092 591 Quia

532 644 587 689 et
612 648 730 687 cum
773 631 950 684 multa!
979 628 1166 681 animre
1195 636 1304 697 una
1326 624 1524 687 anima,
1559 630 1613 675 ct
1635 635 1752 675 cum
1775 629 1961 672 omnes
1996 616 2092 668 ho-

535 726 704 778 mines
725 737 859 774 unus
903 720 1060 772 homo
1085 716 1299 779 dicitur,
1339 712 1630 768 secundum
1663 717 1866 762 natura:
1896 705 2093 761 condi-

535 817 754 879 tionem,
787 825 902 878 quae
929 807 1174 862 omnibus
1204 820 1305 859 una
1330 812 1434 864 est,
1467 816 1568 854 non
1596 797 1888 853 secundum
1915 796 2092 850 diver-

533 906 740 959 sitatem
765 899 1022 954 asseritur
1047 909 1414 967 personarum.
1435 893 1596 959 igitur
1615 888 1705 958 qui
1737 895 1928 942 natura
1955 898 2093 939 unus

531 1009 610 1054 est
629 994 930 1058 Deus,idetn
945 993 997 1046 in
1015 990 1250 1060 personis
1267 997 1374 1041 tres
1399 992 1544 1059 sunt,
1563 983 1737 1044 Pater.
1759 990 1812 1037 et
1829 978 2020 1042 Filius,
2040 985 2093 1032 et

470 1109 477 1113 ’
531 1090 758 1158 Spiritus
791 1087 946 1156 195
960 1092 1188 1136 sanctus.
1213 1078 1267 1136 Si
1296 1077 1473 1149 itaque
1502 1061 1689 1127 h'orum
1714 1071 1873 1126 trium
1897 1081 2094 1124 nomen

531 1191 813 1235 commune
851 1175 1109 1241 requiras,
1141 1168 1282 1222 Deus
1325 1174 1435 1229 est;
1469 1165 1521 1219 in
1553 1177 1660 1233 quo
1681 1175 1787 1216 uno
1815 1173 1878 1215 ac
1906 1158 2091 1227 singu-

470 1324 476 1329 ,
532 1270 628 1323 lari
661 1271 875 1320 nomine
917 1259 1159 1328 baptismi
1208 1255 1520 1327 mysterium
1558 1253 1877 1307 celebratur.
1907 1247 2090 1318 Bapti-

530 1370 658 1424 s'ite,
676 1356 1049 1424 inquit,getttes
1069 1348 1123 1400 in
1149 1348 1352 1401 nomine
1383 1343 1552 1398 Patris
1577 1351 1622 1396 et
1656 1340 1782 1394 Filii
1807 1338 2101 1407 etSpiritus

530 1450 690 1506 sancti
717 1443 935 1518 (Matth.
967 1453 1153 1502 xxvtu,
1186 1436 1296 1505 i9).
1323 1434 1478 1492 Juxta
1508 1446 1664 1502 quam
1698 1429 1925 1485 nominis
1947 1441 2096 1483 com-

531 1516 854 1597 tnnniouem,
883 1547 939 1590 et
964 1534 1122 1588 Pater
1146 1531 1300 1589 Deus,
1334 1535 1388 1578 et
1418 1523 1584 1591 Filius
1609 1521 1766 1587 Deus,
1790 1529 1844 1574 et
1864 1516 2098 1586 Spiritus

529 1639 742 1687 sanitas
770 1618 961 1682 dicitur
978 1624 1136 1678 Deus.
1168 1622 1230 1672 Et
1251 1630 1370 1683 cum
1400 1612 1760 1682 unusquisque
1780 1623 1963 1677 eorum
1987 1607 2097 1660 siu-

2201 427 2415 482 tatiouis
2443 443 2665 495 corpore
2692 427 3193 497 plehimihabentur
3220 444 3474 497 expressa
3496 472 3513 495 ,
3543 434 3760 487 eviden-

2201 526 2404 580 tissime
2451 525 2721 578 Athanasii
2761 525 3073 592 comprobat
3118 524 3306 589 iidem,
3340 539 3444 594 qua
3491 522 3754 582 Christum

2197 617 2425 668 asseruit
2465 615 2579 668 haec
2632 615 2806 667 omnia
2837 630 2939 686 non
2971 612 3263 668 secundum
3291 613 3529 678 deitatis,
3555 615 3646 669 sed
3672 631 3756 669 sr-

2197 709 2433 763 cundum
2459 708 2824 772 humanitatis,
2849 722 3007 776 quam
3039 697 3176 760 idem
3203 706 3478 775 gestabat,
3519 716 3754 768 natram

2198 799 2361 854 fuisse
2388 799 2639 852 locutum.
2670 799 2774 853 Sed
2799 807 2852 851 ct
2882 790 3001 852 eum
3027 797 3203 861 Arius,
3232 812 3296 852 ex
3325 797 3630 852 inlirmitate
3644 797 3756 850 dic-

2198 897 2374 943 torum
2403 889 2484 943 vel
2511 898 2777 958 gestorum
2813 888 2945 955 ejus,
2975 895 3273 940 creaturam
3313 902 3437 941 cum
3465 889 3576 944 vnit
3603 889 3754 942 intel-

2198 979 2287 1049 ligi
2312 979 2607 1050 (indignum
2634 976 2886 1032 videlicet
2931 977 3179 1046 judicans
3207 983 3452 1030 naturam
3483 978 3536 1030 in
3565 992 3628 1031 eo
3658 977 3750 1031 Dei

2197 1071 2575 1138 omnipotentés
2601 1070 2866 1138 accipere,
2897 1083 3058 1138 quem
3089 1069 3351 1136 conspicit
3376 1068 3539 1123 tantis
3570 1083 3753 1122 neces-

2196 1162 2408 1215 sitatum
2457 1161 2848 1216 conditionibus
2882 1160 3270 1228 subjacuisse),
3318 1176 3425 1214 non
3450 1160 3627 1214 solum
3655 1175 3750 1228 per

2199 1252 2314 1306 hac
2344 1251 2620 1306 Athanasii
2659 1251 2975 1313 sententiam
3021 1250 3293 1304 robuStius
3345 1249 3540 1315 lirmat,
3571 1264 3668 1322 qua
3692 1253 3749 1304 in

2198 1343 2409 1398 Christo
2436 1342 2728 1397 secundum
2757 1341 3208 1410 dispensationem
3237 1339 3418 1395 carnis
3445 1339 3746 1407 accipienda

2197 1447 2317 1488 esse
2349 1431 2590 1487 uetitiivit
2619 1431 3095 1502 quteqtieviiiiitor
3125 1443 3213 1482 aut
3243 1430 3454 1483 locutus
3505 1436 3589 1481 est
3611 1468 3626 1490 ,
3658 1437 3748 1481 aut

2199 1523 2432 1591 peregit;
2463 1535 2646 1575 verum
2692 1520 2850 1573 etiam
2877 1518 3037 1572 simili
3085 1533 3205 1572 cum
3255 1516 3492 1570 Photino
3522 1514 3750 1583 perﬁda:

2197 1611 2409 1667 vinculo
2435 1620 2646 1664 tenetur
2667 1609 2940 1674 astrictus,
2974 1607 3098 1662 dum
3124 1616 3178 1663 et
3204 1606 3323 1676 ipse
3347 1603 3462 1675 pari
3487 1604 3746 1662 sententia

529 1727 783 1797 gulariter
812 1723 950 1776 Dens
978 1723 1065 1782 sit,
1099 1715 1230 1770 deus
1261 1720 1438 1765 tamen
1465 1723 1559 1763 eos
1589 1704 1866 1776 pluraliter
1891 1701 2089 1763 dicere,
2129 1695 2172 1764 Β
2200 1698 2392 1782 Filium
2435 1699 2524 1754 Dei
2566 1699 2862 1754 creaturam
2893 1711 3054 1753 ausus
3083 1704 3169 1752 est
3205 1693 3454 1752 delinire.
3481 1697 3550 1750 At
3585 1708 3748 1764 quan-

529 1828 727 1873 natnrre
746 1812 917 1864 unitas
941 1823 1042 1862 non
1067 1804 1319 1860 admittit.
1345 1800 1604 1869 Quoniam
1633 1805 1840 1852 natura:
1863 1807 2085 1857 nomen,

528 1907 666 1977 quod
698 1907 835 1958 Deus
855 1909 957 1964 est,
980 1913 1086 1952 non
1119 1894 1381 1963 privatum
1411 1889 1696 1958 unicuique
1719 1893 1774 1943 et
1798 1883 2090 1955 peculiare,

524 2002 616 2054 sed
645 2006 923 2051 commune
936 2001 1037 2045 est.
1055 1990 1117 2046 Et
1143 1986 1281 2055 quod
1309 1996 1593 2039 commune
1618 1991 1776 2047 atque
1802 1993 1965 2033 unum
1986 1986 2090 2041 est,

527 2090 675 2159 plura
700 2100 818 2142 esse
848 2098 951 2136 non
980 2087 1175 2148 potest.
1204 2078 1266 2130 Et
1293 2075 1411 2129 ideo
1431 2073 1667 2144 Trinitas
1690 2083 1795 2124 non
1819 2065 2093 2136 pluraliter

527 2154 618 2243 dii,
651 2179 742 2234 sed
787 2188 922 2230 unus
955 2171 1148 2225 dicitur
1188 2168 1349 2222 Deus.
1402 2163 1499 2220 Ubi
1531 2175 1656 2218 vero
1708 2157 1970 2229 peculiare
1996 2154 2094 2211 ali-

527 2270 671 2339 quid,
703 2275 756 2321 et
785 2263 924 2335 quod
958 2262 1009 2315 in
1040 2258 1179 2313 aliud
1211 2271 1315 2310 non
1350 2253 1672 2321 reciprocat,
1719 2248 1899 2313 inest,
1935 2247 2009 2302 ibi
2040 2255 2094 2301 et

528 2360 798 2431 plurumas
823 2363 873 2408 et
900 2348 1172 2409 distinctio
1197 2346 1381 2401 haberi
1409 2351 1603 2415 petest.
1632 2339 1764 2408 Quia
1789 2353 1919 2410 ergo
1936 2339 2093 2392 Pater

525 2428 738 2520 proprie
756 2446 972 2506 dicitur,
994 2450 1049 2494 et
1070 2438 1234 2493 Filius
1260 2435 1479 2504 proprie
1507 2439 1868 2501 nuncupatur,
1890 2437 1954 2484 'et
1975 2428 2091 2502 Spi-

526 2541 660 2596 ritus
691 2546 906 2591 sanctus
950 2529 1163 2601 propria
1188 2522 1553 2599 appellatione
1582 2523 1962 2592 distinguitur,
1996 2535 2094 2577 nec

524 2638 699 2702 potest
745 2627 900 2682 Pater
940 2618 1128 2683 Filius,
1181 2632 1281 2674 nec
1326 2615 1491 2672 Filius
1516 2611 1708 2681 Pater,
1734 2627 1833 2670 nec
1859 2611 2092 2683 Spiritus

527 2731 739 2776 sanctus
758 2729 849 2774 aut
889 2715 1053 2771 Filius
1083 2719 1177 2766 aut
1206 2710 1364 2763 Pater
1393 2705 1655 2775 intelligi,
1686 2704 1986 2760 rectissime
2009 2717 2090 2759 se-

528 2812 756 2866 cundum
789 2806 1181 2861 distinctionem
1226 2812 1571 2868 personarum
1601 2805 1710 2851 tres
1732 2795 2090 2859 nominantur,

529 2903 616 2972 qui
651 2914 821 2953 tamen
845 2893 1134 2960 secundum
1169 2900 1371 2947 natura:
1402 2888 1654 2942 unionem
1687 2884 1954 2939 numerari
1985 2898 2093 2950 non

530 2997 770 3061 pos-unt.
801 2986 863 3039 Et
889 2985 1008 3038 ideo
1031 2981 1130 3037 tria
1153 2988 1278 3036 sunt
1308 2977 1521 3033 nomina
1552 2977 1604 3029 in
1631 2972 2088 3044 personis,Pater,

2194 1805 2349 1859 quam
2399 1788 2451 1846 in
2499 1803 2565 1843 eo
2610 1789 2719 1843 sint
2766 1786 3052 1842 dissimiles
3077 1825 3093 1852 ,
3126 1784 3266 1854 quod
3295 1783 3457 1838 Arius
3479 1783 3743 1842 salutem

2193 1891 2514 1946 creaturam,
2543 1886 2599 1934 et
2619 1879 2895 1934 meliorem
2925 1877 3135 1932 casteria
3163 1875 3356 1930 Filium
3391 1874 3484 1930 Dei
3512 1875 3746 1944 upisausa

2194 1970 2283 2037 sit,
2311 1970 2569 2024 Photinus
2592 1983 2721 2025 vero
2743 1976 3052 2028 terrestrem
3074 2007 3088 2030 ,
3117 1974 3344 2035 uterque
3369 1975 3541 2025 tamen
3566 1978 3745 2026 eorum

2192 2073 2451 2119 creatura:
2473 2063 2686 2116 nomine
2707 2062 2982 2138 copulatur
2999 2100 3015 2124 ,
3039 2059 3166 2114 dum
3188 2059 3610 2133 sivqcceiestetn,
3633 2057 3746 2113 sive

2196 2166 2461 2210 terrenam
2486 2153 2733 2216 dixerint,
2762 2151 2978 2206 minime
2999 2159 3179 2204 tamen
3206 2161 3235 2201 a
3255 2159 3516 2204 creatura:
3537 2144 3742 2200 confes-

2200 2246 2356 2300 sione
2383 2246 2689 2309 discedunt,
2719 2244 3015 2297 adimentea
3037 2241 3249 2310 utrique
3275 2237 3414 2294 Filio
3444 2237 3499 2297 id
3521 2236 3650 2306 quod
3679 2237 3746 2290 de

2195 2337 2351 2392 Patre
2391 2345 2543 2391 natus
2571 2344 2683 2399 est;
2714 2344 2766 2389 et
2811 2335 2912 2388 hoc
2942 2333 3114 2386 solum
3163 2332 3280 2400 ipso
3305 2328 3611 2386 assertionis
3653 2341 3744 2395 ge-

2195 2443 2324 2484 nere
2375 2428 2552 2484 idonel
2597 2428 2810 2495 utrique
2856 2432 2980 2480 sunt
3025 2421 3322 2478 Athanasio
3352 2427 3534 2477 testes.
3564 2417 3665 2475 Sed
3691 2427 3748 2472 et

2192 2520 2316 2575 dum
2350 2517 2622 2589 Christum
2652 2524 2948 2572 creaturam
2979 2512 3238 2580 fatentur,
3268 2525 3460 2567 errore
3490 2507 3746 2565 consimili

2193 2609 2530 2688 reperiuntur
2553 2607 2811 2677 aequales.

2264 2700 2354 2755 χι.
2396 2697 2692 2754 Probabilis
2721 2697 2898 2768 igitur,
2926 2704 2980 2750 et
3005 2694 3152 2750 omni
3180 2693 3427 2749 veritatis
3448 2691 3740 2748 assertione

2192 2789 2439 2856 subnixo;
2466 2797 2648 2857 utpote
2672 2770 2978 2856 apostolicis
3003 2783 3381 2839 traditionibus
3403 2782 3739 2837 commonita.

2194 2894 2261 2934 ex
2285 2893 2470 2934 eorum
2496 2877 2714 2934 veniens
2769 2877 2985 2945 regulis,
3014 2874 3296 2931 Athanasii
3334 2874 3466 2928 ﬁdes
3491 2882 3743 2941 apparuit.

2197 2969 2507 3026 Evitlentins
2530 2983 2759 3040 namque
2783 2968 2935 3023 nobis
2957 2966 3250 3022 secundum
3273 2979 3511 3020 normam
3530 2965 3644 3018 ﬁdei
3661 2979 3743 3018 αις

530 3042 582 3139 et
602 3081 786 3142 Filius,
809 3084 862 3130 et
883 3073 1115 3141 Spiritus
1145 3077 1388 3133 sanctus;
1413 3082 1572 3122 unum
1602 3042 1793 3121 nomen
1814 3065 1864 3119 in
1881 3071 2088 3131 natura,
2121 3042 2166 3106 (ἶ
2198 3042 2407 3118 tholiéaa
2452 3077 2612 3117 unum
2665 3061 2826 3116 Deum
2859 3058 3011 3130 197
3055 3056 3312 3124 ostendit,
3335 3112 3339 3116 ,
3360 3070 3467 3110 non
3518 3055 3744 3131 triparti-

531 3170 702 3232 Dcus;
737 3174 789 3220 et
827 3168 892 3219 oti
916 3162 1017 3215 hoc
1052 3170 1157 3214 tres
1198 3172 1333 3212 unus
1362 3156 1518 3218 Deus.
1551 3154 1691 3229 Ergo
1720 3167 1821 3210 nec
1849 3153 2096 3232 conlusio

529 3261 582 3315 in
613 3256 802 3319 tribus,
833 3266 931 3309 nec
957 3251 1237 3305 diversitas
1265 3250 1316 3303 in
1354 3261 1459 3302 uno
1497 3245 1800 3314 admittitur
1837 3229 2092 3300 nomine:

531 3363 590 3402 ac
611 3335 688 3400 sic
717 3343 948 3399 Trinitas
975 3356 1112 3394 unus
1127 3339 1266 3392 Deus
1287 3347 1370 3392 est
1391 3334 1685 3393 secundum
1722 3345 1926 3393 natura:
1943 3339 2096 3391 unio-

531 3446 687 3499 nem;
720 3443 773 3488 et
802 3447 936 3491 unus
964 3430 1106 3484 Deus
1136 3428 1369 3482 Trinitas
1398 3435 1480 3482 est
1511 3424 1802 3492 secundum
1837 3440 2090 3494 persona-

532 3543 646 3583 rum
675 3523 1094 3579 distinctionem.
1126 3519 1249 3572 Haec
1275 3518 1424 3586 juxta
1455 3502 1731 3571 Athanasii
1753 3530 1967 3571 sensum
1993 3532 2088 3570 ve-

529 3623 644 3676 rius
662 3617 833 3672 adhuc
857 3623 910 3670 et
938 3612 1146 3684 plenius
1175 3617 1348 3681 potest
1377 3607 1600 3677 quisque
1623 3605 1919 3674 disserere;
1941 3609 2093 3677 cuius

532 3710 653 3764 iidei
709 3707 934 3761 assertio
1001 3713 1142 3758 tanta
1191 3699 1433 3755 veritatis
1482 3699 1800 3755 auctoritate
1844 3708 2090 3768 tantaque

531 3800 881 3872 probabilium
915 3810 1090 3851 rerum
1139 3791 1516 3861 astipulatione
1551 3790 1797 3857 fulcitur,
1827 3800 1904 3855 ut,
1941 3803 2080 3845 novo

530 3907 688 3962 atque
713 3891 964 3957 inusitato
987 3884 1210 3941 actionis
1236 3898 1455 3954 genere,
1473 3897 1691 3938 suorum
1715 3883 1884 3951 magis
1903 3882 2091 3938 adver-

531 3987 789 4044 sariorum
836 3979 1138 4046 testimonio
1166 3975 1545 4048 comprobatur
1563 4015 1578 4040 ,
1608 3983 1665 4029 et
1704 3974 1834 4044 ipsis
1860 3973 1981 4028 aliis
2006 3987 2092 4026 ra-

532 4077 759 4132 tionibus
782 4080 989 4143 constet
1008 4079 1166 4141 atque
1199 4066 1456 4122 subsistat
1485 4053 1680 4134 quibus
1703 4062 1906 4128 destrui
1934 4076 2090 4133 posse

531 4156 647 4240 puta
657 4153 760 4222 tur.

602 4259 664 4314 x.
709 4258 849 4312 Dixit
876 4254 1018 4310 enim
1061 4247 1202 4306 idem
1233 4233 1563 4304 Athanasius
1626 4254 1732 4298 tres
1759 4258 1878 4304 esse,
1909 4256 2113 4314 ρει-εο-⁵

531 4366 625 4407 nas
678 4360 732 4403 et
772 4362 927 4401 unam
955 4357 1137 4399 eorum
1182 4353 1303 4395 esse
1335 4349 1603 4400 naturam.
1635 4338 1761 4402 Quae
1788 4335 2045 4389 sententia
2071 4375 2086 4398 ,

2203 3164 2330 3216 tum,
2363 3169 2467 3208 non
2511 3152 2856 3222 singularem,
2883 3164 2989 3204 non
3015 3141 3477 3213 confusum,"non
3501 3146 3742 3210 divisum,

2199 3265 2302 3302 non
2319 3262 2381 3302 ex
2396 3247 2700 3301 diversitate
2716 3259 2829 3299 com
2838 3243 3083 3311 positum,
3101 3255 3204 3295 non
3225 3238 3454 3308 quadam
3480 3238 3740 3306 composi-

2195 3345 2338 3395 tione
2365 3339 2596 3392 unitum:
2626 3336 2717 3411 sed
2746 3336 2816 3388 ita
2843 3336 3048 3388 Patrem
3067 3373 3081 3398 ,
3100 3341 3152 3386 et
3176 3330 3386 3394 Filium,
3417 3339 3470 3384 et
3494 3329 3739 3397 Spiritum

2195 3438 2432 3483 sanctum
2461 3425 2682 3496 propriis
2711 3416 2924 3479 exstare
2949 3421 3362 3493 atquedistingui
3405 3418 3664 3488 per-onis,
3684 3426 3740 3470 ut

2194 3529 2366 3574 tamen
2385 3517 2671 3573 secundum
2698 3513 2991 3584 communis
3022 3521 3221 3566 natura:
3241 3510 3493 3563 unionem
3526 3522 3655 3563 unus
3674 3509 3740 3560 sit

2195 3611 2354 3666 Deus.
2393 3610 2479 3665 illa
2519 3622 2723 3677 quoque
2753 3605 2967 3660 anilium
3001 3602 3291 3657 fabularum
3319 3600 3598 3670 ﬁgmenta.
3627 3599 3737 3668 qli-

2193 3704 2291 3757 bus
2341 3703 2494 3757 Arius
2521 3708 2574 3759 et
2602 3698 2849 3753 Photinus
2870 3739 2886 3763 ,
2930 3697 3229 3764 pariterque
3280 3693 3562 3756 Sabellius,
3589 3691 3735 3744 dubia

2195 3792 2562 3847 vocabulorum
2598 3789 2808 3843 nomina
2841 3784 2979 3839 Patri
3006 3795 3056 3838 et
3088 3783 3223 3837 Filio
3253 3781 3591 3848 tribuebant,
3619 3780 3734 3834 dum

2193 3896 2327 3938 unus
2356 3883 2526 3951 ipsum
2565 3878 2668 3933 sibi
2712 3877 2900 3932 Filium
2931 3874 3197 3938 enectum,
3245 3875 3333 3928 alii
3355 3888 3478 3927 eum
3511 3887 3614 3927 nou
3637 3881 3734 3925 tam

2191 3973 2439 4042 genuisse
2463 3983 2618 4040 quam
2652 3978 2865 4022 creasse
2907 3962 3214 4018 inanissime
3236 3961 3580 4031 iactitabant,
3611 3960 3734 4014 veri-

2194 4064 2313 4118 tatis
2366 4058 2658 4116 assertione
2706 4048 2973 4120 destructa
3017 4061 3311 4107 cesserunt.
3345 4051 3472 4104 Nam
3505 4051 3625 4105 licet
3653 4062 3735 4118 per

2099 4215 2103 4218 ,
2192 4157 2366 4211 varios
2383 4170 2564 4210 eorum
2597 4150 2913 4207 incesserint
2934 4147 3115 4209 calles,
3134 4145 3196 4197 ad
3221 4158 3382 4199 unum
3413 4153 3588 4197 tamen
3602 4154 3735 4197 coms

2194 4249 2360 4318 pitum
2375 4251 2752 4316 pervenerunt.
2788 4240 2907 4296 Toti
2939 4239 3081 4294 enim
3121 4238 3330 4293 Patrem
3366 4250 3472 4290 non
3503 4234 3743 4306 gestasse

2199 4337 2464 4393 dixerunt.
2483 4334 2755 4404 Siquidem
2786 4331 3045 4386 Saliellins
3073 4339 3124 4385 et
3154 4327 3415 4383 Photinus
3439 4335 3617 4396 aperta
3646 4324 3732 4377 hoc

531 4443 748 4500 Sabellii
770 4435 978 4511 quoque
1007 4445 1060 4491 et
1087 4434 1201 4508 Arii
1228 4424 1524 4488 testimonio
1547 4433 1942 4501 comprobatur.
1962 4431 2091 4484 Nam
2129 4400 2176 4459 θ
2203 4415 2475 4497 impietate
2497 4400 2736 4478 astruere
2765 4422 2864 4476 nisi
2884 4429 3026 4476 sunt.
3047 4419 3204 4472 Arius
3219 4431 3347 4472 vero
3370 4416 3420 4469 in
3445 4416 3610 4482 prima
3625 4413 3731 4483 qni-

531 4550 696 4603 usque
738 4533 870 4587 adeo
898 4528 1053 4597 Pater
1071 4569 1096 4598 ,.
1120 4536 1175 4582 et
1207 4517 1405 4588 Filius,
1458 4534 1512 4578 et
1553 4523 1783 4603 Spiritus
1836 4532 2086 4585 sanctus,

531 4600 684 4683 unius
729 4633 852 4699 sunt
900 4619 1211 4695 potestatis,
1242 4618 1502 4685 uniusque
1560 4600 1781 4682 natum,
1815 4625 1870 4690 ut
1901 4614 2086 4670 Sabel-

489 4723 493 4727 ’
531 4722 630 4775 lius
657 4706 850 4785 tantam
877 4715 982 4766 vim
1007 4709 1343 4777 conspiciens
1361 4707 1624 4771 veritatis,
1655 4721 1808 4761 unam
1835 4715 1884 4757 et
1907 4719 2086 4772 sngu-

532 4813 694 4866 Iarem
720 4798 1014 4884 1960338
1043 4787 1321 4871 personam
1351 4800 1640 4866 putaverit.
1672 4796 1775 4852 Sed
1808 4795 1858 4847 in
1884 4803 2084 4866 tantum

531 4915 634 4953 non
662 4906 743 4951 est
768 4883 867 4949 una
890 4905 1135 4964 persona,
1159 4888 1252 4943 sed
1283 4883 1396 4942 tres
1414 4883 1702 4950 distinctae,
1729 4895 1789 4939 ut
1815 4885 1973 4938 Arius
1995 4897 2087 4938 eos

531 4988 837 5059 inmqualcs,
867 4994 922 5041 et
941 4994 1126 5039 natura
1152 4971 1294 5036 dicat
1333 4979 1756 5034 esse'diversos.
1813 4973 1951 5045 Ergo
2008 4976 2089 5029 in-

530 5063 802 5148 atqualitas
824 5078 925 5130 Arii
945 5074 1334 5130 distinctionem
1351 5070 1546 5125 indicat
1571 5082 1913 5137 personarum
1930 5066 2088 5121 .Con-

530 5169 664 5221 fusio
704 5167 915 5223 Sabellii
986 5175 1183 5218 nature
1233 5162 1466 5232 apertius
1536 5159 1781 5211 unionem
1822 5157 2080 5212 ostendit.

507 5257 730 5308 Rursus
756 5258 877 5310 dum
920 5255 1171 5308 Photinus
1214 5254 1276 5306 ad
1307 5250 1763 5308 conﬁrmationem
1796 5247 2077 5302 sententiae

531 5359 661 5406 sum,
694 5359 791 5411 qua
823 5353 966 5411 putat
990 5334 1260 5398 Christum
1305 5356 1490 5410 purum
1522 5340 1789 5394 hominem
1819 5352 1957 5400 esse,
1989 5337 2078 5390 illa

532 5434 747 5500 replicat
783 5433 1077 5488 teStimonia
1110 5447 1225 5502 qua:
1252 5431 1386 5485 idem
1413 5430 1656 5484 Christus
1688 5430 1934 5482 humanas
1954 5442 2080 5483 cou-

531 5523 670 5575 scius
695 5531 893 5575 natura!
916 5534 1005 5576 aut
1032 5524 1236 5576 loculus
1261 5530 1361 5582 est.
1392 5532 1481 5575 aut
1501 5513 1703 5591 peregit
1726 5535 1741 5583 ;
1764 5520 1932 5585 idest,
1952 5517 2073 5571 dttttt

532 5615 737 5667 i'atrem
763 5613 858 5679 sibi
879 5615 1159 5682 mzijoretn,
1192 5623 1243 5667 et
1274 5600 1377 5669 non
1398 5627 1579 5680 suam,
1610 5605 1706 5669 sed
1737 5627 1849 5682 eius
1871 5612 1997 5667 dicit
2021 5625 2078 5668 se

2198 4522 2316 4576 dein
2337 4515 2712 4586 disputationis
2734 4513 2905 4568 fronte
2925 4508 3170 4566 subtilius
3186 4505 3509 4562 eludendum
3528 4502 3727 4573 putarit,

2195 4614 2287 4668 scd
2317 4624 2568 4682 processu
2597 4605 2902 4663 certaminis
2946 4605 3044 4657 hoc
3078 4603 3251 4672 ipsum
3282 4598 3542 4669 pertinaci
3584 4601 3731 4666 impu-

2194 4705 2370 4766 dentia
2401 4697 2720 4762 defensavit,
2747 4708 2991 4749 asserens
3016 4691 3221 4747 Patrem
3246 4700 3352 4745 non
3373 4702 3438 4745 ex
3460 4691 3638 4756 seipse
3655 4701 3730 4755 ge-

2195 4799 2394 4864 nuisse,
2427 4795 2518 4850 Sed
2567 4792 2893 4847 extrinsecus
2951 4788 3147 4842 Filium
3196 4787 3489 4842 ereavisse.
3537 4788 3613 4840 Ae
3652 4797 3729 4852 per

2194 4889 2295 4942 huc
2328 4882 2613 4941 secundum
2656 4883 2874 4934 istorum
2906 4875 3162 4932 nefandus
3187 4887 3400 4929 errores
3435 4876 3629 4928 frustra
3656 4870 3725 4922 di-

2191 4994 2219 5032 e
2241 4988 2326 5032 tur
2357 4969 2528 5037 Pa‘ter,
2559 4973 2600 5027 si
2648 4987 2750 5025 non
2791 4969 3001 5037 genuit;
3036 4966 3303 5020 incassum
3334 4964 3634 5032 appellatur
3657 4959 3726 5013 Fi-

2192 5071 2310 5131 lius,
2342 5080 2495 5136 quem
2528 5063 2760 5133 genitum
2793 5045 2896 5114 non
2922 5070 3039 5111 esse
3065 5055 3314 5109 haeretica
3347 5053 3598 5122 itppietas
3620 5048 3726 5104 deii-

2192 5159 2341 5215 ni‘vit.
2369 5157 2472 5210 Sed
2496 5152 2633 5224 quod
2666 5152 2778 5205 haec
2799 5154 3093 5202 commenta
3121 5144 3313 5200 iuerint
3337 5143 3640 5197 vanissima
3657 5152 3729 5191 sa-

2195 5246 2543 5318 perstitionis,
2583 5239 2912 5311 apertissima
2951 5236 3271 5310 Athanasius
3312 5236 3539 5289 veritate
3571 5228 3728 5297 perdo-

2190 5319 2328 5402 cuit,
2361 5334 2647 5390 os'endens
2671 5330 2877 5386 Patrem
2902 5342 3023 5381 vere
3044 5325 3311 5395 genuisse,
3351 5333 3406 5379 et
3430 5322 3619 5377 Filium
3639 5321 3726 5386 ipsa

2139 5471 2144 5476 .
2194 5415 2396 5496 paterni
2429 5422 2654 5476 nominis
2678 5420 2902 5474 veritate
2933 5431 3055 5470 rere
3092 5416 3330 5485 genitum
3377 5428 3525 5468 esse.

2265 5517 2374 5571 ΧΙΙ.
2416 5515 2590 5569 Cessit
2624 5513 2780 5580 igitur
2840 5509 3170 5562 mentiar-ium
3220 5506 3469 5569 veritati,
3502 5514 3558 5559 ct
3584 5497 3727 5558 omnis

2196 5609 2340 5664 fucus
2381 5593 2658 5660 adulterini
2687 5600 2969 5671 dogmatis,
2993 5599 3295 5670 integritate
3337 5597 3460 5652 [idet
3510 5592 3724 5651 manifes-
