3856 6222
57 263 145 316 2'57

1288 263 1372 316 ns
1411 264 1772 321 TRINITATE
1814 234 1938 322 me:
1969 271 2005 321 ι.
2051 301 2059 309 .

3162 272 3264 328 9'58

46 387 164 439 lata,
197 376 420 429 Laudem
478 378 764 446 aliquando
813 379 1016 432 evanuit
1044 395 1055 430 :
1087 386 1241 446 atque
1284 387 1390 432 tota
1443 381 1602 434 nebu-
1633 385 1676 445 Α
1706 381 1748 433 si
1779 380 1878 433 sibi
1924 380 2179 456 prodesse
2226 383 2442 452 cupiunt
2488 398 2556 452 qu
2581 384 2626 437 id
2659 383 2942 437 Christiani
2970 384 3216 440 dit-untur
3246 429 3261 445 .

43 470 158 522 Iesu:
183 482 322 520 asset
339 468 514 522 tionis
533 471 721 538 caligo,
739 487 856 538 quae
885 486 1065 524 crasso
1090 470 1322 536 perﬁdiae
1345 472 1601 525 velamine

43 563 288 613 humanas
318 560 630 614 obduxerat
662 575 885 626 mentes,
914 563 981 615 ita
1015 564 1190 615 nitore
1217 562 1460 631 fulgentis
1483 561 1600 615 fidei

44 661 201 714 usque
240 648 308 700 ad
345 664 546 714 purum
577 649 810 704 discussa
837 660 954 713 est,
987 662 1043 704 ut
1073 666 1136 704 ne
1171 650 1447 719 vestigium
1482 649 1599 718 qui-

41 739 145 790 dem
173 737 256 791 sui
290 753 337 806 p:
364 738 540 791 tuerit
571 741 766 793 erroris
802 740 1119 807 relinquere.
1159 740 1308 795 Unde
1340 741 1522 793 hortor
1549 750 1646 794 et“

42 827 183 878 simul
229 827 279 879 in
311 841 611 887 commune
640 822 856 891 suadeo,
899 839 1118 884 cunctos
1145 830 1230 899 qui
1256 844 1313 884 se
1343 841 1602 884 noverunt

43 914 273 978 Sabellii,
308 914 429 969 Arii
461 923 519 969 et
546 917 775 981 Pltntini,
804 919 902 972 vel
930 920 1210 988 cujuslibet
1233 921 1454 973 alterius
1498 922 1602 974 [icti

44 1003 294 1070 dogmatis
322 1007 609 1060 erroribus
634 1007 950 1076 implicatos,
979 1010 1022 1062 si
1054 1011 1278 1078 pr0pria:
1301 1010 1456 1064 saluti
1479 1025 1608 1063 con-

46 1095 245 1156 sulunt,
277 1095 340 1163 si,
372 1095 573 1150 lumini
621 1100 911 1153 cmeitatem
945 1115 1046 1152 non
1081 1099 1362 1168 praeierunt
1384 1140 1398 1162 ,
1432 1099 1477 1152 si
1505 1099 1606 1152 sibi

48 1183 220 1236 obesse
247 1184 448 1237 uolunt
496 1187 636 1253 quod
682 1196 783 1240 tatu
829 1188 917 1242 diu
953 1204 980 1241 a
1010 1189 1247 1243 veritatis
1288 1189 1485 1243 lumine
1518 1204 1608 1255 per

50 1272 334 1343 palpabiles
368 1275 618 1331 inanium
649 1279 956 1346 opinionum
990 1284 1244 1334 tenebras
1272 1288 1601 1340 erraverunt.

94 1414 237 1424 :zx:

1715 468 1870 538 198
1920 470 2064 523 omni
2120 473 2455 524 verecundiae
2505 473 2703 538 pudore
2757 469 3074 540 postposito,
3105 473 3266 527 relin-

1708 564 1927 625 quentes
1957 558 2110 610 nosia
2144 557 2358 611 humani
2385 570 2678 614 commenta
2707 561 2928 626 erroris,
2960 560 3148 631 quibus
3171 575 3265 612 ve-

1708 663 1821 699 rum
1848 647 2109 716 reperisse
2128 661 2188 702 se
2217 647 2532 702 fallebantur
2551 689 2565 713 ,
2591 660 2644 702 et
2664 651 2852 718 quibus
2878 650 2977 705 sub
3004 659 3266 718 praetextu

1707 735 1996 788 Christiani
2029 736 2258 789 nominis
2305 752 2334 788 a
2373 737 2567 790 Christi
2595 739 2929 792 confessione
2962 740 3141 808 procul
3172 753 3266 793 ex-

1709 834 1881 877 torres
1924 824 2288 889 babebantur,
2338 826 2463 879 totis
2492 827 2709 890 vitibus,
2734 829 2960 896 totisque
2985 829 3106 882 ﬁdei
3135 828 3265 882 uisi-

1710 916 1829 982 bus,
1853 916 1918 993 ad
1947 923 2129 971 verum
2165 927 2219 971 et
2249 927 2448 970 rectum
2477 919 2781 987 apostolicae
2807 919 2926 974 iidei
2959 921 3221 974 tramitem
3244 959 3258 982 ,

1710 1008 1860 1076 cujus
1886 1007 2208 1068 Athanasius
2249 1008 2474 1062 idoneus
2502 1019 2558 1062 et
2589 1010 2757 1064 tidelts
2787 1021 3016 1064 assertor
3037 1011 3261 1076 exstitit,

1713 1097 2046 1152 retinendum
2066 1099 2214 1152 ocius
2241 1097 2495 1151 festinare
2511 1101 2855 1157 contendant.
2885 1110 2939 1153 ut
2967 1115 3103 1153 verm
3120 1101 3150 1151 ii
3176 1110 3226 1152 te
3240 1129 3260 1139 -

1706 1205 1920 1258 grosque
1963 1190 2310 1248 confessionis
2340 1193 2613 1261 praemium
2661 1194 2947 1247 indubitata
2995 1206 3134 1247 sorte
3173 1210 3261 1246 (πε-ο

1708 1287 1944 1346 possunt.
1989 1282 2178 1332 Amen.
2488 1331 2495 1337 _
2652 1295 2654 1298 ν

675 1499 1420 1611 πιαιιιι
1485 1488 1592 1612 Ἰ

965 1683 1228 1822 DE
1303 1667 2351 1840 TRINITATE

1129 1893 1430 1974 LIBRI
1501 1891 2169 1989 DUODECIM,

613 2030 782 2106 Quos
817 2029 1004 2110 edidit
1037 2029 1155 2090 sub
1196 2029 1446 2088 nomine
1475 2027 1536 2086 S.
1573 2025 1925 2095 Athanasii,
1958 2025 2233 2102 cpiscopi
2269 2019 2708 2086 Alexandrini.

1055 2209 1526 2315 LIBER
1599 2181 2250 2313 PRIMUS.

1170 2349 1251 2408 De
1294 2349 1476 2408 unita
1512 2345 1824 2406 Trinitate
1852 2343 2118 2404 deitatis.

119 2443 490 2512 interrogatio:
515 2443 595 2498 Tu
623 2451 758 2501 unus
772 2445 908 2500 Deus
929 2445 1104 2509 Pater,
1136 2447 1434 2514 unlgenitus
1458 2445 1595 2499 Deus
1627 2446 1670 2505 Β
1700 2441 1908 2496 videtur
1938 2444 2200 2511 ignorare,
2233 2445 2320 2512 qui
2350 2444 2468 2498 huic
2504 2446 2810 2513 plenitutlini
2854 2447 3042 2501 divinze
3079 2447 3255 2502 Trini-

64 2533 228 2592 Filius.
243 2531 631 2601 DeusSpiritus
643 2539 998 2603 sanctus,quia
1014 2545 1167 2588 unam
1182 2535 1430 2589 deitatem
1446 2534 1598 2589 nobis

61 2621 314 2676 tleclarasti
329 2663 345 2686 ,
375 2628 438 2680 et
461 2632 813 2685 sacrosanctis
829 2624 991 2677 solius
1013 2623 1306 2677 divinitatis
1323 2622 1598 2676 iudiv‘isam

63 2715 259 2780 gloriam
275 2715 552 2782 revelasti,
569 2724 624 2771 et
652 2714 938 2784 perfectam
957 2713 1172 2783 gloriam
1185 2709 1459 2768 Trinitatis
1475 2725 1597 2777 tuae,

64 2805 534 2878 sempiternamun
573 2807 953 2876 plenitudinem
1020 2803 1427 2871 demonstrasti,
1479 2805 1599 2860 ideo

67 2897 294 2960 optimum
332 2898 462 2953 duxi
485 2894 547 2954 ut
596 2906 681 2953 tua
731 2899 926 2953 veritas
968 2897 1221 2965 patefacta
1265 2897 1597 2962 claresceret,

67 2993 111 3035 et
146 2987 510 3045 haereticorum
554 2991 763 3044 detecta
793 2988 1003 3044 caecitas
1029 2980 1404 3042 innotescat-et.
1436 2986 1596 3054 Prop-

71 3084 135 3126 ter
152 3076 278 3144 quod
306 3078 489 3136 subito
515 3082 567 3135 in
591 3067 979 3137 aemulationem-
1005 3091 1259 3132 accensus
1288 3087 1370 3131 est
1391 3077 1596 3132 animus

71 3180 220 3227 meus.
264 3181 316 3223 et
366 3168 572 3226 exarsit
624 3173 761 3225 sicut
830 3170 967 3238 ignis
1024 3171 1249 3224 rutilans
1302 3170 1354 3223 in
1404 3170 1594 3224 densas

73 3256 284 3311 ari-torum
337 3261 525 3315 silvas.
584 3257 733 3315 Unde
774 3258 894 3328 quia
946 3259 1093 3313 multi
1148 3269 1478 3314 tentavcrunt
1530 3259 1596 3314 ad

78 3345 204 3414 I99
235 3351 425 3419 stylum
462 3350 676 3406 luminis
720 3353 854 3405 viam
881 3351 1243 3406 demonStrare
1266 3349 1481 3420 iustitia:
1507 3392 1520 3415 ,
1542 3360 1597 3405 et

73 3435 198 3488 nobis
226 3439 418 3506 placuit
450 3457 546 3510 per
571 3441 834 3495 anfractus
859 3443 1112 3511 angustia:
1162 3444 1278 3508 ejus
1337 3443 1435 3496 iter
1467 3442 1596 3495 diri-

72 3539 203 3589 gere,
234 3540 282 3582 et
321 3532 484 3585 latam
525 3543 576 3587 et
612 3532 892 3601 spatiosam
936 3533 1073 3587 viam
1125 3535 1345 3600 primum
1393 3533 1590 3602 fugere,

71 3616 164 3677 quis
215 3631 313 3673 nou
352 3621 552 3688 cupiat,
608 3621 813 3676 detersa
872 3624 1156 3690 antiquitus
1208 3622 1448 3691 caligine,
1503 3630 1596 3691 per”

71 3713 227 3768 aquam
257 3707 370 3760 vita:
402 3711 684 3774 renovari,
709 3721 762 3764 et
795 3722 915 3778 post
939 3712 1148 3766 steriles
1174 3721 1226 3766 et
1249 3713 1458 3780 jejunas
1483 3712 1595 3768 sili-

1705 2532 1827 2584 tatis
1853 2530 2050 2600 aliquid
2075 2532 2300 2608 voluerit
2325 2533 2601 2603 derogare,
2632 2536 2752 2587 dum
2777 2536 2842 2588 de
2869 2545 2920 2590 te
2948 2537 3112 2605 magis
3134 2552 3251 2590 sen-

1703 2621 1886 2687 serim,
1916 2635 2071 2689 quam
2096 2622 2305 2690 proprie
2351 2623 2546 2690 aliquid
2585 2624 2651 2677 de
2679 2639 2795 2678 meo
2830 2625 3075 2679 dixerim.
3105 2625 3255 2678 Nun-

1703 2711 1825 2779 quid
1855 2723 2019 2766 totum
2066 2714 2352 2769 secundum
2395 2716 2770 2781 professionem
2816 2720 3006 2787 regulm
3034 2721 3180 2774 credi
3210 2729 3258 2774 te

1706 2813 1902 2859 tantum
1945 2805 2261 2873 permisisti,
2288 2814 2343 2860 et
2372 2799 2526 2860 nullo
2565 2810 2868 2862 omnimodo
2909 2811 3119 2865 mentali
3148 2824 3257 2863 ser.

1703 2908 1859 2947 mone
1884 2893 2094 2947 deliniri
2121 2895 2368 2947 voluisti?
2400 2895 2638 2962 Nunquid
2665 2897 2787 2964 quia
2816 2913 2906 2965 per
2935 2899 3086 2951 fidem
3113 2897 3257 2952 credi

1703 2992 1752 3037 te
1793 2982 2095 3051 permisisti,
2132 2993 2188 3038 et
2229 2983 2479 3038 deitatem
2521 2985 2808 3040 divinitatis
2851 2997 2950 3040 tuae
2988 2987 3257 3041 immensas

1699 3072 1834 3140 apud
1868 3087 1966 3127 nos
2003 3082 2386 3128 ulenarrcmus
2408 3075 2647 3141 jussistii
2678 3074 2920 3145 Nunquid
2951 3078 3069 3147 quia
3103 3092 3129 3152 πρ
3162 3092 3257 3130 no-

1699 3161 1779 3215 bis
1801 3162 2014 3224 sentiris
2037 3163 2265 3231 proprie,
2295 3172 2349 3217 et
2372 3163 2595 3217 dicendo
2618 3166 2888 3220 deiiniris?
2911 3169 3057 3221 Absit
3081 3211 3096 3233 ,
3131 3167 3254 3220 dum

1700 3235 1838 3305 Deus
1866 3260 1920 3304 tu
1950 3252 2040 3308 tibi
2072 3261 2272 3306 tantum
2296 3256 2441 3306 solus
2468 3255 2678 3322 proprie
2700 3270 2756 3309 es
2786 3259 3009 3325 agnitus.
3037 3257 3256 3325 Prolitcr

1697 3340 1837 3408 quod
1867 3342 2085 3409 supplex
2125 3342 2514 3410 impensissime
2543 3344 2764 3398 obsecro
2796 3357 2898 3398 tute
2929 3347 3255 3413 tranquillis-

1698 3432 1846 3485 sima:
1877 3431 2151 3510 Trinitatis
2187 3433 2431 3501 gloriam,
2479 3442 2534 3486 ut
2570 3436 2824 3503 perducas
2851 3452 2935 3490 me
2961 3437 3026 3488 ad
3059 3434 3252 3490 statum

1701 3523 2156 3598 perfectumiidei,
2179 3525 2526 3593 confessionis
2554 3543 2683 3582 mea:
2713 3529 2868 3581 verba
2894 3538 3251 3597 promentem.

1701 3615 1754 3668 Si
1782 3615 1976 3668 coelum
2009 3616 2089 3670 vel
2138 3617 2257 3670 caeli
2288 3632 2390 3670 non
2421 3619 2689 3670 sufﬁciunt
2714 3618 2776 3671 ad
2818 3607 3136 3684 prodendam
3163 3635 3252 3672 sn-

1697 3703 1872 3757 blimis
1899 3704 2058 3776 200
2090 3692 2462 3772 magnitudinis
2488 3716 2586 3759 tutu
2612 3707 2816 3763 laudem
2843 3725 2855 3772 ;
2891 3709 2930 3759 si
2963 3723 3064 3760 non
3089 3707 3247 3761 satia-

72 3805 175 3854 quas
202 3810 377 3864 panem
413 3799 544 3854 νίιω
577 3802 754 3865 cdere,
797 3803 882 3867 ει,⁹
917 3803 1108 3857 omissa
1145 3804 1391 3872 voragine
1416 3805 1590 3871 ροευιῖ
1620 3802 1666 3864 c
1699 3803 1781 3844 tur
1833 3795 2012 3847 oculus
2068 3795 2132 3847 ad
2170 3795 2472 3858 videndum,
2509 3805 2600 3848 aut
2648 3797 2792 3849 'anris
2832 3798 2892 3850 ad
2932 3798 3247 3850 audiendum

73 3888 304 3952 venenosi,
341 3889 563 3943 calicem
610 3892 858 3944 salutaris
904 3892 1164 3960 accipere,
1202 3899 1276 3956 et,
1326 3901 1586 3959 prostrata

72 3969 290 4032 idolorum
325 3979 544 4048 profana
569 3970 811 4043 'cultuta,
866 3981 1030 4034 Deum
1075 3997 1256 4036 verum
1299 3986 1589 4051 aghoscere

71 4071 346 4134 creatorem,
377 4078 436 4125 et
467 4069 518 4124 in
551 4087 733 4134 unum,
776 4081 951 4138 Spreta
988 4071 1264 4127 inveterati
1294 4066 1590 4130 sibilati‘dne
1622 4108 1634 4121 ι

71 4159 294 4220 serpentis
313 4202 326 4221 ,
361 4161 615 4230 hymnum
648 4161 755 4214 Deo
780 4166 1009 4218 suaviter
1038 4163 1320 4217 decantare
1344 4205 1359 4228 ,
1395 4173 1450 4218 et
1475 4175 1588 4218 tan-

73 4242 183 4309 dem,
204 4246 439 4303 refutatis
462 4252 728 4318 squamosi
759 4253 1001 4306 draconis
1032 4252 1299 4319 uberibus,
1331 4270 1393 4307 ex
1425 4269 1589 4327 evan-

71 4333 217 4394 g‘elicis
239 4340 509 4407 praeceptis
532 4341 687 4393 melle
713 4351 763 4392 et
790 4339 921 4392 lacte
946 4341 1109 4408 putari
1135 4381 1149 4404 ,
1190 4350 1242 4394 et
1270 4350 1453 4396 rursus
1491 4355 1582 4408 per

75 4420 488 4484 immortalitatem
519 4437 840 4497 resumplatu
882 4434 1096 4499 angelos
1141 4440 1406 4499 apostatas
1445 4431 1585 4499 iudi-

71 4503 166 4567 care
183 4527 268 4580 .‘et
294 4531 403 4587 pust
432 4532 700 4575 terrenum
728 4522 992 4576 hominem
1010 4521 1309 4576 coelestibus
1331 4523 1505 4589 regnis
1531 4532 1601 4577 et.

73 4605 340 4684 sublimibus
388 4613 444 4666 in
489 4609 779 4666 Jerusalem
812 4614 1141 4680 mancipari?
1167 4613 1333 4681 Rogo,
1366 4629 1482 4682 quae
1530 4625 1583 4667 et

74 4708 228 4758 quiante
250 4713 324 4770 est
354 4705 469 4757 haec
491 4705 542 4755 in
574 4702 680 4757 Deo
703 4703 1039 4757 humanitatis
1061 4704 1291 4766 dilectio,
1326 4707 1410 4772 qui
1440 4713 1580 4757 tanta

77 4789 245 4844 Plautia
276 4793 609 4847 credentibus
637 4791 942 4859 pollicetur?
972 4793 1099 4860 Quis
1116 4809 1218 4847 non
1249 4793 1389 4846 omni
1421 4794 1583 4846 avidi-

79 4878 156 4924 tale
180 4874 367 4933 festinet
393 4883 464 4933 de
497 4881 640 4949 gravi
686 4895 871 4934 somno
912 4895 1214 4949 exsurgere,
1259 4891 1311 4935 et
1351 4883 1583 4936 clarissi-

79 4973 183 5014 mam
226 4965 383 5022 lucem
429 4984 550 5022 cum
596 4969 794 5021 infinita
837 4970 1183 5024 admiratione
1229 4971 1585 5040 conspicere?

78 5049 206 5111 Quam
233 5061 375 5126 cupio
405 5075 511 5112 non
543 5060 605 5112 ad
631 5062 875 5128 pupillam
906 5061 1178 5114 oculorum
1209 5061 1477 5116 obtutibus
1498 5077 1585 5116 os-

1697 3895 1858 3950 opcra
1888 3883 2288 3952 magnificentia:
2319 3893 2421 3937 tua:
2442 3925 2456 3949 ,
2490 3885 2628 3939 unde
2654 3885 2844 3939 sufficit
2878 3891 3106 3953 parvitas
3132 3904 3245 3940 utea

1689 3974 1926 4043 geminas
1952 3975 2001 4026 in
2025 3975 2364 4029 confessione
2390 3975 2589 4029 referre
2613 3976 2705 4029 tibi
2737 3977 2991 4030 maximas
3010 3978 3248 4045 gratias?

1689 4064 1836 4119 Adeo
1885 4067 2091 4119 veniam
2124 4067 2362 4135 postulo,
2396 4073 2463 4119 ne
2504 4067 2637 4120 forte
2662 4081 2779 4120 cum
2816 4057 3246 4136 praesumptionis

1690 4154 1828 4207 dicta
1859 4169 2218 4223 assumpsere,
2246 4165 2347 4208 tute
2375 4157 2633 4223 majeSIati
2658 4157 2836 4210 videar
2864 4157 3057 4223 aliquid
3089 4159 3245 4212 dero-

1687 4261 1834 4315 gare.
1866 4245 1971 4300 Sed
1997 4238 2293 4313 prostratus
2320 4248 2466 4314 iaceo
2497 4257 2617 4302 ante
2649 4259 2750 4301 tua:
2774 4250 3109 4304 sublimitatis
3129 4251 3244 4321 glo-

1691 4343 1783 4393 ria:
1814 4339 2017 4408 sedero,
2049 4348 2108 4393 ut
2143 4343 2418 4408 permittas
2444 4355 2529 4394 me
2556 4341 2622 4394 de
2651 4341 2972 4409 plenitudine
3014 4343 3242 4397 thesauri

1690 4431 1761 4482 tui
1790 4430 1918 4499 legis
1943 4429 2143 4484 fontem
2175 4431 2379 4494 bibere,
2408 4441 2458 4485 et
2485 4431 2552 4485 de
2582 4439 2804 4498 quatuor
2834 4431 3245 4489 esuberantibus

1689 4519 2570 4587 llumiuibusaquamvitzebanrire.
2597 4521 2673 4574 Ex
2701 4521 2888 4588 quibus
2913 4521 3243 4578 confidenter

1689 4613 2052 4664 haereticorum
2097 4613 2444 4679 blaspltemias
2485 4627 2576 4680 per
2623 4614 2988 4667 auctoritatem
3045 4617 3243 4681 regula!

1689 4703 2112 4769 prmscribamus.
2162 4714 2215 4756 et
2256 4703 2631 4756 catholicorum
2680 4717 2707 4756 a
2756 4704 3077 4770 sempiterno
3121 4707 3243 4758 vine

1689 4793 1910 4858 Spiritu,
1938 4790 2078 4844 velut
2105 4791 2170 4845 de
2195 4791 2422 4845 nectaris
2447 4790 2594 4847 fonte
2619 4792 2776 4847 corda
2802 4792 3091 4845 sitientium
3126 4794 3245 4846 irri-

1686 4897 1892 4950 gemus.
1940 4882 2060 4936 ηερ
2089 4892 2191 4949 est,
2217 4883 2448 4951 inquam,
2489 4883 2722 4936 materias
2745 4881 2969 4935 formula
3001 4884 3051 4936 in
3093 4884 3244 4936 colli-

1688 4977 1836 5028 sione
1860 4973 2229 5028 haereticorum
2254 5014 2269 5038 ,
2304 4981 2358 5028 et
2381 4974 2492 5027 hate
2520 4982 2600 5027 est
2625 4974 2755 5027 tituli
2773 4974 2984 5025 victoria
3013 4972 3062 5025 in
3087 4971 3241 5024 abso.

1687 5067 1887 5118 lutione
1904 5064 2306 5127 catholicorum,
2325 5079 2482 5132 quam
2507 5064 2766 5133 significat
2783 5064 3067 5132 principale
3091 5079 3240 5114 man-

81 5144 269 5208 tendere.
294 5151 380 5204 sed
415 5151 674 5220 religiosis
704 5151 954 5204 fratribus
983 5151 1032 5204 in
1076 5165 1268 5204 arcano
1299 5152 1472 5206 cordis
1499 5167 1582 5206 se-
1607 5165 1658 5224 ι)
1685 5164 1862 5208 datum
1891 5153 1982 5208 Dei
2021 5172 2033 5205 :
2069 5153 2260 5207 Euntes
2290 5154 2536 5222 baptizata
2563 5169 2729 5206 omnes
2761 5163 2928 5223 gentes
2958 5155 3006 5206 in
3037 5155 3238 5205 nomine

83 5244 191 5286 creto
209 5241 498 5296 recondere.
528 5240 582 5295 lu
614 5255 719 5310 quo
742 5257 844 5312 non
868 5241 1130 5294 ambitiosi
1155 5241 1433 5296 voluminis
1454 5257 1582 5296 cou-

82 5318 151 5374 h‘ci
193 5312 462 5397 cumulum,
509 5342 575 5384 ne
614 5333 732 5394 plus
780 5332 939 5385 verba
995 5345 1362 5401 exaggerarem
1426 5347 1580 5401 quam

85 5423 246 5470 sensum
274 5420 704 5490 investigantibus
740 5402 1079 5486 intimarcm;
1118 5422 1210 5476 sed
1251 5423 1479 5477 breviter
1515 5440 1578 5478 ex

85 5511 195 5563 Mtte
210 5514 480 5566 secundum
513 5513 913 5582 promissionem
944 5513 1146 5566 intinita
1175 5515 1578 5583 comprehendi,

89 5601 127 5643 ει
145 5595 296 5656 humili
318 5598 558 5660 sermone
585 5604 830 5659 sublimia
864 5604 1109 5657 iudicavi.
1144 5603 1294 5659 Unde
1323 5615 1486 5658 totum
1510 5605 1578 5657 ibi

90 5688 368 5764 eupleoum,
396 5695 484 5751 ubi
511 5693 644 5750 nihil
671 5702 754 5749 est
795 5697 989 5760 minus,
1027 5692 1130 5748 imo
1165 5693 1378 5762 penitus
1411 5704 1577 5748 totum

1690 5243 1880 5306 Patris,
1910 5253 1956 5297 et
1987 5243 2127 5309 Filii,
2160 5254 2204 5298 et
2237 5244 2458 5309 Spiritus
2484 5246 2644 5298 sancti
2665 5243 2874 5314 (Matth.
2897 5258 3080 5309 xxvut,
3104 5246 3188 5312 l9)
3215 5245 3238 5296 ’ἔ

1689 5332 1822 5386 Audi
1863 5334 1912 5386 in
1949 5333 2049 5387 hoc
2086 5333 2398 5386 admirabile
2425 5347 2487 5387 ac
2518 5333 2692 5402 regale
2718 5333 3009 5395 decretum,
3042 5332 3092 5386 in
3132 5347 3238 5401 quo

1688 5439 1846 5478 omne
1874 5435 2260 5478 sacramentum
2293 5424 2344 5478 in
2375 5424 2571 5477 deitate
2601 5422 2869 5477 Trinitatis
2909 5423 3082 5477 uniter
3104 5437 3235 5476 con-

1687 5515 1900 5569 tinetur.
1921 5514 2048 5580 Quia
2078 5514 2213 5567 dixit
2249 5514 2302 5567 in
2331 5515 2551 5581 nomine,
2579 5514 2852 5570 evidenter
2880 5529 3033 5567 unam
3068 5514 3235 5566 deita.

1687 5613 1790 5657 tem
1820 5607 1871 5657 in
1900 5603 2159 5658 Triuitate
2183 5605 2474 5658 censistere
2503 5604 2809 5658 declaravit.
2844 5604 2910 5657 Et
2941 5604 3076 5671 quod
3108 5617 3231 5670 pro.

1684 5704 1896 5752 secutus
1933 5701 2040 5762 est,
2070 5693 2256 5761 Patris,
2289 5702 2333 5750 et
2370 5692 2515 5761 Filii,
2557 5705 2601 5748 et
2648 5693 2874 5764 Spiritus
2919 5693 3101 5760 sancti,
3143 5708 3234 5763 per
