3802 6246
555 359 655 412 239

553 474 755 539 singula
791 476 998 527 nomina
1029 476 1258 544 singulas
1292 491 1549 544 personas
1579 479 1750 532 inesse
1779 481 2031 534 distinxit.

628 564 924 618 llarrcticus.
951 566 1108 626 Sane,
1138 575 1191 618 ut
1218 569 1360 635 prius
1389 568 1512 621 milli
1545 570 1841 623 summatim
1871 570 1937 625 de
1960 576 2105 626 unito

551 653 764 706 deitatis
817 655 1030 709 nomine
1085 657 1370 712 multifario
1420 659 1616 712 dictum
1669 659 1732 711 ad
1788 659 2102 730 interrogata

551 759 807 809 exponas,
841 747 1069 812 postulo,
1106 757 1158 800 et
1188 748 1263 801 sic
1305 750 1369 804 de
1414 749 1714 804 nominibus
1759 766 2101 820 personarum

550 834 599 884 in
628 837 995 901 prosequendo
1023 836 1335 906 distinguas.

619 920 966 992 Interrogatio.
999 923 1106 978 Cur
1137 929 1277 980 unita
1305 937 1384 980 est
1410 927 1614 980 deitas?

622 1010 915 1078 Responsio.
941 1015 1073 1080 Quia
1103 1017 1242 1070 nulla
1273 1024 1352 1070 est
1377 1015 1428 1070 in
1458 1015 1555 1069 hac
1582 1017 1908 1085 plenitudine
1930 1019 2104 1075 Trini-

548 1101 668 1152 tatis
695 1101 1028 1169 ambiguitas.

618 1193 979 1265 Interrogatio.
1024 1198 1125 1251 Cur
1152 1211 1284 1251 unus
1322 1208 1402 1253 est
1440 1199 1577 1253 Deus
1615 1201 1790 1265 Pater,
1821 1212 1874 1257 et
1913 1203 2098 1272 Filius,

541 1295 595 1339 et
626 1287 854 1354 Spiritus
886 1288 1145 1340 sanctus?

618 1377 910 1443 Responsio.
961 1377 1105 1431 Unus
1152 1378 1239 1432 ubi
1291 1379 1490 1445 dixisti,
1533 1381 1596 1434 ad
1652 1384 1852 1438 unitum
1903 1401 2096 1440 nomen

540 1463 748 1518 dcitatis
784 1477 834 1517 tu
879 1466 988 1533 ipse
1026 1466 1246 1522 retulisli
1287 1471 1496 1524 nomina
1526 1485 1585 1526 ea
1616 1486 1734 1542 quae
1774 1473 1825 1528 in
1855 1479 2098 1546 personis

543 1555 846 1608 tIiStinxisti.

609 1644 968 1715 Interrogatio.
995 1649 1100 1702 Cur
1126 1651 1271 1703 solus
1296 1651 1466 1704 Deus?

613 1735 900 1802 Responsio.
956 1739 1149 1807 Utique
1194 1742 1315 1808 quia
1361 1742 1469 1795 sola
1518 1742 1690 1797 deitas
1733 1745 1785 1798 in
1834 1745 2094 1804 Trinitate

534 1825 798 1889 consistit,
825 1826 944 1880 idco
969 1828 1115 1882 solus
1147 1831 1302 1882 Deus.

602 1912 961 1982 Interrogatio.
991 1917 1096 1969 Cur
1119 1911 1467 1985 Omnipotens
1500 1918 1673 1974 Deus?

603 2001 897 2070 Responsio.
925 2005 1220 2070 Manifesta,
1248 2008 1491 2078 quoniam
1516 2009 1849 2080 omnipotens
1871 2023 1954 2070 est
1974 2015 2086 2086 ipsa

530 2093 701 2146 deitas
735 2095 1025 2148 Trinitatis.

601 2185 951 2254 Interrogat'o.
987 2187 1090 2239 Cur
1121 2202 1256 2241 unus
1285 2203 1441 2244 verus
1475 2187 1646 2244 Deus?

599 2275 891 2341 Responsio.
941 2278 1122 2331 l’rocul
1158 2280 1316 2332 dubio
1346 2279 1469 2333 dum
1507 2296 1607 2334 una
1638 2296 1762 2335 vera
1800 2283 1868 2338 sit
1899 2295 2081 2342 natura

526 2365 821 2432 Trinitatis,
856 2379 1130 2437 propterea
1156 2386 1290 2424 unus
1311 2381 1392 2426 est
1423 2386 1574 2430 verus
1607 2372 1771 2434 Deus.

595 2468 948 2539 Interrogatio.
979 2470 1084 2524 Cur
1119 2486 1253 2524 unus
1285 2471 1456 2526 bonus
1485 2483 1564 2526 est
1599 2474 1770 2530 Deus?

597 2557 888 2628 Responsio.
931 2559 1198 2625 Quatenus
1235 2562 1374 2615 nulla
1405 2562 1680 2616 diversitas
1705 2565 1884 2632 dispar
1917 2576 2000 2619 est
2031 2567 2081 2620 in

525 2661 626 2699 una
676 2647 968 2702 substantia
1011 2648 1201 2702 divina:
1250 2650 1539 2715 Trinitatis,
1572 2667 1633 2706 ac
1672 2668 1764 2722 per
1813 2654 1912 2709 hoc
1948 2672 2081 2711 unus

521 2737 675 2806 201
705 2737 873 2791 bonus
896 2749 973 2791 est
998 2740 1152 2793 Deus.

594 2835 952 2908 Interrogatio.
984 2839 1089 2891 Cur
1113 2853 1350 2892 summus
1380 2840 1552 2895 Deus?

591 2934 888 3001 Responsio.
921 2936 1182 3002 Quoniam
1222 2936 1334 2992 haec
1377 2937 1563 2992 eadem
1610 2939 1723 3008 ipsa
1763 2953 1966 2995 summa
2000 2951 2080 2997 est

519 3026 811 3080 substantia
838 3026 1130 3081 Trinitatis.

587 3120 944 3197 Interrogatio.
970 3124 1078 3179 Cur
1101 3140 1234 3179 unus
1257 3134 1338 3181 est
1362 3127 1654 3184 Dominus?

587 3223 886 3292 Responsio.
932 3223 1195 3278 Memento
1234 3224 1430 3278 unitam
1472 3241 1593 3282 esse
1631 3225 1992 3283 dominatione
2022 3229 2074 3282 in

517 3322 701 3368 natura
731 3315 1063 3382 Sempiterna:
1087 3312 1380 3380 Trinitatis,
1409 3325 1462 3369 et
1491 3312 1609 3370 ideo
1633 3329 1769 3370 unus
1797 3315 2074 3373 Dominus.

587 3402 944 3474 Interrogatio.
977 3405 1080 3457 Cur
1119 3419 1221 3458 una
1267 3413 1350 3459 cst
1388 3404 1559 3474 imago
1597 3404 1876 3460 invisibilis
1906 3407 2074 3462 Trini-

515 3494 673 3548 tatis?

583 3591 877 3666 Responsio.
909 3594 1038 3660 Quia
1071 3610 1172 3648 una
1204 3594 1495 3665 eademque
1523 3587 1691 3651 duitas
1725 3598 1808 3650 est
1853 3597 1904 3651 in
1944 3597 2073 3652 ima-

512 3683 631 3750 gine
659 3683 916 3736 veritatis.
1943 3689 1948 3692 ’

579 3779 937 3849 Interrogatio.
968 3782 1072 3835 Cur
1100 3798 1234 3836 unus
1265 3793 1344 3837 est
1375 3783 1589 3852 spiritus
1620 3785 1792 3840 Deus?

585 3881 881 3950 Responsio.
914 3881 1097 3936 Nonne
1127 3898 1227 3937 una
1260 3893 1341 3939 est
1369 3893 1554 3944 natura
1592 3875 1814 3940 deitatis’
1841 3887 2070 3956 Spiritus

514 3973 705 4038 sancti,
733 3987 850 4046 qum
879 3973 932 4028 in
965 3972 1136 4036 Patre,
1169 3983 1221 4028 et
1263 3974 1416 4042 Filio,
1450 3985 1504 4031 et
1543 3976 1592 4029 in
1626 3993 1746 4032 sese
1771 3980 2068 4035 consistens

512 4061 628 4115 est?
654 4061 774 4141 Ideo
804 4077 936 4119 unus
964 4074 1043 4117 est
1071 4063 1297 4132 Spiritus
1323 4065 1475 4118 unius
1498 4065 1789 4132 Trinitatis,
1817 4071 1936 4138 quia
1962 4086 2063 4143 una

511 4162 594 4208 est
627 4154 949 4224 sempiterna
990 4157 1040 4211 in
1083 4157 1177 4211 hac
1209 4157 1318 4224 ipsa
1347 4155 1605 4212 Trinitate
1635 4158 1905 4228 plenitudo
1935 4161 2067 4217 divi-

509 4245 710 4299 uitatis.
1509 4300 1511 4302 .

581 4340 938 4412 Interrogatio.
969 4343 1075 4398 Cur
1103 4345 1319 4414 aequalis
1347 4356 1427 4402 est
1463 4363 1564 4401 una
1597 4348 1856 4404 Trinitas?

577 4440 877 4508 Responsio.
909 4441 1039 4508 Quia
1069 4451 1122 4496 et
1148 4444 1466 4513 sempiterna
1494 4457 1574 4500 cst
1603 4448 1651 4499 in
1677 4446 1784 4514 ipsa
1808 4447 2064 4505 Tnnitale

509 4527 697 4586 deitas.
730 4529 895 4598 Rogo,
928 4544 1031 4586 non
1058 4531 1435 4588 animadvertis
1455 4548 1641 4589 omnes
1668 4550 1801 4604 pene
1831 4537 2059 4595 hatreses

505 4620 557 4674 iu
587 4619 686 4682 hoc
716 4619 862 4672 titulo
892 4619 1088 4677 unitam
1110 4620 1356 4676 deitatem
1387 4615 1576 4690 Patris,
1607 4631 1660 4679 et
1692 4625 1827 4689 Filii,
1859 4637 1910 4680 et
1937 4628 2056 4697 Spi-

505 4710 636 4763 ritus
661 4708 824 4762 sanCIi
852 4709 1234 4777 blasphemare,
1255 4710 1379 4765 dum
1405 4711 1515 4766 hinc
1536 4729 1654 4782 quae
1675 4719 1914 4783 superius
1940 4719 2057 4770 uui-

505 4807 586 4853 ter
617 4802 665 4853 in
694 4800 947 4854 Trinitate
976 4809 1096 4853 sunt
1121 4801 1256 4856 dicta
1280 4797 1345 4857 ad
1377 4819 1530 4857 unam
1563 4821 1837 4873 personam
1890 4809 2058 4864 Patris

504 4889 582 4942 illi
616 4890 972 4945 tantummodo
994 4892 1261 4946 conferant
1299 4892 1447 4959 iQua
1476 4894 1541 4948 de
1570 4911 1628 4949 re
1667 4907 1877 4950 strenue
1907 4900 2056 4954 nobis

503 4977 847 5033 laborandum
871 4988 971 5044 est,
1003 4981 1107 5034 imo
1132 4980 1390 5036 adversus
1422 4991 1495 5035 tot
1515 4993 1775 5037 sectarum
1807 5001 2053 5055 congres-

501 5067 678 5122 siones
717 5070 960 5124 atrociter
1005 5086 1121 5126 cum
1169 5074 1366 5127 inﬁnita
1410 5075 1761 5130 sollicitudine
1795 5076 2050 5132 dimican-

501 5161 647 5222 dum.
679 5169 736 5213 ut
767 5160 971 5228 penitus
1007 5163 1240 5218 discussa
1284 5164 1653 5220 baareticorum
1685 5167 1927 5235 caligine,
1960 5170 2048 5223 lux

501 5249 817 5317 evangelica:
864 5251 1177 5318 cognitionis
1218 5256 1468 5321 patefacta
1514 5256 1627 5309 elar
1661 5268 1792 5320 seat,
1840 5269 1890 5312 et
1937 5259 2047 5313 b'a-

499 5331 886 5407 sphemantium
918 5343 1119 5395 detecta
1148 5345 1356 5397 caecitas
1385 5346 1693 5400 innotescat.
1721 5348 1870 5412 Unde
1900 5351 2050 5406 nobis

499 5432 762 5497 paulisper
786 5448 880 5500 pro
902 5432 1284 5488 examinatione
1303 5437 1572 5502 superiora
1598 5441 1879 5494 retexenda
1903 5453 2050 5506 sunt,

500 5533 555 5572 ut
585 5522 876 5589 legentibus
909 5525 988 5576 vel
1020 5505 1455 5590 investigantibus
1483 5529 1756 5584 veritatem
1786 5532 1957 5585 omnis
1987 5505 2050 5585 ad

498 5607 749 5675 liquidum
797 5611 1071 5679 scrupulus
1117 5610 1438 5672 inﬁdelitatis
1475 5616 1541 5673 dc
1583 5631 1777 5673 arcano
1817 5621 2050 5689 pectoris

498 5698 785 5752 auleratur.

1835 366 2047 422 VlGlLll
2085 363 2449 424 TAPSENSIS

2131 483 2180 538 Α
2214 476 2463 532 Ριηιιενσα
2497 481 2738 532 duntaxat
2770 481 2832 532 de
2859 488 3174 533 sacrosancto
3204 482 3342 534 unita
3372 482 3568 535 nomine
3593 481 3721 536 Trini-

3643 374 3721 428 ﬁli)

2912 560 3047 602 tatis.

2278 640 2413 708 Ergo
2444 640 2528 693 ubi
2561 656 2717 694 unum
2753 641 2915 694 Deum
2948 641 3181 707 mctnini,
3224 657 3328 695 non
3360 643 3426 697 ad
3457 658 3602 696 unam
3629 654 3719 696 tan-

2206 729 2474 782 tummodo
2515 745 2790 798 personam
2822 730 2988 783 Patris
3037 730 3150 783 ltmc
3196 732 3246 783 in
3291 731 3518 785 dicendo
3562 738 3718 793 laxavi,
3800 729 3802 776 i

2171 819 2326 871 ~dum
2371 819 2557 872 Filium
2590 820 2655 874 de
2686 835 2786 873 una
2829 819 2997 873 Patris
3035 833 3151 872 esse
3194 821 3518 886 plenitudine
3546 823 3720 874 deitatis
3800 839 3802 875 ε

2202 919 2252 962 ct
2283 909 2537 977 Spiritum
2567 921 2802 964 sanctum
2832 927 2933 964 non
2962 910 3163 980 negavi.
3193 910 3257 963 Et
3281 912 3450 963 solum
3478 912 3628 965 Deum
3651 913 3718 964 ulti
3800 940 3802 978 ;

2203 1002 2511 1066 memoravi,
2557 1017 2659 1056 non
2699 1003 2761 1056 ad
2799 1004 2966 1056 solam
3003 1016 3281 1068 personam
3321 1001 3490 1056 Patris
3533 1004 3652 1066 hac,
3680 1015 3721 1055 ut
3800 1001 3802 1068 l

2201 1091 2370 1144 dicam
2407 1094 2599 1156 verius,
2625 1094 2844 1148 indicavi
2875 1135 2891 1161 ,
2921 1094 3042 1162 quia
3075 1093 3259 1148 Filium
3285 1102 3339 1147 et
3359 1093 3606 1162 Spiritum
3633 1110 3722 1148 san-
3800 1095 3802 1146 ι

2200 1197 2340 1238 ctum
2369 1185 2434 1239 de
2469 1185 2566 1240 hac
2605 1187 2714 1252 ipsa
2759 1187 2869 1240 so'a
2917 1186 3209 1240 substantia
3256 1185 3544 1240 divinitatis
3581 1183 3721 1237 Patris
3800 1199 3802 1242 ε

2200 1291 2319 1330 esse
2345 1292 2448 1330 non
2481 1278 2683 1346 negavi.
2708 1276 2960 1332 Similiter
2990 1278 3400 1345 omnipotentem
3435 1275 3612 1334 Deum,
3633 1276 3721 1328 sive

2204 1383 2383 1420 verum
2410 1367 2596 1431 Deum,
2619 1368 2699 1420 vel
2725 1367 2918 1422 bonum
2947 1367 3132 1431 Deum,
3159 1375 3247 1422 aut
3266 1357 3531 1420 summum
3559 1364 3719 1426 Deum,
3800 1357 3802 1408 ἰ

2197 1471 2290 1509 seu
2315 1472 2472 1510 unum
2499 1457 2750 1526 Spiritum
2773 1447 3035 1522 sanctum,
3057 1457 3123 1511 de
3144 1471 3245 1524 quo
3266 1457 3566 1510 summatim
3591 1460 3720 1524 paulo
3800 1469 3802 1527 ξ

2198 1558 2320 1600 ante
2370 1549 2594 1610 narravi,
2629 1549 2786 1616 202
2824 1561 2999 1600 nonne
3037 1549 3148 1601 haec
3177 1553 3374 1625 cuncta
3400 1545 3644 1600 vocabula
3671 1547 3720 1597 ad
3800 1577 3802 1596 ι

2199 1637 2397 1691 unitam
2429 1639 2751 1694 divinitatem
2786 1638 2975 1704 Patris,
3000 1648 3051 1692 et
3082 1635 3222 1702 Filii,
3252 1647 3306 1693 et
3333 1639 3498 1691 sancti
3523 1635 3722 1704 Spiritus
3800 1637 3802 1659 ⁵

2197 1727 2498 1781 declaravi?
2530 1728 2676 1783 Unde
2705 1730 2947 1797 quamvis
2991 1729 3040 1782 in
3081 1728 3181 1782 hoc
3225 1727 3341 1781 loco
3382 1726 3605 1795 copiosa:
3638 1727 3722 1779 sint

2123 1820 2166 1879 Β
2195 1820 2609 1888 signiﬁcationes
2650 1821 2822 1884 dieue,
2860 1829 3031 1876 tamen
3078 1820 3144 1873 ad
3190 1819 3388 1874 unitam
3422 1819 3720 1873 divinitatem
3800 1889 3802 1892 ι

2195 1913 2462 1968 Trinitatis
2501 1904 2794 1970 evidentius
2843 1923 2964 1968 sunt
3011 1912 3332 1983 approbatur.
3381 1911 3508 1965 Nam
3551 1911 3721 1973 unitas,

2193 2018 2297 2058 non
2326 2014 2382 2057 ut
2403 2003 2636 2059 breretici
2659 2004 2768 2058 suis
2788 2003 3025 2072 oppressi
3049 2001 3390 2072 blasphemiis
3410 2000 3583 2055 dicere
3602 2014 3723 2066 sape

2191 2102 2580 2148 consueverunt
2603 2093 2655 2146 in
2684 2093 2956 2147 voluntate
2979 2104 3117 2158 esse,
3144 2105 3245 2144 non
3271 2089 3321 2143 in
3343 2089 3538 2144 deitate
3563 2107 3574 2140 :
3600 2088 3720 2157 quod

2189 2184 2346 2247 absit,
2379 2183 2503 2236 dum
2553 2182 2726 2237 unitas
2768 2197 2871 2237 non
2909 2181 2960 2235 in
3001 2181 3270 2236 voluntate
3298 2187 3500 2233 tantum
3531 2180 3614 2243 sit,
3645 2179 3722 2230 sed

2187 2273 2293 2327 imo
2325 2273 2374 2327 in
2401 2273 2614 2328 deitate.
2640 2275 2714 2328 Ac
2745 2288 2836 2341 per
2867 2273 2966 2328 hoc
2993 2271 3166 2325 unitas
3196 2271 3328 2335 haec,
3358 2279 3416 2324 ut
3443 2280 3617 2326 certus
3640 2269 3719 2330 sis,

2187 2378 2290 2417 non
2322 2363 2374 2417 in
2405 2363 2684 2418 concordia
2719 2371 2919 2417 tantum
2959 2370 3061 2427 est,
3094 2361 3186 2415 sed
3213 2361 3447 2427 realiter,
3481 2359 3582 2414 imo
3611 2360 3720 2412 sub-

2187 2453 2498 2513 stantialiter
2518 2461 2724 2506 constat
2753 2452 2804 2506 in
2835 2460 3017 2505 natura
3040 2450 3346 2505 divinitatis.
3376 2449 3512 2518 Ergo
3535 2452 3723 2518 postuio

2185 2558 2214 2596 a
2246 2551 2316 2607 te,
2351 2529 2437 2612 qui
2471 2543 2598 2611 legis
2625 2541 2759 2597 hanc
2785 2542 2938 2597 istius
2963 2542 3236 2612 scriptura:
3257 2557 3390 2595 mea:
3416 2541 3533 2594 ﬁdei
3561 2541 3724 2594 catbo«

2187 2634 2302 2688 lica:
2328 2632 2731 2702 professionem,
2756 2647 2822 2686 ne
2841 2632 2926 2686 hic
2952 2618 3217 2702 superﬂua
3239 2631 3325 2684 vel
3346 2630 3554 2698 profusa
3579 2631 3722 2683 verba

2185 2723 2489 2793 perquiras;
2524 2723 2616 2778 sed
2663 2718 2912 2787 strictim,
2948 2721 3233 2791 capaciter,
3279 2721 3384 2775 imo
3433 2720 3725 2790 spiritaliter

2161 2827 2299 2880 tcum
2331 2827 2539 2875 summo
2568 2811 2740 2867 studio
2769 2811 2928 2877 dicta,
2958 2812 3023 2866 ad
3050 2811 3242 2884 stylum
3263 2824 3430 2866 sacra
3455 2810 3725 2879 Scriptura:

2165 2903 2444 2969 conferas,
2495 2914 2547 2959 et
2600 2902 2888 2959 secundum
2942 2904 3138 2974 regulas
3188 2902 3485 2973 aequitatem
3534 2901 3724 2971 justiti:

2181 2995 2489 3050 moderante
2519 2995 2831 3065 perpendas.
2865 2992 3017 3052 Unde
3037 2993 3148 3064 jam
3177 2993 3356 3062 accipe
3383 3008 3487 3048 non
3517 2993 3723 3054 diserta,

2181 3086 2271 3141 sed
2303 3086 2487 3152 tortis;
2521 3101 2690 3155 neque
2713 3095 2920 3142 terrena
2947 3085 3323 3155 ﬁgmenta,sed
3355 3099 3479 3140 vera
3503 3083 3728 3139 celestis

2104 3163 2150 3225 C
2182 3179 2527 3242 documenta;
2579 3191 2749 3247 neque
2802 3176 3235 3248 philosophorum
3282 3174 3530 3232 hmtica
3574 3187 3725 3246 prava

2177 3277 2498 3335 commenta,
2525 3267 2613 3321 sed
2641 3266 2869 3340 perfecta
2899 3267 3187 3337 apostolica
3212 3280 3405 3321 arcana
3431 3280 3727 3320 sacramen-

2180 3365 2258 3422 ta;
2291 3371 2461 3425 neque
2503 3359 2838 3424 grammatica
2861 3399 2876 3423 ,
2920 3372 3037 3426 qua:
3074 3356 3338 3424 superﬂua
3369 3365 3452 3410 est
3477 3355 3730 3411 doctrina

2175 3447 2451 3515 sapientia,
2495 3431 2589 3502 sed
2639 3462 2702 3502 ex
2747 3446 3062 3516 evangelicis
3099 3445 3388 3515 Scripturis
3430 3461 3588 3515 super
3627 3444 3732 3498 mel

2176 3547 2237 3590 et-
2257 3539 2427 3590 favum
2458 3532 2692 3591 dulciora
2722 3545 2775 3591 et
2801 3535 3018 3591 meliora
3047 3535 3221 3590 divina
3252 3544 3536 3603 praecepta.
3579 3533 3732 3587 Disce

2178 3625 2353 3694 itaque
2381 3626 2499 3694 quia
2530 3627 2583 3679 in
2612 3628 2708 3680 hoc
2738 3626 2987 3694 supinisue
3036 3625 3190 3695 hujus
3230 3625 3412 3679 mundi
3459 3625 3608 3679 stulti
3648 3625 3730 3676 Vri

2177 3718 2306 3773 muti
2340 3717 2458 3773 iacti
2490 3725 2630 3784 sunt,
2663 3717 2907 3787 quoniam
2936 3716 3245 3784 sapientiam
3279 3731 3456 3770 veram
3500 3731 3604 3768 non
3636 3730 3730 3769 εο-
3800 3719 3802 3751 ¹

2175 3813 2490 3878 gnoverunt,
2518 3817 2569 3860 et
2596 3806 2716 3860 ideo
2756 3806 2962 3876 reprobi
3005 3805 3124 3862 iacti
3168 3816 3310 3861 sunt.
3349 3805 3531 3876 Itaque
3571 3805 3730 3858 inter-
3800 3862 3802 3868 ,

2178 3894 2410 3963 rogantis
2437 3903 2596 3965 atque
2621 3891 2870 3952 solventis
2896 3896 3074 3966 accipe
3102 3909 3406 3966 personam,
3433 3912 3550 3965 quze
3570 3896 3730 3964 exigit

2158 3987 2269 4040 sibi
2301 3985 2408 4042 ﬁeri
2437 3985 2866 4042 satisfactionem.

2245 4075 2600 4147 Interrogatio.
2642 4075 2751 4131 Cur
2797 4076 2950 4132 Pater
2989 4077 3206 4147 spiritus
3235 4075 3452 4142 dicitur,
3484 4085 3539 4130 et
3566 4074 3735 4130 Filius

2171 4163 2387 4237 spiritus
2413 4173 2764 4238 nuncupatur,
2792 4177 2844 4223 et
2872 4164 3098 4236 Spiritus
3136 4173 3349 4220 sanctus
3391 4165 3612 4235 spiritus
3641 4179 3732 4235 ap-

2173 4253 2426 4322 pellatur?

2245 4344 2543 4409 Responsio.
2578 4342 2823 4399 Perfecto
2852 4341 2916 4400 ad
2955 4342 3070 4399 haec
3107 4343 3458 4413 respondetur
3485 4357 3583 4412 pro
3611 4344 3736 4396 loco

2172 4434 2533 4504 interroganti.
2573 4433 2653 4489 Au
2697 4433 2907 4504 ignoras
2944 4433 3063 4504 quia
3094 4432 3248 4489 Pater
3282 4447 3418 4488 unus
3458 4431 3601 4488 Deus
3625 4441 3736 4496 est.

2167 4535 2222 4582 et
2264 4525 2428 4581 Filius
2474 4539 2610 4581 unus
2657 4525 2795 4580 Deus
2840 4534 2940 4593 est,
2981 4533 3034 4579 et
3075 4525 3307 4596 Spiritus
3343 4534 3565 4581 unctus
3591 4538 3734 4579 unus
3800 4538 3802 4553 ι

2165 4618 2304 4674 Deus
2329 4617 2444 4674 est?
2476 4616 2660 4672 Nonne
2683 4633 2817 4673 unus
2846 4616 2985 4672 Deus
3021 4627 3120 4687 est,
3145 4618 3269 4672 dum
3299 4611 3504 4672 unitum
3532 4632 3738 4673 nomen

2164 4720 2247 4780 cst
2276 4712 2327 4765 in
2355 4719 2542 4766 natura
2570 4710 2737 4764 usize?
2778 4710 2866 4766 Sic
2909 4720 2960 4765 et
3003 4726 3137 4765 unus
3185 4707 3414 4778 Spiritus
3454 4720 3560 4776 est,
3603 4708 3736 4781 quia

2165 4801 2305 4854 unita
2337 4809 2417 4854 est
2443 4800 2612 4855 deitas
2639 4799 2894 4868 ejusdem.
2940 4799 3070 4853 Nam
3100 4799 3143 4854 si
3176 4809 3228 4853 tu
3261 4815 3353 4867 per
3383 4800 3596 4870 singula
3634 4813 3740 4854 no-

2163 4893 2302 4944 mina
2350 4904 2691 4959 personarum
2737 4890 2935 4943 unitum
2980 4904 3172 4944 nomen
3213 4887 3444 4958 Spiritus
3473 4900 3556 4944 ter
3581 4889 3740 4945 desi-

2161 4984 2353 5055 gnasti,
2386 4983 2618 5050 nunquid
2667 4991 2772 5036 tres
2817 4981 3041 5049 Spiritus
3069 4981 3247 5035 dicere
3275 4982 3526 5049 oportet?
3547 4981 3740 5040 Δδετι.

2158 5073 2308 5139 Quod
2336 5074 2379 5140 si
2408 5075 2508 5128 hoc
2538 5081 2741 5142 poterat
2767 5074 2890 5138 dici,
2919 5074 3023 5129 tale
3051 5081 3184 5139 erat,
3213 5081 3269 5126 ut
3297 5081 3349 5126 et
3383 5071 3484 5128 hoc
3509 5074 3562 5148 in
3587 5086 3738 5129 eun-

2160 5160 2390 5219 l'essione
2403 5163 2617 5219 deberet
2635 5163 2917 5228 introduci,
2941 5175 3046 5219 tres
3071 5163 3269 5218 deosin
3288 5163 3478 5231 plurali
3496 5178 3740 5219 nus-ro
3799 5206 3802 5211 .

2159 5254 2450 5323 nuncupari
2475 5271 2488 5306 :
2513 5264 2568 5308 ut
2587 5253 2692 5322 jam
2716 5269 2816 5308 non
2841 5255 3052 5310 essetin
3073 5254 3152 5308 his
3173 5253 3417 5324 personis
3435 5269 3538 5309 una
3561 5257 3744 5328 κε

2157 5356 2343 5398 natura
2385 5344 2697 5413 divinitatis,
2742 5344 2835 5400 sed
2880 5345 3234 5413 unusquisque
3275 5345 3326 5399 in
3356 5347 3580 5414 propria
3647 5347 3740 5400 rei

2153 5437 2359 5492 diversa
2392 5446 2575 5491 natura
2606 5452 2699 5494 sua
2739 5438 3079 5500 consiSteret;
3121 5436 3260 5505 quod
3305 5437 3470 5492 absit.
3510 5435 3744 5493 Interea

2157 5540 2340 5579 rursus
2371 5526 2552 5580 eadem
2584 5534 2788 5594 repeto,
2818 5538 2872 5582 et
2898 5527 2960 5582 ad
2989 5535 3072 5580 tua
3095 5527 3228 5580 dicta
3249 5527 3412 5582 verba
3439 5541 3742 5599 comparo.
3799 5594 3802 5605 Ι

2155 5629 2207 5671 et
2251 5630 2464 5674 sensum
2504 5616 2807 5688 intellectus
2848 5617 2948 5672 mei
3002 5618 3094 5672 tibi
3135 5619 3323 5672 retere.
3373 5617 3541 5676 Pater
3583 5633 3748 5676 unus

2158 5709 2297 5761 Deus
2321 5713 2423 5761 est.
2459 5714 2512 5763 et
2539 5704 2703 5762 Filius
2731 5708 3030 5772 unirenitus
3060 5708 3198 5764 Deus
3240 5718 3343 5774 est,
3388 5717 3448 5766 et
3487 5710 3746 5779 Spiritu
