3856 6222
50 332 136 388 211
1290 323 1385 385 ΒΕ,
1417 322 1611 379 TRINI'

1715 323 1785 379 I‘E
1823 324 1951 382 LIB.
1979 326 2017 381 I.

3150 326 3261 379 2η

48 451 256 495 sanctus
287 438 475 492 unitus
498 434 554 488 in
583 432 739 488 Patre
760 440 813 486 et
844 431 975 486 Filio
1000 430 1138 485 Deus
1161 440 1261 484 cst.
1289 431 1471 487 Nonne
1489 433 1609 500 quia
1641 438 1689 495 Α
1717 449 1819 487 non
1838 434 2174 503 signiﬁcavit,
2196 434 2348 489 Pater
2368 433 2521 498 dixit,
2540 442 2592 488 ct
2616 434 2780 489 Filius
2803 435 2944 502 fecit,
2964 442 3016 489 et
3040 433 3264 502 Spiritus

47 530 263 584 unitatis
290 541 515 588 nomen,
542 523 597 576 id
628 531 707 576 est
736 520 969 587 deitatis,
990 534 1085 586 per
1105 519 1337 588 singulas
1361 535 1611 588 personas

47 638 117 673 n-r
143 618 455 687 designavi,
481 613 611 667 ideo
640 622 748 667 tres
779 612 907 666 deos
936 621 1117 679 potero
1134 609 1413 665 conﬁteri?
1439 610 1606 666 Absit.

49 709 188 763 Unde
213 704 472 777 quamvis
505 703 689 771 triplex
720 702 788 755 sit
811 700 1029 764 dictum,
1059 715 1219 753 unum
1253 711 1427 754 tamen
1467 709 1611 754 tenet

46 802 90 851 in
122 791 629 852 deitate'Trinitatis
655 790 883 844 nominis
907 790 1176 843 indicium.
1202 788 1413 844 Interim
1442 791 1526 843 vel
1558 790 1608 844 in

49 890 139 940 hoc
186 886 355 941 titulo
406 882 765 938 animadverte
814 880 1073 932 dicentem
1114 896 1127 930 :
1171 878 1279 947 Ego
1319 895 1430 931 sum
1474 876 1611 931 Deus

50 980 324 1042 Abraham,
371 976 511 1030 Deus
554 974 723 1036 Isaac,
752 983 796 1027 et
842 970 977 1025 Deus
1006 969 1165 1022 Jaccb
1191 968 1379 1039 (Exod.
1417 983 1493 1032 ιιι,
1532 967 1610 1036 6).

50 1068 286 1136 Nunquid
324 1067 383 1120 in
430 1066 529 1120 hoc
570 1063 715 1119 dicto
745 1071 852 1116 trcs
881 1060 1009 1115 deos
1042 1060 1353 1129 designavit,
1383 1073 1449 1116 eo
1476 1058 1611 1128 quod

52 1173 439 1214 unumnomen
490 1165 568 1210 ter
607 1152 895 1209 indicavit?
935 1152 1103 1206 Absit.
1145 1150 1344 1205 Idcirco
1385 1164 1482 1206 nos
1522 1150 1611 1218 qui

54 1249 199 1302 fidem
228 1246 499 1316 evangelii
517 1257 601 1298 am
646 1251 801 1313 atque
844 1241 1185 1309 apostolicam
1216 1239 1429 1295 Patrum
1471 1249 1614 1295 tene-

54 1356 182 1402 mus.
217 1352 326 1394 nec
358 1348 470 1391 tres
499 1337 651 1403 deos,
679 1349 774 1389 nec
806 1344 910 1388 tres
949 1332 1215 1397 dominos,
1244 1347 1339 1387 nec
1366 1343 1473 1387 tres
1507 1333 1613 1402 spi—

52 1432 199 1493 ritus,
231 1428 321 1482 vel
365 1434 557 1481 cetera
600 1423 960 1493 hujuscemodi
1008 1421 1318 1493 pluralitatis
1345 1422 1481 1477 dicta
1516 1437 1612 1477 nec

52 1530 314 1584 tenemus,
348 1532 450 1572 nec
472 1517 523 1570 in
544 1515 703 1570 corde
727 1523 908 1567 nostro
931 1512 1246 1581 suscipimus
1274 1528 1289 1565 :
1319 1514 1609 1580 praesertim

54 1626 165 1663 cum
216 1623 321 1663 nos
367 1608 624 1662 unitatem
656 1603 861 1660 deitatis
890 1603 1080 1670 uniter,
1119 1619 1222 1657 non
1265 1601 1534 1669 pluraliter
1561 1604 1611 1657 in

54 1699 313 1753 Triuitate
352 1695 649 1751 consistere
686 1695 933 1747 sciamus.
964 1693 1189 1761 Propter
1214 1692 1352 1758 quod
1390 1708 1492 1747 non
1523 1694 1615 1747 de-

1714 530 1928 575 sanctus
1978 523 2245 577 benedixit
2272 540 2287 587 ;
2317 524 2407 578 sed
2448 524 2672 577 breviter
2703 536 3007 591 prosecutus
3043 534 3123 577 cst
3155 541 3166 574 :
3201 524 3268 576 Et

1713 611 1845 665 divit
1885 611 2045 671 Deus.
2075 620 2129 667 et
2156 610 2280 667 fecit
2317 612 2475 679 Deus,
2506 622 2559 666 et
2600 613 2727 665 vidit
2771 612 2905 666 Deus
2944 612 3119 664 omnia
3150 626 3266 677 qum

1713 700 1845 751 lat-ta
1871 711 2042 763 erant,
2072 709 2125 754 et
2152 701 2421 755 benedixit
2443 700 2546 765 il'a,
2578 701 2780 767 dicens,
2800 700 3013 754 Crescite
3061 710 3105 753 et
3133 703 3263 752 mul-

1714 788 2032 856 tiplicamini,
2068 802 2112 844 et
2142 791 2325 857 replete
2356 800 2541 860 terram
2570 790 2715 857 (Gen.
2753 806 2788 853 ι,
2817 787 2927 859 28).
2961 788 3117 841 Vides
3144 789 3263 856 quia

1714 895 1868 934 nemo
1909 871 1974 935 ad
2022 881 2363 949 semetipsum
2389 880 2537 947 dicit,
2570 879 2677 943 liat,
2706 878 2797 931 sed
2836 878 2900 931 ad
2942 878 3215 929 facientem
3250 894 3262 926 :

1711 982 1763 1024 ct
1813 987 1966 1026 nemo
2006 971 2092 1041 qui
2142 970 2285 1035 facit,
2314 970 2375 1023 ad
2420 983 2566 1023 suam
2607 982 2883 1037 personam
2924 965 3175 1034 loquitur,
3211 973 3267 1015 et

1716 1060 1855 1115 fecit.
1894 1060 1958 1115 Et
2004 1061 2122 1131 quis
2159 1060 2224 1116 de
2269 1075 2327 1114 se
2366 1060 2586 1127 indicat,
2619 1068 2673 1113 et
2699 1056 2847 1121 vidit,
2878 1067 2930 1110 et
2959 1053 3266 1110 benedixit?

1712 1152 1840 1205 Nam
1885 1153 2048 1207 verbo
2092 1160 2244 1206 tenus
2285 1151 2329 1206 si
2364 1165 2465 1204 una
2512 1159 2652 1204 esset
2693 1160 2912 1217 persona
2942 1144 3134 1200 dicenti
3170 1183 3182 1207 ,
3212 1152 3267 1196 et

1713 1244 1973 1310 facientis,
2005 1253 2059 1299 et
2104 1242 2487 1305 benedicentis,
2527 1241 2604 1295 sic
2647 1239 2936 1293 intimisset
2975 1235 3165 1289 iecisse
3206 1247 3265 1287 se

1712 1356 1841 1408 opus
1863 1354 2040 1405 suum,
2061 1350 2115 1392 et
2139 1337 2268 1403 dixi,
2291 1345 2344 1392 et
2365 1336 2485 1399 feci,
2503 1342 2554 1389 et
2577 1331 2842 1387 benedixi.
2861 1330 2987 1383 Dum
3010 1327 3264 1395 scriptum

1713 1433 1818 1489 sit:
1847 1433 2009 1486 Verbo
2032 1429 2238 1483 Domini
2264 1429 2373 1481 coeli
2394 1426 2579 1494 ﬁrmati
2599 1429 2735 1487 sunt,
2764 1430 2808 1474 et
2834 1419 3011 1489 spiritu
3034 1418 3133 1469 oris
3156 1418 3265 1484 ejus

1711 1524 1872 1577 omnis
1901 1524 2056 1577 uirtus
2094 1536 2265 1574 eorum
2293 1517 2460 1588 (Psal.
2508 1531 2678 1579 xxxii,
2711 1513 2788 1582 6).
2819 1513 3009 1580 Utique
3034 1509 3264 1564 Verbum

1713 1612 1903 1665 Filium
1935 1609 2180 1665 indicavit
2203 1623 2218 1661 :
2244 1608 2521 1662 Dominum
2548 1614 2722 1661 autem
2751 1604 2955 1657 Patrem
2983 1601 3097 1669 ejus
3128 1599 3267 1653 desi-

1712 1704 1905 1769 gnavit,
1932 1709 1986 1755 et
2009 1700 2261 1769 Spiritum
2284 1698 2394 1753 oris
2414 1696 2550 1767 ejus,
2575 1696 2825 1765 Spiritum
2849 1702 3084 1747 sanctum
3108 1690 3264 1745 dixit.

57 1788 232 1840 bemus
264 1794 382 1840 tres
413 1793 627 1839 naturas
653 1782 705 1837 in
733 1783 816 1837 his
852 1782 1091 1852 personis
1118 1792 1299 1837 contra
1338 1785 1423 1851 jus
1453 1798 1613 1838 evau-
1645 1780 1684 1838 Β
1717 1788 1873 1844 Vides
1903 1790 1955 1844 in
1988 1790 2067 1845 bis
2105 1788 2345 1855 personis
2384 1788 2584 1841 unitum
2615 1800 2732 1840 esse
2771 1800 2959 1838 nomen
2999 1782 3267 1835 Trinitatis

58 1874 228 1939 gelica:
270 1886 521 1926 censurae
560 1869 819 1939 proﬁteri,
849 1883 965 1922 cum
996 1868 1063 1922 sit
1093 1882 1228 1923 unus
1265 1868 1420 1924 Pater
1450 1869 1608 1936 Deus,

60 1972 108 2014 et
132 1962 440 2031 unigenitus
466 1959 535 2014 sit
561 1958 721 2013 Filius
742 1958 899 2014 Deus.
931 1967 984 2011 et
1010 1956 1267 2026 ingenitus
1293 1958 1361 2012 sit
1388 1957 1613 2026 Spiritus

62 2060 266 2105 sanctus
299 2051 462 2105 Deus.
490 2047 609 2103 Ideo
635 2062 771 2101 unus
795 2056 873 2100 est
905 2047 1061 2109 Deus,
1086 2046 1203 2115 quia
1234 2046 1374 2099 unita
1397 2054 1477 2100 est
1500 2046 1614 2101 dei-

66 2148 155 2201 tas,
178 2138 223 2191 si
258 2149 317 2191 ut
348 2152 441 2205 per
468 2136 702 2211 singulas
728 2149 980 2203 personas
1000 2136 1250 2201 scriptum
1274 2143 1354 2188 est
1382 2153 1393 2187 :
1418 2144 1469 2190 et
1491 2136 1611 2204 quia

64 2228 231 2282 nullus
262 2229 407 2282 D.-tts
436 2230 532 2282 nisi
561 2242 716 2281 unus.
747 2225 900 2280 Velut
927 2225 1025 2278 hoc
1056 2242 1071 2279 :
1095 2225 1250 2289 Audi,
1278 2218 1461 2291 Israel,
1501 2226 1611 2280 Do-

68 2318 222 2369 minus
274 2316 413 2369 Deus
459 2328 594 2380 tuus,
640 2314 772 2367 Deus
815 2329 943 2366 unus
982 2321 1050 2365 est
1077 2311 1250 2382 (Deut.
1282 2326 1353 2377 vr,
1379 2313 1464 2381 4);
1490 2315 1615 2373 sive

66 2404 159 2461 hoc
186 2424 198 2460 :
236 2407 346 2477 Ego
375 2407 620 2460 Dominus
650 2406 782 2483 Deus
807 2406 1008 2460 extendi
1042 2388 1217 2457 castum
1245 2405 1401 2468 solus,
1426 2415 1473 2459 et
1493 2408 1613 2461 soli-

70 2497 175 2549 davi
210 2508 399 2551 terram
430 2497 579 2567 (Isai.
618 2513 756 2562 xuv,
784 2496 897 2565 Ἡ).
927 2495 1031 2550 Sed
1052 2504 1107 2550 et
1135 2495 1235 2549 hoc
1269 2512 1281 2548 :
1315 2494 1456 2550 Unus
1483 2499 1614 2551 enim

74 2587 199 2642 Deus
229 2589 283 2660 (ι
307 2591 444 2645 Tim.
475 2607 530 2656 ιι,
560 2591 645 2660 5);
677 2599 769 2645 aut
807 2590 904 2643 lico
934 2606 949 2642 :
983 2589 1230 2642 Mediator
1268 2597 1432 2641 autem
1466 2589 1615 2643 unius

72 2692 161 2727 non
194 2687 291 2744 est,
321 2678 455 2733 Deus
476 2688 639 2733 autem
669 2695 795 2731 unus
820 2687 892 2731 est
913 2677 1052 2747 (Gal.
1085 2692 1163 2740 ιιι,
1191 2675 1306 2744 20).
1330 2676 1435 2730 Nec
1468 2692 1570 2731 non
1596 2691 1613 2730 :

82 2762 211 2818 Vade
238 2777 390 2832 retro,
432 2768 658 2833 Satana;
692 2768 929 2837 scripturn
971 2775 1045 2819 est
1090 2782 1110 2819 :
1148 2765 1417 2819 Dominum
1454 2766 1615 2819 Deum

77 2859 204 2903 tuum
228 2854 468 2908 adorabis
490 2863 534 2909 et
564 2855 640 2908 illi
667 2855 763 2908 soli
792 2855 971 2909 seruies
998 2852 1209 2927 (Matth.
1242 2870 1311 2920 tv,
1345 2854 1457 2915 10).
1485 2854 1614 2911 Nam

82 2944 131 2990 et
152 2939 245 2995 hoc
272 2959 286 2995 :
321 2941 401 2995 Ex
424 2940 625 3014 Spiritu
657 2943 743 3011 qui
769 2944 1011 3007 nascitur,
1045 2941 1267 3010 Spiritus
1294 2950 1403 3007 est;
1431 2952 1484 2997 et
1512 2944 1617 2997 alio

81 3025 285 3087 inloco:
309 3032 436 3087 Hac
454 3034 623 3086 ontnia
651 3044 885 3098 operatur
910 3050 1038 3088 unus
1057 3044 1204 3103 atque
1220 3034 1350 3088 idem
1369 3035 1618 3105 Spiritus;

1716 1882 1766 1935 in
1798 1880 2017 1935 natura?
2054 1878 2466 1949 Psalmographo
2503 1890 2709 1945 quoque
2738 1874 3098 1941 approbante:
3135 1872 3267 1924 Pro-

1715 1980 1883 2039 pterea
1910 1970 2050 2024 unxit
2078 1977 2126 2022 te
2157 1969 2309 2032 Deus,
2341 1968 2475 2021 Deus
2505 1978 2616 2020 tuus
2652 1964 2816 2035 (Psal.
2850 1979 2989 2025 XLIV,
3020 1960 3096 2029 8).
3128 1961 3264 2013 Ecce

1717 2062 1879 2114 Deum
1932 2072 1985 2114 et
2041 2059 2207 2135 Deum,
2257 2076 2269 2110 :
2320 2072 2425 2112 non
2480 2067 2652 2109 tamen
2706 2054 2978 2123 pluraliter
3028 2052 3265 2104 invenies

1712 2148 1906 2205 dictum
1941 2149 2103 2204 fuisse
2148 2148 2200 2203 in
2246 2148 2327 2201 bis
2373 2146 2611 2215 personis
2657 2144 2786 2197 deos
2824 2156 2959 2195 :nce
3004 2156 3105 2192 non
3159 2139 3262 2190 Do-

1714 2240 1913 2294 minum
1966 2239 2033 2294 de
2085 2238 2347 2301 Domino,
2404 2236 2610 2290 Patrem
2663 2234 2729 2287 de
2780 2232 2908 2285 Filio
2958 2231 3077 2283 audi
3128 2239 3264 2282 atte-

1714 2339 1938 2384 sutntem
1962 2343 2051 2396 per
2075 2327 2210 2382 Osee
2240 2326 2571 2396 prophetarit,
2602 2323 2819 2379 Sulvabo
2843 2338 2923 2375 eos
2952 2322 3002 2372 in
3030 2319 3264 2379 Domino,

1717 2419 1821 2471 Deo
1873 2420 2099 2487 ipsorum
2146 2415 2304 2486 (Osee
2352 2430 2399 2478 ι,
2454 2414 2543 2482 7).
2602 2411 2703 2467 Sed
2761 2421 2813 2464 et
2865 2411 2963 2462 hoc
3014 2407 3265 2474 scriptum

1715 2508 1869 2576 205
1917 2514 1999 2560 est
2046 2506 2114 2576 de
2171 2505 2319 2558 unito
2371 2499 2923 2556 nomine-divinitatis
2972 2515 2982 2548 :
3027 2496 3089 2548 lit
3142 2497 3267 2564 pluit

1719 2572 1961 2648 Dominus
1989 2612 2019 2647 a
2046 2572 2264 2647 Domino
2292 2590 2440 2661 (Cen.
2467 2588 2701 2657 simil).
2725 2588 2813 2641 Vel
2845 2587 2944 2639 ltoc
2972 2586 3267 2652 exemplum

1714 2683 1895 2752 accipe
1932 2684 1995 2736 ad
2024 2681 2190 2739 Iacob
2214 2681 2435 2736 dicentis
2474 2680 2523 2734 in
2568 2680 2704 2736 libro
2735 2676 3000 2731 Genescos
3035 2692 3047 2727 :
3106 2674 3270 2743 Surge

1715 2782 1759 2825 et
1787 2772 1999 2827 ascende
2018 2771 2068 2824 in
2089 2772 2251 2824 locum
2273 2770 2463 2837 Dethel,
2483 2778 2529 2820 et
2554 2766 2724 2819 habita
2749 2765 2835 2829 ibi,
2860 2774 2903 2816 et
2926 2765 3007 2833 {ac
3027 2764 3093 2815 ibi
3114 2763 3272 2815 altare

1718 2863 1845 2924 Deo,
1883 2863 1962 2916 illi
1995 2864 2082 2930 qui
2117 2861 2356 2932 apparuit
2390 2859 2477 2911 tibi
2519 2873 2631 2910 cum
2665 2856 2862 2927 {ugei‘es
2894 2872 2923 2906 a
2951 2855 3077 2923 [acie
3099 2855 3272 2922 fratris

1718 2953 1791 3006 tui
1812 2951 1965 3022 (Gen.
1994 2967 2157 3015 xxxv,
2182 2950 2254 3019 1).
2276 2949 2342 3004 Ει
2367 2949 2417 3001 in
2448 2948 2582 3001 libro
2605 2946 2929 3000 Psalmorum
2951 2952 3161 2997 cautum
3191 2944 3270 2995 in-

1716 3040 1954 3095 venimus
1984 3056 1997 3094 :
2020 3037 2163 3092 Dixit
2187 3036 2428 3090 Dominus
2462 3035 2672 3087 Domino
2704 3047 2829 3100 meo,
2856 3032 2989 3087 Sede
3009 3030 3075 3084 ad
3098 3031 3267 3084 dea'te-

86 3116 291 3175 dieidem
314 3119 528 3190 singulis
553 3130 701 3190 prout
725 3122 861 3183 vult;
888 3120 997 3181 sive
1025 3119 1123 3175 hoc
1154 3136 1183 3173 τί
1201 3121 1413 3176 Servare
1451 3126 1615 3178 unita-
1643 3128 1687 3187 C
1720 3146 1829 3182 ram
1846 3128 2199 3197 meam,donec
2215 3142 2397 3195 ponam
2418 3125 2645 3177 inimicos
2667 3134 2776 3175 tuos
2797 3121 3065 3174 scabellum
3088 3120 3268 3186 pedum

86 3210 169 3254 tem
195 3204 415 3272 Spiritus
452 3208 504 3260 in
540 3209 738 3261 uinculo
776 3208 914 3277 pacis
947 3223 968 3261 :
996 3224 1147 3260 unum
1176 3224 1359 3278 corpus
1409 3222 1456 3264 et
1484 3229 1614 3266 unus

91 3289 305 3357 Spiritus.
327 3296 432 3351 Sed
452 3306 505 3352 et
522 3297 622 3350 hoc
646 3313 659 3349 :
682 3297 862 3350 Omnes
879 3313 1033 3349 unum
1054 3297 1299 3365 Spiritum
1318 3302 1612 3367 potavimus.

89 3380 328 3442 Memento
368 3387 572 3442 unitum
612 3387 899 3443 divinitatis
943 3403 1133 3442 nomen
1166 3403 1285 3443 esse
1321 3389 1370 3443 in
1400 3390 1614 3458 singulis

90 3480 323 3539 personis.

149 3562 492 3636 Interrogatio.
514 3566 581 3623 Ut
602 3568 715 3621 hmc
729 3567 866 3621 dicta
888 3568 954 3622 de
973 3568 1300 3622 auctoritatis
1313 3568 1430 3636 jure
1444 3567 1617 3622 adhuc

90 3651 199 3706 mihi
218 3660 521 3726 conﬁrmes,
552 3662 778 3726 postu'o.

149 3742 432 3813 Responsio.
483 3748 697 3817 Ignoras
740 3749 989 3816 scriptum
1030 3762 1169 3813 esse,
1222 3747 1616 3817 lntelligentibus

90 3831 426 3907 legemloquor
454 3840 630 3909 (Rom.
672 3857 762 3906 vit,
813 3841 885 3907 1).
935 3842 1108 3908 Itaque
1146 3841 1306 3912 204
1332 3843 1418 3910 qui
1460 3857 1613 3897 ames

96 3918 265 3981 habent
287 3928 351 3981 ad
375 3930 692 3984 audiendum
731 3932 943 3984 audiant
983 3932 1106 4001 quid
1147 3933 1376 4001 Spiritus
1409 3949 1502 4001 per
1530 3919 1611 3987 hi?

91 4017 482 4086 storiograpbum
515 4021 745 4092 Moysem
787 4026 837 4077 in
880 4034 989 4077 toto
1024 4040 1158 4092 pene
1185 4026 1320 4079 libro
1347 4026 1615 4082 Geueseos

94 4104 312 4169 Ecclesiis
341 4124 563 4169 testclur
591 4134 605 4170 :
633 4116 926 4186 intelligant
952 4118 1113 4171 Deum
1139 4118 1352 4181 dixisse,
1377 4127 1430 4172 et
1453 4118 1615 4173 Deum

92 4192 275 4269 iecisse,
292 4216 344 4260 et
366 4206 529 4260 Deum
555 4205 808 4270 adfuisse,
832 4206 910 4258 vel
942 4206 1275 4260 benedixisse
1293 4221 1373 4260 ea.
1401 4205 1541 4259 Ideni
1563 4217 1616 4262 et

94 4294 202 4350 ditit
225 4300 288 4353 ibi
315 4318 329 4352 :
358 4299 626 4352 Faciamus
648 4300 897 4351 hom'ncm
922 4300 989 4351 ad
1014 4280 1280 4367 imaginem
1306 4305 1353 4351 et
1378 4297 1614 4351 similitu-

93 4390 233 4442 dimm
269 4405 489 4445 nostram
531 4389 680 4458 (Cen.
733 4404 768 4451 t,
814 4387 925 4456 <26),
959 4395 1012 4440 et
1047 4388 1122 4440 sic
1153 4397 1457 4454 prosecutus
1485 4394 1605 4439 est:

1721 3230 1915 3271 tuorum
1947 3215 2116 3285 (Psal.
2145 3228 2254 3277 eis,
2286 3212 2363 3282 1).
2392 3212 2494 3267 Sed
2527 3220 2581 3266 et
2608 3219 2821 3265 sanctus
2846 3209 3004 3269 Isaias
3036 3206 3229 3261 indicat
3259 3224 3268 3256 :

1721 3309 1809 3363 Sic
1838 3308 1958 3360 dicit
1986 3305 2231 3360 Dominus
2262 3302 2458 3357 Christo
2482 3317 2610 3365 meo,
2639 3301 2718 3353 cui
2748 3299 2879 3353 tenui
2912 3299 3183 3359 dexteram,
3217 3304 3272 3348 ut

1718 3397 1993 3450 obaudiunt
2018 3409 2132 3447 eum
2162 3408 2330 3447 omnes
2360 3403 2525 3463 gentes
2550 3388 2701 3460 (Isai.
2734 3405 2858 3454 xcv,
2888 3389 2965 3455 1),
2993 3396 3097 3441 etc.
3126 3386 3272 3441 Unus

1718 3500 1893 3540 tamen
1926 3486 2063 3539 Deus
2100 3486 2219 3552 quia
2250 3483 2392 3537 unita
2418 3493 2499 3535 est
2521 3481 2810 3534 dominatio
2839 3481 2888 3532 in
2919 3487 3103 3533 natura
3135 3492 3273 3531 sem-

1719 3581 1919 3646 piterna
1945 3596 1957 3629 :
1991 3577 2125 3631 sicut
2160 3576 2301 3631 etde
2327 3587 2550 3642 persona
2575 3572 2739 3625 sancti
2768 3571 2993 3639 Spiritus
3042 3570 3143 3623 Vas
3171 3569 3273 3621 cie.

1715 3667 1908 3721 ctionis
1935 3668 2164 3721 breviter
2192 3664 2421 3719 absolvit
2446 3664 2665 3717 dicens:
2690 3661 2834 3714 Idem
2885 3660 3107 3728 Spiritus
3137 3660 3272 3711 idem

1716 3768 1761 3812 et
1797 3757 2060 3821 Dominus,
2086 3756 2217 3809 idem
2247 3764 2292 3807 et
2327 3754 2477 3820 Deus,
2509 3753 2595 3821 qni
2624 3759 2860 3815 operatur
2889 3750 3054 3803 omnia
3083 3750 3133 3800 in
3162 3764 3272 3801 om-

1719 3849 1860 3899 ni-‘us
1889 3845 1936 3915 (Ι
1969 3844 2085 3899 Cor.
2112 3859 2205 3909 xit,
2241 3843 2347 3911 11).
2375 3842 2437 3895 Et
2460 3843 2562 3894 alio
2587 3841 2635 3891 in
2668 3839 2786 3891 loco
2814 3839 2951 3891 idem
2979 3838 3090 3905 ipse
3121 3852 3273 3905 repe-

1721 3936 1816 3989 tit:
1851 3935 1982 4001 Quia
2012 3932 2256 3985 Dominus
2294 3940 2365 3984 est
2410 3930 2632 3993 Spiritus
2666 3943 2683 3979 :
2712 3928 2795 3979 ubi
2836 3935 3001 3978 autem
3048 3925 3273 3992 Spiritus
3326 3982 3329 3983 ν

1722 4026 1943 4090 Domini,
1982 4024 2050 4077 ibi
2088 4022 2291 4075 libertas
2328 4017 2423 4090 (ll
2466 4018 2580 4073 Cor.
2621 4034 2697 4081 ιιι,
2740 4019 2855 4084 l7).
2892 4017 2981 4070 Vel
3012 4017 3191 4081 accipe
3217 4016 3270 4067 in

1719 4130 1941 4185 persona
1969 4114 2139 4168 Patris
2169 4113 2219 4165 in
2249 4110 2536 4177 Evangelio
2561 4109 2624 4160 ad
2652 4108 3040 4162 Samaritanatn
3070 4108 3269 4160 dictum

1718 4208 1902 4268 fuisse,
1924 4206 2041 4274 quia
2072 4203 2205 4255 Deus
2238 4201 2460 4268 Spiritus
2499 4209 2568 4251 est
2606 4199 2782 4268 (Joan.
2816 4213 2887 4260 tv,
2919 4197 3031 4265 24).
3064 4197 3188 4249 Nam
3214 4207 3270 4251 et

1716 4297 1781 4350 de
1805 4309 2025 4363 persona
2052 4293 2166 4346 Filii
2198 4291 2453 4346 Jeremias
2476 4288 2872 4355 receptissimus
2895 4276 3267 4354 pr'oplietarmn

1715 4394 1940 4441 testatur
1980 4401 1991 4434 :
2041 4381 2262 4453 Spiritus
2318 4379 2468 4443 faciei
2515 4386 2700 4429 nostra:
2755 4374 2979 4427 Christus
3026 4372 3272 4428 Dominus

98 4476 213 4534 Fecit
254 4484 385 4537 Deus
430 4481 702 4542 hominem,
748 4479 816 4529 ad
856 4477 1118 4545 imaginem
1162 4473 1253 4526 Dei
1296 4475 1412 4542 fecit
1440 4474 1606 4539 illum,
1640 4472 1691 4539 Ι)
1719 4476 1928 4546 (Thren.
1961 4489 2029 4536 tv,
2060 4472 2172 4541 20).
2208 4472 2330 4525 Sive
2360 4469 2459 4521 hoc
2492 4484 2506 4520 :
2544 4468 2674 4531 Quia
2700 4466 2831 4517 misit
2865 4465 3000 4516 Deus
3040 4465 3270 4532 spiritum

94 4575 342 4626 masculum
357 4582 403 4625 et
425 4570 665 4639 feminam
682 4566 797 4634 fecit
821 4581 922 4630 eos,
946 4574 990 4616 et
1012 4563 1264 4616 benedixit
1286 4548 1389 4626 eos,
1407 4561 1607 4615 dicens:

92 4656 276 4714 (Trsrite
321 4670 367 4712 et
414 4654 841 4723 multiplicamini,
888 4662 933 4705 et
982 4652 1165 4720 replete
1204 4660 1385 4702 terram
1422 4649 1609 4720 (lbid.,

91 4743 159 4808 97.
186 4749 287 4813 cl8).
1592 4797 1598 4803 .

150 4837 480 4909 Interrogatio.
513 4836 641 4903 Quae
672 4832 878 4885 tandem
908 4841 989 4885 cst
1025 4843 1180 4901 causa
1222 4842 1378 4880 unum
1417 4826 1614 4881 dixisse

92 4931 323 4996 faciamus,
347 4940 399 4986 et
426 4946 587 4984 unum
612 4929 821 4991 les-isse,
852 4935 904 4977 et
927 4941 1084 4977 unum
1113 4924 1303 4977 dicenti
1327 4932 1372 4975 et
1401 4921 1608 4975 Lcienti

93 5020 375 5088 interfuisse,
404 5032 457 5075 et
486 5022 623 5074 bona
653 5017 785 5070 facta
809 5015 1001 5068 vidisse
1022 5023 1074 5067 et
1104 5012 1465 5067 benedisisse'!
1484 5010 1606 5064 dum

94 5108 298 5169 faciamus
329 5113 481 5164 unius
515 5117 717 5161 tantum
747 5105 968 5185 solitarii
1008 5118 1231 5171 persona
1260 5119 1362 5155 non
1395 5104 1484 5167 sit,
1516 5102 1608 5156 sed

94 5198 291 5266 facientis
320 5204 496 5257 uniter
524 5215 644 5255 cum
675 5214 760 5260 eo,
792 5206 846 5251 et
889 5197 950 5248 ad
1002 5196 1278 5262 imaginem
1324 5194 1415 5247 Dei
1447 5192 1606 5259 ipsius

98 5301 255 5353 tutum
293 5312 517 5365 persona
554 5295 643 5356 sit,
677 5292 767 5345 sed
798 5302 849 5345 et
886 5288 1107 5341 videntis
1147 5296 1201 5340 et
1244 5285 1605 5339 benedicentis

98 5398 172 5435 una
196 5405 301 5443 cum
329 5404 392 5443 eo
415 5391 503 5440 sit.

153 5474 425 5545 Responsio.
472 5476 587 5530 Non
640 5473 731 5525 tibi
778 5453 1007 5532 videtur,
1033 5467 1279 5536 quoniam
1324 5480 1417 5533 per
1457 5464 1612 5519 tacita

100 5566 264 5619 tmtnina
292 5579 661 5635 personarum,
686 5561 922 5630 quamvis
953 5559 1239 5627 paulisper,
1263 5556 1474 5609 deitatis
1495 5555 1613 5608 uni-

105 5658 179 5704 tum
203 5658 457 5724 opereulis
484 5668 677 5708 nomen
724 5661 804 5707 est
850 5650 1202 5705 insinuatum?
1242 5648 1452 5715 l‘tiqttc,
1493 5649 1613 5715 quia

1716 4563 1839 4618 Filii
1869 4566 1947 4618 sui
1976 4566 2029 4615 in
2058 4564 2211 4614 corda
2238 4569 2430 4623 nostra,
2471 4558 2765 4609 clamantem
2796 4553 2931 4605 Abba
2957 4562 3097 4621 pater
3126 4550 3267 4621 (Gal.

1712 4670 1783 4716 tv,
1826 4654 1903 4721 6).
1952 4652 2026 4704 De
2070 4650 2270 4719 Spiritu
2308 4656 2482 4700 autem
2528 4642 2796 4712 principali
2829 4640 2987 4693 Filius
3021 4638 3213 4693 indicat
3249 4658 3261 4691 :

1720 4744 1945 4810 Spiritus
1978 4742 2060 4793 ubi
2090 4741 2189 4791 vult
2210 4740 2363 4807 Spirat
2384 4776 2399 4801 ,
2430 4746 2472 4787 et
2513 4748 2676 4786 vacem
2704 4734 2811 4800 ejus
2836 4730 3000 4791 audis,
3042 4730 3269 4789 etnescis

1720 4832 1850 4884 unde
1882 4830 2043 4884 veniat
2066 4869 2080 4892 ,
2106 4828 2180 4879 uel
2200 4842 2298 4894 quo
2326 4835 2423 4876 eat.
2457 4822 2545 4876 Sic
2570 4829 2639 4873 est
2660 4820 2821 4870 omnis
2846 4817 2929 4885 qui
2962 4817 3181 4868 nascitur
3210 4832 3270 4867 ea;

1719 4937 1849 4983 aqua
1900 4930 1944 4973 et
1972 4916 2171 4985 Spiritu
2193 4925 2361 4969 sancto
2388 4912 2559 4981 (Joan.
2588 4926 2665 4975 ιιι,
2688 4910 2761 4978 8).
2789 4908 2923 4975 Ergo
2946 4917 3002 4960 ut
3024 4920 3271 4972 compca--

1718 5013 1803 5065 dio
1849 5010 2139 5076 Scriptura}
2177 5020 2390 5059 sensum
2434 5002 2500 5056 de
2552 5010 2731 5053 natura
2771 4998 2962 5051 divina:
3004 4996 3269 5049 Trinitatis

1718 5102 1891 5153 uniter
1921 5097 2145 5151 dicentis
2165 5096 2379 5161 colligas
2404 5109 2416 5144 :
2456 5091 2583 5143 Vivit
2622 5089 2886 5151 Dominus,
2917 5095 2963 5138 et
2988 5085 3269 5136 benedictus

1720 5189 1855 5241 Deus
1893 5204 2047 5249 meus,
2091 5198 2135 5239 et
2159 5185 2402 5237 exaltetur
2436 5183 2569 5236 Deus
2597 5181 2769 5231 salutis
2796 5191 2913 5229 mete
2943 5177 3108 5244 (Psal.
3141 5193 3266 5239 xvn,

1718 5278 1831 5343 4°).
1858 5276 2134 5343 Videsper
2159 5274 2390 5341 singulas
2417 5269 2820 5337 signiﬁcationes
2848 5267 3049 5319 unitum
3077 5281 3265 5319 nomen

1710 5365 1919 5420 deitatis
1946 5374 2025 5417 ter
2049 5364 2330 5416 iudicatum
2356 5376 2369 5413 :
2400 5361 2498 5412 hoc
2521 5369 2619 5419 εει,
2651 5358 2803 5417 υνυς,
2835 5356 2989 5419 Deus,
3012 5367 3059 5407 et
3088 5356 3221 5407 Dens
3251 5372 3262 5406 :

1716 5476 1821 5512 non
1866 5468 2040 5512 tamen
2083 5456 2231 5509 deos.
2281 5453 2373 5506 Vel
2418 5467 2510 5517 per
2538 5448 2779 5504 eumdem
2822 5448 3017 5499 dictum
3050 5447 3262 5513 accipe:

1718 5552 1937 5607 lnuiiola
1972 5548 2072 5600 Deo
2107 5546 2407 5613 sacriﬁcium
2433 5540 2615 5601 laudis,
2640 5547 2683 5589 rt
2711 5539 2863 5590 redde
2885 5538 3136 5589 Altissimo
3155 5545 3268 5589 vota

1719 5652 1823 5694 tua.
1852 5640 1913 5691 Et
1936 5639 2108 5690 invoca
2134 5652 2207 5687 me
2229 5637 2277 5685 in
2300 5633 2378 5683 die
2407 5628 2737 5681 tribulationis
2759 5637 2875 5687 tua’,
2899 5636 2943 5677 et
2967 5627 3172 5691 eripiam
3199 5635 3263 5688 tc,
