3856 6222
579 311 682 366 24η

1875 310 2092 370 VtctLu
2131 312 2494 371 TAPSENSIS
2542 271 2544 274 V

3715 321 3812 374 ΞΗ

579 438 625 480 et
653 427 957 498 gloriﬁcubis
979 446 1054 483 me
1081 430 1247 497 (Psal.
1271 444 1411 496 χιιι,
1445 427 1552 498 14).
1581 428 1772 500 Utique
1797 428 1965 483 siuna
1990 417 2134 480 esset
2165 432 2209 488 Α
2236 427 2375 495 quod
2405 438 2512 482 tres
2543 436 2687 494 sunt,
2714 429 2838 498 quid
2860 430 3001 483 aliud
3024 432 3249 486 sentitur
3279 430 3442 484 fuisse
3463 445 3634 497 quam
3661 431 3812 484 Pater

580 519 945 572 tantummodo
982 520 1029 570 itt
1062 520 1159 572 hoc
1189 519 1431 586 exemplo
1468 517 1568 571 lixa
1601 533 1848 588 persona,
1879 516 2140 572 debuerat

582 607 696 664 hac
724 610 836 663 sine
868 610 1038 678 aliqua
1067 610 1404 664 distinctione
1434 608 1487 662 itt
1534 607 1902 678 prosequendo
1931 615 2139 669 taxare,

583 701 765 756 dicens
797 719 810 752 :
844 701 980 754 Vivit
1009 701 1278 765 Dominus,
1313 699 1403 770 qui
1431 708 1510 754 est
1536 697 1859 753 benedictus.
1881 693 1990 749 Sed
2018 708 2136 747 cum

583 789 748 846 dicit:
779 790 908 844 Vivit
932 790 1196 857 Dominus,
1219 799 1264 842 et
1286 787 1566 841 benedictus
1593 785 1725 837 Deus
1748 799 1907 844 meus,
1929 792 1976 836 et
1997 782 2140 835 exal-

585 887 715 932 tetttr
758 878 892 932 Deus
936 877 1123 932 salutis
1163 894 1285 933 mete
1323 876 1490 947 (Psal.
1527 891 1651 938 xvu,
1685 873 1809 944 I7),
1852 876 1994 927 itane
2037 886 2138 925 non

585 974 759 1028 uniter
787 974 838 1026 in
879 972 965 1026 his
993 975 1231 1042 personis
1262 982 1342 1025 e-t
1379 983 1568 1025 nomen
1610 957 1903 1022 divinitatis
1937 954 2139 1030 Patris,

586 1071 639 1116 et
674 1060 818 1127 Filii,
858 1072 912 1117 et
939 1061 1165 1134 Spit-itus
1194 1060 1360 1118 sancti
1405 1058 1460 1112 in
1496 1057 1740 1113 omnibus
1773 1055 2143 1126 declaratzgm?

587 1154 744 1225 206
783 1152 836 1208 id
874 1163 955 1209 est
985 1154 1142 1217 Deus,
1168 1158 1221 1206 et
1266 1149 1427 1217 Deus,
1458 1158 1512 1212 et
1557 1150 1694 1204 Deus
1729 1165 1743 1201 :
1788 1150 1925 1204 sicut
1951 1148 2057 1204 alio
2090 1149 2141 1199 itt

588 1247 707 1302 loco
751 1256 958 1300 cautum
1003 1255 1084 1300 est
1127 1244 1192 1300 de
1248 1244 1396 1298 unito
1445 1241 1660 1297 nomine
1713 1238 2090 1306 dominationis
2128 1257 2142 1289 :

587 1334 777 1405 Aﬂ'erte
818 1337 1034 1389 Domino
1070 1335 1247 1405 patria:
1287 1335 1530 1404 gentium,
1568 1331 1743 1398 auerte
1781 1329 1997 1393 Domino
2035 1329 2145 1398 gloo

588 1428 716 1478 riam
745 1435 789 1478 et
824 1426 1080 1488 honorem,
1124 1425 1298 1491 afferte
1340 1425 1557 1495 gtoriam
1591 1421 1784 1476 nomini
1817 1422 1934 1491 ejus
1968 1418 2142 1488 (Psal.

591 1529 710 1577 xcv,
741 1513 815 1582 7).
847 1514 978 1578 Qufa
1010 1515 1052 1565 si
1084 1529 1183 1569 una
1214 1524 1356 1567 esset
1385 1510 1752 1566 tantummodo
1783 1524 2006 1579 persona
2034 1510 2145 1579 glo—

591 1607 719 1659 riam
760 1606 836 1659 sic
872 1605 1123 1658 debuerat
1151 1604 1395 1658 intimare
1428 1622 1442 1659 :
1472 1603 1670 1659 Aderte
1703 1603 1929 1658 Dummo
1960 1601 2155 1673 patria:

587 1695 845 1762 gentium,
877 1694 1059 1748 al'l'erte
1089 1695 1136 1748 ei
1167 1695 1385 1762 gloriam
1411 1704 1464 1747 et
1495 1695 1776 1758 notiorem,
1808 1692 1996 1748 aﬂ'erte
2024 1691 2142 1760 glo-

2236 531 2414 582 verus,
2443 531 2599 582 unus,
2643 519 2724 572 vel
2748 520 2893 574 solus
2921 521 3007 588 qui
3045 522 3232 590 genuit
3275 522 3416 575 idem
3463 537 3569 575 nun
3594 521 3686 574 'sit
3733 526 3813 585 qui

2236 614 2291 660 et
2314 607 2615 674 unigenitus
2638 607 2706 661 ab
2733 608 2846 676 ipso
2867 621 2945 662 est
2970 626 2984 674 ;
3028 620 3083 664 et
3110 610 3277 665 Filius
3302 625 3438 664 unus
3464 612 3552 678 qui
3587 627 3708 663 non
3734 627 3814 677 ge-

2238 696 2353 748 nuit
2376 695 2514 750 sicut
2542 695 2654 763 ipse
2679 710 2708 749 a
2736 697 2892 751 Patre
2919 697 3153 766 genitus,
3183 682 3339 753 Pater
3367 712 3474 753 non
3505 698 3619 765 siti;
3653 709 3710 751 et
3741 700 3816 750 htc

2239 785 2468 855 Spiritus
2505 797 2722 842 sanctus
2751 787 2839 855 qui
2870 803 2966 843 nec
3002 789 3159 844 Pater
3185 805 3283 845 nec
3317 790 3486 844 Filius
3514 791 3650 846 est!
3683 790 3812 843 Pr:-

2241 886 2386 930 terea
2406 875 2495 944 qui
2519 891 2618 930 nec
2639 877 2842 945 genuit,
2877 893 2974 933 nec
2990 878 3197 946 genitus
3217 889 3319 944 est,
3345 893 3468 933 cum
3496 880 3647 935 alius
3665 881 3748 932 sit
3770 881 3814 928 in

2243 979 2467 1031 persona
2495 965 2588 1031 qui
2615 966 2834 1035 genuit,
2867 976 2920 1021 et
2950 967 3086 1020 alius
3116 968 3186 1021 sit
3219 968 3276 1022 in
3311 983 3536 1036 persona
3568 969 3671 1039 qui
3706 972 3812 1022 nni-

2241 1054 2454 1122 genitus
2479 1054 2546 1108 ab
2573 1056 2688 1123 ipso
2716 1065 2829 1122 est,
2858 1066 2913 1112 et
2941 1057 3075 1112 alius
3105 1058 3324 1125 adatque
3370 1060 3420 1111 itt
3455 1074 3730 1127 persona,
3767 1074 3814 1111 ut

2241 1143 2350 1198 dixi
2393 1145 2680 1199 secundum
2710 1145 2939 1200 divinam
2982 1134 3462 1216 Scripturam,'qui
3494 1163 3599 1203 nec
3633 1149 3816 1208 Pater.

2243 1247 2341 1289 uec
2370 1233 2531 1290 Filius
2559 1243 2640 1290 est
2660 1275 2675 1299 ,
2711 1233 2796 1289 hic
2825 1245 2908 1289 est
2932 1236 3162 1304 Spiritus
3182 1248 3417 1303 sanctus,
3440 1238 3536 1296 sed
3564 1237 3735 1306 plane
3756 1238 3815 1289 de

2244 1323 2386 1377 unita
2415 1333 2601 1378 natura
2624 1333 2725 1379 est.
2749 1325 2873 1380 Ideo
2901 1327 2954 1379 in
2983 1325 3179 1382 deitate
3205 1327 3350 1381 unita
3379 1329 3590 1382 unitum
3622 1328 3814 1384 divini-

2246 1417 2368 1471 tatis
2401 1432 2594 1474 nomen
2623 1427 2724 1473 est.
2766 1418 2917 1472 Sicut
2955 1419 3007 1472 in
3046 1417 3288 1476 claritate
3316 1419 3645 1488 evangelicae
3679 1419 3814 1474 Scri-

2246 1518 2412 1575 ptura:
2443 1506 2510 1561 de
2545 1507 2748 1575 Spiritu
2793 1507 3054 1562 Paraclito
3095 1508 3260 1563 Filius
3296 1518 3542 1572 testatur,
3579 1509 3810 1565 dicens:

2247 1591 2324 1651 De
2353 1595 2508 1652 Patre
2534 1599 2756 1667 procedit
2797 1599 2974 1668 (Joott.
3005 1613 3092 1664 xv,
3123 1597 3234 1668 26).
3285 1597 3354 1658 Et
3384 1599 3457 1653 sic
3497 1612 3813 1668 prosecutus

2246 1699 2328 1744 est
2355 1706 2368 1743 :
2403 1688 2467 1743 Et
2496 1691 2559 1745 de
2583 1706 2694 1744 meo
2724 1691 2933 1760 accipiet
2974 1689 3150 1762 (loco.
3175 1705 3264 1747 xvi
3285 1733 3304 1755 ,
3334 1689 3444 1760 ιι).
3477 1691 3545 1761 Et
3571 1690 3704 1746 ideo
3734 1692 3814 1742 ubi

589 1783 720 1840 tiam
771 1787 969 1839 nomini
1015 1786 1152 1854 ejus.
1195 1785 1326 1852 Quid
1371 1785 1637 1853 amplius?
1682 1785 1929 1855 Nunquid
1971 1785 2145 1838 adhuc
2181 1772 2223 1831 Β
2252 1795 2491 1854 personae
2512 1782 2871 1848 requiruntur,
2896 1781 3104 1850 propria
3133 1781 3342 1838 nomina
3365 1796 3462 1851 per
3488 1781 3606 1838 hac
3626 1781 3810 1846 distin-

589 1876 742 1931 nobis
789 1876 853 1929 ad
894 1875 1306 1944 patefaciendam
1349 1869 1623 1930 veritatem
1665 1885 1972 1940 argumenta
2018 1884 2150 1929 sunt

593 1967 924 2020 necessaria?
973 1964 1216 2033 Nunquid
1253 1975 1438 2035 gentes
1465 1967 1658 2034 quibus
1684 1965 1931 2020 introitus
1967 1966 2146 2032 janute

590 2056 924 2129 credentibus
952 2056 1018 2109 ad
1058 2055 1216 2108 vitam
1261 2063 1512 2109 aeternam
1552 2067 1735 2125 patens
1759 2066 1875 2120 est,
1909 2057 1960 2110 itt
1987 2073 2148 2112 unam

591 2146 958 2201 tantummodo
981 2158 1260 2212 personam
1290 2144 1458 2200 Patris
1483 2143 1859 2213 baptizatttur?
1883 2153 1939 2200 et
1965 2162 2066 2199 nou
2095 2149 2148 2220 in

591 2245 721 2302 tres,
753 2248 975 2303 quorum
1003 2234 1212 2287 nomina
1243 2235 1355 2287 lucc
1379 2231 1581 2287 sunt'itt
1606 2233 1848 2302 personis
1870 2221 2146 2302 distincta,

588 2311 783 2391 Patris,
805 2337 856 2380 et
881 2324 1018 2385 Filii,
1047 2331 1100 2377 ct
1123 2325 1290 2378 sancti
1319 2323 1566 2392 Spiritus,
1588 2325 1781 2390 quibus
1809 2335 1891 2379 est
1917 2342 2018 2380 una
2049 2342 2148 2381 na-

595 2430 710 2472 tura
750 2416 1056 2480 divinitatis,
1085 2415 1220 2470 sicut
1258 2416 1515 2485 scriptum
1543 2424 1646 2479 est,
1678 2415 1870 2470 Eutttes
1903 2417 2151 2486 baptizata

567 2518 760 2563 -ou'trtes
781 2518 944 2579 gentes
963 2509 1017 2562 in
1043 2507 1268 2573 nomine,
1301 2516 1354 2562 et
1383 2506 1457 2562 sic
1485 2517 1803 2576 prosecutus
1827 2517 1932 2576 est,
1955 2508 2148 2576 Patris,

590 2610 636 2652 et
666 2599 810 2664 Filii,
839 2608 882 2652 et
914 2599 1132 2669 Spiritus
1158 2599 1314 2652 sancti
1334 2596 1544 2666 (Matth.
1569 2614 1751 2663 xxvm,
1777 2599 1887 2668 i9).
1923 2599 2069 2656 Unde
2095 2602 2147 2655 in

593 2690 676 2744 ltis
705 2678 948 2758 personis
979 2703 1071 2757 per
1104 2689 1278 2741 omnia
1313 2689 1365 2740 in
1393 2687 1593 2742 deitate
1622 2688 1912 2747 divinitatis
1940 2690 2147 2744 unitum

593 2799 784 2836 nomen
812 2791 914 2846 εει,
937 2792 987 2835 et
1012 2795 1104 2849 per
1126 2781 1233 2849 ipsa
1259 2779 1467 2832 nomina
1497 2778 1778 2834 Trinitatis
1800 2787 2002 2837 tantum
2033 2794 2150 2847 per-

593 2887 736 2926 sonae
758 2871 1017 2926 distinctae
1051 2879 1192 2922 sunt.
1217 2869 1320 2924 Sed
1349 2878 1403 2923 et
1439 2868 1719 2937 Apostolus
1747 2868 1815 2926 ad
1848 2868 1960 2925 hac
1989 2879 2150 2924 testa-

596 2974 680 3017 tur
706 2979 718 3015 :
751 2962 961 3018 Servare
980 2964 1222 3015 unitatem
1242 2960 1466 3030 Spiritus
1491 2963 1548 3014 in
1573 2960 1773 3015 vinculo
1794 2955 1952 3028 pacis'.
1979 2961 2152 3016 Unum

592 3068 794 3123 corpus,
832 3062 880 3106 et
919 3045 1045 3111 unus
1077 3052 1340 3119 Spiritus;
1371 3052 1498 3108 sicut
1527 3062 1573 3105 et
1601 3054 1768 3118 vocati
1801 3055 1920 3107 estis
1963 3054 2018 3108 in
2042 3068 2145 3106 una

593 3113 980 3217 spe'ttocatt'onis
1004 3113 1180 3198 vestra:
1200 3113 1411 3215 (Epltes.
1440 3160 1520 3210 tv,
1540 3143 1616 3215 3).
1648 3116 1803 3205 Vides
1830 3145 2146 3201 servandum
2175 3113 2222 3175 Ο

593 3252 714 3293 esse
741 3237 943 3292 unitum
975 3234 1225 3305 Spiritum
1248 3275 1263 3300 ,
1294 3237 1346 3289 in
1374 3251 1533 3289 unum
1565 3249 1760 3304 corpus
1788 3235 2062 3300 Ecclesiae,
2095 3236 2147 3288 itt

594 3328 805 3385 vinculo
839 3329 1016 3398 pacis,
1052 3327 1189 3394 quod
1227 3337 1310 3381 est
1336 3325 1755 3390 incontessione
1795 3326 2016 3381 salutis?
2046 3327 2151 3382 Aut

597 3419 830 3490 nunquid
883 3417 1103 3473 unitatis
1129 3425 1330 3474 natura:
1356 3431 1548 3479 nomen
1579 3416 1808 3485 Spiritus
1837 3417 1888 3470 in
1910 3430 2012 3470 una
2038 3427 2151 3468 tau-

576 3511 868 3566 ‘tummodo
899 3510 1388 3587 personaejustletn
1419 3509 1522 3571 dici
1554 3517 1748 3577 potest,
1780 3508 1908 3562 dum
1937 3507 2152 3561 unitatis

597 3610 795 3657 natura:
836 3615 1027 3654 nomen
1073 3602 1122 3654 in
1167 3600 1335 3654 tribus
1374 3599 1456 3654 Itis
1485 3589 1744 3667 personis
1791 3595 1845 3652 in
1887 3598 2152 3666 baptismo

598 3693 758 3747 vitam
785 3691 1123 3748 metentibus
1146 3691 1384 3744 tribuat?
1405 3690 1461 3744 In
1484 3705 1586 3759 qua
1614 3704 1709 3755 spe
1734 3701 1921 3743 omnes
1941 3701 2038 3740 nos
2059 3701 2151 3738 vo-

599 3785 701 3838 cati
729 3797 929 3841 sumus.
953 3781 1080 3848 Qua:
1113 3797 1234 3850 spes
1259 3781 1376 3835 tidei
1407 3789 1602 3835 nostrae
1633 3778 1750 3833 haec
1773 3787 1876 3848 est,
1906 3786 1962 3832 ut
1986 3777 2040 3833 in
2066 3777 2154 3830 ba-

601 3878 790 3938 ptismo
817 3873 1019 3927 unitum
1045 3873 1334 3928 divinitatts
1363 3886 1553 3926 nomen
1579 3873 1729 3939 prius
1751 3869 2079 3942 conﬁtearis,
2098 3878 2155 3920 ttt

602 3965 874 4020 remissam
915 3973 1246 4031 peccatorum
1278 3963 1329 4015 in
1369 3962 1452 4020 Itis
1480 3962 1724 4029 personis
1754 3960 2006 4028 consequi
2036 3973 2148 4012 me-

603 4056 788 4107 rearis.
807 4054 972 4121 ‘Ergo
994 4053 1232 4121 quamvis
1259 4051 1308 4104 itt
1339 4051 1702 4120 superioribus
1730 4049 1990 4117 exemplis
2012 4049 2154 4104 Scri-

603 4143 1049 4209 pturarum-tacita
1080 4143 1186 4195 sint
1213 4144 1420 4200 nomina
1446 4156 1812 4208 pet-snttarum,
1838 4149 2015 4195 tamen
2038 4140 2154 4194 uni-

604 4243 714 4288 tvuu
756 4247 952 4291 nomen
1000 4231 1294 4284 divinitatis
1341 4247 1435 4299 per
1476 4232 1650 4285 otnttia
1702 4232 1794 4284 tibi
1839 4239 1924 4284 est
1971 4230 2023 4283 in
2072 4229 2161 4283 bis

602 4327 1046 4385 domuisti-stum;
1078 4323 1212 4374 sicut
1236 4331 1288 4373 et
1328 4325 1377 4374 in
1409 4322 1509 4373 ltoc
1535 4321 1779 4389 exemplo
1803 4320 2062 4386 veritatis,
2100 4319 2154 4374 in

602 4429 708 4484 quo
746 4413 958 4472 nomina
999 4425 1338 4480 personarum
1380 4409 1653 4470 evidenter
1689 4420 1809 4464 sunt
1837 4419 2071 4475 ostensa,
2103 4419 2160 4463 et

603 4509 805 4561 unitum
833 4519 1021 4560 nomen
1052 4504 1340 4557 divinitatis
1384 4504 1562 4557 clause
1588 4513 1672 4558 est
1696 4503 2050 4568 declaratum,
2070 4504 2154 4556 di-

602 4609 756 4652 cente
783 4588 984 4656 Joanne
1014 4594 1337 4662 evangelista
1369 4595 1419 4651 in
1455 4593 1686 4661 Epistula
1720 4607 1823 4646 sua.
1848 4611 1860 4646 :
1888 4592 2012 4646 Tres
2039 4604 2156 4648 sunt

603 4688 687 4755 qui
709 4685 1046 4740 testimonium
1076 4685 1247 4736 dicunt
1273 4685 1322 4737 in
1349 4687 1507 4749 calo,
1554 4683 1726 4747 Pater,
1767 4694 1813 4736 et
1850 4682 2082 4747 Verbum,
2108 4694 2154 4738 et

605 4776 824 4844 Spiritus
847 4813 863 4839 ,
896 4783 938 4827 et
964 4774 1016 4826 in
1037 4772 1235 4824 Christo
1257 4771 1378 4825 Jesu
1404 4789 1556 4830 unum
1575 4785 1689 4826 sunt
1713 4772 1761 4843 (Ι
1793 4773 1951 4826 Joon.
1981 4789 2032 4839 v,
2055 4775 2110 4843 7)
2139 4792 2177 4840 ς..

606 4879 708 4917 non
742 4875 911 4917 tamen
942 4878 1074 4916 unus
1108 4870 1223 4924 est,
1255 4862 1410 4930 207
1442 4863 1559 4929 quia
1591 4878 1693 4919 non
1727 4874 1804 4917 est
1851 4864 1902 4916 in
1943 4865 2022 4916 itis
2054 4881 2153 4918 una
2206 4871 2212 4877 ’

607 4967 846 5024 persona.
863 4953 986 5005 Nam
1009 4967 1168 5006 unum
1191 4952 1330 5021 quod
1356 4952 1486 5004 dixit
1506 4956 1571 5006 de
1600 4955 1988 5022 utrisque.quid
2014 4955 2154 5010 aliud

609 5046 932 5114 intelligitur,
953 5059 1109 5112 quam
1130 5043 1265 5112 quod
1290 5041 1430 5096 Deus
1452 5044 1606 5097 Pater
1626 5045 1921 5099 divinitatis
1943 5055 2156 5112 natura,

609 5136 746 5190 idem
776 5135 885 5201 ipse
908 5133 1111 5186 dicatur
1139 5143 1192 5187 et
1223 5133 1505 5190 Dominus.
1538 5132 1676 5187 idem
1708 5133 1819 5201 ipSe
1845 5137 1916 5186 sit
1950 5144 2003 5190 et
2039 5135 2158 5204 Spi-

607 5229 767 5290 ritus;
808 5236 860 5278 et
900 5224 1062 5276 Filius
1103 5223 1260 5285 Deus,
1303 5222 1551 5289 idemque
1595 5225 1663 5274 sit
1704 5224 1754 5274 in
1795 5222 2066 5278 divinitate
2104 5235 2158 5278 et

609 5315 860 5368 Dominus
881 5353 894 5374 ,
927 5313 1172 5377 idemque
1202 5312 1269 5362 sit
1299 5312 1347 5364 itt
1377 5313 1570 5366 deitate
1601 5320 1653 5365 et
1681 5311 1940 5379 Spiritus;
1984 5314 2074 5367 sed
2104 5323 2158 5367 et

606 5403 831 5470 Spiritus
866 5402 1149 5454 Paraclitus
1186 5399 1324 5452 Deus
1362 5400 1606 5466 idemque
1639 5401 1706 5454 sit
1738 5411 1791 5453 et
1824 5403 2070 5457 Dominus
2103 5404 2156 5455 in

611 5507 791 5546 u-ttura
820 5493 1058 5556 deitatis,
1101 5491 1238 5544 idem
1281 5493 1350 5543 sit
1378 5502 1430 5546 et
1458 5482 1900 5557 spiritus?'Vides
1948 5497 2067 5560 qu'a
2101 5494 2150 5546 in

611 5586 803 5637 doitate
825 5595 876 5636 et
908 5585 954 5634 in
987 5584 1272 5634 substantia
1305 5581 1645 5648 plenitudinis
1676 5599 1769 5652 per
1791 5585 1967 5636 omnia
1996 5600 2154 5636 llmllll

613 5683 753 5735 Sunt,
793 5685 845 5727 ct
876 5675 925 5725 iu
966 5672 1265 5727 numinibus
1308 5688 1647 5740 personarum
1680 5683 1786 5729 tres
1830 5675 1984 5728 sunt?
2029 5674 2154 5729 Nam

2255 1883 2485 1942 guuntur
2510 1911 2526 1939 ,
2555 1873 2642 1928 ubi
2677 1881 2851 1949 autem
2885 1872 3058 1927 Deitas
3083 1873 3349 1942 poscitur,
3381 1873 3587 1926 unitum
3621 1885 3810 1925 nomen

2251 1963 2511 2019 indicatur
2543 2002 2561 2029 ,
2609 1964 2856 2031 quoniam
2889 1980 3063 2018 sumus
3101 1963 3168 2019 ad
3212 1964 3424 2017 nomina
3464 1975 3810 2031 personarum

2253 2056 2529 2125 pluraliter
2561 2055 2762 2112 dictum
2804 2055 3220 2109 demonstratur.
3263 2054 3342 2107 Ac
3371 2065 3464 2122 per
3492 2053 3596 2106 boc
3623 2052 3679 2106 in
3709 2052 3810 2104 dei-

2251 2158 2358 2202 tate
2379 2148 2672 2202 divinitatis
2699 2147 2843 2201 unita
2863 2161 3028 2200 unum
3054 2154 3198 2209 sunt,
3222 2153 3276 2199 et
3303 2144 3357 2198 in
3375 2143 3688 2199 nominibus
3710 2157 3806 2209 per-

2250 2248 2499 2291 sonat-unt
2527 2246 2632 2290 tres
2659 2245 2780 2290 sunt
2808 2252 2821 2287 :
2853 2235 2991 2288 unde
3020 2244 3127 2289 tres
3152 2248 3315 2287 unum
3341 2243 3487 2295 sunt,
3511 2233 3633 2286 sive
3659 2246 3807 2284 unum

2251 2338 2361 2383 tres
2381 2337 2526 2382 sunt.
2556 2325 2694 2380 Sane
2725 2334 2784 2379 ut
2809 2338 3021 2380 omnem
3046 2323 3353 2390 scrupulum
3384 2323 3685 2390 legentibus
3704 2335 3803 2372 am-

2251 2429 2518 2487 putemus,
2544 2416 2716 2469 adhuc
2737 2414 2970 2468 breviter
2987 2412 3307 2477 dilucidabo,
3327 2411 3612 2466 multifario
3633 2424 3804 2478 appro-

2250 2513 2383 2565 bans
2413 2509 2512 2564 hoc
2539 2507 2756 2563 unitatis
2775 2520 2969 2560 nomen
2997 2519 3118 2560 esse
3147 2504 3482 2559 verissimum
3509 2501 3802 2560 Trinitatis,
3842 2571 3843 2574 η

2251 2618 2366 2674 qua:
2395 2613 2567 2657 tamen
2601 2601 2830 2656 refer—tur
2865 2601 2930 2654 ad
2962 2599 3303 2654 multifariam
3339 2598 3656 2667 sapientiam
3697 2595 3802 2658 Dei,

2251 2709 2370 2764 quae
2398 2695 2570 2747 uniter
2600 2693 2653 2748 in
2684 2693 2859 2757 Patre,
2882 2701 2936 2746 et
2961 2678 3094 2745 Filio
3114 2731 3134 2758 ,
3161 2701 3215 2746 et
3241 2691 3441 2760 Spiritu
3467 2699 3657 2744 sancto
3681 2701 3802 2742 cnn-

2251 2786 2421 2850 sistit;
2453 2784 2520 2842 de
2542 2799 2641 2850 qua
2669 2784 2716 2838 si
2743 2783 3007 2853 signiﬁces
3028 2784 3340 2852 sapientiam
3371 2782 3584 2836 deitatis
3613 2791 3670 2835 et
3698 2779 3800 2833 dei-

2255 2889 2413 2936 tatem
2435 2878 2728 2945 sapientiae,
2758 2891 2932 2931 nonne
2955 2876 3066 2928 haec
3086 2875 3199 2944 ipsa
3221 2886 3299 2928 est
3323 2875 3498 2928 unitas
3515 2871 3798 2940 sapientia.

2252 2984 2368 3038 qum
2397 2979 2453 3023 et
2476 2967 2732 3023 divinitas
2755 2965 3064 3020 Trinitatis!
3090 2965 3229 3032 Ergo
3263 2975 3321 3018 ut
3349 2965 3669 3031 compendio
3699 2962 3797 3014 hac

2257 3058 2604 3127 assignemus,
2629 3058 2740 3112 sive
2761 3057 3035 3122 sapietize
3054 3055 3242 3125 gloria,
3273 3055 3387 3108 sive
3413 3055 3582 3108 deitas
3601 3052 3797 3121 gloriae.

2252 3160 2342 3206 aut
2368 3149 2666 3214 summitas,
2692 3158 2783 3203 aut
2808 3147 3118 3211 dominatio,
3145 3159 3233 3200 aut
3263 3147 3510 3214 dignitas,
3535 3156 3626 3199 aut
3654 3143 3797 3197 clari-

2254 3252 2353 3307 tas,
2384 3248 2477 3294 aut
2503 3240 2663 3309 2m
2689 3238 2957 3306 majestts,
2990 3247 3081 3290 aut
3110 3237 3408 3305 imperium,
3440 3248 3528 3291 aut
3557 3245 3797 3305 potestas.

2252 3338 2354 3390 aut
2381 3328 2772 3396 sempiternitas
2796 3329 3118 3394 nominetur,
3159 3341 3337 3380 nonne
3375 3327 3490 3381 haec
3529 3325 3800 3380 multifarie

2251 3421 2492 3489 quamvis
2512 3419 2797 3483 sintdicta,
2821 3429 2997 3472 tamen
3022 3418 3090 3472 ad
3117 3420 3318 3476 unitatn
3339 3417 3590 3471 deitatem
3614 3415 3798 3471 incont-

2256 3509 2540 3577 parabilem
2580 3507 2771 3571 Patris,
2803 3516 2858 3560 et
2897 3507 3040 3572 Filii,
3069 3515 3123 3561 et
3165 3507 3395 3575 Spiritus
3430 3508 3594 3563 sancti
3635 3503 3794 3558 uniter

2253 3611 2377 3655 sunt
2395 3595 2695 3653 declarata?
2714 3599 2818 3653 Aut
2847 3609 3002 3667 putas
3031 3607 3160 3669 quot
3186 3599 3602 3668 signiﬁcationes
3627 3599 3792 3652 dicun-

2255 3702 2339 3745 tur
2368 3691 2432 3744 ad
2479 3692 2697 3760 gloriam
2734 3691 2964 3757 deitatis,
3007 3691 3331 3760 totidemque
3370 3693 3482 3746 sint
3513 3705 3564 3747 et
3605 3692 3794 3759 specirt

2253 3780 2607 3834 diversitatis?
2640 3781 2796 3840 Absit
2837 3822 2853 3846 ,
2901 3781 3024 3834 dum
3068 3782 3180 3836 tunc
3217 3784 3468 3836 univecsa
3505 3781 3570 3834 ad
3607 3781 3791 3835 uatium

2254 3863 2603 3925 substantiam
2630 3871 2769 3925 dicta
2798 3874 3116 3927 referuntur.
3141 3872 3268 3926 Nam
3309 3873 3354 3925 si
3383 3872 3495 3926 haec
3524 3888 3622 3925 una
3653 3880 3795 3938 atque

2257 3964 2440 4018 eadem
2465 3963 2574 4030 ipsa
2604 3974 2685 4019 est
2712 3964 2981 4030 multiplex
3007 3978 3241 4033 prtesaga
3259 3965 3517 4033 sapientia
3549 3965 3727 4026 Patris,
3748 3971 3794 4013 et

2261 4054 2379 4106 Filii
2405 4063 2455 4107 et
2481 4053 2713 4119 Spiritus
2740 4054 2932 4115 sancti,
2960 4068 3077 4121 quae
3105 4063 3188 4108 est
3225 4069 3325 4108 una
3353 4056 3541 4118 virtus,
3569 4057 3680 4109 sive
3704 4068 3789 4104 una

2260 4143 2427 4197 forma
2450 4143 2844 4212 magnitudinis,
2868 4144 2978 4197 sive
3002 4159 3104 4197 una
3135 4144 3404 4213 maiestas.
3433 4147 3549 4200 sive
3576 4160 3675 4199 una
3699 4144 3790 4196 cla-

2258 4238 2412 4301 ritas,
2453 4235 2653 4302 qttat'in
2682 4236 2819 4288 hanc
2854 4236 3055 4290 uuitam
3087 4236 3334 4290 deitatem
3365 4237 3696 4304 plenitudinis
3722 4249 3790 4284 se.

2259 4325 2488 4380 cundum
2512 4325 2794 4394 Scriptura:
2826 4327 3054 4392 regulam
3082 4327 3132 4378 in
3161 4326 3260 4380 hoc
3281 4327 3398 4381 loco
3419 4329 3638 4382 collecta
3660 4338 3784 4391 repe~

2261 4417 2496 4481 riuntur;
2552 4416 2792 4482 nunquid
2829 4417 2905 4470 sic
2957 4416 3007 4468 in
3071 4417 3254 4472 eadem
3299 4417 3504 4471 deitate
3541 4413 3788 4471 Trinitatis

2266 4516 2440 4575 potest
2466 4508 2716 4566 adversus
2740 4507 3039 4574 Scripturas
3069 4508 3273 4571 referri,
3299 4520 3350 4561 ut
3377 4517 3487 4563 tres
3508 4507 3786 4577 sapientias.

2262 4609 2350 4654 aut
2379 4608 2486 4652 tres
2516 4599 2758 4661 virtutes,
2781 4605 2872 4651 aut
2899 4607 3002 4651 tres
3031 4598 3306 4665 imagines,
3329 4608 3423 4654 aut
3442 4609 3548 4652 tres
3571 4598 3784 4652 substan-

2264 4690 2365 4742 tias
2383 4732 2397 4755 ,
2427 4696 2518 4742 aut
2545 4688 2810 4741 claritates
2836 4727 2848 4751 ,
2874 4697 2965 4740 aut
2984 4697 3091 4742 tres
3123 4687 3476 4753 plenitudiues
3505 4683 3781 4742 divinitatis,

2263 4779 2345 4832 vel
2395 4765 2590 4832 castora
2643 4774 3004 4844 hujuscemodi
3055 4775 3331 4844 pluraliter
3371 4777 3779 4830 Ariomnnitarum

2264 4882 2412 4922 more
2456 4867 2728 4920 dicamus?
2771 4867 2938 4920 Absit.
2985 4866 3133 4920 Sicut
3173 4877 3248 4929 ιιι,
3287 4865 3403 4932 Osi,
3432 4867 3541 4936 jam
3570 4869 3620 4921 in
3657 4873 3779 4918 ταῖς

2267 4956 2488 5025 prolixa,
2513 4955 2600 5023 qui
2627 4970 2730 5008 non
2761 4969 2855 5022 per
2882 4954 3176 5008 rudimenta
3208 4958 3259 5009 in
3301 4957 3507 5025 synodo
3542 4948 3779 5010 Simiensi

2261 5048 2545 5102 Catholicae
2584 5055 2766 5101 auctor
2811 5046 2964 5100 luisti
2991 5088 3005 5106 ,
3068 5049 3152 5101 ubi
3195 5049 3351 5102 tidem
3381 5058 3544 5113 tuam,
3575 5059 3712 5116 quam
3739 5043 3778 5090 in

2262 5137 2431 5192 Nicaea
2456 5136 2870 5203 conscripseras,
2899 5137 3099 5189 irritam
3126 5137 3318 5201 fecisti,
3344 5139 3469 5191 dum
3494 5139 3644 5206 regia:
3663 5142 3776 5201 pott-

2263 5226 2382 5278 stati
2412 5225 2761 5282 famulareris.
2806 5227 3062 5280 Prmterca
3094 5227 3179 5294 qui
3208 5229 3364 5280 tnorti
3393 5243 3538 5280 esses
3566 5232 3777 5294 perquam

2263 5317 2486 5391 vicinus,
2517 5317 2594 5371 sic
2616 5318 2666 5370 in
2697 5317 2938 5384 laqueum
2964 5319 3225 5386 voraginis
3256 5318 3455 5372 baratri
3487 5315 3713 5376 incidisti.
3735 5317 3776 5360 υι

2262 5406 2547 5460 excederes
2589 5419 2832 5473 tanquam
2875 5416 3110 5460 mortuus
3151 5421 3177 5457 a
3222 5407 3383 5461 corde
3410 5448 3424 5468 ,
3481 5418 3539 5461 ut
3569 5407 3773 5460 diceres:

2261 5495 2388 5561 Quis
2417 5497 2624 5561 ignorat
2656 5495 2858 5547 Patrem
2885 5495 3134 5561 majorem
3159 5510 3277 5548 esse
3303 5495 3525 5560 honore,
3543 5497 3771 5564 dignitate.

2261 5587 2498 5640 claritate
2519 5597 2569 5639 et
2598 5586 3076 5654 majestate?Quasi
3100 5586 3219 5640 dua:
3244 5587 3322 5640 vel
3348 5600 3493 5642 certe
3514 5600 3616 5641 tres
3636 5586 3775 5638 essent

2263 5679 2548 5743 claritates,
2595 5689 2681 5730 aut
2725 5677 3026 5745 ntajcstatcs
3069 5679 3120 5732 in
3163 5677 3382 5746 singu'is
3429 5682 3506 5733 Itis
3556 5674 3769 5745 person“.
