3856 6222
81 360 183 415 tib

1317 351 1403 406 DE
1442 349 1804 406 TRINITATE
1845 349 1968 404 LIB.
2009 349 2068 407 ll.

3199 357 3302 409 illi

84 475 274 539 Patris,
302 485 353 531 et
376 474 493 528 Filii
524 483 577 526 ct
607 472 836 538 Spiritus
859 468 1046 523 sancti.
1077 465 1226 532 Quod
1259 465 1414 518 absit.
1439 463 1568 518 Nam
1597 464 1640 516 si
1672 468 1716 523 A
1747 460 1977 515 detiiobis
1993 463 2224 532 spiritum
2245 463 2893 530 sapientiu'ctrcrelutiouis
2915 463 3123 530 (Iz'pltrs.
3142 481 3175 528 I,
3201 466 3298 531 l7).

85 567 196 618 hare
226 580 412 618 eorum
454 558 616 615 sic'se
659 558 1004 627 blasphemia,
1036 557 1102 609 ita
1136 556 1375 617 utaiunt,
1401 553 1641 616 habt-ret,

86 655 248 723 quare
276 656 382 722 jam
412 669 518 705 non
543 659 651 705 tres
687 650 817 704 deos
847 648 1034 717 plurali
1054 659 1285 711 numero
1323 651 1642 711 nuncupant,

88 759 146 795 ac
179 744 389 810 publica
420 756 551 794 voce
587 741 725 794 circa
760 739 995 808 proprias
1033 736 1110 790 vel
1143 737 1376 790 diversas
1402 739 1646 786 substan-

91 834 189 884 tias
218 846 345 885 suas
371 830 718 900 pollicentur?
749 827 897 896 Quod
927 827 1080 880 absit.
1118 827 1246 879 ltum
1274 826 1503 893 perfecte
1533 824 1647 875 uni-

95 934 201 978 tntn
246 937 436 977 nomen
480 921 793 985 divinitatis,
823 917 1106 973 tnnltifarie
1145 915 1384 986 quamvis
1427 916 1645 980 dictum,

97 1013 270 1068 uniter
299 1015 348 1067 in
378 1013 633 1067 Trinitate
652 1011 924 1067 consistat.

165 1101 528 1174 Interrogatio.
570 1104 673 1158 Sed
722 1115 776 1157 ut
817 1103 1044 1156 breviter
1089 1101 1202 1155 haec
1236 1100 1350 1170 ipsa
1397 1099 1537 1154 dicta
1584 1099 1650 1155 de

99 1193 412 1246 auctoritate
442 1207 537 1261 per
563 1191 795 1261 singulas
834 1206 1084 1261 personas
1111 1191 1282 1245 uniter
1320 1205 1383 1245 ac
1407 1205 1648 1245 commu-

101 1281 240 1335 niter
269 1281 394 1334 mihi
423 1281 674 1336 ostendas
703 1282 928 1351 postulo.

171 1369 469 1441 Responsio.
511 1371 646 1426 Audi
689 1371 862 1425 uniter
895 1371 946 1425 in
974 1369 1231 1424 Trlnitate
1254 1369 1451 1423 dictum
1494 1386 1507 1422 :
1547 1368 1648 1424 Sa-

103 1459 244 1528 piens
269 1467 340 1514 est
369 1459 542 1527 Deus,
573 1469 619 1514 et
641 1461 786 1529 {ortis
814 1469 859 1513 et
898 1476 1140 1532 magnus,
1172 1460 1260 1530 qui
1278 1459 1423 1530 jubet
1468 1459 1584 1522 soli,
1607 1465 1654 1513 et

105 1568 204 1604 non
247 1553 432 1618 oritur;
472 1552 559 1621 qui
604 1552 772 1606 sidera
815 1553 1078 1616 conclusit,
1124 1563 1171 1606 et
1218 1553 1434 1605 extendit
1473 1551 1653 1604 caelum

103 1643 518 1708 quemadmodum
545 1643 724 1714 pellem
752 1661 769 1708 ;
809 1645 896 1713 qui
937 1643 1158 1698 ambulat
1184 1659 1337 1711 super
1370 1657 1509 1696 mare
1544 1655 1654 1696 tan-

106 1751 255 1800 quam
282 1750 426 1802 super
451 1733 610 1804 209
637 1737 857 1798 aridam,
898 1735 984 1802 qui
1013 1735 1134 1802 facit
1163 1735 1434 1804 magnalia,
1462 1745 1509 1787 et
1539 1749 1653 1802 qua:

1749 554 1814 605 Et
1841 553 1944 606 alio
1976 554 2029 606 in
2058 553 2173 605 loco
2202 553 2278 605 sic
2305 561 2515 605 tantum
2547 553 2847 606 invenimus
2873 570 2886 607 :
2920 554 3023 608 Sed
3050 558 3303 624 accipietis

1744 645 1977 696 virtutem
2021 645 2450 709 superveniente":
2501 643 2755 711 Spiritum
2797 653 3025 696 sanctum
3073 647 3125 695 in
3169 646 3304 698 vobis

1747 734 1881 802 (Act.
1914 750 1950 799 ι,
1984 734 2058 801 8).
2091 733 2213 787 Sive
2253 733 2351 786 huc
2389 747 2481 801 per
2524 743 2766 786 sant-tum
2812 733 3105 799 biit-lunam,
3139 736 3304 800 ipsum

1751 810 2024 877 Dominum
2060 824 2266 880 Patrem
2297 824 2478 891 accipe
2503 832 2882 890 protestantem
2909 840 2923 876 :
2959 823 3074 876 Nisi
3104 840 3193 892 ego
3213 825 3281 876 ad
3292 855 3309 866 α

1747 918 1984 987 impleam
2009 920 2240 971 virtutem
2270 919 2322 970 iu
2355 917 2551 986 Spiritu
2581 933 2688 969 meo
2725 927 2920 981 sancto,
2949 927 2992 970 et
3014 919 3233 987 judicio,
3262 928 3309 970 ct

1751 1019 1989 1074 potestate
2032 1008 2241 1072 (liticine
2270 1023 2349 1071 tu,
2379 1008 2460 1074 8).
2491 1007 2752 1060 Memento
2782 1008 2901 1060 hinc
2924 1022 3042 1061 esse
3070 1017 3308 1060 sanctum

1749 1100 1998 1169 Spiritum
2034 1099 2309 1168 sapientiae
2347 1107 2402 1152 et
2437 1098 2645 1152 virtutis
2685 1113 2803 1151 cum
2841 1098 3029 1164 Patre,
3071 1107 3124 1151 et
3159 1097 3308 1150 Filio.

1751 1190 1873 1244 Sive
1903 1190 2077 1244 uniter
2105 1188 2472 1243 sanctimonia
2510 1187 2786 1240 Trinitatis
2808 1228 2821 1249 ,
2865 1187 3057 1240 dit-tam
3101 1188 3310 1255 percipe

1751 1284 1926 1336 Omnia
1960 1282 2230 1345 mirabilia.
2253 1282 2304 1334 in
2330 1281 2498 1349 signis
2528 1289 2582 1334 et
2614 1279 2866 1348 prodigiis
2895 1290 3225 1347 operantem,
3257 1285 3313 1331 ut

1753 1372 2000 1440 superius
2017 1371 2233 1440 przedixi
2264 1388 2274 1422 :
2310 1370 2570 1425 Sanctitas
2597 1379 2642 1423 et
2679 1369 3011 1423 sanctimonia
3045 1370 3096 1420 in
3127 1373 3312 1420 sant-ti-

1753 1466 1985 1530 ﬁcatione
2009 1467 2117 1534 ejus
2137 1462 2304 1534 (Psal.
2335 1477 2455 1527 xcv,
2475 1463 2554 1528 6).
2573 1462 2727 1515 Vides
2750 1462 2923 1528 itaque
2945 1474 3061 1514 esse
3083 1459 3133 1512 in
3158 1461 3315 1512 utris-

1755 1568 1856 1622 que
1894 1568 2050 1608 unam
2092 1552 2430 1620 sapientiam,
2455 1551 2566 1604 sive
2593 1552 2861 1614 virtutem,
2888 1558 2978 1603 aut
3007 1547 3196 1611 lu'cem,
3225 1557 3316 1602 aut

1754 1645 2109 1709 sanctitatem,
2141 1645 2218 1697 vel
2250 1644 2632 1710 operationem,
2655 1657 2754 1697 nec
2784 1657 2887 1694 non
2909 1651 2961 1696 et
2989 1642 3090 1695 alia
3125 1639 3308 1708 hujus-

1754 1735 1957 1789 cemodi
2008 1733 2369 1802 multipliciter
2415 1733 2577 1797 dicta,
2615 1748 2734 1802 quae
2777 1746 2882 1785 non
2925 1739 3048 1784 sunt
3087 1730 3151 1784 ad
3202 1731 3316 1782 lucc

107 1824 387 1895 inrestigari
415 1841 514 1878 non
540 1834 748 1895 possunt
775 1825 916 1894 (Job.
950 1840 1025 1888 Ix,
1050 1823 1103 1889 ι,
1134 1822 1187 1888 7,
1216 1823 1270 1891 8,
1303 1824 1410 1892 l0).
1445 1823 1512 1879 Et
1538 1839 1652 1892 qua:
1688 1813 1728 1871 Β
1757 1828 2000 1895 exetnpla
2033 1826 2200 1895 illata,
2224 1842 2342 1896 quae
2370 1827 2499 1880 satis
2525 1826 2736 1894 longum
2769 1837 2850 1878 est
2878 1838 2972 1890 per
3005 1824 3168 1891 ipsam
3198 1822 3316 1874 Tri-

109 1916 164 1968 in
192 1916 469 1971 Salomone
493 1917 570 1970 ait
595 1933 608 1969 :
641 1916 776 1971 Deus
805 1917 1046 1987 sapientia
1072 1932 1164 1970 sua
1189 1918 1420 1987 [uriduvit
1448 1925 1655 1984 terram,

113 2006 309 2069 paravit
334 2013 496 2059 autem
517 2006 666 2061 cwlos
688 2007 953 2076 prudentia
982 2005 1164 2075 (Prov.
1197 2022 1274 2071 ιιι,
1308 2006 1413 2076 l9).
1433 2007 1527 2062 Vel
1558 2007 1658 2064 hoc

113 2095 412 2161 Apostolum
437 2109 663 2164 agnosce
681 2095 944 2150 dicentem
971 2113 983 2149 :
1009 2095 1260 2151 Christum
1286 2093 1379 2150 Dei
1425 2097 1659 2152 virtutem

112 2193 159 2236 et
182 2181 274 2237 Dei
293 2186 582 2254 sapientiam
607 2184 657 2256 (I
685 2186 800 2240 Cor.
816 2201 854 2250 ι,
879 2186 994 2255 Ἡ).
1017 2185 1119 2241 Sed
1140 2194 1192 2241 et
1212 2186 1322 2256 ipse
1345 2180 1525 2241 rursus
1545 2189 1619 2242 ait
1643 2206 1657 2240 :

120 2276 186 2330 Ut
215 2277 393 2334 habitet
418 2281 470 2331 in
511 2296 588 2333 me
614 2280 770 2333 virtus
797 2279 984 2334 Christi
1010 2278 1095 2349 (ΙΙ
1127 2278 1243 2334 Cor.
1280 2295 1369 2344 xu,
1401 2281 1478 2349 9).
1512 2280 1576 2333 Et
1605 2281 1658 2336 in

121 2369 512 2438 psalmographo
538 2371 792 2438 scriptum
817 2379 901 2425 est
924 2388 936 2424 :
965 2370 1301 2424 Ambulabu‘nt
1323 2372 1383 2424 de
1411 2374 1590 2424 virtute
1608 2373 1660 2424 in

119 2458 336 2511 uirtutem
361 2457 530 2529 (Psal.
563 2475 782 2523 Lxxxnt,
815 2461 890 2528 8).
918 2457 1032 2514 Non
1063 2468 1235 2515 tamen
1264 2461 1536 2528 pluraliter
1560 2476 1661 2514 sa-

122 2549 333 2614 pientia:
352 2562 446 2617 aut.
467 2552 687 2607 virtutes
713 2554 766 2607 in
798 2553 880 2607 his
911 2553 1152 2622 personis
1175 2567 1294 2608 esse
1324 2555 1660 2622 significavit,

122 2641 248 2695 sicut
279 2643 410 2698 idem
454 2645 567 2714 ipse
594 2643 784 2712 repetit
817 2662 830 2696 :
864 2628 1111 2723 Dominus
1142 2642 1278 2698 Deus
1310 2644 1540 2697 virtutum
1572 2661 1662 2698 no-

125 2731 302 2786 biscum
335 2734 500 2800 (Psal.
539 2751 663 2802 xt.v,
694 2735 770 2805 8).
803 2734 908 2790 Sed
939 2743 993 2790 et
1036 2736 1136 2789 hoc
1163 2753 1176 2787 :
1211 2734 1437 2788 Laudate
1461 2750 1576 2788 eum
1607 2736 1659 2788 in

125 2819 421 2883 ﬁrmamento
449 2826 642 2877 uirtutis
665 2827 773 2890 ejus
799 2822 974 2890 (I’sal.
999 2839 1082 2885 CL,
1103 2823 1176 2891 1).
1209 2823 1276 2876 Et
1301 2825 1350 2876 in
1374 2823 1477 2876 alio
1502 2825 1617 2877 loco
1645 2841 1656 2875 :

131 2910 188 2962 la
213 2911 391 2967 lumine
410 2927 494 2970 tuo
521 2915 794 2975 uidebimus
813 2914 978 2968 lumen
1008 2914 1174 2980 (Psal.
1208 2929 1366 2981 xxxv,
1396 2915 1504 2980 10,.
1529 2916 1658 2968 Nam

127 3010 175 3052 et
199 3002 259 3056 de
282 3019 500 3071 persona
530 3003 757 3073 Spiritus
787 3002 950 3060 sancti
990 3006 1239 3060 Salomon
1270 3007 1319 3058 in
1360 3005 1661 3060 Proverbiis

128 3091 300 3146 eadem
328 3094 399 3147 ait
425 3111 442 3148 :
477 3090 592 3148 Lua:
621 3095 822 3148 Domini
846 3097 1055 3164 spiritus
1083 3097 1338 3149 hominum
1360 3138 1376 3162 ,
1405 3097 1491 3166 qui
1521 3112 1664 3149 scru-

1762 1922 1980 1975 ni'atem
2010 1921 2188 1976 uniter
2215 1917 2356 1975 dicta
2386 1928 2658 1989 enarrare.
2703 1915 2971 1980 Sufficiat,
3007 1917 3102 1968 etsi
3132 1928 3318 1980 pauca,

1761 2010 1824 2063 ad
1844 2009 2232 2080 probationem,
2251 2022 2347 2078 pro
2363 2007 2542 2072 multis
2559 2007 2610 2060 in
2628 2006 2984 2075 cognitionem
3006 2003 3138 2058 lucis
3163 2001 3320 2055 fuisse

1760 2101 2000 2168 exposita
2029 2100 2368 2156 documenta.

1830 2184 2190 2262 Interrogatio.
2227 2189 2364 2260 Ergo
2409 2189 2454 2243 si
2504 2189 2680 2255 Pater,
2720 2197 2772 2243 et
2804 2188 2986 2252 Filius,
3013 2194 3066 2242 et
3097 2185 3318 2255 Spiritus

1761 2291 1977 2337 sanctus
2008 2281 2059 2336 in
2083 2278 2281 2349 deitate
2307 2282 2602 2336 divinitatis
2623 2297 2786 2335 unum
2816 2288 2958 2348 sunt,
2986 2278 3158 2332 adhuc
3189 2278 3320 2346 legis

1765 2373 2069 2427 testimonio
2099 2371 2228 2426 mihi
2250 2371 2544 2426 satisfacias
2573 2385 2689 2440 qua:
2720 2385 2772 2423 ο.

1837 2463 2131 2526 Responsio.
2160 2460 2275 2516 iam
2293 2457 2482 2516 audis'ti
2502 2463 2747 2528 superius
2766 2461 3144 2528 evangel'stam
3169 2456 3318 2511 Joan-

1765 2567 1883 2605 nem
1916 2556 1967 2604 in
2007 2551 2239 2618 Epistola
2280 2547 2512 2618 sua'tatn
2557 2550 2798 2604 absolute
2827 2557 3105 2603 testantem
3143 2563 3156 2599 :
3202 2546 3322 2599 Tres

1763 2631 1877 2695 sunt
1901 2644 1988 2712 qui
2013 2643 2350 2696 testimonium
2389 2643 2514 2695 dant
2552 2643 2604 2694 in
2643 2642 2786 2703 creto,
2821 2640 2993 2703 Pater,
3031 2637 3246 2692 Verbum
3275 2644 3322 2689 et

1767 2732 1988 2801 Spiritus
2017 2743 2220 2787 sanctus
2245 2748 2263 2787 :
2288 2735 2407 2797 etin
2439 2732 2638 2786 Christo
2664 2733 2788 2786 Iesu
2818 2748 2973 2787 unum
3002 2741 3115 2784 sunt
3145 2729 3319 2801 (Joan.

1765 2839 1816 2888 v,
1850 2826 1928 2895 7).
1979 2825 2167 2895 Utique
2196 2827 2311 2880 sine
2336 2825 2497 2879 dubio
2526 2825 2576 2878 in
2617 2823 2873 2879 Trinitate
2900 2818 3196 2878 divinitatis
3230 2836 3321 2889 per

1763 2915 1938 2968 omnia
1969 2929 2129 2967 unutn
2163 2923 2305 2976 sunt,
2337 2923 2391 2967 et
2430 2913 2481 2966 in
2512 2913 2812 2968 numinibus
2843 2924 3184 2980 personarum
3216 2919 3321 2962 tres

1763 3011 1905 3057 sunt.
1938 3003 2134 3072 Itaque.
2161 3005 2320 3074 210
2344 3013 2402 3058 u’t
2428 3005 2564 3057 scias
2588 3005 2654 3058 de
2678 3004 2758 3057 his
2779 3018 2893 3072 quae
2915 3001 3153 3070 Superius
3178 3015 3321 3054 com-

1767 3092 2057 3160 prehendi,
2089 3095 2284 3148 nullam
2312 3093 2626 3148 divisionem
2666 3102 2754 3146 aut
2797 3091 3100 3146 distantiam
3133 3090 3185 3144 in
3218 3104 3316 3143 una

131 3190 252 3234 tatur
290 3185 523 3239 interiora
570 3188 736 3241 cordis
782 3184 959 3257 (Prov.
993 3201 1080 3251 xx,
1107 3186 1222 3255 Ξῖ).
1270 3183 1363 3242 Vel
1415 3187 1514 3241 hoc
1544 3207 1558 3242 :
1594 3186 1660 3241 Ut
1686 3168 1730 3229 (ἶ
1762 3183 1959 3240 deitate
1979 3174 2286 3240 substantia:
2310 3185 2654 3258 plenitudinis
2668 3185 2930 3250 Patris,et
2947 3183 3061 3238 Filii
3083 3190 3137 3237 et
3157 3183 3322 3236 sancti

136 3258 268 3324 Pater
291 3274 419 3328 Deus
447 3275 648 3329 Domini
668 3279 828 3330 nostri
845 3277 968 3331 Jesu
990 3278 1193 3338 Christi,
1219 3276 1370 3330 Pater
1391 3278 1657 3341 claritatis,

1766 3280 1822 3347 Si
1844 3280 1994 3333 iritns
2027 3279 2215 3333 fecisse
2243 3295 2327 3332 me
2356 3278 2593 3333 memini.

131 3355 3308 3385 w_—_—_—.______—______—_—__—

1009 3429 1482 3535 LIBER
1556 3429 2442 3540 SECUNDUS.

729 3589 814 3648 De
860 3587 1147 3666 propriis.
1177 3568 1612 3668 personis‘,‘ct
1673 3589 1744 3650 de
1800 3591 1976 3651 unita
2035 3593 2278 3652 nomine
2335 3593 2697 3654 Trinitatis.

197 3706 482 3763 Ila-relicua.
522 3708 672 3764 Nunc
701 3726 795 3778 per
828 3712 1034 3780 singula
1060 3713 1268 3764 nomina
1295 3725 1663 3780 personarum,

134 3809 183 3850 ut
207 3815 387 3855 nomen
418 3792 632 3856 deitatis
660 3801 784 3865 mihi
815 3817 1048 3870 exponas
1078 3802 1308 3870 postulo.

189 3894 504 3949 Athanasius.
528 3895 681 3948 Audi.
711 3895 764 3949 Si
800 3894 967 3949 Filius
993 3897 1042 3948 in
1071 3896 1282 3948 nomine
1309 3894 1476 3948 Patris
1499 3895 1663 3958 venit,

132 3986 344 4051 nunquid
373 3987 486 4054 ipse
522 3993 605 4040 est
644 3986 798 4040 Pater
825 3987 910 4053 qui
956 3987 1064 4038 ait:
1101 3985 1208 4053 Ego
1234 4003 1274 4037 υς
1291 3987 1340 4037 ni
1370 3987 1422 4038 in
1465 3987 1667 4039 nomine

131 4069 284 4126 Patris
304 4075 396 4126 mei
419 4073 595 4139 (Joan.
612 4090 663 4137 v,
689 4075 774 4139 45)
803 4092 816 4128 :
839 4075 962 4128 dum
985 4075 1152 4140 Pater,
1179 4074 1314 4126 Deus
1335 4075 1422 4136 sit,
1443 4075 1491 4126 in
1515 4087 1664 4135 cu_,us

1774 3718 1928 3786 211
1961 3714 2206 3767 Dominus
2233 3714 2340 3781 ipse
2364 3713 2666 3782 erpugnarit
2693 3729 2796 3775 eos,
2818 3722 2864 3766 et
2886 3723 3241 3767 rememoratus
3256 3725 3327 3768 cst

1775 3807 1967 3858 dierum
1987 3816 2310 3874 tcternorum,
2337 3803 2424 3872 qui
2439 3804 2611 3855 eduxit
2628 3803 2692 3854 de
2712 3815 2840 3856 terra
2859 3813 3105 3871 pastorem
3123 3806 3283 3856 ovium
3307 3822 3326 3870 ;

1769 3907 1823 3952 et
1845 3896 2116 3964 subiunxit
2147 3911 2158 3945 :
2192 3893 2288 3947 Ubi
2309 3903 2380 3947 ert
2401 3894 2485 3961 qui
2519 3894 2682 3959 posuit
2712 3894 2764 3945 in
2795 3893 2896 3945 illis
2924 3895 3154 3962 spiritum
3178 3912 3326 3948 suum

1769 3986 1957 4055 (Ibid.,
1989 3983 2111 4054 ll)?
2139 3984 2297 4038 Vides
2327 3999 2452 4050 ergo
2482 3983 2549 4036 de
2579 3983 2725 4039 unito
2756 3993 2954 4053 natura:
2983 3983 3196 4037 deitatis
3235 4001 3324 4037 no-

1771 4078 1932 4140 mine,
1955 4075 2176 4144 gloriam
2205 4075 2371 4128 Patris
2394 4084 2445 4127 et
2475 4072 2590 4126 Filii
2611 4087 2730 4125 esse
2754 4072 2891 4127 hunc
2914 4075 3186 4127 Dominum
3210 4076 3326 4141 Spi-

131 4159 518 4242 nomine‘Filius
559 4165 705 4216 venit
747 4162 1061 4217 manifeste?
1094 4168 1162 4214 Ar
1193 4177 1284 4230 per
1312 4165 1412 4215 hoc
1441 4163 1493 4214 in
1521 4161 1658 4213 unita
1693 4183 1737 4242 ο
1770 4177 1924 4219 ritum
1944 4174 2199 4222 sanctum.
2221 4163 2652 4228 quieduxitlilios
2672 4164 3065 4217 lsraeldeterra
3088 4163 3327 4232 Αέμγριί.

130 4261 297 4306 natura
341 4253 630 4307 divinitatis
678 4269 840 4307 unum
885 4267 1075 4306 nomen
1118 4263 1198 4306 est
1237 4253 1656 4320 comprobatum,

127 4342 250 4395 sicut
284 4351 337 4397 et
375 4345 485 4411 ipse
524 4344 680 4397 Pater
721 4343 782 4396 ad
823 4342 1178 4412 legislatorem
1211 4343 1407 4396 Mosam
1441 4350 1660 4396 testatus

129 4441 217 4494 est,
242 4432 417 4487 dicens
457 4451 469 4486 :
514 4433 726 4485 Attende
756 4432 869 4495 illi,
907 4441 953 4484 et
981 4447 1042 4485 ne
1070 4432 1224 4500 fueris
1251 4431 1539 4485 inobediens
1557 4431 1611 4483 ei
1641 4471 1655 4494 ,

130 4536 291 4574 nomen
313 4524 441 4576 enim
458 4539 623 4574 meum
644 4524 782 4575 estin
806 4522 892 4574 illo
909 4519 1101 4591 (Exod.
1129 4537 1278 4585 xxttt,
1302 4521 1415 4591 21).
1445 4521 1522 4574 Ad
1550 4521 1662 4574 haac

132 4611 400 4672 patriarcha
433 4612 597 4665 David
629 4612 705 4664 sic
731 4613 806 4664 ait
833 4628 846 4665 :
877 4611 1173 4663 Benedictus
1213 4612 1298 4680 qui
1327 4613 1454 4664 venit
1482 4612 1533 4663 in
1569 4627 1661 4666 no-

132 4701 247 4753 mine
285 4701 485 4754 Domini
531 4700 700 4772 (ρεαι.
739 4716 900 4766 cxvn,
927 4701 1040 4769 26).
1089 4701 1217 4754 Nam
1248 4711 1298 4755 et
1343 4702 1384 4753 si
1437 4701 1664 4769 Spiritus

137 4789 392 4845 l‘nmclitus
418 4793 469 4846 in
500 4793 714 4846 nomine
745 4790 865 4844 Filii
898 4793 1060 4855 venit,
1094 4801 1148 4844 ut
1178 4793 1289 4860 ipse
1319 4791 1466 4855 dicit,
1505 4793 1662 4858 Quem

134 4881 270 4932 mittet
295 4879 443 4934 Pa'er
470 4885 521 4934 in
543 4883 743 4935 nomine
767 4897 873 4935 meo
903 4881 1081 4953 (Joan.
1122 4899 1236 4947 nv,
1277 4883 1389 4949 9.6),
1424 4883 1659 4950 nunquid

137 4981 170 5020 ει
200 4970 299 5037 ipse
328 4971 486 5026 Filius
513 4973 684 5026 dictus
711 4982 809 5036 est,
841 4988 960 5026 cum
988 4975 1103 5026 sine
1129 4973 1286 5026 dubio
1317 4988 1508 5026 nomen
1542 4972 1656 5025 Filii

135 5057 253 5114 Deus
273 5063 338 5116 sit
360 5065 409 5117 in
437 5078 538 5117 una
573 5064 873 5130 pariterque
902 5073 1084 5116 natura
1120 5062 1448 5116 divinitatis?
1475 5063 1526 5116 ln
1560 5063 1658 5118 hoc

131 5164 238 5216 ergo
252 5153 454 5207 nomine
467 5152 741 5206 evidenter
757 5151 1046 5206 Paraclitus
1062 5153 1219 5206 venit.
1231 5152 1352 5206 Ideo
1368 5168 1461 5221 per
1478 5151 1657 5220 singu-

131 5239 194 5291 las
213 5255 449 5308 personas
472 5241 759 5296 secundum
788 5241 1129 5296 substantiam
1159 5249 1359 5295 naturas
1381 5241 1657 5296 Trinitatis

133 5334 306 5386 unitum
333 5352 518 5389 nomen
542 5344 626 5390 est
645 5335 735 5389 tibi
761 5336 1101 5390 declaratum.
1122 5335 1282 5405 Isaias
1304 5348 1516 5390 sanctus
1544 5338 1655 5391 hmc

134 5426 392 5486 approbans
414 5427 541 5483 dicit
559 5445 571 5481 :
591 5426 855 5480 Descendit
867 5427 1089 5492 Spiritus
1111 5446 1140 5479 a
1157 5427 1331 5492 Deo,et
1352 5429 1526 5481 eduxit
1546 5446 1652 5494 eos;

136 5516 192 5565 sic
205 5519 401 5572 eduxiin
417 5521 658 5590 populum
673 5530 809 5572 tuum
821 5521 984 5589 facere
1005 5512 1290 5572 tibi'nomen
1309 5520 1482 5588 gloriw
1495 5518 1646 5588 (lsai.

140 5618 255 5667 unt,
285 5608 392 5677 li);
419 5610 510 5664 sed
543 5619 594 5663 et
633 5610 745 5677 ipse
776 5609 911 5663 idem
945 5608 1141 5662 indic;it
1177 5626 1189 5662 :
1235 5607 1298 5660 Et
1325 5610 1650 5662 irritaverant

140 5693 351 5761 Spiritum
377 5712 622 5769 sanctum,
641 5709 686 5754 et
711 5717 969 5756 conversus
996 5708 1066 5754 est
1091 5698 1192 5752 illis
1212 5703 1281 5751 ad
1300 5699 1641 5752 inimicitiam.

1764 4258 1903 4310 sicut
1933 4255 2181 4323 propheta
2201 4255 2327 4307 dicit
2353 4271 2366 4306 :
2388 4254 2476 4306 Sic
2496 4254 2710 4306 eduxisti
2733 4253 2972 4323 populum
2994 4263 3131 4306 tuum
3163 4257 3326 4324 facere

1765 4347 1852 4398 tibi
1880 4361 2056 4398 nomen
2084 4344 2282 4412 glorior,
2310 4346 2396 4413 qui
2421 4359 2687 4396 conversus
2715 4354 2786 4396 est
2808 4346 2927 4411 ﬁliis
2945 4342 3111 4410 Israel
3137 4346 3203 4397 ad
3225 4347 3324 4398 ini-

1767 4435 2007 4488 micitiam
2037 4433 2186 4502 (lsai.
2221 4450 2385 4495 um,
2423 4435 2516 4496 14,
2549 4434 2677 4499 l0)?
3312 4480 3320 4485 .

1837 4526 2199 4593 Interrogatio.
2236 4524 2400 4593 Rogo,
2427 4526 2466 4576 si
2502 4524 2704 4577 unitum
2730 4538 2920 4578 nomen
2950 4537 3028 4580 est
3061 4527 3110 4579 in
3129 4528 3326 4584 deitate

1765 4616 1946 4681 gloria:
1975 4613 2270 4674 Trinitatis,
2291 4630 2383 4666 cur
2409 4615 2764 4682 unusquisque
2789 4614 2840 4666 in
2866 4629 2964 4668 suo
2985 4618 3196 4670 nomine
3221 4633 3323 4673 non

1767 4707 2010 4760 venerit?
2044 4705 2212 4758 Porro
2251 4705 2401 4773 quasi
2434 4705 2532 4758 hoc
2563 4705 2700 4772 quod
2736 4706 2936 4758 unitum
2970 4722 3159 4760 nomen
3196 4709 3321 4760 Still-

1765 4795 2048 4849 stantivutn
2085 4795 2147 4846 ad
2171 4795 2418 4848 deitatem
2448 4795 2621 4848 uniter
2645 4794 2754 4850 refe
2788 4804 2890 4859 tur,
2917 4795 3024 4863 jam
3052 4797 3320 4865 proprium

1766 4900 1884 4939 csse
1911 4899 2012 4937 non
2045 4885 2357 4938 ostenditur.

1838 4974 2141 5041 Responsio.
2174 4973 2361 5044 Utique
2390 4975 2440 5026 in
2477 4973 2574 5026 hoc
2603 4975 2868 5040 praprium
2893 4983 2992 5036 est,
3017 4973 3106 5027 sed
3135 4985 3185 5026 et
3208 4975 3321 5026 uni-

1767 5074 1874 5118 tum
1905 5079 1918 5118 :
1954 5078 2094 5124 nam,
2122 5073 2179 5116 ut
2202 5072 2379 5116 certus
2406 5065 2497 5126 sis,
2528 5064 2738 5116 nomina
2767 5063 2815 5116 in
2843 5064 3079 5129 personis
3108 5065 3319 5132 propria

1762 5163 1906 5216 sunt,
1939 5154 2030 5208 sed
2059 5170 2161 5208 non
2193 5155 2356 5208 unita.
2381 5153 2483 5208 Sed
2501 5154 2579 5208 ais
2596 5153 2721 5206 mihi
2754 5154 2897 5207 :Cur
2924 5155 2972 5207 in
2992 5169 3090 5207 suo
3106 5157 3320 5207 nomine

1762 5246 1974 5313 proprio
1996 5289 2009 5311 ,
2053 5247 2190 5313 quod
2231 5253 2313 5300 est
2360 5245 2676 5307 nativitatis,
2708 5261 2812 5298 non
2853 5254 3026 5300 tamen
3057 5245 3226 5300 Patris
3254 5250 3317 5302 ad

1762 5335 2102 5400 indisqrelam
2133 5336 2414 5400 deitatem,
2447 5336 2532 5388 ubi
2568 5335 2796 5388 refertur
2825 5353 2836 5388 :
2874 5337 2926 5388 ln
2968 5353 3063 5405 qua
3092 5339 3332 5393 invenic.

1757 5436 1842 5480 tur
1865 5427 2079 5480 unitatis
2114 5427 2206 5480 Dei
2239 5442 2451 5481 nomen.
2487 5425 2591 5478 Sed
2621 5427 2671 5479 in
2702 5441 2765 5479 eo
2787 5441 2916 5481 sane
2946 5428 2994 5479 in
3025 5443 3130 5495 quo
3161 5438 3211 5481 et
3240 5444 3328 5482 ευ-

1758 5517 1930 5582 perius
1978 5514 2354 5582 comprehendi
2399 5529 2621 5580 perSona
2655 5515 2815 5580 ipsius
2844 5515 3201 5570 tantummodo
3236 5517 3308 5584 gi-

1754 5607 1961 5674 gnentis
1987 5605 2326 5672 distinguitur
2349 5647 2361 5669 ,
2398 5607 2482 5659 hic
2522 5605 2630 5674 ipse
2656 5606 2818 5658 Filius
2846 5623 2946 5660 non
2975 5607 3116 5660 venit
3137 5623 3146 5658 :
3171 5610 3310 5670 audi,

1755 5699 1874 5767 quia
1906 5698 1948 5751 si
1985 5699 2036 5750 in
2070 5697 2167 5752 hoc
2191 5698 2407 5750 nomine
2440 5706 2637 5750 tantum
2668 5697 2920 5759 venisset,
2956 5697 3090 5765 quod
3123 5696 3308 5752 dicitur
