3856 6222
540 318 639 373 ΞΠ

1865 305 2087 359 \‘ltlllJl
2127 302 2491 360 TAPSENSIS

3679 307 3783 359 9.18

541 428 728 487 Filius,
755 435 802 476 et
835 439 935 476 non
968 424 1020 476 in
1052 421 1340 476 sub‘tantia
1370 418 1584 473 deitatis
1614 418 1756 469 unita
1778 456 1789 475 ,
1827 416 1965 484 quod
2001 429 2087 466 no-
2126 419 2168 475 Α
2204 412 2468 466 Descendit
2510 413 2733 483 Spiritus
2777 432 2806 467 a
2840 415 2965 477 Deo,
2997 425 3042 468 ct
3087 417 3257 469 eduxit
3287 433 3369 469 eos
3403 433 3421 470 :
3449 416 3521 468 sic
3542 418 3777 470 (duxisti

540 522 767 570 minatur
808 516 975 575 Deus,
1007 516 1242 566 dicturus
1271 525 1393 564 eras
1423 509 1548 563 mihi
1584 528 1595 560 :
1632 508 1742 561 Non
1775 518 1855 560 est
1893 508 2093 559 unitum

540 622 728 660 nomen
761 606 810 658 itt
842 614 1022 657 natura
1051 601 1344 655 divinitatis
1368 599 1481 653 Filii
1509 614 1627 652 cum
1653 599 1827 661 Patre,
1856 596 1947 651 sed
1975 611 2095 665 pro-

538 699 738 766 prium;
774 707 827 752 ut
859 712 960 750 non
994 706 1194 750 tantum
1226 693 1437 747 nomina
1467 692 1671 760 propria
1696 692 1803 755 jam
1832 690 1883 742 in
1913 703 2094 756 perso-

536 790 617 841 nis
645 787 1022 859 distingueres,
1049 786 1141 837 sed
1174 784 1376 838 unitum
1405 799 1594 837 nomen
1625 782 1677 834 in
1700 780 1896 835 deitate
1921 779 2092 832 Trini-

537 880 656 933 tatis
684 876 933 932 tantidem
966 890 1057 942 per
1085 876 1224 942 ipsas
1249 889 1504 939 personas
1544 884 1821 938 separares
1864 885 1876 921 :
1912 878 1969 922 ιιι
2002 879 2093 922 aut

536 969 732 1022 unitam
761 965 1111 1020 substantiam
1146 966 1196 1017 in
1223 964 1387 1017 tribus
1416 960 1652 1032 partibus
1682 959 1971 1023 divideres,
2005 959 2090 1012 vel

530 1066 677 1111 certe
708 1055 939 1124 s'ngulas
973 1068 1228 1124 personas
1266 1055 1314 1105 in
1364 1052 1583 1119 singulis
1628 1050 1736 1118 jam
1783 1047 2090 1121 substantiis

530 1144 679 1198 nobis
722 1145 1018 1197 consistere
1056 1142 1339 1195 indit-ares.
1382 1139 1486 1193 Sed
1534 1140 1687 1207 plane
1724 1138 1768 1191 si
1816 1136 2004 1200 Pater,
2038 1145 2090 1191 et

529 1236 723 1299 lt‘itius,
749 1242 802 1290 et
829 1232 1056 1301 Spiritus
1080 1242 1289 1287 sanctus
1316 1228 1605 1283 secundum
1636 1228 1842 1295 singu'a
1874 1228 2085 1282 nomina

529 1341 875 1393 personarum
920 1323 1149 1391 perfecte
1179 1321 1576 1389 distinguuntur
1601 1359 1617 1383 ,
1648 1317 1883 1386 nttnquid
1927 1317 2004 1373 sic
2034 1326 2087 1370 et

526 1416 815 1471 secundum
854 1415 1057 1468 unitam
1099 1412 1354 1467 deitatem
1388 1409 1726 1478 plenitudinis
1758 1396 1957 1461 uniium
1990 1420 2087 1462 no-

531 1528 650 1564 ιιιυιι
686 1511 736 1563 in
761 1509 840 1562 his
869 1506 1108 1577 personis
1145 1520 1238 1574 per
1268 1505 1501 1574 singulas
1530 1510 1729 1556 natura:
1758 1500 2085 1553 substantias

527 1602 811 1654 (“\itliu"?
857 1600 1038 1665 Absit,
1088 1614 1208 1651 nam
1247 1598 1345 1651 etsi
1392 1605 1443 1648 ttt
1474 1592 1709 1663 (Ariape)
1740 1592 1826 1646 ubi
1872 1593 2084 1647 nomina

529 1704 726 1743 ttntutn
775 1688 825 1743 in
872 1688 1112 1757 personis
1141 1687 1365 1741 deberes
1418 1684 1764 1752 distinguere,
1816 1682 1883 1735 ibi
1928 1681 2083 1734 simul

2199 504 2439 572 populum
2478 514 2620 557 tuum
2660 507 2816 576 213
2846 507 3008 574 facere
3045 508 3129 558 tibi
3169 523 3343 563 nomen
3386 508 3565 575 gloria!
3617 505 3775 574 (lani.

2198 607 2344 653 unt,
2380 595 2487 660 M).
2520 594 2670 647 Disce
2694 594 2802 662 jun
2836 597 3036 649 unitum
3072 612 3264 651 nomen
3294 610 3415 651 esse
3464 596 3524 650 in
3578 606 3777 649 natura

2194 684 2390 739 divintn
2412 685 2705 739 Trinitatis.

2265 774 2621 844 lutei-rogatio.
2653 774 2867 829 Declara
2895 788 3023 845 ergo
3051 774 3177 828 mihi
3203 775 3243 829 si
3270 789 3427 830 verus
3468 785 3557 843 est
3581 774 3776 839 Filius,

2193 878 2283 919 aut
2312 880 2434 917 non.

2271 956 2562 1025 Responsio.
2580 954 2765 1009 Nonne
2784 955 2958 1019 Pater,
2976 964 3031 1008 ιιι
3049 969 3143 1008 nos
3162 953 3616 1021 inteiligeremns,
3638 958 3773 1007 hanc

2190 1048 2623 1117 significationem
2650 1047 2842 1111 intulit,
2858 1054 2914 1100 ut
2929 1045 3173 1100 deitatem
3189 1044 3475 1098 nativitatis
3490 1044 3715 1111 propria
3727 1060 3772 1093 nt

2191 1140 2311 1196 Filii
2359 1141 2441 1195 sui
2470 1139 2537 1194 de
2585 1139 2872 1206 semetipso
2901 1136 3211 1197 insinuaret,
3242 1133 3462 1187 dicens:
3498 1129 3594 1184 Et
3628 1141 3773 1184 eteo

2187 1239 2305 1283 ante
2352 1230 2617 1297 luciferum
2661 1225 2812 1297 genui
2856 1234 2903 1280 te
2946 1221 3117 1296 (Psat.
3164 1236 3283 1285 ets,
3313 1221 3391 1286 3).
3424 1220 3625 1276 Unde?
3656 1220 3771 1274 Non

2188 1321 2309 1391 quia
2344 1321 2481 1375 Deus
2512 1319 2666 1383 Pater
2692 1326 2902 1372 uterum
2927 1325 2982 1370 ut
3007 1315 3168 1369 homo
3198 1312 3410 1377 habeat,
3433 1310 3525 1381 qui
3559 1314 3771 1365 incom-

2191 1411 2565 1479 prehensibilis
2588 1418 2669 1463 est
2701 1426 2715 1462 :
2748 1407 2839 1462 sed
2864 1407 2983 1460 ideo
3025 1404 3140 1458 haec
3167 1403 3234 1458 de
3266 1400 3464 1458 nostris
3512 1404 3770 1468 exempla

2192 1501 2559 1566 intrudttcens,
2585 1499 2884 1569 signiﬁcans
2907 1496 3255 1566 comparavit,
3283 1510 3375 1564 per
3400 1494 3544 1563 quod
3580 1492 3771 1545 nativi-

2189 1602 2350 1646 tatem
2383 1590 2503 1645 Filii
2547 1592 2626 1645 sui
2676 1606 2849 1650 veram
2886 1588 2952 1644 de
2984 1588 3271 1656 semetipso
3300 1585 3453 1640 nobis
3483 1585 3763 1653 prepriam

2188 1687 2502 1762 insinuaret.
2525 1684 2818 1739 Considera
2844 1697 2971 1752 ergo
3002 1682 3054 1736 in
3076 1681 3179 1737 hoc
3206 1681 3325 1736 loco
3352 1686 3406 1733 et
3431 1687 3510 1742 tu,
3536 1678 3761 1738 Ariane,

525 1798 642 1835 eum
677 1783 803 1850 ipsis
834 1781 1133 1835 nominibus
1163 1789 1216 1832 et
1249 1787 1461 1831 naturas
1485 1791 1575 1845 per
1601 1775 1797 1845 gradus
1820 1774 2080 1845 singulos,
2120 1770 2162 1830 Β
2187 1778 2412 1848 qualiter
2441 1777 2511 1831 sit
2550 1776 2771 1831 dictum.
2805 1773 3049 1845 Nunquid
3082 1774 3169 1828 hic
3201 1772 3378 1830 factus.
3408 1780 3525 1838 est,
3574 1770 3672 1839 qui
3701 1771 3762 1822 de

525 1873 605 1925 vel
642 1888 731 1939 per
761 1871 973 1925 ordines
1004 1870 1243 1924 diversos
1264 1868 1554 1938 distinguas
1574 1906 1588 1931 ,
1624 1874 1676 1921 ut
1708 1874 1814 1920 tres
1844 1872 2083 1929 naturas,

533 1964 809 2032 majorem,
829 1962 1127 2015 interiorem
1160 1973 1207 2015 et
1234 1973 1485 2028 perquam
1510 1958 1769 2011 minorem
1792 1955 2084 2012 secundum

530 2056 741 2108 nomina
772 2068 1111 2123 personarum
1136 2065 1253 2105 esse
1280 2038 1443 2110 dicas,
1478 2050 1635 2118 212
1658 2056 1713 2100 ut
1739 2061 1834 2115 per
1856 2045 1964 2115 ipsa
1992 2058 2087 2098 no-

526 2146 665 2198 mina
696 2143 1057 2209 discrepantes
1090 2149 1143 2194 et
1186 2139 1510 2193 substantias
1537 2151 1656 2192 esse
1700 2135 1959 2204 assignes,
1989 2148 2086 2188 cur

526 2234 798 2290 erubescis
819 2276 833 2300 ,
862 2242 916 2287 et
950 2248 1053 2286 non
1084 2234 1221 2285 situt
1259 2239 1442 2299 genus
1487 2227 1676 2297 plurali
1720 2241 1942 2279 numero
1975 2233 2082 2280 tres

522 2325 785 2389 dominos,
811 2323 1086 2391 majorem,
1112 2320 1234 2376 inici
1251 2321 1417 2375 iorem
1445 2328 1497 2374 et
1521 2332 1770 2387 perquam
1795 2318 2079 2381 minorem,

520 2424 703 2470 contra
735 2416 933 2468 unitam
964 2428 1142 2467 veram
1166 2420 1404 2465 naturam
1433 2408 1635 2477 publica
1662 2422 1789 2462 voce
1818 2404 2081 2475 proﬁteris

521 2507 658 2559 circa
674 2505 913 2559 diversas
927 2504 1005 2557 vel
1024 2504 1264 2570 dispares
1279 2499 1602 2555 substantias
1615 2514 1735 2554 suas
1752 2499 2045 2553 consistere
2064 2514 2077 2548 :

523 2604 582 2649 ttt
602 2598 742 2649 soles
765 2596 996 2664 proﬁteri
1026 2608 1211 2659 unum,
1248 2608 1461 2657 verum,
1489 2591 1891 2659 sempiternum,
1919 2588 2080 2642 inini-

524 2686 776 2749 tiabilem,
808 2686 1091 2749 iniectum;
1114 2697 1166 2739 et
1185 2686 1405 2738 alterum
1428 2683 1758 2746 initiabilem,
1787 2681 1853 2735 de
1873 2690 2077 2735 creatu-

527 2778 602 2830 ris
631 2775 955 2845 prol’ectum;
984 2782 1038 2829 et
1064 2773 1276 2830 tertium
1302 2772 1373 2828 de
1402 2773 1688 2833 ministris,
1718 2770 1866 2840 quasi
1898 2769 2079 2837 subje-

462 2858 465 2861 ’
522 2877 695 2932 ctum,
732 2875 786 2920 ut
814 2864 957 2920 Patri
987 2862 1492 2933 incomparabilem,
1543 2862 1622 2915 vel
1675 2858 2078 2914 inenarrabilem

525 2960 761 3012 aserihas
790 2956 945 3021 ;Filii
968 2967 1142 3010 autem
1174 2970 1280 3024 pra:
1308 2955 1517 3009 caeteris
1537 2953 1603 3009 de
1630 2951 1830 3007 factura
1862 2950 2077 3020 ignobili

522 3048 895 3118 procedentem
916 3046 1264 3102 substantiam
1297 3046 1631 3101 demonstres
1659 3060 1674 3109 ;
1710 3043 1964 3112 Spiritum
1985 3041 2079 3095 ad-

522 3110 669 3210 ieque
684 3146 922 3195 sanctum
942 3137 1010 3195 de
1030 3137 1287 3192 ministris
1304 3136 1504 3205 angelis
1526 3110 1809 3190 habentem
1832 3134 2053 3189 substan
2103 3110 2147 3171 (ἶ

525 3230 651 3285 tiam
679 3229 926 3285 indices?
953 3227 1105 3305 Unde
1124 3228 1190 3284 ad
1222 3228 1322 3282 hoc
1349 3236 1681 3283 revertamur
1703 3269 1718 3295 ,
1750 3226 1815 3280 de
1841 3240 1947 3295 quo
1987 3237 2080 3294 per

522 3318 753 3389 singulas
782 3332 1040 3389 personas
1066 3318 1310 3387 superius
1356 3317 1732 3371 tractabamus.
1787 3314 1891 3371 Sed
1933 3322 1988 3369 et
2034 3312 2079 3367 si

521 3409 751 3479 Spiritus
782 3408 1068 3469 Paraclitus
1117 3406 1171 3463 in
1213 3422 1310 3461 suo
1339 3406 1551 3462 nomine
1581 3404 2078 3479 tantnmrvenisset,

524 3501 661 3573 quod
685 3500 879 3559 dicitur
905 3501 1131 3571 Spiritus
1161 3500 1470 3564 Paraclitus,
1499 3491 1555 3553 et
1582 3513 1686 3552 non
1709 3501 1763 3551 in
1786 3497 1932 3550 unita
1957 3497 2080 3551 sub-

523 3595 715 3649 stantia
739 3594 904 3649 Patris
934 3604 983 3648 et
1012 3591 1306 3662 Filii,quod
1324 3591 1625 3645 nominatur
1639 3588 1781 3644 Deus
1800 3589 1936 3659 ,jam
1959 3602 2083 3656 pro-

525 3689 695 3756 prium
724 3699 915 3740 nomen
935 3684 1051 3754 ejus
1084 3685 1137 3739 in
1166 3696 1389 3752 persona
1420 3696 1539 3736 esse
1569 3679 1861 3743 videretur,
1893 3686 1948 3732 et
1976 3692 2082 3734 non

526 3777 815 3833 secundum
842 3776 1039 3829 unitam
1082 3782 1321 3828 naturam
1348 3772 1557 3851 deitatis
1600 3770 1650 3823 in
1705 3769 1976 3838 utrisque,
2025 3777 2084 3822 ut

528 3879 732 3924 tantum
761 3867 1121 3935 unusquisque
1156 3864 1368 3919 nomina
1394 3861 1597 3932 singula
1628 3862 1680 3917 in
1710 3861 1950 3930 personis
1976 3860 2085 3914 suis

527 3955 1065 4023 ostenderet,tleitatis
1077 3962 1249 4007 autem
1265 3954 1669 4007 unltumnomen
1686 3967 1790 4005 non
1805 3947 2083 4006 indicaret.

532 4047 698 4101 Porro
728 4047 778 4099 in
804 4046 904 4099 hoc
922 4045 1070 4099 unito
1099 4043 1315 4097 nomine
1335 4041 1546 4097 deitatis
1568 4041 1737 4097 Patris
1766 4041 1906 4094 venit
1934 4054 2087 4097 verus

532 4134 717 4200 Filius,
742 4136 794 4189 in
817 4150 922 4203 quo
945 4134 1139 4187 dicTtur
1163 4134 1330 4197 Deus,
1362 4132 1415 4186 in
1450 4146 1556 4201 quo
1597 4130 1855 4185 claritatis
1894 4143 2084 4185 nomen

530 4236 611 4280 est
632 4239 749 4281 cum
771 4225 944 4280 Patre.
972 4224 1028 4279 In
1064 4222 1213 4291 cujus
1240 4231 1442 4276 natura:
1470 4219 1683 4276 nomine
1709 4220 1853 4275 venit
1881 4227 1934 4274 et
1964 4217 2086 4287 Spi-

533 4318 665 4372 ritus
688 4316 976 4370 Paraelitus
998 4353 1015 4381 ,
1044 4314 1167 4382 quia
1196 4313 1249 4366 in
1278 4313 1377 4367 hac
1405 4313 1515 4381 ipsa
1542 4319 1879 4367 sacrosancta
1907 4306 2089 4364 Trini-

531 4418 639 4463 tate
668 4407 767 4461 hoc
794 4420 984 4460 nomen
1013 4402 1453 4467 substantialiter,
1481 4403 1594 4457 sive
1620 4405 1792 4456 uniter
1813 4401 2085 4464 consistit.

530 4501 665 4554 sicut
691 4498 930 4566 superius
959 4494 1200 4565 praedixi,
1226 4494 1381 4548 Patre
1406 4492 1472 4547 de
1494 4492 1629 4548 Filio
1662 4508 1759 4548 suo
1787 4492 2084 4547 indicante:

536 4590 586 4647 Ν
590 4607 730 4645 omen
757 4606 917 4643 meum
936 4598 1010 4642 est
1035 4588 1086 4641 in
1110 4588 1199 4640 illo
1225 4588 1415 4657 (Exod.
1440 4601 1586 4649 χχιιι,
1608 4585 1721 4655 ΞΙ).
1743 4585 1806 4638 Ει
1824 4584 1956 4638 Filio
1979 4584 2091 4637 haec

531 4682 670 4736 dicta
698 4681 1046 4735 conﬁrmante
1078 4695 1091 4731 :
1126 4677 1236 4748 Ego
1257 4677 1367 4731 veni
1392 4678 1444 4729 in
1473 4677 1672 4730 nomine
1698 4674 1868 4729 Patris
1891 4675 2018 4737 mei,
2045 4683 2092 4727 et

533 4788 636 4826 non
659 4786 733 4823 me
753 4770 1007 4841 recepistis
1030 4785 1048 4833 ;
1091 4784 1204 4821 cum
1232 4777 1399 4821 autem
1425 4767 1559 4820 alius
1595 4767 1782 4819 uenerit
1806 4765 1860 4818 in
1891 4754 2092 4818 nomine

532 4876 644 4923 suo,
689 4875 800 4912 eum
828 4857 1075 4925 recipietis
1125 4854 1299 4924 (Joon.
1347 4872 1401 4917 ν.
1428 4855 1540 4925 45).
1576 4853 1678 4911 Sed
1718 4853 1861 4907 etde
1892 4852 2092 4921 Spiritu

530 4956 715 5002 sancto
730 4948 845 5015 ipso
872 4953 1077 5000 rursum
1098 4955 1372 5013 repetente
1395 4962 1407 4997 :
1432 4944 1591 5009 Quem
1607 4945 1760 4996 mittet
1780 4942 1934 4996 Pater
1956 4957 2093 4995 meus

532 5042 583 5090 in
612 5037 811 5090 nomine
852 5051 957 5115 meo
986 5034 1165 5103 (Joan.
1202 5050 1318 5099 ιη,
1349 5034 1461 5104 26).
1500 5034 1565 5088 Ει
1592 5034 1843 5103 deinteps
1874 5048 1993 5086 eum
2028 5034 2095 5089 de

536 5130 746 5203 nomine
766 5144 864 5181 suo
887 5127 1005 5181 audi
1028 5128 1313 5195 discipulos
1356 5127 1657 5191 hortantem
1687 5142 1700 5178 :
1734 5127 1919 5179 Omnia
1954 5140 2094 5193 qure-

535 5236 724 5287 cunque
748 5221 988 5288 petieritis
1026 5235 1059 5272 a
1098 5218 1250 5273 Patre
1285 5222 1338 5272 in
1379 5220 1580 5273 nomine
1621 5235 1762 5284 meo,
1796 5219 1930 5270 dabit
1961 5218 2095 5270 vobis

536 5311 715 5379 (Joan.
748 5326 869 5376 xvi,
896 5311 1012 5381 23).
1046 5308 1150 5364 Sed
1189 5310 1483 5379 apostolum
1524 5309 1744 5363 Paulum
1782 5309 1972 5362 eadem
2019 5318 2097 5375 te-

537 5413 764 5457 smntem
791 5420 805 5455 :
834 5403 937 5457 Sed
975 5401 1135 5455 abluti
1178 5402 1295 5474 estis
1320 5443 1335 5467 ,
1366 5402 1453 5454 sed
1482 5400 1783 5467 sancti/irati
1813 5400 1931 5452 estis
1959 5440 1974 5462 ,
2008 5400 2096 5450 sed

537 5494 800 5564 iustiﬁcati
837 5494 953 5545 estis
995 5494 1046 5546 in
1073 5492 1275 5545 nomine
1300 5489 1501 5543 Domini
1548 5491 1707 5543 nostri
1731 5490 1856 5542 Jesu
1886 5488 2092 5552 Christi,

539 5599 582 5639 et
613 5586 808 5651 Spiritu
837 5583 928 5636 Dei
956 5586 1108 5637 nostri
1138 5582 1191 5641 il
1213 5582 1329 5638 Cor.
1364 5598 1409 5637 vt
1428 5625 1440 5645 .
1468 5584 1571 5650 ll).
1598 5584 1727 5637 Audi
1752 5593 1803 5636 et
1826 5582 2011 5635 Isaiam
2034 5583 2099 5636 de

544 5688 689 5728 tmtto
739 5676 948 5731 nomine
995 5675 1178 5744 gloria:
1218 5678 1384 5731 sancti
1423 5674 1650 5745 Spititus
1681 5675 2047 5745 declarantem
2084 5693 2093 5727 :

2192 1876 2343 1941 utero
2387 1865 2697 1919 substante:
2734 1863 2907 1917 Patris
2953 1860 3386 1917 inenarrabiliter
3432 1866 3598 1912 natus
3647 1856 3762 1912 est?

2187 1957 2433 2028 Nunquid
2466 1956 2552 2011 hic
2573 1957 2740 2010 factus
2768 1964 2848 2009 est
2877 1954 2965 2024 qui
3003 1954 3080 2007 sic
3107 1948 3408 2018 unigenitus
3430 1947 3499 2001 ab
3528 1959 3761 2013 evange-

2185 2048 2303 2102 lista
2331 2046 2484 2100 nobis
2512 2045 2857 2100 annuntiatus
2875 2051 2977 2107 est,
3000 2040 3210 2096 dicente
3233 2055 3247 2090 :
3270 2038 3370 2105 Qut
3392 2032 3494 2090 non
3522 2040 3691 2088 creati
3710 2034 3759 2084 in

2184 2140 2453 2209 eum,'jam
2483 2135 2749 2209 judicatus
2779 2142 2852 2187 est
2872 2174 2885 2198 ,
2917 2131 3037 2203 quia
3068 2147 3167 2184 non
3208 2128 3421 2181 credidit
3448 2129 3499 2178 in
3546 2124 3753 2177 nomine

2182 2231 2425 2302 unigeniti
2460 2220 2580 2282 Filii
2609 2226 2703 2282 Dei
2740 2224 2915 2296 (Jaan.
2947 2239 2999 2277 ιιι
3020 2262 3037 2288 ,
3085 2220 3196 2291 18).
3224 2218 3328 2275 Sed
3357 2226 3411 2271 et
3433 2218 3482 2270 in
3520 2214 3756 2284 Epistola

2184 2335 2276 2375 sua
2310 2322 2425 2374 hac
2463 2318 2648 2372 eadem
2694 2316 2891 2371 indicat
2922 2330 2936 2368 :
2982 2311 3047 2366 Et
3092 2326 3263 2366 sumus
3284 2349 3301 2374 ,
3332 2306 3528 2375 inquit,
3560 2304 3621 2358 in
3648 2316 3758 2357 rem

2183 2409 2320 2464 Filio
2346 2410 2435 2464 Dei
2456 2401 2581 2477 les'u
2599 2406 2919 2474 Christo,qui
2939 2414 3010 2459 est
3030 2402 3149 2475 (ait)
3171 2393 3337 2462 uerus,
3354 2409 3400 2452 e:
3422 2395 3524 2451 vita
3541 2405 3752 2452 interm.

2182 2513 2229 2555 et
2255 2502 2554 2557 resurrectio
2584 2508 2754 2554 nostra
2782 2497 2829 2570 (Ι
2862 2497 3020 2551 Joan.
3050 2510 3100 2560 v,
3129 2478 3247 2562 20).~
3295 2490 3431 2560 Ecce
3478 2488 3654 2541 babes
3700 2502 3757 2540 ea

2183 2604 2350 2658 utero,
2373 2607 2499 2647 ecce
2516 2591 2568 2644 in
2590 2588 2847 2661 unigenito
2871 2586 2983 2653 Dei,
3001 2598 3127 2641 ecce
3143 2585 3194 2637 in
3216 2597 3329 2636 vero
3352 2576 3491 2632 Filio
3510 2576 3612 2631 Dei
3631 2573 3665 2629 ἱ
3671 2590 3754 2629 ests

2182 2680 2503 2749 Citristo,qui
2524 2690 2597 2732 est
2617 2678 2734 2750 (ait)
2750 2691 2916 2740 uerus,
2935 2684 2980 2728 et
3000 2674 3103 2728 vita
3129 2681 3344 2733 interna,
3369 2677 3417 2722 et
3443 2666 3755 2720 resurrectio

2183 2781 2375 2839 nostra,
2395 2772 2529 2825 sicut
2547 2770 2663 2839 ipse
2686 2768 2937 2824 Dominus
2957 2764 3024 2819 de
3043 2777 3101 2819 se
3124 2769 3348 2818 testatus
3375 2768 3458 2815 est
3480 2754 3629 2826 :Ego
3645 2766 3752 2809 sitia

2178 2866 2260 2919 uia
2279 2908 2294 2931 ,
2323 2864 2503 2918 veritas
2545 2872 2592 2917 et
2618 2863 2718 2915 vita
2752 2857 2935 2927 (Joan.
2966 2860 3075 2925 mi,
3104 2854 3182 2924 6).
3219 2852 3284 2908 Et
3310 2851 3564 2907 similiter
3593 2846 3753 2903 Isaias

2184 2952 2516 3025 prophetavit
2544 2970 2556 3005 :
2590 2947 2927 3023 Seruientibus
2954 2960 3071 3001 vero
3113 2942 3239 2997 mihi
3264 2940 3528 2996 vocabitur
3572 2950 3750 2990 nomen

2182 3059 2386 3108 nouum,
2414 3044 2551 3112 quod
2588 3042 2905 3096 benedicetur
2932 3052 3087 3107 super
3112 3050 3310 3093 omnem
3336 3030 3544 3088 unum.
3573 3028 3641 3082 Et
3671 3028 3748 3080 te-

2182 3136 2407 3190 nedieent
2451 3124 2609 3188 Deum
2645 3142 2813 3187 verum
2846 3138 2939 3195 ;et
2966 3126 3056 3199 qui
3082 3133 3199 3181 sunt
3227 3138 3378 3192 super
3409 3129 3632 3183 terrast,
3654 3118 3747 3188 ju-

2180 3230 2363 3284 robtmt
2404 3244 2493 3298 per
2534 3225 2697 3282 Deum
2735 3224 2897 3298 uiuum
2927 3239 2947 3278 :
2981 3220 3331 3276 obliviscatur
3366 3215 3746 3298 tribulationem

2181 3292 2466 3390 pristinam,
2507 3332 2595 3371 nec
2621 3292 2851 3369 ascendet
2893 3314 2944 3366 in
2972 3328 3061 3366 cor
3083 3325 3259 3364 eorum
3284 3304 3436 3378 (lui.
3467 3298 3596 3371 ixv,
3629 3292 3740 3370 15).

2188 3412 2344 3465 Vides
2380 3422 2593 3470 nomen
2629 3420 2823 3462 novum
2854 3418 2973 3460 esse
2999 3399 3445 3460 Christianorum,
3478 3393 3622 3464 quod
3652 3393 3747 3446 be-

2184 3493 2445 3556 nedicilur
2463 3480 2628 3567 super
2653 3504 2847 3551 terram
2874 3509 2905 3548 a
2933 3490 3187 3548 Domino.
3219 3485 3349 3545 Nam
3387 3482 3497 3557 ipsi
3522 3482 3749 3565 benedi-

2182 3599 2311 3644 cunt
2340 3589 2501 3642 Deum
2529 3599 2733 3651 verum,
2761 3576 2968 3640 Patrem
3019 3572 3317 3648 et'Filiupt,
3348 3577 3459 3633 imo
3496 3586 3555 3632 et
3577 3574 3745 3645 Spiri-

2184 3689 2292 3733 tum
2321 3688 2558 3733 sanctttm
2586 3694 2597 3730 :
2628 3686 2679 3731 et
2710 3674 2964 3746 jurabunt
3001 3687 3098 3742 per
3124 3672 3291 3727 Deum
3321 3669 3526 3723 vivum.
3559 3664 3629 3720 Et
3658 3663 3745 3734 ju-

2186 3770 2394 3837 rabunt,
2425 3768 2515 3831 ait,
2546 3782 2638 3836 per
2668 3766 2833 3821 Deum
2858 3777 3067 3839 verum,
3088 3761 3230 3832 quod
3258 3767 3339 3815 est
3360 3756 3618 3813 divinitus
3638 3754 3744 3808 nai-

2187 3867 2294 3911 tum
2312 3871 2523 3923 nomen.
2542 3854 2707 3926 Rogo,
2728 3867 2844 3924 qua:
2862 3860 2945 3907 est
2966 3859 3108 3906 tanta
3134 3847 3506 3904 haereticorum
3521 3844 3740 3899 demen-

2187 3949 2277 4011 tia,
2301 3960 2481 4000 verum
2516 3942 2702 3999 Filium
2721 3950 3013 4007 creatorem
3034 3938 3250 3994 factum
3267 3952 3375 3991 su:e
3399 3928 3739 4003 comparare?

2188 4044 2293 4093 Aut
2316 4053 2433 4108 qua:
2458 4037 2668 4091 caecitas
2691 4042 2831 4089 tanta
2864 4041 2967 4097 est,
2991 4040 3190 4087 tantam
3219 4022 3741 4096 veritatisprobatio-

2189 4143 2307 4183 nem
2352 4125 2501 4181 falsis
2544 4123 2865 4195 argutat-nti:
2897 4119 3307 4190 blasphemare?
3350 4117 3474 4171 dum
3504 4111 3739 4169 centurio

2188 4216 2581 4286 adhuegentilis
2596 4216 2755 4270 homo
2766 4215 2830 4268 ad
2855 4223 2995 4268 tuam
3019 4210 3384 4267 confusionem
3400 4204 3737 4260 indicaverit:

2196 4310 2325 4365 Vere
2352 4307 2518 4363 Filius
2550 4307 2640 4363 Dei
2682 4306 2912 4361 erat'iste
2964 4303 3174 4375 (Matth.
3205 4316 3374 4365 xxvtt;
3415 4298 3583 4351 Marc.
3633 4291 3737 4358 sv).

2262 4400 2618 4474 Interrogatio.
2648 4400 2709 4452 Et
2734 4395 3175 4469 quemadmodum
3201 4393 3405 4447 unitum
3441 4401 3637 4443 nomen
3666 4392 3739 4437 est

2193 4497 2245 4551 in
2294 4505 2477 4556 natura
2521 4491 2830 4559 divinitazis,
2876 4490 3001 4544 dum
3027 4487 3162 4550 alter
3190 4485 3242 4538 in
3270 4480 3491 4538 alterius
3533 4476 3739 4533 nomine

2192 4588 2403 4642 venisse
2431 4584 2712 4640 videatur?
3296 4594 3301 4595 ί
3422 4632 3426 4645 ,

2263 4675 2423 4749 214
2445 4675 2741 4741 Responsio.
2771 4673 2905 4736 Vere
2934 4682 3137 4724 veneno
3162 4661 3491 4721 suntinl'ecta
3507 4656 3739 4749 subtilius

2195 4747 2316 4823 cum
2332 4767 2453 4820 dolo
2476 4764 2588 4820 hac
2608 4764 2799 4833 obtusa
2814 4760 2971 4817 corda
2993 4756 3371 4827 interrogantis
3387 4762 3548 4821 atque
3570 4747 3735 4805 delen-

2196 4858 2389 4915 deutis.
2421 4855 2608 4915 Procul
2634 4852 2799 4910 dubio
2824 4852 2874 4903 in
2907 4853 3005 4903 hoc
3042 4862 3171 4903 sane
3199 4847 3335 4900 alius
3381 4853 3461 4899 est
3503 4842 3651 4897 Pater
3690 4833 3735 4887 in

2195 4962 2419 5019 persona
2444 4946 2531 5016 qui
2559 4960 2680 5000 vere
2707 4944 2915 5015 genuit;
2948 4952 3001 4997 et
3041 4944 3091 4995 in
3138 4940 3237 4993 hoc
3267 4938 3407 4990 alter
3428 4942 3510 4988 est
3534 4930 3732 5019 Filius:

2198 5014 2351 5095 Patre
2380 5040 2431 5091 in
2463 5014 2684 5106 persona
2714 5014 2799 5103 qui
2835 5046 2952 5087 vere
2966 5031 3032 5085 ab
3051 5045 3115 5083 co
3140 5028 3347 5098 genitus
3367 5034 3471 5079 est.
3498 5019 3599 5077 Sed
3620 5024 3670 5070 et
3689 5014 3733 5064 in

2200 5133 2299 5187 hoc
2324 5130 2460 5184 alius
2481 5136 2565 5183 est
2598 5127 2649 5181 in
2680 5140 2903 5195 persona
2932 5124 3163 5189 Spiritus
3194 5121 3281 5174 hic
3310 5113 3615 5187 principalis
3646 5108 3730 5161 Pa-

2198 5220 2433 5279 raclitus.
2457 5219 2547 5287 qui
2568 5218 2619 5271 in
2642 5216 2954 5271 Pentecoste
2974 5214 3024 5266 in
3050 5212 3315 5278 apostolus
3337 5198 3537 5261 elfusus
3558 5209 3650 5256 est.
3672 5196 3731 5287 ‘Et

2199 5311 2318 5365 ideo
2349 5284 2763 5375 hmc‘sigillatim
2807 5304 2943 5357 dicta
2984 5309 3249 5355 memento
3270 5337 3284 5359 ,
3319 5307 3373 5349 ut
3406 5293 3613 5347 nomina
3643 5284 3729 5340 sin

2198 5402 2317 5471 gula
2354 5401 2403 5452 in
2435 5397 2675 5467 personis
2717 5409 2836 5450 esse
2864 5393 3130 5447 distincta.
3168 5390 3327 5442 Vides
3367 5387 3487 5455 quia
3524 5384 3649 5471 alter
3674 5377 3732 5429 ab

2199 5475 2386 5551 altero;
2414 5489 2524 5541 sive
2554 5488 2686 5543 alius
2716 5486 2779 5538 ab
2804 5485 2929 5551 alio,
2962 5484 3015 5535 iu
3045 5494 3266 5549 persona
3301 5486 3503 5529 tantum
3532 5470 3729 5525 ὤσει-ι.

2201 5594 2252 5636 et
2307 5596 2409 5633 non
2463 5581 2514 5633 in
2560 5577 2884 5645 plenitudine
2918 5572 3209 5627 divinitatis
3256 5568 3421 5628 usim,
3477 5565 3605 5616 sicut
3637 5559 3734 5623 ipso

2203 5672 2453 5730 Dominus
2482 5670 2587 5723 ait:
2622 5667 2763 5723 Alitis
2791 5674 2863 5722 est
2889 5666 2973 5736 qui
3006 5664 3338 5719 testimonium
3352 5657 3573 5728 perhibet
3605 5650 3727 5707 mihi,
