3856 6222
165 304 281 365 N9

1408 309 1492 365 os
1531 273 1894 365 ramum:
1931 304 2061 363 Lm.
2102 306 2164 363 ιι.

3302 326 3409 381 950

163 424 257 488 qui
290 441 377 480 me
401 426 563 480 misit
588 424 744 480 Pater
771 424 947 496 (Joan.
976 439 1007 477 v
1027 467 1042 493 ,
1093 424 1201 491 3‘2).
1233 423 1336 480 Sed
1360 435 1412 480 et
1438 425 1542 479 alio
1570 426 1620 478 in
1644 424 1762 478 loco
1794 412 1838 486 Α
1871 426 1970 478 hoc
2017 439 2210 479 nomen
2263 416 2437 479 uniter
2469 423 2871 485 itouorilicatum
2903 433 3164 491 iuvenum-
3188 453 3307 493 εεεο
3350 446 3401 493 ει,

167 517 321 571 Idem
355 519 489 586 ipse
530 532 813 588 personam
835 516 1003 573 sancti
1028 515 1258 585 Spiritus
1288 516 1523 572 iudicat:
1557 516 1766 586 Rogabo

166 604 396 661 Patrem
425 623 625 670 meum,
649 615 697 661 et
726 608 885 661 alium
910 606 1223 661 Paraclitum
1245 607 1402 660 mittet
1425 607 1559 660 vobis
1585 606 1763 677 (Joan.

168 713 288 765 stv,
325 699 450 765 £6).
489 699 643 754 Scito
669 699 828 752 alium
846 696 914 751 ab
933 697 1059 761 alio,
1090 697 1203 753 sive
1255 696 1480 752 alterum
1506 697 1574 750 ab
1597 698 1765 750 altero

165 788 223 841 in
256 803 521 856 persona
552 798 752 843 tantum
783 787 1020 853 differre,
1050 798 1102 843 et
1133 804 1236 842 non
1265 789 1315 842 in
1350 788 1494 864 unita
1526 788 1757 857 plenitu-

165 876 299 932 dine
340 877 666 934 divinitatis
697 879 845 933 usiae.
871 877 1001 933 Nam
1021 877 1065 932 si
1098 878 1385 933 secundum
1414 877 1625 931 nomina
1649 878 1763 931 sin-

164 968 293 1036 gula
330 981 708 1037 personarum
752 967 885 1022 alter
913 967 980 1020 ab
1004 965 1173 1022 altero
1200 967 1316 1022 sine
1343 966 1505 1021 dubio
1532 964 1634 1020 diei
1663 978 1763 1034 po-

168 1066 297 1119 test,
333 1057 602 1127 nunquid
630 1056 709 1112 sic
729 1066 781 1113 et
804 1058 855 1110 in
884 1055 1027 1111 unita
1049 1056 1247 1111 deitate
1265 1055 1399 1113 alter
1422 1056 1564 1111 Deus
1590 1060 1762 1123 potest

172 1146 545 1214 pronuntiari
577 1147 754 1209 Pater,
783 1147 933 1215 quasi
961 1145 1033 1200 sit
1058 1145 1110 1201 in
1142 1155 1326 1201 natura
1355 1146 1596 1202 divetsus
1625 1160 1653 1199 a
1674 1146 1764 1201 Fi-

168 1236 278 1297 lio;
309 1242 372 1288 et
404 1234 560 1290 alter
579 1235 719 1289 Deus
741 1242 917 1304 potest
943 1233 1048 1289 dici
1075 1232 1238 1289 Filius
1263 1249 1293 1288 a
1313 1234 1487 1299 Patre,
1516 1236 1668 1305 quasi
1693 1237 1763 1289 sit

171 1327 225 1379 in
250 1325 478 1381 deitate
509 1326 683 1390 alter;
718 1335 769 1380 et
804 1324 939 1378 alius
967 1324 1103 1378 Deus
1132 1330 1307 1392 potest
1335 1322 1567 1392 proﬁteri
1593 1322 1762 1391 Spiri-

175 1426 259 1470 tus
289 1425 562 1483 sancws,
588 1416 737 1485 quasi
758 1414 827 1469 sit
856 1413 908 1468 in
941 1411 1236 1468 substantia
1261 1410 1596 1483 discrepante
1616 1427 1643 1464 a
1664 1411 1761 1467 Pa-

173 1516 257 1561 tre
308 1514 369 1560 et
392 1520 427 1558 ι
456 1504 642 1559 Filio?
667 1505 847 1559 Absit:
878 1503 1002 1558 dum
1025 1504 1229 1557 unitum
1257 1515 1452 1557 nomen
1478 1498 1549 1558 sit
1577 1503 1629 1557 in
1659 1517 1760 1558 uua

174 1612 303 1651 vera
335 1606 574 1661 natura,
602 1610 663 1649 ac
694 1610 789 1664 per
812 1597 913 1649 hoc
943 1607 1075 1649 unus
1102 1607 1261 1648 verus
1287 1602 1371 1648 est
1390 1591 1551 1648 Deus.

245 1685 640 1763 Interrogatio.
685 1686 750 1739 Et
786 1683 1051 1754 quomodo
1087 1683 1139 1738 in
1170 1682 1470 1740 nominibus
1505 1696 1761 1752 persona.

1866 514 2149 583 gentibus?
2173 515 2308 570 sicut
2339 529 2606 585 prnsagus
2628 516 2853 582 Spiritus
2879 535 3089 578 sanctus
3119 542 3207 594 ρετ
3245 530 3405 582 Mala-

1864 605 2037 659 chiam
2069 606 2378 673 prophetam
2418 612 2639 658 testatur
2667 619 2681 655 2
2709 603 2838 669 Quia
2876 621 3105 673 magnum
3130 625 3199 668 εει
3229 633 3403 668 nomen

1865 710 2028 749 meum
2064 695 2118 753 in
2165 695 2393 766 gentibus
2418 733 2433 758 ,
2466 694 2587 747 dicit
2638 692 2883 747 Dominus
2919 694 3049 748 Deus
3100 706 3403 773 omnipotens

1863 783 2084 852 (Malae.
2117 800 2152 850 ι,
2188 784 2295 853 Η),
2325 783 2474 849 Quod
2496 782 2725 836 Joannes
2756 780 2984 865 Baptista
3008 783 3223 837 absolvit.
3250 810 3262 842 ς
3296 793 3401 860 [ego

1862 879 2069 948 quidem
2095 894 2178 931 uos
2220 876 2420 944 baptiso
2448 874 2501 928 in
2528 890 2659 942 aqua
2690 872 3025 941 patritentite,
3067 882 3177 951 post
3206 888 3285 925 me
3312 898 3403 933 nu-

1862 978 1961 1022 tem
2004 968 2162 1043 veniet
2209 972 2297 1038 qui
2326 983 2413 1021 vos
2452 965 2716 1036 baptisabit
2763 963 2961 1035 Spiritu
3008 973 3181 1018 sancto
3224 974 3268 1018 et
3298 965 3410 1033 igne.

1861 1056 2073 1127 (Matth.
2108 1056 2316 1125 111,“).

1931 1144 2296 1213 Interrogatio.
2328 1143 2543 1198 Deelara
2585 1140 2715 1198 mibi
2752 1142 2795 1197 si
2827 1157 3015 1198 nomen
3044 1142 3216 1197 Patris
3238 1151 3320 1196 est
3351 1141 3405 1195 in

1859 1234 1995 1292 Filio
2014 1246 2066 1290 et
2088 1237 2138 1288 in
2167 1235 2218 1297 S,
2242 1234 2363 1288 iritu
2392 1242 2593 1288 sancto.

1931 1325 2231 1395 Responsio.
2265 1322 2382 1378 Iam
2413 1322 2719 1393 frequenter
2747 1321 2815 1376 de
2841 1320 3158 1375 auctoritate
3178 1318 3411 1387 Scriptu-

1860 1431 2037 1471 rarmn
2070 1415 2162 1469 tibi
2191 1424 2462 1470 ostensum
2492 1423 2596 1478 est,
2636 1414 2797 1467 Deum
2831 1412 3037 1465 Patrem
3071 1424 3178 1480 per
3203 1410 3411 1477 legisla-

1859 1514 2025 1560 torcm
2056 1504 2254 1561 Mosem
2298 1512 2579 1559 testatum:
2620 1501 2731 1575 Ego
2770 1512 2935 1555 autem
2968 1499 3214 1554 Dominus
3254 1500 3411 1565 Deus,

1860 1598 1956 1649 hoc
1984 1606 2055 1650 est
2094 1612 2273 1649 nomen
2303 1611 2466 1649 meum
2512 1594 2803 1648 ntemorials
2850 1593 3210 1660 sempiternum
3240 1592 3290 1643 in
3320 1607 3411 1660 ge-

1858 1678 2145 1742 nerationes
2165 1695 2209 1741 et
2228 1687 2485 1758 progenies
2505 1685 2698 1757 (Exod.
2731 1701 2819 1748 ιιι,
2851 1685 2959 1755 15).
2994 1684 3066 1739 De
3091 1683 3208 1737 Filii
3230 1692 3408 1747 autem

174 1791 293 1831 rum
320 1791 506 1831 unum
530 1776 596 1845 de
621 1789 729 1830 uno
748 1816 763 1841 ,
798 1783 890 1827 aut
923 1773 1146 1828 alterum
1175 1767 1243 1828 d'e
1271 1772 1474 1841 altero,
1515 1770 1618 1828 hoc
1654 1781 1754 1838 est,
1786 1766 1833 1827 B
1860 1794 2083 1847 persona
2110 1780 2186 1833 sic
2212 1779 2315 1832 ait:
2351 1778 2551 1833 Nomen
2571 1795 2734 1832 meum
2759 1788 2831 1833 est
2853 1778 2903 1831 in
2928 1777 3017 1831 illo
3041 1775 3231 1841 (Exod.
3257 1791 3407 1837 mu,

176 1862 377 1919 Filium
408 1858 490 1920 de
524 1851 679 1920 Patre
707 1878 825 1918 esse
852 1860 1161 1932 signiﬁcas?

250 1952 577 2021 Responsio.
625 1953 838 2021 ignoras
878 1966 1038 2006 unum
1084 1951 1293 2006 Patrem
1361 1949 1429 2007 de
1472 1952 1759 2023 semetipso

177 2042 442 2110 genuisse
472 2040 712 2097 Filium?
742 2041 871 2108 Quia
899 2055 1054 2096 nemo
1079 2039 1397 2109 sibimetipsi
1431 2050 1579 2107 pater
1608 2053 1758 2111 pater

180 2141 279 2185 est.
311 2132 379 2186 Et
414 2131 547 2200 quis
574 2128 885 2199 sibimetipsi
927 2130 1064 2184 ﬁlius
1089 2130 1232 2183 ﬁlius
1273 2129 1397 2184 est?
1430 2129 1562 2184 Dum
1605 2132 1760 2187 Pater

180 2236 286 2276 non
314 2223 391 2277 sit
410 2221 731 2291 genitusg'et
749 2220 912 2275 Filius
933 2234 1037 2274 non
1060 2220 1129 2275 sit
1154 2220 1419 2289 ingenitus
1443 2236 1458 2283 ;
1485 2220 1579 2276 sed
1604 2221 1756 2290 plane

183 2309 342 2365 Pater
372 2308 506 2366 Filii
536 2318 623 2367 est
651 2324 819 2379 quem
846 2309 1045 2379 genuit,
1067 2318 1121 2364 et
1150 2308 1310 2363 Filius
1338 2318 1420 2364 est
1445 2309 1638 2376 Patris,
1667 2311 1757 2379 qui

184 2410 312 2455 vere
348 2400 423 2456 de
450 2400 575 2476 ipsg
599 2400 809 2470 genitus
830 2409 931 2454 est.
962 2402 1294 2468 Quapropter
1319 2413 1423 2453 non
1455 2408 1513 2452 ut
1540 2399 1754 2468 quidam

188 2488 362 2549 solent
385 2489 831 2559 blasphemuntes
858 2490 907 2542 in
934 2487 1270 2543 confessione
1291 2486 1626 2545 introducere
1650 2489 1756 2545 duo

189 2593 293 2632 non
319 2587 447 2633 nata
477 2579 761 2649 principia,
786 2588 841 2635 ut
866 2586 920 2634 et
958 2578 1011 2633 in
1043 2586 1155 2633 toto
1186 2591 1286 2632 nec
1312 2578 1521 2634 Patrem
1548 2595 1756 2649 verum,

190 2682 287 2727 nec
311 2668 513 2726 Filium
551 2668 927 2739 proﬁteantur:
966 2668 1090 2723 dum
1125 2668 1281 2723 Pater
1308 2668 1426 2724 sine
1466 2669 1602 2725 Filio
1639 2685 1755 2725 om-

192 2760 314 2813 nino
336 2758 447 2814 diei
480 2759 819 2829 ιιοιιφοεδίις
848 2760 970 2831 quia
1002 2773 1138 2814 unus
1159 2759 1225 2816 de
1248 2776 1376 2826 uno,
1402 2760 1453 2815 id
1478 2771 1562 2817 est
1593 2760 1756 2819 Filius

192 2848 256 2903 de
276 2848 434 2906 Patre
459 2856 549 2905 est
572 2864 588 2916 ;
618 2859 671 2905 et
690 2860 825 2904 unus
849 2850 900 2904 in
922 2863 1028 2904 uno
1053 2848 1213 2905 Pater
1242 2850 1293 2904 in
1316 2847 1451 2905 Filio
1470 2861 1572 2917 est,
1598 2862 1652 2908 et
1677 2851 1758 2907 Fi-

196 2936 293 2993 lius
321 2939 566 2995 inPatre
594 2947 696 2995 est.
723 2938 837 3007 Qua
871 2938 938 2994 de
966 2953 1024 2994 re
1051 2937 1186 2995 alter
1218 2948 1300 2994 est
1327 2938 1380 2993 in
1412 2952 1639 3010 persona
1665 2941 1756 3012 qui

195 3042 318 3084 vere
349 3028 789 3087 inenarrabiliter
819 3031 1020 3101 genuit,
1057 3036 1110 3085 et
1143 3031 1279 3085 alius
1300 3031 1523 3103 adaeque
1553 3033 1605 3088 in
1635 3048 1756 3104 per-

199 3127 320 3169 sona
348 3118 441 3187 qui
486 3116 557 3173 de
596 3118 711 3189 ipso
744 3126 896 3175 natus
922 3126 1022 3175 est.
1052 3118 1191 3175 Sane
1226 3119 1397 3174 deitas
1420 3135 1604 3177 eorum
1625 3137 1746 3178 cum
1775 3106 1823 3170 (ἶ

200 3208 264 3259 sit
287 3202 463 3274 unita,
490 3210 656 3282 315
682 3208 815 3265 alter
836 3209 921 3265 bic
946 3208 1086 3264 Deus
1106 3207 1173 3265 ab
1198 3209 1290 3264 illo
1308 3211 1415 3266 alio
1448 3210 1560 3267 Deo
1589 3213 1779 3273 verbo.

204 3306 346 3354 tenus
368 3300 475 3355 dici
500 3316 609 3355 non
630 3308 821 3370 potest,
842 3301 962 3372 quia
987 3301 1188 3356 unitum
1210 3315 1400 3357 nomen
1416 3311 1498 3358 est
1516 3303 1630 3358 etin
1650 3304 1756 3375 plc-

204 3390 435 3447 nitndlne
460 3392 776 3470 divinitatis,
805 3401 861 3449 et
896 3393 1018 3448 ideo
1044 3405 1181 3447 unus
1208 3380 1290 3447 est
1320 3392 1481 3449 Deus.
1530 3394 1670 3463 Ergo
1707 3395 1752 3450 si

208 3477 354 3536 Filius
381 3481 437 3538 in
469 3483 688 3538 nomine
721 3482 889 3538 Patris
908 3483 1084 3545 venit,
1124 3488 1179 3536 et
1208 3481 1438 3551 Spiritus
1462 3480 1755 3538 Paraclitus

206 3567 251 3621 in
286 3571 505 3627 nomine
554 3571 676 3627 Filii
718 3576 885 3642 venit,
925 3572 1062 3627 sicut
1086 3557 1252 3638 Filius
1292 3572 1360 3627 de
1403 3586 1467 3627 eo
1498 3581 1751 3628 testatur:

211 3655 357 3721 Quem
384 3660 549 3715 mittet
582 3659 736 3723 Pater
764 3660 819 3714 in
856 3660 1061 3714 nomine
1093 3675 1201 3713 meo
1235 3657 1414 3730 (Joan.
1464 3674 1572 3723 XIV,
1617 3661 1748 3729 26);

209 3754 313 3800 non
356 3748 451 3803 tibi
481 3749 695 3804 videtur
734 3749 855 3818 quia
880 3748 1071 3816 duplex
1107 3757 1161 3803 et
1191 3747 1276 3802 bic
1307 3750 1643 3802 contineatur
1671 3750 1754 3803 iu-

209 3833 456 3903 tellectus,
488 3838 543 3893 id
566 3846 647 3893 est
669 3849 727 3893 ut
755 3839 809 3892 in
841 3838 1053 3892 nomine
1080 3820 1426 3906 personarum
1460 3847 1661 3893 tantum
1687 3842 1756 3894 sit

212 3925 478 3997 distinctio,
511 3932 568 3987 in
598 3930 793 4005 deitate
833 3940 1006 3986 autem
1037 3930 1178 3985 nulla
1205 3932 1274 3987 sit
1311 3931 1613 3986 disert-tio?

272 4015 639 4095 Interrogatio:
684 4023 746 4077 Et
774 4036 935 4092 quare
973 4023 1026 4077 in
1064 4023 1275 4078 nomine
1303 4023 1545 4093 Spiritus
1584 4022 1752 4078 sancti

212 4120 352 4163 nemo
373 4114 584 4168 venisse
605 4112 867 4167 invenitur
882 4114 911 4173 ἲ

277 4200 548 4268 Responsio
571 4219 590 4257 :
623 4202 793 4257 Duces
813 4204 963 4271 czeci,
989 4218 1255 4272 nunquam
1286 4202 1388 4258 hoc
1413 4202 1747 4273 proverbium

212 4287 258 4340 in
286 4288 569 4361 Scripturis
614 4293 814 4347 sanctis
854 4293 939 4346 vel
987 4293 1179 4345 divinis
1207 4291 1463 4347 audistis:
1498 4291 1610 4346 Non
1641 4292 1752 4362 glo-

1859 1867 1974 1938 21).
1997 1867 2062 1924 Ει
2084 1870 2189 1923 alio
2209 1869 2259 1921 in
2288 1868 2421 1923 loco
2436 1869 2572 1925 idem
2603 1869 2714 1938 ipse
2740 1867 2894 1921 Pater
2916 1865 3142 1935 repetit:
3178 1864 3288 1934 Ego
3307 1865 3409 1919 Do-

1857 1959 2020 2011 minus
2038 1958 2280 2019 θεωρῶ
2297 1973 2413 2012 roco
2437 1972 2612 2011 nomen
2634 1966 2772 2010 tuum
2799 1954 2933 2008 Deus
2955 1953 3116 2008 Israel
3132 1951 3261 2024 (Ita.
3287 1969 3407 2022 ην,

1853 2047 1945 2117 3);
1975 2048 2111 2117 qttod
2157 2048 2272 2117 ipse
2303 2046 2468 2103 Filius
2508 2046 2841 2102 conﬁrmavit
2883 2044 3043 2116 216
3062 2043 3270 2098 dicens:
3305 2043 3408 2112 Ego

1855 2138 1968 2191 ueni
2005 2138 2056 2191 in
2080 2138 2286 2205 nomine
2312 2136 2479 2191 Patris
2505 2138 2624 2200 mei,
2653 2146 2697 2190 et
2719 2152 2817 2188 non
2847 2151 2923 2187 me
2949 2135 3203 2203 recepistis
3227 2132 3405 2203 (Joan.

1858 2242 1907 2290 v,
1941 2226 2051 2297 45).
2084 2227 2147 2282 Ει
2172 2228 2328 2282 David
2354 2227 2419 2281 ad
2461 2227 2570 2282 bu‘c
2597 2227 2709 2282 ait:
2752 2225 3051 2279 Benedictus
3075 2225 3161 2292 qui
3189 2225 3321 2276 venit
3354 2225 3406 2276 in

1856 2317 2053 2371 nomine
2094 2316 2294 2372 Domini
2322 2316 2491 2387 (Psal.
2514 2332 2679 2381 csvu,
2711 2316 2826 2382 26).
2851 2316 2981 2370 Nam
3007 2323 3059 2370 et
3086 2315 3153 2370 de
3181 2329 3404 2383 persona

1854 2406 2081 2478 Spiritus
2128 2408 2297 2462 sancti
2350 2408 2512 2461 Filius
2557 2414 2774 2462 testatus
2821 2414 2922 2470 est,
2972 2405 3191 2459 dicens:
3247 2403 3404 2468 Quem

1857 2500 2017 2552 mittet
2064 2497 2222 2553 Pater
2264 2498 2320 2552 in
2362 2498 2564 2551 nomine
2603 2512 2711 2550 meo
2738 2494 2916 2568 (Ioan.
2951 2510 3057 2559 χιιι,
3095 2494 3207 2562 ‘26).
3244 2492 3404 2545 Vides

1857 2586 2048 2645 Filium
2098 2589 2148 2640 in
2197 2585 2298 2642 hoc
2346 2585 2559 2641 nomine
2600 2585 2809 2640 venisse
2847 2583 2985 2653 quod
3025 2590 3083 2637 et
3127 2581 3179 2635 in
3209 2578 3404 2634 deitate

1857 2678 2029 2735 Patris
2054 2678 2227 2734 uniter
2251 2691 2370 2733 esse
2410 2675 2734 2741 ostenditur;
2769 2683 2824 2729 et
2847 2672 3074 2743 Spiritus
3103 2681 3319 2726 sanctus
3350 2672 3401 2724 in

1857 2768 1956 2823 boc
1987 2768 2197 2823 nomine
2222 2767 2432 2822 venisse
2456 2764 2732 2829 iudicatur,
2765 2774 2816 2817 et
2847 2760 2994 2826 Filii;
3023 2753 3289 2830 apostolos
3310 2774 3404 2812 ειυς

1856 2868 1962 2914 tem
2008 2858 2199 2914 missos
2229 2855 2391 2911 fuisse
2436 2865 2491 2910 ut
2520 2854 2853 2919 baptizarent
2891 2864 3074 2906 omnes
3121 2858 3303 2920 gentes
3350 2850 3403 2904 in

1856 2950 2003 3004 ttuito
2031 2949 2111 3003 vel
2138 2947 2399 3003 communi
2430 2946 2644 2999 nomine
2665 2943 2898 3010 deitatis,
2928 2941 3066 3012 quod
3095 2948 3177 2997 est
3204 2947 3403 2993 natura

1855 3039 2158 3105 invisibilis,
2194 3038 2362 3092 sancti
2391 3036 2653 3106 Spitilus,
2686 3037 2822 3090 sicut
2848 3034 3101 3103 scriptum
3132 3041 3252 3087 est:
3287 3030 3401 3084 No-

1856 3128 1944 3183 lite
1968 3129 2264 3182 contristare
2292 3126 2543 3196 Spiritum
2578 3135 2806 3180 sanctum
2849 3122 2942 3178 Dei
2965 3164 2980 3187 ,
3016 3123 3066 3177 in
3092 3139 3189 3192 quo
3216 3123 3404 3191 signati

1854 3219 1971 3273 estis
1997 3218 2050 3273 in
2086 3204 2174 3271 die
2205 3215 2561 3285 redemptionis
2600 3216 2775 3269 uestra:
2816 3212 3025 3285 (Eplus.
3052 3229 3125 3279 tv,
3157 3212 3248 3280 50)
3274 3230 3287 3275 ;
3321 3212 3402 3265 vrl

1855 3306 1989 3361 ltoc:
2019 3304 2084 3359 Et
2106 3319 2273 3359 omnes
2301 3309 2457 3357 unum
2502 3302 2751 3373 Spiritum
2779 3303 3052 3373 poterimus
3078 3297 3131 3371 (I
3162 3298 3276 3355 Cor.
3308 3316 3400 3366 xu,

1817 3387 1821 3391 ’
1859 3392 1967 3464 15).
1995 3394 2120 3449 Sive
2146 3393 2361 3448 unitatis
2382 3407 2577 3447 nomen
2600 3388 2861 3460 baptismo
2886 3402 3133 3462 operante
3155 3393 3359 3459 suscipe
3382 3433 3397 3457 ,

1850 3484 2105 3542 dicentis:
2136 3482 2202 3536 Et
2221 3500 2305 3537 vos
2330 3485 2469 3537 eritis
2493 3482 2616 3553 mihi
2637 3482 2691 3536 In
2716 3482 2849 3551 ﬁlios
2877 3492 2923 3535 et
2961 3480 3114 3549 ﬁlias,
3143 3482 3264 3535 dicit
3298 3479 3400 3533 Do-

1853 3574 2023 3630 minus
2064 3576 2378 3646 omnipotens
2408 3572 2496 3645 (II
2530 3573 2647 3629 Cor.
2678 3589 2727 3626 vt
2747 3614 2761 3640 ,
2791 3572 2901 3642 18).
2932 3572 3024 3626 γει
3056 3572 3153 3626 hoc
3176 3572 3357 3636 accipe
3383 3589 3396 3623 :

1858 3667 1939 3720 Ex
1966 3666 2069 3721 Deo
2089 3669 2194 3720 nati
2219 3677 2334 3721 sunt
2364 3667 2539 3737 (Joan.
2572 3680 2610 3733 ι,
2641 3664 2751 3736 Μ).
2778 3664 2884 3719 Nec
2915 3679 3014 3718 non
3041 3682 3052 3716 :
3081 3662 3147 3717 Et
3177 3662 3398 3737 baptize-

1854 3770 1937 3814 tttr
1956 3748 2295 3828 unusquisque
2316 3732 2549 3818 oestrum
2578 3732 2631 3812 in
2659 3732 2861 3811 nomine
2898 3751 3019 3809 less
3045 3753 3232 3807 Christi
3264 3732 3398 3823 (Aet.

1858 3862 1915 3915 tt,
1944 3848 2059 3917 ἵε).
2093 3848 2156 3902 Ει
2180 3847 2284 3900 alio
2308 3849 2357 3899 in
2387 3847 2503 3901 loco
2526 3862 2541 3900 :
2568 3844 2674 3901 Sed
2701 3845 2860 3900 abluti
2895 3845 3034 3909 estis,
3062 3843 3147 3896 sed
3172 3844 3397 3905 sanctiﬁ-

1857 3939 1959 3991 ruti
1986 3940 2123 4003 estis,
2155 3937 2243 3991 sed
2272 3937 2542 4008 justi/irati
2570 3935 2684 3989 estis
2713 3936 2764 3988 in
2790 3936 2987 3990 nomine
3018 3928 3217 3986 Domini
3242 3931 3399 3984 nostri

1853 4026 1978 4081 Iesu
2032 4026 2237 4090 Christi,
2272 4036 2318 4080 et
2344 4027 2395 4079 in
2436 4026 2616 4095 spiritu
2649 4024 2739 4078 Dei
2768 4024 2923 4078 nostri
2951 4020 3002 4093 (1
3035 4021 3148 4076 Cor.
3184 4036 3258 4086 VI,
3288 4020 3398 4089 Η).

1854 4119 1956 4173 Sed
2001 4128 2053 4174 et
2080 4125 2214 4188 quod
2252 4134 2321 4172 ex
2367 4118 2475 4171 Deo
2521 4126 2671 4169 natus
2710 4124 2813 4184 est,
2867 4114 3094 4169 Joannes
3141 4122 3398 4167 testatur:

1854 4208 1919 4263 In
1949 4225 2039 4262 sua
2068 4212 2215 4275 uenit,
2234 4217 2280 4262 et
2298 4209 2375 4261 sui
2401 4223 2514 4261 eum
2552 4222 2651 4258 non
2675 4212 3000 4273 receperunt:
3034 4202 3284 4270 Quotquot
3308 4218 3400 4253 au-

1854 4307 2263 4365 temreceperunt
2285 4313 2414 4361 eum,
2438 4297 2574 4349 dedit
2596 4296 2665 4349 eis
2686 4302 2973 4365 potestatem
2996 4293 3127 4360 ﬁlios
3154 4292 3243 4343 Dei
3263 4291 3396 4360 ﬁeri,

212 4381 360 4437 rietur
394 4384 648 4454 gibbosus
678 4368 823 4439 sicut
853 4384 1065 4438 rectus?
1094 4383 1149 4438 In
1180 4382 1332 4453 cujus
1362 4383 1511 4438 unito
1547 4391 1753 4437 natura!
1780 4447 1819 4455 _
1856 4387 2163 4441 credentibus
2184 4388 2232 4439 in
2260 4387 2457 4438 nomine
2480 4387 2622 4455 ejus:
2651 4385 2738 4455 qui
2760 4400 2855 4437 non
2879 4399 2942 4435 ea:
2961 4382 3220 4452 sanguine,
3247 4396 3401 4449 mque

214 4470 475 4531 divinitatis
503 4475 722 4529 nomine
749 4473 898 4527 missi
924 4484 1044 4527 sunt
1078 4474 1342 4541 apostoli?
1373 4473 1473 4541 Ite,
1503 4474 1753 4542 baptizata
1780 4447 1827 4507 θ
1853 4496 1916 4534 ea:
1942 4479 2194 4534 voluntate
2216 4479 2397 4542 carnis,
2414 4494 2568 4546 neque
2592 4494 2654 4531 ea:
2678 4476 2929 4530 voluntate
2955 4474 3081 4537 viri,
3110 4474 3198 4526 sed
3217 4489 3281 4525 ex
3297 4473 3400 4525 Deo

213 4572 363 4613 omnes
382 4574 556 4632 gentes
580 4564 634 4616 in
662 4565 884 4626 nomine,
903 4571 955 4615 et
983 4564 1060 4615 sic
1082 4572 1390 4630 prosecutus
1414 4572 1494 4617 est
1520 4578 1612 4631 per
1639 4564 1748 4616 sin-

216 4648 344 4713 aulas
358 4657 632 4719 personas,
665 4650 853 4718 Patris,
875 4650 1023 4715 Filii,
1039 4660 1082 4704 et
1105 4650 1328 4717 Spiritus
1351 4653 1513 4704 sancti
1538 4651 1747 4720 (Matth.

215 4748 371 4802 xxvut,
423 4742 551 4809 l9)?
586 4741 775 4797 Nonne
824 4744 1025 4795 unitum
1069 4741 1364 4794 divinitatis
1414 4741 1502 4794 Dei
1551 4756 1743 4795 nomen

219 4826 342 4889 prius
366 4833 523 4885 tacite
555 4832 727 4885 uniter
748 4831 1021 4902 praemisit,
1044 4840 1096 4883 et
1126 4831 1204 4884 sic
1226 4831 1277 4883 in
1303 4830 1606 4883 numinibus
1631 4846 1750 4897 per—

219 4929 436 4975 sonarum
465 4923 805 4990 apertissime
835 4922 1155 4985 declaravit,
1191 4920 1361 4973 Patris
1387 4961 1401 4981 ,
1445 4930 1496 4971 et
1539 4918 1650 4972 Filii
1673 4928 1749 4983 ,et

220 5004 416 5071 Spiritus
442 5012 657 5067 sancti?
701 5012 862 5065 Pcrru
885 5010 1120 5077 nunquid
1158 5018 1329 5077 potest
1350 5008 1520 5061 arceri
1559 5009 1624 5062 de
1647 5009 1747 5063 hoc

222 5096 567 5153 Ullilttdeitatis
601 5100 813 5152 nomine
853 5098 1083 5166 Spititus
1113 5100 1367 5150 sanctus?
1390 5098 1492 5149 Aut
1515 5098 1745 5162 nunluid

223 5200 388 5250 potest.
416 5202 597 5244 contra
650 5190 883 5259 regulam
919 5189 1217 5241 traditionis
1248 5189 1585 5257 evangelica
1610 5204 1740 5242 cen-

224 5287 353 5344 ειιτιν,
384 5281 447 5334 de
503 5282 603 5333 hoc
631 5282 777 5333 uuito
806 5279 1083 5332 Trinitatis
1113 5280 1324 5333 nomine
1377 5281 1544 5331 sancti
1575 5279 1746 5348 Spiri-

227 5375 295 5421 tus
320 5376 511 5430 sublata
550 5376 628 5425 vel
661 5374 813 5426 tacita
852 5388 1077 5439 persona
1116 5372 1373 5445 baptisma
1418 5373 1743 5426 in‘Ecclesia

229 5461 473 5523 perlectum
504 5465 804 5522 celebrari?
835 5464 1008 5517 Absit.
1041 5464 1250 5529 Alioqui
1282 5462 1544 5529 quomodo
1570 5464 1620 5515 in
1648 5466 1744 5515 ltoc

230 5563 384 5607 Mmcn
412 5560 637 5618 deitatis,
678 5556 865 5616 l’.ttr's,
899 5564 951 5609 ct
977 5555 1113 5619 Filii,
1144 5564 1197 5607 et
1230 5554 1396 5606 Sancti
1432 5554 1659 5619 Spiritus
1694 5555 1743 5606 in

234 5638 315 5697 “de
340 5646 560 5718 baptismi
614 5650 790 5704 uniter
822 5647 1154 5702 credentibus
1186 5647 1364 5700 datum
1416 5646 1531 5700 est?
1560 5646 1744 5699 Nonne

1854 4574 1965 4625 nati
1995 4570 2168 4636 (Joan.
2193 4586 2229 4629 l,
2256 4569 2343 4637 ll)
2368 4578 2508 4623 sunt.
2538 4569 2687 4622 Disce
2711 4582 2835 4636 ergo
2859 4566 2957 4618 ltoc
2984 4565 3182 4616 unitum
3212 4577 3401 4615 nomen

1852 4658 1969 4711 esse
1998 4657 2369 4718 sempiternum
2394 4654 2444 4706 iu
2474 4652 2667 4706 deitate
2697 4650 2888 4711 Patris,
2919 4655 2975 4700 et
3001 4647 3119 4699 Filii
3148 4656 3198 4699 et
3230 4649 3398 4699 sancti

1850 4745 2104 4815 Spiritus:
2137 4745 2271 4799 sicut
2297 4737 2350 4797 et
2378 4759 2535 4795 unum
2581 4741 2838 4810 baptisma
2869 4746 2951 4793 est
2983 4736 3129 4798 ﬁdei,
3151 4735 3289 4803 quod
3322 4737 3399 4788 vi-

1853 4846 1958 4889 tam
2005 4846 2251 4889 aeternam
2295 4833 2631 4888 credentibus
2660 4830 2858 4903 tribuit.
2890 4828 3031 4893 Quia
3059 4827 3196 4880 sicut
3239 4842 3399 4878 unum

1851 4941 2043 4980 nomen
2072 4935 2154 4980 est
2180 4926 2230 4978 in
2275 4935 2456 4978 natura
2485 4920 2774 4987 Trinitatis,
2802 4922 2868 4971 ita
2917 4926 2971 4971 et
3010 4932 3171 4969 ttnum
3201 4916 3398 4969 donum

1854 5033 1945 5086 per
1966 5016 2279 5083 baptismum
2310 5014 2619 5067 divinitatis.
2653 5010 2935 5078 Apostolus
2958 5008 3062 5060 ait:
3096 5006 3210 5060 Una
3240 5006 3397 5073 ﬁdes,

1848 5123 2000 5159 unum
2031 5107 2269 5175 baptisma
2314 5104 2529 5173 (Ephes.
2575 5118 2643 5167 tv,
2674 5100 2759 5170 5);
2808 5099 3005 5152 idcirco
3033 5099 3171 5165 quod
3206 5111 3395 5149 nomen

1850 5196 2021 5251 Patris
2046 5197 2115 5249 sit
2143 5198 2191 5247 in
2223 5194 2519 5258 div.nitate,
2550 5195 2647 5246 hoc
2676 5205 2861 5244 nomen
2893 5190 2955 5242 sit
2983 5200 3035 5241 et
3066 5187 3185 5240 Filii
3216 5186 3267 5239 iu
3301 5202 3394 5244 na-

1853 5298 1966 5340 tura
2015 5286 2260 5347 deitntis,
2306 5286 2381 5338 sic
2420 5296 2473 5337 et
2512 5282 2677 5337 sancti
2717 5280 2944 5345 Spiritus
2975 5277 3261 5331 identidem
3300 5277 3399 5327 huc

1852 5392 2042 5429 nomen
2086 5379 2152 5426 sit
2199 5375 2249 5427 in
2296 5372 2584 5425 substantia
2614 5371 2889 5424 claritatis.
2924 5367 3048 5419 Nam
3099 5368 3178 5419 vis
3224 5364 3397 5417 scire?

1856 5480 1972 5517 cum
2020 5466 2068 5517 in
2092 5464 2357 5515 divinitate
2396 5461 2562 5516 Patris
2593 5475 2808 5521 numen,
2841 5457 2890 5509 id
2922 5466 3004 5506 est
3032 5455 3121 5507 Dei
3154 5454 3266 5505 sive
3299 5452 3398 5502 llu—

1852 5554 1976 5606 mini
2000 5595 2013 5618 ,
2046 5563 2132 5605 aut
2163 5552 2389 5618 Spiritus
2426 5549 2697 5611 nominas,
2733 5548 2934 5600 unitum
2969 5559 3156 5597 nomen
3198 5552 3251 5594 ct
3281 5541 3396 5593 l’tlti

1850 5658 1901 5697 et
1933 5645 2093 5701 sancti
2138 5642 2363 5712 Spiritus
2412 5643 2460 5695 iu
2513 5640 2610 5695 hoc
2657 5639 2878 5692 indicas.
2936 5634 3057 5689 ideo
3110 5634 3397 5686 secundum
