  <div class='ocr_page' id='page_1' title='image "/cluster/home/n/w/nwhite01/storage/ocr_20150623/61-62/uva.x000827102/713.png"; bbox 0 0 3856 6222; ppageno 0'>
   <div class='ocr_carea' id='block_1_1' title="bbox 471 254 2346 319">
    <p class='ocr_par' dir='ltr' id='par_1_1' title="bbox 471 254 2346 319">
     <span class='ocr_line' id='line_1_1' title="bbox 471 254 2346 319; baseline 0.007 -13"><span class='ocrx_word' id='word_1_1' title='bbox 471 254 532 307; x_wconf 78' lang='lat'><strong>5|</strong></span> <span class='ocrx_word' id='word_1_2' title='bbox 1718 259 1935 315; x_wconf 85' lang='lat' dir='ltr'><strong>VICILII</strong></span> <span class='ocrx_word' id='word_1_3' title='bbox 1976 260 2346 319; x_wconf 81' lang='lat' dir='ltr'><strong>TAPSENSIS</strong></span> 
     </span>
    </p>
   </div>
   <div class='ocr_carea' id='block_1_2' title="bbox 3549 267 3696 320">
    <p class='ocr_par' dir='ltr' id='par_1_2' title="bbox 3549 267 3696 320">
     <span class='ocr_line' id='line_1_2' title="bbox 3549 267 3696 320; baseline -0.007 0"><span class='ocrx_word' id='word_1_4' title='bbox 3549 267 3696 320; x_wconf 71' lang='lat'><strong>9.52</strong></span> 
     </span>
    </p>
   </div>
   <div class='ocr_carea' id='block_1_3' title="bbox 439 351 3696 443">
    <p class='ocr_par' dir='ltr' id='par_1_3' title="bbox 439 351 3696 443">
     <span class='ocr_line' id='line_1_3' title="bbox 439 351 3696 443; baseline 0.003 -24"><span class='ocrx_word' id='word_1_5' title='bbox 439 367 608 434; x_wconf 84' lang='lat' dir='ltr'><strong>ipsam</strong></span> <span class='ocrx_word' id='word_1_6' title='bbox 657 371 1030 438; x_wconf 74' lang='lat' dir='ltr'><strong>plenitudinem</strong></span> <span class='ocrx_word' id='word_1_7' title='bbox 1086 379 1286 424; x_wconf 72' lang='lat' dir='ltr'><strong>natura:</strong></span> <span class='ocrx_word' id='word_1_8' title='bbox 1331 369 1624 435; x_wconf 71' lang='lat' dir='ltr'><strong>divinitatis</strong></span> <span class='ocrx_word' id='word_1_9' title='bbox 1651 372 1780 426; x_wconf 92' lang='lat' dir='ltr'><strong>dum</strong></span> <span class='ocrx_word' id='word_1_10' title='bbox 1819 373 1988 429; x_wconf 71' lang='lat' dir='ltr'><strong>refers</strong></span> <span class='ocrx_word' id='word_1_11' title='bbox 2016 377 2063 434; x_wconf 81' lang='grc' dir='ltr'><strong>Δ</strong></span> <span class='ocrx_word' id='word_1_12' title='bbox 2163 373 2464 443; x_wconf 72' lang='lat' dir='ltr'><strong>Responsio.</strong></span> <span class='ocrx_word' id='word_1_13' title='bbox 2514 373 2680 428; x_wconf 88' lang='lat' dir='ltr'><strong>Plane</strong></span> <span class='ocrx_word' id='word_1_14' title='bbox 2727 374 2894 429; x_wconf 88' lang='lat' dir='ltr'><strong>divisa</strong></span> <span class='ocrx_word' id='word_1_15' title='bbox 2926 351 3100 430; x_wconf 12' lang='lat' dir='ltr'><strong>cst&#39;in</strong></span> <span class='ocrx_word' id='word_1_16' title='bbox 3129 376 3429 429; x_wconf 79' lang='lat' dir='ltr'><strong>nominibus</strong></span> <span class='ocrx_word' id='word_1_17' title='bbox 3457 385 3696 431; x_wconf 82' lang='lat' dir='ltr'><strong>tantum</strong></span> 
     </span>
    </p>
   </div>
   <div class='ocr_carea' id='block_1_4' title="bbox 440 461 1992 527">
    <p class='ocr_par' dir='ltr' id='par_1_4' title="bbox 440 461 1992 527">
     <span class='ocr_line' id='line_1_4' title="bbox 440 461 1992 527; baseline 0.004 -17"><span class='ocrx_word' id='word_1_18' title='bbox 440 463 666 522; x_wconf 89' lang='lat' dir='ltr'><strong>ttnitum,</strong></span> <span class='ocrx_word' id='word_1_19' title='bbox 699 477 884 514; x_wconf 83' lang='lat' dir='ltr'><strong>nomen</strong></span> <span class='ocrx_word' id='word_1_20' title='bbox 909 476 1001 527; x_wconf 89' lang='lat' dir='ltr'><strong>per</strong></span> <span class='ocrx_word' id='word_1_21' title='bbox 1016 462 1196 520; x_wconf 80' lang='lat' dir='ltr'><strong>omnia</strong></span> <span class='ocrx_word' id='word_1_22' title='bbox 1228 461 1279 513; x_wconf 90' lang='lat' dir='ltr'><strong>in</strong></span> <span class='ocrx_word' id='word_1_23' title='bbox 1313 462 1397 516; x_wconf 86' lang='lat' dir='ltr'><strong>his</strong></span> <span class='ocrx_word' id='word_1_24' title='bbox 1423 476 1544 517; x_wconf 82' lang='lat' dir='ltr'><strong>esse</strong></span> <span class='ocrx_word' id='word_1_25' title='bbox 1564 463 1826 518; x_wconf 73' lang='lat' dir='ltr'><strong>ostendis.</strong></span> <span class='ocrx_word' id='word_1_26' title='bbox 1851 463 1992 518; x_wconf 80' lang='lat' dir='ltr'><strong>Sane</strong></span> 
     </span>
    </p>
   </div>
   <div class='ocr_carea' id='block_1_5' title="bbox 441 550 1994 622">
    <p class='ocr_par' dir='ltr' id='par_1_5' title="bbox 441 550 1994 622">
     <span class='ocr_line' id='line_1_5' title="bbox 441 550 1994 622; baseline 0.001 -19"><span class='ocrx_word' id='word_1_27' title='bbox 441 550 526 603; x_wconf 84' lang='lat' dir='ltr'><strong>hic</strong></span> <span class='ocrx_word' id='word_1_28' title='bbox 547 552 831 604; x_wconf 89' lang='lat' dir='ltr'><strong>secundum</strong></span> <span class='ocrx_word' id='word_1_29' title='bbox 855 566 1104 619; x_wconf 81' lang='lat' dir='ltr'><strong>personas</strong></span> <span class='ocrx_word' id='word_1_30' title='bbox 1128 553 1397 622; x_wconf 85' lang='lat' dir='ltr'><strong>paulisper</strong></span> <span class='ocrx_word' id='word_1_31' title='bbox 1418 553 1632 608; x_wconf 81' lang='lat' dir='ltr'><strong>tacitum</strong></span> <span class='ocrx_word' id='word_1_32' title='bbox 1653 554 1865 609; x_wconf 89' lang='lat' dir='ltr'><strong>deitatis</strong></span> <span class='ocrx_word' id='word_1_33' title='bbox 1884 556 1994 610; x_wconf 89' lang='lat' dir='ltr'><strong>uni-</strong></span> 
     </span>
    </p>
   </div>
   <div class='ocr_carea' id='block_1_6' title="bbox 439 641 1993 713">
    <p class='ocr_par' dir='ltr' id='par_1_6' title="bbox 439 641 1993 713">
     <span class='ocr_line' id='line_1_6' title="bbox 439 641 1993 713; baseline 0.004 -21"><span class='ocrx_word' id='word_1_34' title='bbox 439 648 545 692; x_wconf 92' lang='lat' dir='ltr'><strong>tum</strong></span> <span class='ocrx_word' id='word_1_35' title='bbox 570 654 759 694; x_wconf 87' lang='lat' dir='ltr'><strong>nomen</strong></span> <span class='ocrx_word' id='word_1_36' title='bbox 788 650 890 695; x_wconf 91' lang='lat' dir='ltr'><strong>est.</strong></span> <span class='ocrx_word' id='word_1_37' title='bbox 919 641 1048 693; x_wconf 87' lang='lat' dir='ltr'><strong>Dum</strong></span> <span class='ocrx_word' id='word_1_38' title='bbox 1075 649 1249 695; x_wconf 85' lang='lat' dir='ltr'><strong>autem</strong></span> <span class='ocrx_word' id='word_1_39' title='bbox 1281 643 1517 713; x_wconf 82' lang='lat' dir='ltr'><strong>singulas</strong></span> <span class='ocrx_word' id='word_1_40' title='bbox 1540 658 1792 710; x_wconf 80' lang='lat' dir='ltr'><strong>personas</strong></span> <span class='ocrx_word' id='word_1_41' title='bbox 1820 644 1993 698; x_wconf 88' lang='lat' dir='ltr'><strong>nomi-</strong></span> 
     </span>
    </p>
   </div>
   <div class='ocr_carea' id='block_1_7' title="bbox 439 729 1992 802">
    <p class='ocr_par' dir='ltr' id='par_1_7' title="bbox 439 729 1992 802">
     <span class='ocr_line' id='line_1_7' title="bbox 439 729 1992 802; baseline 0.004 -21"><span class='ocrx_word' id='word_1_42' title='bbox 439 729 612 782; x_wconf 87' lang='lat' dir='ltr'><strong>nando</strong></span> <span class='ocrx_word' id='word_1_43' title='bbox 646 731 931 798; x_wconf 82' lang='lat' dir='ltr'><strong>percurris,</strong></span> <span class='ocrx_word' id='word_1_44' title='bbox 984 732 1197 785; x_wconf 91' lang='lat' dir='ltr'><strong>nomina</strong></span> <span class='ocrx_word' id='word_1_45' title='bbox 1246 735 1454 802; x_wconf 88' lang='lat' dir='ltr'><strong>propria</strong></span> <span class='ocrx_word' id='word_1_46' title='bbox 1497 735 1672 788; x_wconf 87' lang='lat' dir='ltr'><strong>inesse</strong></span> <span class='ocrx_word' id='word_1_47' title='bbox 1721 732 1992 801; x_wconf 88' lang='lat' dir='ltr'><strong>designas.</strong></span> 
     </span>
    </p>
   </div>
   <div class='ocr_carea' id='block_1_8' title="bbox 2098 461 3380 534">
    <p class='ocr_par' dir='ltr' id='par_1_8' title="bbox 2098 461 3380 534">
     <span class='ocr_line' id='line_1_8' title="bbox 2098 461 3380 534; baseline -0.003 -12"><span class='ocrx_word' id='word_1_48' title='bbox 2098 479 2472 534; x_wconf 87' lang='lat' dir='ltr'><strong>personarum,</strong></span> <span class='ocrx_word' id='word_1_49' title='bbox 2503 465 2561 519; x_wconf 91' lang='lat' dir='ltr'><strong>in</strong></span> <span class='ocrx_word' id='word_1_50' title='bbox 2589 461 2789 519; x_wconf 81' lang='lat' dir='ltr'><strong>deitate</strong></span> <span class='ocrx_word' id='word_1_51' title='bbox 2819 475 2992 520; x_wconf 89' lang='lat' dir='ltr'><strong>autem</strong></span> <span class='ocrx_word' id='word_1_52' title='bbox 3028 467 3250 519; x_wconf 87' lang='lat' dir='ltr'><strong>indivisa</strong></span> <span class='ocrx_word' id='word_1_53' title='bbox 3279 476 3380 520; x_wconf 91' lang='lat' dir='ltr'><strong>est.</strong></span> 
     </span>
    </p>
   </div>
   <div class='ocr_carea' id='block_1_9' title="bbox 2166 554 3699 627">
    <p class='ocr_par' dir='ltr' id='par_1_9' title="bbox 2166 554 3699 627">
     <span class='ocr_line' id='line_1_9' title="bbox 2166 554 3699 627; baseline 0.002 -19"><span class='ocrx_word' id='word_1_54' title='bbox 2166 554 2525 626; x_wconf 65' lang='lat' dir='ltr'><strong>Interrogatio.</strong></span> <span class='ocrx_word' id='word_1_55' title='bbox 2559 555 2770 611; x_wconf 84' lang='lat' dir='ltr'><strong>Edicito</strong></span> <span class='ocrx_word' id='word_1_56' title='bbox 2801 556 2930 611; x_wconf 85' lang='lat' dir='ltr'><strong>mihi</strong></span> <span class='ocrx_word' id='word_1_57' title='bbox 2969 557 3235 627; x_wconf 87' lang='lat' dir='ltr'><strong>quomodo</strong></span> <span class='ocrx_word' id='word_1_58' title='bbox 3286 559 3699 627; x_wconf 73' lang='lat' dir='ltr'><strong>interpretatur</strong></span> 
     </span>
    </p>
   </div>
   <div class='ocr_carea' id='block_1_10' title="bbox 2095 648 2290 703">
    <p class='ocr_par' dir='ltr' id='par_1_10' title="bbox 2095 648 2290 703">
     <span class='ocr_line' id='line_1_10' title="bbox 2095 648 2290 703; baseline 0.005 -1"><span class='ocrx_word' id='word_1_59' title='bbox 2095 648 2290 703; x_wconf 87' lang='lat' dir='ltr'><strong>unitas.</strong></span> 
     </span>
    </p>
   </div>
   <div class='ocr_carea' id='block_1_11' title="bbox 2172 738 3703 808">
    <p class='ocr_par' dir='ltr' id='par_1_11' title="bbox 2172 738 3703 808">
     <span class='ocr_line' id='line_1_11' title="bbox 2172 738 3703 808; baseline 0 -16"><span class='ocrx_word' id='word_1_60' title='bbox 2172 739 2483 802; x_wconf 71' lang='lat' dir='ltr'><strong>Responsio.</strong></span> <span class='ocrx_word' id='word_1_61' title='bbox 2531 738 2717 793; x_wconf 86' lang='lat' dir='ltr'><strong>Nescis</strong></span> <span class='ocrx_word' id='word_1_62' title='bbox 2745 739 2864 808; x_wconf 84' lang='lat' dir='ltr'><strong>quia</strong></span> <span class='ocrx_word' id='word_1_63' title='bbox 2895 755 2996 795; x_wconf 88' lang='lat' dir='ltr'><strong>una</strong></span> <span class='ocrx_word' id='word_1_64' title='bbox 3022 749 3105 796; x_wconf 89' lang='lat' dir='ltr'><strong>est</strong></span> <span class='ocrx_word' id='word_1_65' title='bbox 3125 739 3322 805; x_wconf 85' lang='lat' dir='ltr'><strong>Patris,</strong></span> <span class='ocrx_word' id='word_1_66' title='bbox 3364 749 3414 794; x_wconf 89' lang='lat' dir='ltr'><strong>et</strong></span> <span class='ocrx_word' id='word_1_67' title='bbox 3439 738 3591 802; x_wconf 82' lang='lat' dir='ltr'><strong>Filii,</strong></span> <span class='ocrx_word' id='word_1_68' title='bbox 3631 746 3703 792; x_wconf 83' lang='lat' dir='ltr'><strong>et.</strong></span> 
     </span>
    </p>
   </div>
   <div class='ocr_carea' id='block_1_12' title="bbox 443 819 2856 900">
    <p class='ocr_par' dir='ltr' id='par_1_12' title="bbox 443 819 2856 900">
     <span class='ocr_line' id='line_1_12' title="bbox 443 819 2856 900; baseline 0.004 -28"><span class='ocrx_word' id='word_1_69' title='bbox 443 819 593 874; x_wconf 83' lang='lat' dir='ltr'><strong>Unde</strong></span> <span class='ocrx_word' id='word_1_70' title='bbox 622 830 830 888; x_wconf 89' lang='lat' dir='ltr'><strong>oportet</strong></span> <span class='ocrx_word' id='word_1_71' title='bbox 871 822 1027 892; x_wconf 71' lang='grc'><strong>217</strong></span> <span class='ocrx_word' id='word_1_72' title='bbox 1070 839 1166 879; x_wconf 89' lang='lat' dir='ltr'><strong>nos</strong></span> <span class='ocrx_word' id='word_1_73' title='bbox 1216 840 1398 878; x_wconf 81' lang='lat' dir='ltr'><strong>rursus</strong></span> <span class='ocrx_word' id='word_1_74' title='bbox 1438 824 1504 878; x_wconf 89' lang='lat' dir='ltr'><strong>ad</strong></span> <span class='ocrx_word' id='word_1_75' title='bbox 1545 824 1818 900; x_wconf 82' lang='lat' dir='ltr'><strong>superiora</strong></span> <span class='ocrx_word' id='word_1_76' title='bbox 1858 825 1995 879; x_wconf 82' lang='lat' dir='ltr'><strong>dicta</strong></span> <span class='ocrx_word' id='word_1_77' title='bbox 2097 829 2330 899; x_wconf 87' lang='lat' dir='ltr'><strong>Spiritus</strong></span> <span class='ocrx_word' id='word_1_78' title='bbox 2360 830 2530 884; x_wconf 83' lang='lat' dir='ltr'><strong>sancti</strong></span> <span class='ocrx_word' id='word_1_79' title='bbox 2562 829 2856 884; x_wconf 75' lang='lat' dir='ltr'><strong>divinitas?</strong></span> 
     </span>
    </p>
   </div>
   <div class='ocr_carea' id='block_1_13' title="bbox 440 915 1996 982">
    <p class='ocr_par' dir='ltr' id='par_1_13' title="bbox 440 915 1996 982">
     <span class='ocr_line' id='line_1_13' title="bbox 440 915 1996 982; baseline 0.006 -19"><span class='ocrx_word' id='word_1_80' title='bbox 440 927 747 975; x_wconf 83' lang='lat' dir='ltr'><strong>recurrere,</strong></span> <span class='ocrx_word' id='word_1_81' title='bbox 777 915 822 967; x_wconf 90' lang='lat' dir='ltr'><strong>si</strong></span> <span class='ocrx_word' id='word_1_82' title='bbox 855 926 1027 982; x_wconf 76' lang='lat' dir='ltr'><strong>potest</strong></span> <span class='ocrx_word' id='word_1_83' title='bbox 1055 917 1106 970; x_wconf 93' lang='lat' dir='ltr'><strong>in</strong></span> <span class='ocrx_word' id='word_1_84' title='bbox 1141 917 1287 969; x_wconf 72' lang='lat' dir='ltr'><strong>uni‘to</strong></span> <span class='ocrx_word' id='word_1_85' title='bbox 1315 919 1525 972; x_wconf 89' lang='lat' dir='ltr'><strong>nomine</strong></span> <span class='ocrx_word' id='word_1_86' title='bbox 1566 925 1769 972; x_wconf 73' lang='lat' dir='ltr'><strong>natum</strong></span> <span class='ocrx_word' id='word_1_87' title='bbox 1798 918 1996 974; x_wconf 90' lang='lat' dir='ltr'><strong>divini-</strong></span> 
     </span>
    </p>
   </div>
   <div class='ocr_carea' id='block_1_14' title="bbox 443 1001 2000 1075">
    <p class='ocr_par' dir='ltr' id='par_1_14' title="bbox 443 1001 2000 1075">
     <span class='ocr_line' id='line_1_14' title="bbox 443 1001 2000 1075; baseline 0.008 -23"><span class='ocrx_word' id='word_1_88' title='bbox 443 1001 565 1055; x_wconf 88' lang='lat' dir='ltr'><strong>tatis</strong></span> <span class='ocrx_word' id='word_1_89' title='bbox 589 1003 671 1056; x_wconf 84' lang='lat' dir='ltr'><strong>vel</strong></span> <span class='ocrx_word' id='word_1_90' title='bbox 699 1003 974 1059; x_wconf 86' lang='lat' dir='ltr'><strong>Trinitatis</strong></span> <span class='ocrx_word' id='word_1_91' title='bbox 999 1005 1200 1072; x_wconf 78' lang='lat' dir='ltr'><strong>aliquid</strong></span> <span class='ocrx_word' id='word_1_92' title='bbox 1230 1008 1514 1075; x_wconf 88' lang='lat' dir='ltr'><strong>superaddi</strong></span> <span class='ocrx_word' id='word_1_93' title='bbox 1547 1007 1631 1064; x_wconf 89' lang='lat' dir='ltr'><strong>vel</strong></span> <span class='ocrx_word' id='word_1_94' title='bbox 1655 1009 1849 1065; x_wconf 79' lang='lat' dir='ltr'><strong>minui.</strong></span> <span class='ocrx_word' id='word_1_95' title='bbox 1867 1008 2000 1064; x_wconf 81' lang='lat' dir='ltr'><strong>Res-</strong></span> 
     </span>
    </p>
   </div>
   <div class='ocr_carea' id='block_1_15' title="bbox 443 1079 2000 1158">
    <p class='ocr_par' dir='ltr' id='par_1_15' title="bbox 443 1079 2000 1158">
     <span class='ocr_line' id='line_1_15' title="bbox 443 1079 2000 1158; baseline 0.007 -16"><span class='ocrx_word' id='word_1_96' title='bbox 443 1094 616 1158; x_wconf 86' lang='lat' dir='ltr'><strong>ponde</strong></span> <span class='ocrx_word' id='word_1_97' title='bbox 665 1093 818 1148; x_wconf 89' lang='lat' dir='ltr'><strong>mihi.</strong></span> <span class='ocrx_word' id='word_1_98' title='bbox 845 1079 918 1149; x_wconf 72' lang='grc' dir='ltr'><strong>ΔΙιι</strong></span> <span class='ocrx_word' id='word_1_99' title='bbox 950 1096 1050 1150; x_wconf 88' lang='lat' dir='ltr'><strong>hoc</strong></span> <span class='ocrx_word' id='word_1_100' title='bbox 1084 1096 1204 1150; x_wconf 91' lang='lat' dir='ltr'><strong>loco</strong></span> <span class='ocrx_word' id='word_1_101' title='bbox 1238 1112 1423 1153; x_wconf 88' lang='lat' dir='ltr'><strong>omnes</strong></span> <span class='ocrx_word' id='word_1_102' title='bbox 1463 1098 1696 1154; x_wconf 65' lang='lat' dir='ltr'><strong>confuse</strong></span> <span class='ocrx_word' id='word_1_103' title='bbox 1727 1109 1849 1153; x_wconf 90' lang='lat' dir='ltr'><strong>sunt</strong></span> <span class='ocrx_word' id='word_1_104' title='bbox 1875 1113 2000 1154; x_wconf 88' lang='lat' dir='ltr'><strong>sen-</strong></span> 
     </span>
    </p>
   </div>
   <div class='ocr_carea' id='block_1_16' title="bbox 2096 918 3700 997">
    <p class='ocr_par' dir='ltr' id='par_1_16' title="bbox 2096 918 3700 997">
     <span class='ocr_line' id='line_1_16' title="bbox 2096 918 3700 997; baseline -0.001 -24"><span class='ocrx_word' id='word_1_105' title='bbox 2096 991 2103 997; x_wconf 30' lang='lat'><strong>&#39;</strong></span> <span class='ocrx_word' id='word_1_106' title='bbox 2173 918 2535 990; x_wconf 84' lang='lat' dir='ltr'><strong>Interrogatio.</strong></span> <span class='ocrx_word' id='word_1_107' title='bbox 2553 919 2688 985; x_wconf 88' lang='lat' dir='ltr'><strong>Quid</strong></span> <span class='ocrx_word' id='word_1_108' title='bbox 2738 919 3053 988; x_wconf 78' lang='lat' dir='ltr'><strong>intelligitur</strong></span> <span class='ocrx_word' id='word_1_109' title='bbox 3084 921 3135 974; x_wconf 94' lang='lat' dir='ltr'><strong>in</strong></span> <span class='ocrx_word' id='word_1_110' title='bbox 3167 920 3268 976; x_wconf 85' lang='lat' dir='ltr'><strong>hoc</strong></span> <span class='ocrx_word' id='word_1_111' title='bbox 3294 921 3408 974; x_wconf 74' lang='lat' dir='ltr'><strong>loco</strong></span> <span class='ocrx_word' id='word_1_112' title='bbox 3435 928 3642 974; x_wconf 76' lang='lat' dir='ltr'><strong>natura</strong></span> <span class='ocrx_word' id='word_1_113' title='bbox 3669 918 3700 971; x_wconf 73' lang='grc' dir='ltr'><strong><em>τ</em></strong></span> 
     </span>
    </p>
   </div>
   <div class='ocr_carea' id='block_1_17' title="bbox 2171 1008 3701 1081">
    <p class='ocr_par' dir='ltr' id='par_1_17' title="bbox 2171 1008 3701 1081">
     <span class='ocr_line' id='line_1_17' title="bbox 2171 1008 3701 1081; baseline -0.003 -16"><span class='ocrx_word' id='word_1_114' title='bbox 2171 1008 2471 1081; x_wconf 73' lang='lat' dir='ltr'><strong>Responsio.</strong></span> <span class='ocrx_word' id='word_1_115' title='bbox 2515 1009 2625 1064; x_wconf 85' lang='lat' dir='ltr'><strong>lloc</strong></span> <span class='ocrx_word' id='word_1_116' title='bbox 2651 1009 2790 1078; x_wconf 90' lang='lat' dir='ltr'><strong>quod</strong></span> <span class='ocrx_word' id='word_1_117' title='bbox 2820 1011 3050 1064; x_wconf 86' lang='lat' dir='ltr'><strong>sentitur</strong></span> <span class='ocrx_word' id='word_1_118' title='bbox 3069 1009 3286 1075; x_wconf 85' lang='lat' dir='ltr'><strong>veritas,</strong></span> <span class='ocrx_word' id='word_1_119' title='bbox 3312 1024 3374 1063; x_wconf 88' lang='lat' dir='ltr'><strong>ac</strong></span> <span class='ocrx_word' id='word_1_120' title='bbox 3411 1008 3701 1070; x_wconf 77' lang='lat' dir='ltr'><strong>dealitas.</strong></span> 
     </span>
    </p>
   </div>
   <div class='ocr_carea' id='block_1_18' title="bbox 2101 1098 3693 1168">
    <p class='ocr_par' dir='ltr' id='par_1_18' title="bbox 2101 1098 3693 1168">
     <span class='ocr_line' id='line_1_18' title="bbox 2101 1098 3693 1168; baseline -0.005 -11"><span class='ocrx_word' id='word_1_121' title='bbox 2101 1102 2214 1157; x_wconf 82' lang='lat' dir='ltr'><strong>sive</strong></span> <span class='ocrx_word' id='word_1_122' title='bbox 2237 1099 2528 1156; x_wconf 84' lang='lat' dir='ltr'><strong>substantia</strong></span> <span class='ocrx_word' id='word_1_123' title='bbox 2549 1139 2566 1165; x_wconf 92' lang='lat'><strong>,</strong></span> <span class='ocrx_word' id='word_1_124' title='bbox 2610 1098 2678 1154; x_wconf 90' lang='lat' dir='ltr'><strong>de</strong></span> <span class='ocrx_word' id='word_1_125' title='bbox 2702 1114 2804 1168; x_wconf 77' lang='lat' dir='ltr'><strong>qua</strong></span> <span class='ocrx_word' id='word_1_126' title='bbox 2830 1098 2997 1152; x_wconf 70' lang='lat' dir='ltr'><strong>Graeci</strong></span> <span class='ocrx_word' id='word_1_127' title='bbox 3025 1099 3208 1153; x_wconf 87' lang='lat' dir='ltr'><strong>dicunt</strong></span> <span class='ocrx_word' id='word_1_128' title='bbox 3236 1100 3354 1155; x_wconf 83' lang='lat' dir='ltr'><strong>usia</strong></span> <span class='ocrx_word' id='word_1_129' title='bbox 3375 1141 3392 1166; x_wconf 91' lang='lat'><strong>,</strong></span> <span class='ocrx_word' id='word_1_130' title='bbox 3435 1113 3556 1168; x_wconf 72' lang='lat' dir='ltr'><strong>qua:</strong></span> <span class='ocrx_word' id='word_1_131' title='bbox 3590 1105 3693 1152; x_wconf 80' lang='lat' dir='ltr'><strong>est</strong></span> 
     </span>
    </p>
   </div>
   <div class='ocr_carea' id='block_1_19' title="bbox 446 1184 3208 1257">
    <p class='ocr_par' dir='ltr' id='par_1_19' title="bbox 446 1184 3208 1257">
     <span class='ocr_line' id='line_1_19' title="bbox 446 1184 3208 1257; baseline 0.003 -23"><span class='ocrx_word' id='word_1_132' title='bbox 446 1185 625 1238; x_wconf 68' lang='lat' dir='ltr'><strong>tentia:</strong></span> <span class='ocrx_word' id='word_1_133' title='bbox 648 1184 1036 1239; x_wconf 66' lang='lat' dir='ltr'><strong>haereticorum.</strong></span> <span class='ocrx_word' id='word_1_134' title='bbox 1070 1187 1334 1241; x_wconf 56' lang='lat' dir='ltr'><strong>Praeterea</strong></span> <span class='ocrx_word' id='word_1_135' title='bbox 1363 1190 1453 1242; x_wconf 86' lang='lat' dir='ltr'><strong>ubi</strong></span> <span class='ocrx_word' id='word_1_136' title='bbox 1488 1189 1664 1243; x_wconf 90' lang='lat' dir='ltr'><strong>nullus</strong></span> <span class='ocrx_word' id='word_1_137' title='bbox 1691 1203 1788 1242; x_wconf 89' lang='lat' dir='ltr'><strong>nec</strong></span> <span class='ocrx_word' id='word_1_138' title='bbox 1815 1201 2003 1242; x_wconf 83' lang='lat' dir='ltr'><strong>nume-</strong></span> <span class='ocrx_word' id='word_1_139' title='bbox 2103 1191 2381 1246; x_wconf 79' lang='lat' dir='ltr'><strong>manifeste</strong></span> <span class='ocrx_word' id='word_1_140' title='bbox 2414 1189 2557 1243; x_wconf 81' lang='lat' dir='ltr'><strong>unita</strong></span> <span class='ocrx_word' id='word_1_141' title='bbox 2590 1187 2863 1257; x_wconf 83' lang='lat' dir='ltr'><strong>plenitudo</strong></span> <span class='ocrx_word' id='word_1_142' title='bbox 2893 1187 3208 1243; x_wconf 80' lang='lat' dir='ltr'><strong>divinitatis.</strong></span> 
     </span>
    </p>
   </div>
   <div class='ocr_carea' id='block_1_20' title="bbox 448 1270 2004 1348">
    <p class='ocr_par' dir='ltr' id='par_1_20' title="bbox 448 1270 2004 1348">
     <span class='ocr_line' id='line_1_20' title="bbox 448 1270 2004 1348; baseline 0.006 -24"><span class='ocrx_word' id='word_1_143' title='bbox 448 1287 559 1338; x_wconf 89' lang='lat' dir='ltr'><strong>rus,</strong></span> <span class='ocrx_word' id='word_1_144' title='bbox 591 1273 682 1326; x_wconf 84' lang='lat' dir='ltr'><strong>sed</strong></span> <span class='ocrx_word' id='word_1_145' title='bbox 715 1289 812 1328; x_wconf 91' lang='lat' dir='ltr'><strong>nec</strong></span> <span class='ocrx_word' id='word_1_146' title='bbox 855 1275 1027 1344; x_wconf 90' lang='lat' dir='ltr'><strong>aliqua</strong></span> <span class='ocrx_word' id='word_1_147' title='bbox 1058 1270 1354 1331; x_wconf 72' lang='lat' dir='ltr'><strong>diﬁcrentia</strong></span> <span class='ocrx_word' id='word_1_148' title='bbox 1396 1279 1449 1332; x_wconf 93' lang='lat' dir='ltr'><strong>in</strong></span> <span class='ocrx_word' id='word_1_149' title='bbox 1478 1281 1622 1332; x_wconf 87' lang='lat' dir='ltr'><strong>unita</strong></span> <span class='ocrx_word' id='word_1_150' title='bbox 1673 1278 2004 1348; x_wconf 88' lang='lat' dir='ltr'><strong>plenitudine</strong></span> 
     </span>
    </p>
   </div>
   <div class='ocr_carea' id='block_1_21' title="bbox 449 1361 2000 1438">
    <p class='ocr_par' dir='ltr' id='par_1_21' title="bbox 449 1361 2000 1438">
     <span class='ocr_line' id='line_1_21' title="bbox 449 1361 2000 1438; baseline 0.008 -28"><span class='ocrx_word' id='word_1_151' title='bbox 449 1361 679 1423; x_wconf 83' lang='lat' dir='ltr'><strong>iteitatis,</strong></span> <span class='ocrx_word' id='word_1_152' title='bbox 714 1362 887 1417; x_wconf 84' lang='lat' dir='ltr'><strong>Patris</strong></span> <span class='ocrx_word' id='word_1_153' title='bbox 913 1374 968 1419; x_wconf 91' lang='lat' dir='ltr'><strong>et</strong></span> <span class='ocrx_word' id='word_1_154' title='bbox 999 1365 1117 1420; x_wconf 84' lang='lat' dir='ltr'><strong>Filii</strong></span> <span class='ocrx_word' id='word_1_155' title='bbox 1144 1378 1197 1421; x_wconf 91' lang='lat' dir='ltr'><strong>et</strong></span> <span class='ocrx_word' id='word_1_156' title='bbox 1237 1370 1406 1422; x_wconf 86' lang='lat' dir='ltr'><strong>sancti</strong></span> <span class='ocrx_word' id='word_1_157' title='bbox 1435 1369 1666 1438; x_wconf 88' lang='lat' dir='ltr'><strong>Spiritus</strong></span> <span class='ocrx_word' id='word_1_158' title='bbox 1696 1369 1961 1423; x_wconf 85' lang='lat' dir='ltr'><strong>invenitur</strong></span> <span class='ocrx_word' id='word_1_159' title='bbox 1983 1407 2000 1434; x_wconf 91' lang='lat'><strong>,</strong></span> 
     </span>
    </p>
   </div>
   <div class='ocr_carea' id='block_1_22' title="bbox 444 1453 1999 1522">
    <p class='ocr_par' dir='ltr' id='par_1_22' title="bbox 444 1453 1999 1522">
     <span class='ocr_line' id='line_1_22' title="bbox 444 1453 1999 1522; baseline 0.007 -21"><span class='ocrx_word' id='word_1_160' title='bbox 444 1453 568 1504; x_wconf 88' lang='lat' dir='ltr'><strong>dum</strong></span> <span class='ocrx_word' id='word_1_161' title='bbox 597 1466 729 1506; x_wconf 88' lang='lat' dir='ltr'><strong>unus</strong></span> <span class='ocrx_word' id='word_1_162' title='bbox 759 1454 810 1507; x_wconf 90' lang='lat' dir='ltr'><strong>in</strong></span> <span class='ocrx_word' id='word_1_163' title='bbox 837 1455 1057 1509; x_wconf 86' lang='lat' dir='ltr'><strong>alterius</strong></span> <span class='ocrx_word' id='word_1_164' title='bbox 1087 1459 1298 1511; x_wconf 91' lang='lat' dir='ltr'><strong>nomine</strong></span> <span class='ocrx_word' id='word_1_165' title='bbox 1323 1457 1572 1513; x_wconf 85' lang='lat' dir='ltr'><strong>distincte</strong></span> <span class='ocrx_word' id='word_1_166' title='bbox 1601 1458 1656 1513; x_wconf 92' lang='lat' dir='ltr'><strong>in</strong></span> <span class='ocrx_word' id='word_1_167' title='bbox 1682 1458 1960 1513; x_wconf 83' lang='lat' dir='ltr'><strong>divinitate</strong></span> <span class='ocrx_word' id='word_1_168' title='bbox 1983 1495 1999 1522; x_wconf 85' lang='lat'><strong>,</strong></span> 
     </span>
    </p>
   </div>
   <div class='ocr_carea' id='block_1_23' title="bbox 446 1545 1262 1600">
    <p class='ocr_par' dir='ltr' id='par_1_23' title="bbox 446 1545 1262 1600">
     <span class='ocr_line' id='line_1_23' title="bbox 446 1545 1262 1600; baseline 0.007 -6"><span class='ocrx_word' id='word_1_169' title='bbox 446 1549 499 1594; x_wconf 88' lang='lat' dir='ltr'><strong>et</strong></span> <span class='ocrx_word' id='word_1_170' title='bbox 522 1550 698 1596; x_wconf 91' lang='lat' dir='ltr'><strong>tamen</strong></span> <span class='ocrx_word' id='word_1_171' title='bbox 731 1545 906 1597; x_wconf 88' lang='lat' dir='ltr'><strong>uniter</strong></span> <span class='ocrx_word' id='word_1_172' title='bbox 945 1547 1262 1600; x_wconf 81' lang='lat' dir='ltr'><strong>continetur.</strong></span> 
     </span>
    </p>
   </div>
   <div class='ocr_carea' id='block_1_24' title="bbox 516 1631 2004 1708">
    <p class='ocr_par' dir='ltr' id='par_1_24' title="bbox 516 1631 2004 1708">
     <span class='ocr_line' id='line_1_24' title="bbox 516 1631 2004 1708; baseline 0.005 -24"><span class='ocrx_word' id='word_1_173' title='bbox 516 1631 872 1704; x_wconf 86' lang='lat' dir='ltr'><strong>Interrogatio.</strong></span> <span class='ocrx_word' id='word_1_174' title='bbox 903 1637 1076 1691; x_wconf 87' lang='lat' dir='ltr'><strong>Pande</strong></span> <span class='ocrx_word' id='word_1_175' title='bbox 1097 1637 1273 1707; x_wconf 87' lang='lat' dir='ltr'><strong>itaque</strong></span> <span class='ocrx_word' id='word_1_176' title='bbox 1293 1639 1419 1692; x_wconf 84' lang='lat' dir='ltr'><strong>milii</strong></span> <span class='ocrx_word' id='word_1_177' title='bbox 1433 1640 1699 1708; x_wconf 90' lang='lat' dir='ltr'><strong>quomodo</strong></span> <span class='ocrx_word' id='word_1_178' title='bbox 1717 1648 1825 1696; x_wconf 86' lang='lat' dir='ltr'><strong>tres</strong></span> <span class='ocrx_word' id='word_1_179' title='bbox 1843 1654 2004 1694; x_wconf 91' lang='lat' dir='ltr'><strong>unum</strong></span> 
     </span>
    </p>
   </div>
   <div class='ocr_carea' id='block_1_25' title="bbox 448 1732 1204 1789">
    <p class='ocr_par' dir='ltr' id='par_1_25' title="bbox 448 1732 1204 1789">
     <span class='ocr_line' id='line_1_25' title="bbox 448 1732 1204 1789; baseline 0.007 -12"><span class='ocrx_word' id='word_1_180' title='bbox 448 1732 595 1789; x_wconf 89' lang='lat' dir='ltr'><strong>sunt,</strong></span> <span class='ocrx_word' id='word_1_181' title='bbox 622 1735 712 1779; x_wconf 89' lang='lat' dir='ltr'><strong>aut</strong></span> <span class='ocrx_word' id='word_1_182' title='bbox 739 1742 895 1780; x_wconf 90' lang='lat' dir='ltr'><strong>unum</strong></span> <span class='ocrx_word' id='word_1_183' title='bbox 925 1735 1032 1780; x_wconf 88' lang='lat' dir='ltr'><strong>tres</strong></span> <span class='ocrx_word' id='word_1_184' title='bbox 1059 1739 1204 1783; x_wconf 87' lang='lat' dir='ltr'><strong>sunt.</strong></span> 
     </span>
    </p>
   </div>
   <div class='ocr_carea' id='block_1_26' title="bbox 514 1812 2008 1890">
    <p class='ocr_par' dir='ltr' id='par_1_26' title="bbox 514 1812 2008 1890">
     <span class='ocr_line' id='line_1_26' title="bbox 514 1812 2008 1890; baseline 0.005 -25"><span class='ocrx_word' id='word_1_185' title='bbox 514 1812 815 1882; x_wconf 80' lang='lat' dir='ltr'><strong>Responsio.</strong></span> <span class='ocrx_word' id='word_1_186' title='bbox 839 1815 1103 1872; x_wconf 79' lang='lat' dir='ltr'><strong>Memento</strong></span> <span class='ocrx_word' id='word_1_187' title='bbox 1140 1819 1261 1889; x_wconf 89' lang='lat' dir='ltr'><strong>quia</strong></span> <span class='ocrx_word' id='word_1_188' title='bbox 1293 1820 1473 1888; x_wconf 88' lang='lat' dir='ltr'><strong>Pater,</strong></span> <span class='ocrx_word' id='word_1_189' title='bbox 1504 1833 1552 1877; x_wconf 89' lang='lat' dir='ltr'><strong>et</strong></span> <span class='ocrx_word' id='word_1_190' title='bbox 1583 1821 1771 1887; x_wconf 86' lang='lat' dir='ltr'><strong>Filius,</strong></span> <span class='ocrx_word' id='word_1_191' title='bbox 1807 1831 1862 1878; x_wconf 86' lang='lat' dir='ltr'><strong>et</strong></span> <span class='ocrx_word' id='word_1_192' title='bbox 1888 1821 2008 1890; x_wconf 88' lang='lat' dir='ltr'><strong>Spi-</strong></span> 
     </span>
    </p>
   </div>
   <div class='ocr_carea' id='block_1_27' title="bbox 447 1901 2008 1978">
    <p class='ocr_par' dir='ltr' id='par_1_27' title="bbox 447 1901 2008 1978">
     <span class='ocr_line' id='line_1_27' title="bbox 447 1901 2008 1978; baseline 0.007 -24"><span class='ocrx_word' id='word_1_193' title='bbox 447 1901 577 1956; x_wconf 89' lang='lat' dir='ltr'><strong>ritus</strong></span> <span class='ocrx_word' id='word_1_194' title='bbox 608 1913 821 1969; x_wconf 67' lang='lat' dir='ltr'><strong>sanctus</strong></span> <span class='ocrx_word' id='word_1_195' title='bbox 864 1916 969 1960; x_wconf 91' lang='lat' dir='ltr'><strong>tres</strong></span> <span class='ocrx_word' id='word_1_196' title='bbox 991 1917 1109 1961; x_wconf 89' lang='lat' dir='ltr'><strong>sunt</strong></span> <span class='ocrx_word' id='word_1_197' title='bbox 1136 1951 1151 1973; x_wconf 91' lang='lat'><strong>,</strong></span> <span class='ocrx_word' id='word_1_198' title='bbox 1177 1911 1263 1978; x_wconf 90' lang='lat' dir='ltr'><strong>qtti</strong></span> <span class='ocrx_word' id='word_1_199' title='bbox 1295 1910 1346 1963; x_wconf 92' lang='lat' dir='ltr'><strong>in</strong></span> <span class='ocrx_word' id='word_1_200' title='bbox 1377 1927 1480 1964; x_wconf 91' lang='lat' dir='ltr'><strong>una</strong></span> <span class='ocrx_word' id='word_1_201' title='bbox 1512 1921 1700 1966; x_wconf 87' lang='lat' dir='ltr'><strong>natura</strong></span> <span class='ocrx_word' id='word_1_202' title='bbox 1732 1909 2008 1965; x_wconf 81' lang='lat' dir='ltr'><strong>Trinitatis</strong></span> 
     </span>
    </p>
   </div>
   <div class='ocr_carea' id='block_1_28' title="bbox 447 1991 1898 2065">
    <p class='ocr_par' dir='ltr' id='par_1_28' title="bbox 447 1991 1898 2065">
     <span class='ocr_line' id='line_1_28' title="bbox 447 1991 1898 2065; baseline 0.008 -22"><span class='ocrx_word' id='word_1_203' title='bbox 447 1991 765 2047; x_wconf 79' lang='lat' dir='ltr'><strong>consistunt.</strong></span> <span class='ocrx_word' id='word_1_204' title='bbox 792 1993 916 2049; x_wconf 88' lang='lat' dir='ltr'><strong>Ideo</strong></span> <span class='ocrx_word' id='word_1_205' title='bbox 946 2005 1052 2050; x_wconf 86' lang='lat' dir='ltr'><strong>tres</strong></span> <span class='ocrx_word' id='word_1_206' title='bbox 1081 2014 1241 2052; x_wconf 91' lang='lat' dir='ltr'><strong>unum</strong></span> <span class='ocrx_word' id='word_1_207' title='bbox 1263 2009 1407 2065; x_wconf 88' lang='lat' dir='ltr'><strong>sunt,</strong></span> <span class='ocrx_word' id='word_1_208' title='bbox 1437 2001 1551 2054; x_wconf 87' lang='lat' dir='ltr'><strong>sive</strong></span> <span class='ocrx_word' id='word_1_209' title='bbox 1577 2015 1740 2054; x_wconf 91' lang='lat' dir='ltr'><strong>unum</strong></span> <span class='ocrx_word' id='word_1_210' title='bbox 1772 2009 1898 2065; x_wconf 80' lang='lat' dir='ltr'><strong>tres.</strong></span> 
     </span>
    </p>
   </div>
   <div class='ocr_carea' id='block_1_29' title="bbox 515 2076 2005 2156">
    <p class='ocr_par' dir='ltr' id='par_1_29' title="bbox 515 2076 2005 2156">
     <span class='ocr_line' id='line_1_29' title="bbox 515 2076 2005 2156; baseline 0.009 -26"><span class='ocrx_word' id='word_1_211' title='bbox 515 2076 876 2152; x_wconf 81' lang='lat' dir='ltr'><strong>Interrogatio.</strong></span> <span class='ocrx_word' id='word_1_212' title='bbox 909 2083 1167 2141; x_wconf 84' lang='lat' dir='ltr'><strong>Nimirum</strong></span> <span class='ocrx_word' id='word_1_213' title='bbox 1193 2087 1358 2142; x_wconf 87' lang='lat' dir='ltr'><strong>divisa</strong></span> <span class='ocrx_word' id='word_1_214' title='bbox 1387 2098 1471 2144; x_wconf 88' lang='lat' dir='ltr'><strong>est</strong></span> <span class='ocrx_word' id='word_1_215' title='bbox 1497 2089 1611 2144; x_wconf 69' lang='lat' dir='ltr'><strong>haec</strong></span> <span class='ocrx_word' id='word_1_216' title='bbox 1638 2089 1874 2143; x_wconf 85' lang='lat' dir='ltr'><strong>Trinitas</strong></span> <span class='ocrx_word' id='word_1_217' title='bbox 1892 2128 1908 2156; x_wconf 88' lang='lat'><strong>,</strong></span> <span class='ocrx_word' id='word_1_218' title='bbox 1938 2104 2005 2144; x_wconf 87' lang='lat' dir='ltr'><strong>an</strong></span> 
     </span>
    </p>
   </div>
   <div class='ocr_carea' id='block_1_30' title="bbox 448 2167 1098 2230">
    <p class='ocr_par' dir='ltr' id='par_1_30' title="bbox 448 2167 1098 2230">
     <span class='ocr_line' id='line_1_30' title="bbox 448 2167 1098 2230; baseline 0.014 -9"><span class='ocrx_word' id='word_1_219' title='bbox 448 2167 712 2224; x_wconf 81' lang='lat' dir='ltr'><strong>indivisa?</strong></span> <span class='ocrx_word' id='word_1_220' title='bbox 751 2173 914 2227; x_wconf 90' lang='lat' dir='ltr'><strong>dicito</strong></span> <span class='ocrx_word' id='word_1_221' title='bbox 947 2178 1098 2230; x_wconf 86' lang='lat' dir='ltr'><strong>mihi.</strong></span> 
     </span>
    </p>
   </div>
   <div class='ocr_carea' id='block_1_31' title="bbox 466 2261 1088 2284">
    <p class='ocr_par' dir='ltr' id='par_1_31' title="bbox 466 2261 1088 2284">
     <span class='ocr_line' id='line_1_31' title="bbox 466 2261 1088 2284; baseline 0.016 -10"><span class='ocrx_word' id='word_1_222' title='bbox 466 2261 1088 2284; x_wconf 67' lang='lat' dir='ltr'><strong>—-.o.—.-_-————-__</strong></span> 
     </span>
    </p>
   </div>
   <div class='ocr_carea' id='block_1_32' title="bbox 2174 1277 3238 1351">
    <p class='ocr_par' dir='ltr' id='par_1_32' title="bbox 2174 1277 3238 1351">
     <span class='ocr_line' id='line_1_32' title="bbox 2174 1277 3238 1351; baseline -0.004 -17"><span class='ocrx_word' id='word_1_223' title='bbox 2174 1279 2535 1351; x_wconf 86' lang='lat' dir='ltr'><strong>Interrogatio.</strong></span> <span class='ocrx_word' id='word_1_224' title='bbox 2567 1277 2700 1342; x_wconf 85' lang='lat' dir='ltr'><strong>Quid</strong></span> <span class='ocrx_word' id='word_1_225' title='bbox 2732 1287 2812 1332; x_wconf 78' lang='lat' dir='ltr'><strong>est</strong></span> <span class='ocrx_word' id='word_1_226' title='bbox 2833 1289 2940 1332; x_wconf 84' lang='lat' dir='ltr'><strong>una</strong></span> <span class='ocrx_word' id='word_1_227' title='bbox 2964 1277 3238 1331; x_wconf 73' lang='lat' dir='ltr'><strong>Trinitas?</strong></span> 
     </span>
    </p>
   </div>
   <div class='ocr_carea' id='block_1_33' title="bbox 2177 1367 3695 1437">
    <p class='ocr_par' dir='ltr' id='par_1_33' title="bbox 2177 1367 3695 1437">
     <span class='ocr_line' id='line_1_33' title="bbox 2177 1367 3695 1437; baseline -0.003 -12"><span class='ocrx_word' id='word_1_228' title='bbox 2177 1369 2478 1437; x_wconf 84' lang='lat' dir='ltr'><strong>Responsio.</strong></span> <span class='ocrx_word' id='word_1_229' title='bbox 2521 1367 2711 1437; x_wconf 87' lang='lat' dir='ltr'><strong>Utique</strong></span> <span class='ocrx_word' id='word_1_230' title='bbox 2735 1367 2858 1433; x_wconf 89' lang='lat' dir='ltr'><strong>quia</strong></span> <span class='ocrx_word' id='word_1_231' title='bbox 2891 1381 2992 1420; x_wconf 89' lang='lat' dir='ltr'><strong>una</strong></span> <span class='ocrx_word' id='word_1_232' title='bbox 3037 1375 3120 1421; x_wconf 83' lang='lat' dir='ltr'><strong>est</strong></span> <span class='ocrx_word' id='word_1_233' title='bbox 3158 1367 3208 1421; x_wconf 91' lang='lat' dir='ltr'><strong>in</strong></span> <span class='ocrx_word' id='word_1_234' title='bbox 3262 1367 3378 1437; x_wconf 84' lang='lat' dir='ltr'><strong>ipsa</strong></span> <span class='ocrx_word' id='word_1_235' title='bbox 3402 1367 3695 1421; x_wconf 80' lang='lat' dir='ltr'><strong>Trinitatc</strong></span> 
     </span>
    </p>
   </div>
   <div class='ocr_carea' id='block_1_34' title="bbox 2105 1457 3693 1529">
    <p class='ocr_par' dir='ltr' id='par_1_34' title="bbox 2105 1457 3693 1529">
     <span class='ocr_line' id='line_1_34' title="bbox 2105 1457 3693 1529; baseline -0.003 -15"><span class='ocrx_word' id='word_1_236' title='bbox 2105 1459 2380 1529; x_wconf 81' lang='lat' dir='ltr'><strong>plenitudo</strong></span> <span class='ocrx_word' id='word_1_237' title='bbox 2409 1457 2737 1522; x_wconf 83' lang='lat' dir='ltr'><strong>divinitatis;</strong></span> <span class='ocrx_word' id='word_1_238' title='bbox 2770 1457 2840 1510; x_wconf 88' lang='lat' dir='ltr'><strong>ita</strong></span> <span class='ocrx_word' id='word_1_239' title='bbox 2865 1465 2923 1510; x_wconf 91' lang='lat' dir='ltr'><strong>et</strong></span> <span class='ocrx_word' id='word_1_240' title='bbox 2961 1457 3182 1512; x_wconf 84' lang='lat' dir='ltr'><strong>unitatis</strong></span> <span class='ocrx_word' id='word_1_241' title='bbox 3222 1468 3422 1512; x_wconf 67' lang='lat' dir='ltr'><strong>naturae</strong></span> <span class='ocrx_word' id='word_1_242' title='bbox 3471 1473 3693 1511; x_wconf 84' lang='lat' dir='ltr'><strong>nomen</strong></span> 
     </span>
    </p>
   </div>
   <div class='ocr_carea' id='block_1_35' title="bbox 2107 1549 3689 1618">
    <p class='ocr_par' dir='ltr' id='par_1_35' title="bbox 2107 1549 3689 1618">
     <span class='ocr_line' id='line_1_35' title="bbox 2107 1549 3689 1618; baseline -0.003 -12"><span class='ocrx_word' id='word_1_243' title='bbox 2107 1553 2282 1606; x_wconf 90' lang='lat' dir='ltr'><strong>uniter</strong></span> <span class='ocrx_word' id='word_1_244' title='bbox 2301 1552 2351 1604; x_wconf 92' lang='lat' dir='ltr'><strong>in</strong></span> <span class='ocrx_word' id='word_1_245' title='bbox 2377 1549 2639 1606; x_wconf 88' lang='lat' dir='ltr'><strong>Trinitate</strong></span> <span class='ocrx_word' id='word_1_246' title='bbox 2665 1549 2962 1604; x_wconf 89' lang='lat' dir='ltr'><strong>consistere</strong></span> <span class='ocrx_word' id='word_1_247' title='bbox 2982 1549 3302 1613; x_wconf 88' lang='lat' dir='ltr'><strong>declaratur,</strong></span> <span class='ocrx_word' id='word_1_248' title='bbox 3330 1560 3384 1604; x_wconf 91' lang='lat' dir='ltr'><strong>et</strong></span> <span class='ocrx_word' id='word_1_249' title='bbox 3404 1551 3515 1618; x_wconf 88' lang='lat' dir='ltr'><strong>ipsa</strong></span> <span class='ocrx_word' id='word_1_250' title='bbox 3546 1549 3689 1602; x_wconf 82' lang='lat' dir='ltr'><strong>Tri-</strong></span> 
     </span>
    </p>
   </div>
   <div class='ocr_carea' id='block_1_36' title="bbox 2109 1639 3692 1708">
    <p class='ocr_par' dir='ltr' id='par_1_36' title="bbox 2109 1639 3692 1708">
     <span class='ocr_line' id='line_1_36' title="bbox 2109 1639 3692 1708; baseline -0.003 -13"><span class='ocrx_word' id='word_1_251' title='bbox 2109 1641 2247 1695; x_wconf 89' lang='lat' dir='ltr'><strong>nitas</strong></span> <span class='ocrx_word' id='word_1_252' title='bbox 2285 1640 2508 1708; x_wconf 69' lang='lat' dir='ltr'><strong>aquue</strong></span> <span class='ocrx_word' id='word_1_253' title='bbox 2538 1654 2633 1707; x_wconf 88' lang='lat' dir='ltr'><strong>per</strong></span> <span class='ocrx_word' id='word_1_254' title='bbox 2655 1639 2862 1708; x_wconf 89' lang='lat' dir='ltr'><strong>singula</strong></span> <span class='ocrx_word' id='word_1_255' title='bbox 2907 1639 3115 1693; x_wconf 90' lang='lat' dir='ltr'><strong>nomina</strong></span> <span class='ocrx_word' id='word_1_256' title='bbox 3163 1654 3506 1708; x_wconf 89' lang='lat' dir='ltr'><strong>personarum</strong></span> <span class='ocrx_word' id='word_1_257' title='bbox 3552 1655 3692 1707; x_wconf 74' lang='lat' dir='ltr'><strong>pcr-</strong></span> 
     </span>
    </p>
   </div>
   <div class='ocr_carea' id='block_1_37' title="bbox 2036 1727 3692 1797">
    <p class='ocr_par' dir='ltr' id='par_1_37' title="bbox 2036 1727 3692 1797">
     <span class='ocr_line' id='line_1_37' title="bbox 2036 1727 3692 1797; baseline -0.001 -14"><span class='ocrx_word' id='word_1_258' title='bbox 2036 1733 2079 1791; x_wconf 84' lang='lat' dir='ltr'><strong>B</strong></span> <span class='ocrx_word' id='word_1_259' title='bbox 2110 1732 2241 1784; x_wconf 75' lang='lat' dir='ltr'><strong>recte</strong></span> <span class='ocrx_word' id='word_1_260' title='bbox 2263 1729 2682 1784; x_wconf 85' lang='lat' dir='ltr'><strong>demonstratur.</strong></span> <span class='ocrx_word' id='word_1_261' title='bbox 2703 1727 2934 1790; x_wconf 86' lang='lat' dir='ltr'><strong>Omnino</strong></span> <span class='ocrx_word' id='word_1_262' title='bbox 2959 1728 3044 1784; x_wconf 88' lang='lat' dir='ltr'><strong>hic</strong></span> <span class='ocrx_word' id='word_1_263' title='bbox 3067 1729 3173 1797; x_wconf 79' lang='lat' dir='ltr'><strong>jam</strong></span> <span class='ocrx_word' id='word_1_264' title='bbox 3199 1729 3426 1782; x_wconf 89' lang='lat' dir='ltr'><strong>breviter</strong></span> <span class='ocrx_word' id='word_1_265' title='bbox 3452 1740 3535 1782; x_wconf 89' lang='lat' dir='ltr'><strong>est</strong></span> <span class='ocrx_word' id='word_1_266' title='bbox 3559 1728 3692 1782; x_wconf 54' lang='lat' dir='ltr'><strong>dic-</strong></span> 
     </span>
    </p>
   </div>
   <div class='ocr_carea' id='block_1_38' title="bbox 2113 1817 3689 1886">
    <p class='ocr_par' dir='ltr' id='par_1_38' title="bbox 2113 1817 3689 1886">
     <span class='ocr_line' id='line_1_38' title="bbox 2113 1817 3689 1886; baseline -0.002 -13"><span class='ocrx_word' id='word_1_267' title='bbox 2113 1832 2243 1884; x_wconf 92' lang='lat' dir='ltr'><strong>tum,</strong></span> <span class='ocrx_word' id='word_1_268' title='bbox 2270 1817 2414 1886; x_wconf 88' lang='lat' dir='ltr'><strong>quod</strong></span> <span class='ocrx_word' id='word_1_269' title='bbox 2451 1817 2695 1884; x_wconf 84' lang='lat' dir='ltr'><strong>superius</strong></span> <span class='ocrx_word' id='word_1_270' title='bbox 2722 1833 2842 1872; x_wconf 90' lang='lat' dir='ltr'><strong>cum</strong></span> <span class='ocrx_word' id='word_1_271' title='bbox 2887 1819 3073 1886; x_wconf 89' lang='lat' dir='ltr'><strong>grandi</strong></span> <span class='ocrx_word' id='word_1_272' title='bbox 3119 1819 3322 1872; x_wconf 74' lang='lat' dir='ltr'><strong>cautela</strong></span> <span class='ocrx_word' id='word_1_273' title='bbox 3371 1817 3689 1872; x_wconf 85' lang='lat' dir='ltr'><strong>secundum</strong></span> 
     </span>
    </p>
   </div>
   <div class='ocr_carea' id='block_1_39' title="bbox 2112 1905 3688 1978">
    <p class='ocr_par' dir='ltr' id='par_1_39' title="bbox 2112 1905 3688 1978">
     <span class='ocr_line' id='line_1_39' title="bbox 2112 1905 3688 1978; baseline -0.003 -16"><span class='ocrx_word' id='word_1_274' title='bbox 2112 1909 2308 1978; x_wconf 84' lang='lat' dir='ltr'><strong>stylum</strong></span> <span class='ocrx_word' id='word_1_275' title='bbox 2335 1906 2624 1973; x_wconf 64' lang='lat' dir='ltr'><strong>Scriptura</strong></span> <span class='ocrx_word' id='word_1_276' title='bbox 2648 1905 2847 1974; x_wconf 65' lang='lat' dir='ltr'><strong>regula:</strong></span> <span class='ocrx_word' id='word_1_277' title='bbox 2872 1907 3150 1974; x_wconf 63' lang='lat' dir='ltr'><strong>catholica:</strong></span> <span class='ocrx_word' id='word_1_278' title='bbox 3170 1917 3251 1960; x_wconf 85' lang='lat' dir='ltr'><strong>est</strong></span> <span class='ocrx_word' id='word_1_279' title='bbox 3277 1907 3591 1970; x_wconf 89' lang='lat' dir='ltr'><strong>collectum,</strong></span> <span class='ocrx_word' id='word_1_280' title='bbox 3623 1915 3688 1958; x_wconf 88' lang='lat' dir='ltr'><strong>ut</strong></span> 
     </span>
    </p>
   </div>
   <div class='ocr_carea' id='block_1_40' title="bbox 2109 1993 3689 2063">
    <p class='ocr_par' dir='ltr' id='par_1_40' title="bbox 2109 1993 3689 2063">
     <span class='ocr_line' id='line_1_40' title="bbox 2109 1993 3689 2063; baseline -0.003 -13"><span class='ocrx_word' id='word_1_281' title='bbox 2109 1997 2247 2051; x_wconf 88' lang='lat' dir='ltr'><strong>sicut</strong></span> <span class='ocrx_word' id='word_1_282' title='bbox 2272 1997 2322 2047; x_wconf 92' lang='lat' dir='ltr'><strong>in</strong></span> <span class='ocrx_word' id='word_1_283' title='bbox 2350 1993 2624 2047; x_wconf 88' lang='lat' dir='ltr'><strong>divinitate</strong></span> <span class='ocrx_word' id='word_1_284' title='bbox 2667 1993 2939 2049; x_wconf 83' lang='lat' dir='ltr'><strong>conﬁteris</strong></span> <span class='ocrx_word' id='word_1_285' title='bbox 2969 2009 3088 2048; x_wconf 88' lang='lat' dir='ltr'><strong>esse</strong></span> <span class='ocrx_word' id='word_1_286' title='bbox 3117 1995 3357 2059; x_wconf 78' lang='lat' dir='ltr'><strong>Patrem,</strong></span> <span class='ocrx_word' id='word_1_287' title='bbox 3387 1995 3463 2048; x_wconf 88' lang='lat' dir='ltr'><strong>sic</strong></span> <span class='ocrx_word' id='word_1_288' title='bbox 3506 1995 3689 2063; x_wconf 78' lang='lat' dir='ltr'><strong>proﬂ-</strong></span> 
     </span>
    </p>
   </div>
   <div class='ocr_carea' id='block_1_41' title="bbox 2111 2082 3273 2150">
    <p class='ocr_par' dir='ltr' id='par_1_41' title="bbox 2111 2082 3273 2150">
     <span class='ocr_line' id='line_1_41' title="bbox 2111 2082 3273 2150; baseline -0.002 -11"><span class='ocrx_word' id='word_1_289' title='bbox 2111 2085 2272 2140; x_wconf 88' lang='lat' dir='ltr'><strong>tearis</strong></span> <span class='ocrx_word' id='word_1_290' title='bbox 2291 2097 2410 2138; x_wconf 86' lang='lat' dir='ltr'><strong>esse</strong></span> <span class='ocrx_word' id='word_1_291' title='bbox 2439 2082 2627 2137; x_wconf 84' lang='lat' dir='ltr'><strong>Filium</strong></span> <span class='ocrx_word' id='word_1_292' title='bbox 2651 2089 2704 2137; x_wconf 86' lang='lat' dir='ltr'><strong>et</strong></span> <span class='ocrx_word' id='word_1_293' title='bbox 2734 2082 2984 2150; x_wconf 83' lang='lat' dir='ltr'><strong>Spiritum</strong></span> <span class='ocrx_word' id='word_1_294' title='bbox 3013 2096 3273 2138; x_wconf 89' lang='lat' dir='ltr'><strong>sanctum.</strong></span> 
     </span>
    </p>
   </div>
   <div class='ocr_carea' id='block_1_42' title="bbox 1409 2326 2720 2440">
    <p class='ocr_par' dir='ltr' id='par_1_42' title="bbox 1409 2326 2720 2440">
     <span class='ocr_line' id='line_1_42' title="bbox 1409 2326 2720 2440; baseline -0.006 -1"><span class='ocrx_word' id='word_1_295' title='bbox 1409 2333 1884 2439; x_wconf 81' lang='lat' dir='ltr'><strong>LIBER</strong></span> <span class='ocrx_word' id='word_1_296' title='bbox 1964 2326 2290 2440; x_wconf 83' lang='lat' dir='ltr'><strong>TER</strong></span> <span class='ocrx_word' id='word_1_297' title='bbox 2316 2326 2496 2432; x_wconf 88' lang='lat' dir='ltr'><strong>TI</strong></span> <span class='ocrx_word' id='word_1_298' title='bbox 2504 2327 2676 2433; x_wconf 87' lang='lat' dir='ltr'><strong>US</strong></span> <span class='ocrx_word' id='word_1_299' title='bbox 2689 2404 2720 2431; x_wconf 91' lang='lat'><strong>.</strong></span> 
     </span>
    </p>
   </div>
   <div class='ocr_carea' id='block_1_43' title="bbox 1077 2483 3049 2568">
    <p class='ocr_par' dir='ltr' id='par_1_43' title="bbox 1077 2483 3049 2568">
     <span class='ocr_line' id='line_1_43' title="bbox 1077 2483 3049 2568; baseline -0.002 -21"><span class='ocrx_word' id='word_1_300' title='bbox 1077 2488 1162 2548; x_wconf 87' lang='lat' dir='ltr'><strong>De</strong></span> <span class='ocrx_word' id='word_1_301' title='bbox 1191 2491 1606 2568; x_wconf 73' lang='lat' dir='ltr'><strong>assumptione</strong></span> <span class='ocrx_word' id='word_1_302' title='bbox 1641 2490 1921 2557; x_wconf 77' lang='lat' dir='ltr'><strong>hominis,</strong></span> <span class='ocrx_word' id='word_1_303' title='bbox 1954 2495 2177 2549; x_wconf 82' lang='lat' dir='ltr'><strong>contra</strong></span> <span class='ocrx_word' id='word_1_304' title='bbox 2207 2484 2644 2546; x_wconf 75' lang='lat' dir='ltr'><strong>Marceltt&#39;num</strong></span> <span class='ocrx_word' id='word_1_305' title='bbox 2675 2483 3049 2546; x_wconf 66' lang='lat' dir='ltr'><strong>hareticum.</strong></span> 
     </span>
    </p>
   </div>
   <div class='ocr_carea' id='block_1_44' title="bbox 520 2609 2010 2679">
    <p class='ocr_par' dir='ltr' id='par_1_44' title="bbox 520 2609 2010 2679">
     <span class='ocr_line' id='line_1_44' title="bbox 520 2609 2010 2679; baseline -0.001 -14"><span class='ocrx_word' id='word_1_306' title='bbox 520 2610 682 2679; x_wconf 71' lang='lat'><strong>218</strong></span> <span class='ocrx_word' id='word_1_307' title='bbox 735 2609 1506 2677; x_wconf 76' lang='lat' dir='ltr'><strong>Hiereticus.Quemadmodum</strong></span> <span class='ocrx_word' id='word_1_308' title='bbox 1555 2611 1608 2665; x_wconf 91' lang='lat' dir='ltr'><strong>in</strong></span> <span class='ocrx_word' id='word_1_309' title='bbox 1661 2626 1764 2665; x_wconf 87' lang='lat' dir='ltr'><strong>una</strong></span> <span class='ocrx_word' id='word_1_310' title='bbox 1814 2610 2010 2665; x_wconf 87' lang='lat' dir='ltr'><strong>deitate</strong></span> 
     </span>
    </p>
   </div>
   <div class='ocr_carea' id='block_1_45' title="bbox 451 2696 2011 2768">
    <p class='ocr_par' dir='ltr' id='par_1_45' title="bbox 451 2696 2011 2768">
     <span class='ocr_line' id='line_1_45' title="bbox 451 2696 2011 2768; baseline 0.004 -18"><span class='ocrx_word' id='word_1_311' title='bbox 451 2696 741 2765; x_wconf 64' lang='lat' dir='ltr'><strong>eademque</strong></span> <span class='ocrx_word' id='word_1_312' title='bbox 792 2715 948 2754; x_wconf 90' lang='lat' dir='ltr'><strong>unam</strong></span> <span class='ocrx_word' id='word_1_313' title='bbox 997 2702 1353 2768; x_wconf 68' lang='lat' dir='ltr'><strong>aequalitatem</strong></span> <span class='ocrx_word' id='word_1_314' title='bbox 1403 2702 1677 2756; x_wconf 80' lang='lat' dir='ltr'><strong>conﬁteris</strong></span> <span class='ocrx_word' id='word_1_315' title='bbox 1725 2701 1846 2756; x_wconf 89' lang='lat' dir='ltr'><strong>Filii</strong></span> <span class='ocrx_word' id='word_1_316' title='bbox 1891 2716 2011 2756; x_wconf 89' lang='lat' dir='ltr'><strong>esse</strong></span> 
     </span>
    </p>
   </div>
   <div class='ocr_carea' id='block_1_46' title="bbox 2116 2602 3685 2676">
    <p class='ocr_par' dir='ltr' id='par_1_46' title="bbox 2116 2602 3685 2676">
     <span class='ocr_line' id='line_1_46' title="bbox 2116 2602 3685 2676; baseline -0.001 -16"><span class='ocrx_word' id='word_1_317' title='bbox 2116 2607 2376 2676; x_wconf 73' lang='lat' dir='ltr'><strong>gentium;</strong></span> <span class='ocrx_word' id='word_1_318' title='bbox 2412 2603 2682 2657; x_wconf 84' lang='lat' dir='ltr'><strong>Christum</strong></span> <span class='ocrx_word' id='word_1_319' title='bbox 2714 2602 2938 2660; x_wconf 77' lang='lat' dir='ltr'><strong>formant</strong></span> <span class='ocrx_word' id='word_1_320' title='bbox 2973 2603 3062 2656; x_wconf 86' lang='lat' dir='ltr'><strong>Dei</strong></span> <span class='ocrx_word' id='word_1_321' title='bbox 3109 2603 3281 2659; x_wconf 81' lang='lat' dir='ltr'><strong>Patris</strong></span> <span class='ocrx_word' id='word_1_322' title='bbox 3321 2617 3437 2669; x_wconf 80' lang='lat' dir='ltr'><strong>esse</strong></span> <span class='ocrx_word' id='word_1_323' title='bbox 3485 2619 3685 2674; x_wconf 75' lang='lat' dir='ltr'><strong>neges.</strong></span> 
     </span>
    </p>
   </div>
   <div class='ocr_carea' id='block_1_47' title="bbox 2115 2696 3672 2769">
    <p class='ocr_par' dir='ltr' id='par_1_47' title="bbox 2115 2696 3672 2769">
     <span class='ocr_line' id='line_1_47' title="bbox 2115 2696 3672 2769; baseline -0.001 -17"><span class='ocrx_word' id='word_1_324' title='bbox 2115 2699 2167 2752; x_wconf 88' lang='lat' dir='ltr'><strong>Si</strong></span> <span class='ocrx_word' id='word_1_325' title='bbox 2191 2713 2318 2766; x_wconf 85' lang='lat' dir='ltr'><strong>ergo</strong></span> <span class='ocrx_word' id='word_1_326' title='bbox 2347 2696 2510 2751; x_wconf 80' lang='lat' dir='ltr'><strong>forma</strong></span> <span class='ocrx_word' id='word_1_327' title='bbox 2542 2698 2659 2767; x_wconf 89' lang='lat' dir='ltr'><strong>ejus</strong></span> <span class='ocrx_word' id='word_1_328' title='bbox 2704 2707 2816 2762; x_wconf 87' lang='lat' dir='ltr'><strong>est,</strong></span> <span class='ocrx_word' id='word_1_329' title='bbox 2860 2700 3033 2767; x_wconf 85' lang='lat' dir='ltr'><strong>itaque</strong></span> <span class='ocrx_word' id='word_1_330' title='bbox 3063 2698 3228 2752; x_wconf 83' lang='lat' dir='ltr'><strong>forma</strong></span> <span class='ocrx_word' id='word_1_331' title='bbox 3259 2714 3352 2754; x_wconf 89' lang='lat' dir='ltr'><strong>sua</strong></span> <span class='ocrx_word' id='word_1_332' title='bbox 3383 2702 3672 2769; x_wconf 82' lang='lat' dir='ltr'><strong>incompa-</strong></span> 
     </span>
    </p>
   </div>
   <div class='ocr_carea' id='block_1_48' title="bbox 453 2780 3673 2880">
    <p class='ocr_par' dir='ltr' id='par_1_48' title="bbox 453 2780 3673 2880">
     <span class='ocr_line' id='line_1_48' title="bbox 453 2780 3673 2880; baseline -0 -37"><span class='ocrx_word' id='word_1_333' title='bbox 453 2802 572 2841; x_wconf 86' lang='lat' dir='ltr'><strong>cutn</strong></span> <span class='ocrx_word' id='word_1_334' title='bbox 601 2780 755 2844; x_wconf 83' lang='lat' dir='ltr'><strong>Patre</strong></span> <span class='ocrx_word' id='word_1_335' title='bbox 779 2832 794 2855; x_wconf 93' lang='lat'><strong>,</strong></span> <span class='ocrx_word' id='word_1_336' title='bbox 824 2806 943 2845; x_wconf 91' lang='lat' dir='ltr'><strong>cum</strong></span> <span class='ocrx_word' id='word_1_337' title='bbox 976 2792 1089 2860; x_wconf 88' lang='lat' dir='ltr'><strong>ipse</strong></span> <span class='ocrx_word' id='word_1_338' title='bbox 1117 2792 1184 2847; x_wconf 88' lang='lat' dir='ltr'><strong>de</strong></span> <span class='ocrx_word' id='word_1_339' title='bbox 1213 2808 1271 2846; x_wconf 86' lang='lat' dir='ltr'><strong>se</strong></span> <span class='ocrx_word' id='word_1_340' title='bbox 1309 2795 1665 2849; x_wconf 79' lang='lat' dir='ltr'><strong>testimonium</strong></span> <span class='ocrx_word' id='word_1_341' title='bbox 1698 2790 2007 2862; x_wconf 81' lang='lat' dir='ltr'><strong>perhibeat:</strong></span> <span class='ocrx_word' id='word_1_342' title='bbox 2037 2818 2083 2880; x_wconf 64' lang='grc' dir='ltr'><strong>ρ</strong></span> <span class='ocrx_word' id='word_1_343' title='bbox 2117 2787 2351 2843; x_wconf 74' lang='lat' dir='ltr'><strong>mbiliter</strong></span> <span class='ocrx_word' id='word_1_344' title='bbox 2377 2789 2542 2857; x_wconf 80' lang='lat' dir='ltr'><strong>major</strong></span> <span class='ocrx_word' id='word_1_345' title='bbox 2570 2805 2686 2844; x_wconf 88' lang='lat' dir='ltr'><strong>esse</strong></span> <span class='ocrx_word' id='word_1_346' title='bbox 2717 2805 2824 2843; x_wconf 91' lang='lat' dir='ltr'><strong>non</strong></span> <span class='ocrx_word' id='word_1_347' title='bbox 2854 2799 3059 2858; x_wconf 87' lang='lat' dir='ltr'><strong>potest;</strong></span> <span class='ocrx_word' id='word_1_348' title='bbox 3093 2804 3157 2843; x_wconf 92' lang='lat' dir='ltr'><strong>ne</strong></span> <span class='ocrx_word' id='word_1_349' title='bbox 3179 2805 3284 2844; x_wconf 91' lang='lat' dir='ltr'><strong>non</strong></span> <span class='ocrx_word' id='word_1_350' title='bbox 3305 2789 3540 2854; x_wconf 86' lang='lat' dir='ltr'><strong>Christo,</strong></span> <span class='ocrx_word' id='word_1_351' title='bbox 3569 2789 3673 2843; x_wconf 85' lang='lat' dir='ltr'><strong>sed</strong></span> 
     </span>
    </p>
   </div>
   <div class='ocr_carea' id='block_1_49' title="bbox 455 2873 1738 2955">
    <p class='ocr_par' dir='ltr' id='par_1_49' title="bbox 455 2873 1738 2955">
     <span class='ocr_line' id='line_1_49' title="bbox 455 2873 1738 2955; baseline 0.008 -27"><span class='ocrx_word' id='word_1_352' title='bbox 455 2873 559 2942; x_wconf 72' lang='lat' dir='ltr'><strong>Qui</strong></span> <span class='ocrx_word' id='word_1_353' title='bbox 583 2879 717 2930; x_wconf 81' lang='lat' dir='ltr'><strong>misit</strong></span> <span class='ocrx_word' id='word_1_354' title='bbox 745 2896 840 2943; x_wconf 86' lang='lat' dir='ltr'><strong>me,</strong></span> <span class='ocrx_word' id='word_1_355' title='bbox 870 2882 1033 2950; x_wconf 84' lang='lat' dir='ltr'><strong>major</strong></span> <span class='ocrx_word' id='word_1_356' title='bbox 1062 2899 1138 2936; x_wconf 86' lang='lat' dir='ltr'><strong>me</strong></span> <span class='ocrx_word' id='word_1_357' title='bbox 1157 2893 1231 2936; x_wconf 86' lang='lat' dir='ltr'><strong>est</strong></span> <span class='ocrx_word' id='word_1_358' title='bbox 1257 2881 1434 2953; x_wconf 83' lang='lat' dir='ltr'><strong>(Joan.</strong></span> <span class='ocrx_word' id='word_1_359' title='bbox 1465 2899 1578 2948; x_wconf 66' lang='lat' dir='ltr'><strong>stv,</strong></span> <span class='ocrx_word' id='word_1_360' title='bbox 1606 2884 1738 2955; x_wconf 71' lang='lat'><strong>28)?</strong></span> 
     </span>
    </p>
   </div>
   <div class='ocr_carea' id='block_1_50' title="bbox 528 2966 2013 3042">
    <p class='ocr_par' dir='ltr' id='par_1_50' title="bbox 528 2966 2013 3042">
     <span class='ocr_line' id='line_1_50' title="bbox 528 2966 2013 3042; baseline 0.007 -26"><span class='ocrx_word' id='word_1_361' title='bbox 528 2966 857 3021; x_wconf 71' lang='lat' dir='ltr'><strong>Athanasius.</strong></span> <span class='ocrx_word' id='word_1_362' title='bbox 903 2968 1037 3023; x_wconf 87' lang='lat' dir='ltr'><strong>Proh</strong></span> <span class='ocrx_word' id='word_1_363' title='bbox 1061 2970 1246 3025; x_wconf 90' lang='lat' dir='ltr'><strong>dolor!</strong></span> <span class='ocrx_word' id='word_1_364' title='bbox 1295 2972 1340 3025; x_wconf 85' lang='lat' dir='ltr'><strong>si</strong></span> <span class='ocrx_word' id='word_1_365' title='bbox 1387 2972 1466 3027; x_wconf 92' lang='lat' dir='ltr'><strong>sic</strong></span> <span class='ocrx_word' id='word_1_366' title='bbox 1515 2973 1766 3042; x_wconf 73' lang='lat' dir='ltr'><strong>intelligis</strong></span> <span class='ocrx_word' id='word_1_367' title='bbox 1814 2971 2013 3027; x_wconf 89' lang='lat' dir='ltr'><strong>dictum</strong></span> 
     </span>
    </p>
   </div>
   <div class='ocr_carea' id='block_1_51' title="bbox 456 3049 2009 3134">
    <p class='ocr_par' dir='ltr' id='par_1_51' title="bbox 456 3049 2009 3134">
     <span class='ocr_line' id='line_1_51' title="bbox 456 3049 2009 3134; baseline 0.008 -30"><span class='ocrx_word' id='word_1_368' title='bbox 456 3049 642 3122; x_wconf 77' lang='lat' dir='ltr'><strong>fuisse,</strong></span> <span class='ocrx_word' id='word_1_369' title='bbox 675 3055 787 3124; x_wconf 89' lang='lat' dir='ltr'><strong>ipse</strong></span> <span class='ocrx_word' id='word_1_370' title='bbox 813 3071 871 3110; x_wconf 89' lang='lat' dir='ltr'><strong>se</strong></span> <span class='ocrx_word' id='word_1_371' title='bbox 895 3057 1002 3126; x_wconf 90' lang='lat' dir='ltr'><strong>jatn</strong></span> <span class='ocrx_word' id='word_1_372' title='bbox 1041 3059 1181 3128; x_wconf 88' lang='lat' dir='ltr'><strong>apud</strong></span> <span class='ocrx_word' id='word_1_373' title='bbox 1214 3071 1264 3114; x_wconf 91' lang='lat' dir='ltr'><strong>te</strong></span> <span class='ocrx_word' id='word_1_374' title='bbox 1294 3060 1607 3131; x_wconf 71' lang='lat' dir='ltr'><strong>impugnare</strong></span> <span class='ocrx_word' id='word_1_375' title='bbox 1632 3061 1972 3134; x_wconf 87' lang='lat' dir='ltr'><strong>cognoscitur</strong></span> <span class='ocrx_word' id='word_1_376' title='bbox 1993 3101 2009 3125; x_wconf 84' lang='lat'><strong>,</strong></span> 
     </span>
    </p>
   </div>
   <div class='ocr_carea' id='block_1_52' title="bbox 457 3145 2015 3220">
    <p class='ocr_par' dir='ltr' id='par_1_52' title="bbox 457 3145 2015 3220">
     <span class='ocr_line' id='line_1_52' title="bbox 457 3145 2015 3220; baseline 0.008 -26"><span class='ocrx_word' id='word_1_377' title='bbox 457 3147 582 3199; x_wconf 82' lang='lat' dir='ltr'><strong>rum</strong></span> <span class='ocrx_word' id='word_1_378' title='bbox 629 3147 732 3201; x_wconf 86' lang='lat' dir='ltr'><strong>alio</strong></span> <span class='ocrx_word' id='word_1_379' title='bbox 779 3147 829 3201; x_wconf 94' lang='lat' dir='ltr'><strong>in</strong></span> <span class='ocrx_word' id='word_1_380' title='bbox 862 3150 1194 3207; x_wconf 64' lang='lat' dir='ltr'><strong>loco—dicat:</strong></span> <span class='ocrx_word' id='word_1_381' title='bbox 1230 3148 1340 3220; x_wconf 84' lang='lat' dir='ltr'><strong>Ego</strong></span> <span class='ocrx_word' id='word_1_382' title='bbox 1369 3162 1415 3206; x_wconf 87' lang='lat' dir='ltr'><strong>et</strong></span> <span class='ocrx_word' id='word_1_383' title='bbox 1455 3150 1608 3207; x_wconf 87' lang='lat' dir='ltr'><strong>Pater</strong></span> <span class='ocrx_word' id='word_1_384' title='bbox 1632 3169 1789 3207; x_wconf 71' lang='lat' dir='ltr'><strong>unum</strong></span> <span class='ocrx_word' id='word_1_385' title='bbox 1841 3145 2015 3207; x_wconf 83' lang='lat' dir='ltr'><strong>sumus</strong></span> 
     </span>
    </p>
   </div>
   <div class='ocr_carea' id='block_1_53' title="bbox 459 3235 2017 3310">
    <p class='ocr_par' dir='ltr' id='par_1_53' title="bbox 459 3235 2017 3310">
     <span class='ocr_line' id='line_1_53' title="bbox 459 3235 2017 3310; baseline 0.006 -24"><span class='ocrx_word' id='word_1_386' title='bbox 459 3235 638 3303; x_wconf 81' lang='lat' dir='ltr'><strong>(Ioan.</strong></span> <span class='ocrx_word' id='word_1_387' title='bbox 665 3253 716 3301; x_wconf 70' lang='grc' dir='ltr'><strong>ι,</strong></span> <span class='ocrx_word' id='word_1_388' title='bbox 745 3236 855 3306; x_wconf 79' lang='grc'><strong>50).</strong></span> <span class='ocrx_word' id='word_1_389' title='bbox 897 3239 1032 3305; x_wconf 87' lang='lat' dir='ltr'><strong>Quid</strong></span> <span class='ocrx_word' id='word_1_390' title='bbox 1070 3241 1232 3310; x_wconf 85' lang='lat' dir='ltr'><strong>ergo?</strong></span> <span class='ocrx_word' id='word_1_391' title='bbox 1259 3243 1304 3296; x_wconf 92' lang='lat' dir='ltr'><strong>si</strong></span> <span class='ocrx_word' id='word_1_392' title='bbox 1332 3235 1504 3296; x_wconf 82' lang='lat' dir='ltr'><strong>minor</strong></span> <span class='ocrx_word' id='word_1_393' title='bbox 1531 3251 1664 3307; x_wconf 85' lang='lat' dir='ltr'><strong>erat,</strong></span> <span class='ocrx_word' id='word_1_394' title='bbox 1695 3236 1925 3300; x_wconf 74' lang='lat' dir='ltr'><strong>Patriae</strong></span> <span class='ocrx_word' id='word_1_395' title='bbox 1962 3250 2017 3296; x_wconf 89' lang='lat' dir='ltr'><strong>et</strong></span> 
     </span>
    </p>
   </div>
   <div class='ocr_carea' id='block_1_54' title="bbox 455 3319 2015 3402">
    <p class='ocr_par' dir='ltr' id='par_1_54' title="bbox 455 3319 2015 3402">
     <span class='ocr_line' id='line_1_54' title="bbox 455 3319 2015 3402; baseline 0.007 -27"><span class='ocrx_word' id='word_1_396' title='bbox 455 3324 514 3376; x_wconf 85' lang='lat' dir='ltr'><strong>in</strong></span> <span class='ocrx_word' id='word_1_397' title='bbox 542 3324 656 3392; x_wconf 83' lang='lat' dir='ltr'><strong>ipsa</strong></span> <span class='ocrx_word' id='word_1_398' title='bbox 685 3328 1003 3395; x_wconf 88' lang='lat' dir='ltr'><strong>sempiterna</strong></span> <span class='ocrx_word' id='word_1_399' title='bbox 1032 3340 1218 3384; x_wconf 89' lang='lat' dir='ltr'><strong>natura</strong></span> <span class='ocrx_word' id='word_1_400' title='bbox 1247 3347 1350 3386; x_wconf 93' lang='lat' dir='ltr'><strong>non</strong></span> <span class='ocrx_word' id='word_1_401' title='bbox 1372 3319 1630 3388; x_wconf 77' lang='lat' dir='ltr'><strong>debuerat</strong></span> <span class='ocrx_word' id='word_1_402' title='bbox 1656 3333 2015 3402; x_wconf 74' lang='lat' dir='ltr'><strong>compararet</strong></span> 
     </span>
    </p>
   </div>
   <div class='ocr_carea' id='block_1_55' title="bbox 463 3419 2018 3494">
    <p class='ocr_par' dir='ltr' id='par_1_55' title="bbox 463 3419 2018 3494">
     <span class='ocr_line' id='line_1_55' title="bbox 463 3419 2018 3494; baseline 0.006 -26"><span class='ocrx_word' id='word_1_403' title='bbox 463 3420 569 3469; x_wconf 80' lang='lat' dir='ltr'><strong>Aut</strong></span> <span class='ocrx_word' id='word_1_404' title='bbox 595 3419 881 3486; x_wconf 88' lang='lat' dir='ltr'><strong>quomodo,</strong></span> <span class='ocrx_word' id='word_1_405' title='bbox 915 3422 958 3473; x_wconf 91' lang='lat' dir='ltr'><strong>si</strong></span> <span class='ocrx_word' id='word_1_406' title='bbox 986 3422 1164 3489; x_wconf 82' lang='lat' dir='ltr'><strong>dispar</strong></span> <span class='ocrx_word' id='word_1_407' title='bbox 1190 3435 1324 3487; x_wconf 88' lang='lat' dir='ltr'><strong>erat,</strong></span> <span class='ocrx_word' id='word_1_408' title='bbox 1351 3432 1405 3478; x_wconf 92' lang='lat' dir='ltr'><strong>et</strong></span> <span class='ocrx_word' id='word_1_409' title='bbox 1430 3424 1482 3478; x_wconf 87' lang='lat' dir='ltr'><strong>in</strong></span> <span class='ocrx_word' id='word_1_410' title='bbox 1512 3427 1622 3494; x_wconf 85' lang='lat' dir='ltr'><strong>ipsa</strong></span> <span class='ocrx_word' id='word_1_411' title='bbox 1660 3425 1858 3480; x_wconf 88' lang='lat' dir='ltr'><strong>deitate</strong></span> <span class='ocrx_word' id='word_1_412' title='bbox 1878 3424 2018 3478; x_wconf 56' lang='lat' dir='ltr'><strong>divi.</strong></span> 
     </span>
    </p>
   </div>
   <div class='ocr_carea' id='block_1_56' title="bbox 456 3515 2013 3591">
    <p class='ocr_par' dir='ltr' id='par_1_56' title="bbox 456 3515 2013 3591">
     <span class='ocr_line' id='line_1_56' title="bbox 456 3515 2013 3591; baseline 0.005 -23"><span class='ocrx_word' id='word_1_413' title='bbox 456 3515 642 3571; x_wconf 68' lang='lat' dir='ltr'><strong>uitatis</strong></span> <span class='ocrx_word' id='word_1_414' title='bbox 668 3531 773 3570; x_wconf 93' lang='lat' dir='ltr'><strong>non</strong></span> <span class='ocrx_word' id='word_1_415' title='bbox 801 3529 915 3572; x_wconf 88' lang='lat' dir='ltr'><strong>erat</strong></span> <span class='ocrx_word' id='word_1_416' title='bbox 942 3519 1080 3574; x_wconf 76' lang='lat' dir='ltr'><strong>Patri</strong></span> <span class='ocrx_word' id='word_1_417' title='bbox 1109 3521 1418 3591; x_wconf 68' lang='lat' dir='ltr'><strong>comqualis,</strong></span> <span class='ocrx_word' id='word_1_418' title='bbox 1440 3522 1566 3577; x_wconf 91' lang='lat' dir='ltr'><strong>dicit</strong></span> <span class='ocrx_word' id='word_1_419' title='bbox 1591 3538 1606 3576; x_wconf 88' lang='lat'><strong>:</strong></span> <span class='ocrx_word' id='word_1_420' title='bbox 1635 3523 1735 3588; x_wconf 81' lang='lat' dir='ltr'><strong>Qui</strong></span> <span class='ocrx_word' id='word_1_421' title='bbox 1764 3539 1842 3576; x_wconf 90' lang='lat' dir='ltr'><strong>me</strong></span> <span class='ocrx_word' id='word_1_422' title='bbox 1862 3524 2013 3586; x_wconf 79' lang='lat' dir='ltr'><strong>videt,</strong></span> 
     </span>
    </p>
   </div>
   <div class='ocr_carea' id='block_1_57' title="bbox 464 3616 2014 3693">
    <p class='ocr_par' dir='ltr' id='par_1_57' title="bbox 464 3616 2014 3693">
     <span class='ocr_line' id='line_1_57' title="bbox 464 3616 2014 3693; baseline 0.006 -25"><span class='ocrx_word' id='word_1_423' title='bbox 464 3616 594 3670; x_wconf 79' lang='lat' dir='ltr'><strong>uidet</strong></span> <span class='ocrx_word' id='word_1_424' title='bbox 621 3626 666 3670; x_wconf 85' lang='lat' dir='ltr'><strong>et</strong></span> <span class='ocrx_word' id='word_1_425' title='bbox 692 3617 894 3672; x_wconf 81' lang='lat' dir='ltr'><strong>Patrem</strong></span> <span class='ocrx_word' id='word_1_426' title='bbox 923 3638 1088 3674; x_wconf 87' lang='lat' dir='ltr'><strong>meum</strong></span> <span class='ocrx_word' id='word_1_427' title='bbox 1122 3621 1295 3690; x_wconf 77' lang='lat' dir='ltr'><strong>(Joan.</strong></span> <span class='ocrx_word' id='word_1_428' title='bbox 1323 3639 1428 3690; x_wconf 71' lang='lat' dir='ltr'><strong>xiv,</strong></span> <span class='ocrx_word' id='word_1_429' title='bbox 1455 3625 1553 3692; x_wconf 82' lang='lat'><strong>9)?</strong></span> <span class='ocrx_word' id='word_1_430' title='bbox 1578 3623 1673 3690; x_wconf 87' lang='lat' dir='ltr'><strong>Qui</strong></span> <span class='ocrx_word' id='word_1_431' title='bbox 1706 3626 1889 3693; x_wconf 87' lang='lat' dir='ltr'><strong>utique</strong></span> <span class='ocrx_word' id='word_1_432' title='bbox 1902 3625 2014 3679; x_wconf 84' lang='lat' dir='ltr'><strong>evi-</strong></span> 
     </span>
    </p>
   </div>
   <div class='ocr_carea' id='block_1_58' title="bbox 459 3702 2018 3785">
    <p class='ocr_par' dir='ltr' id='par_1_58' title="bbox 459 3702 2018 3785">
     <span class='ocr_line' id='line_1_58' title="bbox 459 3702 2018 3785; baseline 0.008 -27"><span class='ocrx_word' id='word_1_433' title='bbox 459 3702 674 3771; x_wconf 82' lang='lat' dir='ltr'><strong>denter,</strong></span> <span class='ocrx_word' id='word_1_434' title='bbox 707 3709 750 3761; x_wconf 88' lang='lat' dir='ltr'><strong>si</strong></span> <span class='ocrx_word' id='word_1_435' title='bbox 778 3725 882 3763; x_wconf 92' lang='lat' dir='ltr'><strong>non</strong></span> <span class='ocrx_word' id='word_1_436' title='bbox 914 3722 1056 3766; x_wconf 86' lang='lat' dir='ltr'><strong>esset</strong></span> <span class='ocrx_word' id='word_1_437' title='bbox 1080 3712 1132 3766; x_wconf 91' lang='lat' dir='ltr'><strong>in</strong></span> <span class='ocrx_word' id='word_1_438' title='bbox 1165 3712 1247 3766; x_wconf 86' lang='lat' dir='ltr'><strong>his</strong></span> <span class='ocrx_word' id='word_1_439' title='bbox 1278 3729 1382 3767; x_wconf 93' lang='lat' dir='ltr'><strong>una</strong></span> <span class='ocrx_word' id='word_1_440' title='bbox 1410 3716 1691 3770; x_wconf 84' lang='lat' dir='ltr'><strong>invisibilis</strong></span> <span class='ocrx_word' id='word_1_441' title='bbox 1715 3716 1891 3785; x_wconf 88' lang='lat' dir='ltr'><strong>imago</strong></span> <span class='ocrx_word' id='word_1_442' title='bbox 1920 3731 2018 3770; x_wconf 82' lang='lat' dir='ltr'><strong>na-</strong></span> 
     </span>
    </p>
   </div>
   <div class='ocr_carea' id='block_1_59' title="bbox 464 3800 2016 3874">
    <p class='ocr_par' dir='ltr' id='par_1_59' title="bbox 464 3800 2016 3874">
     <span class='ocr_line' id='line_1_59' title="bbox 464 3800 2016 3874; baseline 0.006 -24"><span class='ocrx_word' id='word_1_443' title='bbox 464 3807 599 3852; x_wconf 67' lang='lat' dir='ltr'><strong>tura:</strong></span> <span class='ocrx_word' id='word_1_444' title='bbox 650 3800 922 3866; x_wconf 87' lang='lat' dir='ltr'><strong>veritatis,</strong></span> <span class='ocrx_word' id='word_1_445' title='bbox 955 3819 1220 3872; x_wconf 91' lang='lat' dir='ltr'><strong>nunquam</strong></span> <span class='ocrx_word' id='word_1_446' title='bbox 1267 3819 1485 3874; x_wconf 77' lang='lat' dir='ltr'><strong>prorsus</strong></span> <span class='ocrx_word' id='word_1_447' title='bbox 1514 3821 1842 3874; x_wconf 65' lang='lat' dir='ltr'><strong>praesumens</strong></span> <span class='ocrx_word' id='word_1_448' title='bbox 1880 3807 2016 3860; x_wconf 88' lang='lat' dir='ltr'><strong>indi-</strong></span> 
     </span>
    </p>
   </div>
   <div class='ocr_carea' id='block_1_60' title="bbox 464 3892 2020 3963">
    <p class='ocr_par' dir='ltr' id='par_1_60' title="bbox 464 3892 2020 3963">
     <span class='ocr_line' id='line_1_60' title="bbox 464 3892 2020 3963; baseline 0.006 -21"><span class='ocrx_word' id='word_1_449' title='bbox 464 3901 655 3953; x_wconf 84' lang='lat' dir='ltr'><strong>casset,</strong></span> <span class='ocrx_word' id='word_1_450' title='bbox 701 3892 797 3955; x_wconf 78' lang='lat' dir='ltr'><strong>Qui</strong></span> <span class='ocrx_word' id='word_1_451' title='bbox 843 3909 919 3944; x_wconf 89' lang='lat' dir='ltr'><strong>me</strong></span> <span class='ocrx_word' id='word_1_452' title='bbox 947 3894 1104 3960; x_wconf 84' lang='lat' dir='ltr'><strong>videt,</strong></span> <span class='ocrx_word' id='word_1_453' title='bbox 1135 3898 1264 3949; x_wconf 79' lang='lat' dir='ltr'><strong>videt</strong></span> <span class='ocrx_word' id='word_1_454' title='bbox 1287 3905 1333 3950; x_wconf 87' lang='lat' dir='ltr'><strong>et</strong></span> <span class='ocrx_word' id='word_1_455' title='bbox 1368 3897 1573 3950; x_wconf 79' lang='lat' dir='ltr'><strong>Patrem</strong></span> <span class='ocrx_word' id='word_1_456' title='bbox 1599 3914 1783 3952; x_wconf 84' lang='lat' dir='ltr'><strong>meum.</strong></span> <span class='ocrx_word' id='word_1_457' title='bbox 1830 3899 1936 3954; x_wconf 73' lang='lat' dir='ltr'><strong>Sed</strong></span> <span class='ocrx_word' id='word_1_458' title='bbox 1963 3907 2020 3963; x_wconf 83' lang='lat' dir='ltr'><strong>et</strong></span> 
     </span>
    </p>
   </div>
   <div class='ocr_carea' id='block_1_61' title="bbox 466 3979 2018 4058">
    <p class='ocr_par' dir='ltr' id='par_1_61' title="bbox 466 3979 2018 4058">
     <span class='ocr_line' id='line_1_61' title="bbox 466 3979 2018 4058; baseline 0.006 -27"><span class='ocrx_word' id='word_1_459' title='bbox 466 3979 775 4048; x_wconf 84' lang='lat' dir='ltr'><strong>Apostolum</strong></span> <span class='ocrx_word' id='word_1_460' title='bbox 799 3983 917 4036; x_wconf 88' lang='lat' dir='ltr'><strong>audi</strong></span> <span class='ocrx_word' id='word_1_461' title='bbox 941 3983 1202 4039; x_wconf 86' lang='lat' dir='ltr'><strong>dicentem</strong></span> <span class='ocrx_word' id='word_1_462' title='bbox 1220 3986 1284 4039; x_wconf 91' lang='lat' dir='ltr'><strong>de</strong></span> <span class='ocrx_word' id='word_1_463' title='bbox 1301 3987 1531 4039; x_wconf 86' lang='lat' dir='ltr'><strong>Christo:</strong></span> <span class='ocrx_word' id='word_1_464' title='bbox 1555 3987 1777 4052; x_wconf 79' lang='lat' dir='ltr'><strong>Quicum</strong></span> <span class='ocrx_word' id='word_1_465' title='bbox 1790 3989 1839 4040; x_wconf 86' lang='lat' dir='ltr'><strong>in</strong></span> <span class='ocrx_word' id='word_1_466' title='bbox 1857 3992 2018 4058; x_wconf 80' lang='lat' dir='ltr'><strong>forma</strong></span> 
     </span>
    </p>
   </div>
   <div class='ocr_carea' id='block_1_62' title="bbox 468 4070 2018 4145">
    <p class='ocr_par' dir='ltr' id='par_1_62' title="bbox 468 4070 2018 4145">
     <span class='ocr_line' id='line_1_62' title="bbox 468 4070 2018 4145; baseline 0.005 -22"><span class='ocrx_word' id='word_1_467' title='bbox 468 4070 564 4124; x_wconf 87' lang='lat' dir='ltr'><strong>Dei</strong></span> <span class='ocrx_word' id='word_1_468' title='bbox 599 4082 723 4124; x_wconf 82' lang='lat' dir='ltr'><strong>esset</strong></span> <span class='ocrx_word' id='word_1_469' title='bbox 747 4113 760 4136; x_wconf 92' lang='lat'><strong>,</strong></span> <span class='ocrx_word' id='word_1_470' title='bbox 792 4091 893 4126; x_wconf 88' lang='lat' dir='ltr'><strong>non</strong></span> <span class='ocrx_word' id='word_1_471' title='bbox 922 4076 1156 4141; x_wconf 77' lang='lat' dir='ltr'><strong>rapinam</strong></span> <span class='ocrx_word' id='word_1_472' title='bbox 1183 4077 1452 4129; x_wconf 84' lang='lat' dir='ltr'><strong>arbitratus</strong></span> <span class='ocrx_word' id='word_1_473' title='bbox 1476 4087 1547 4130; x_wconf 87' lang='lat' dir='ltr'><strong>est</strong></span> <span class='ocrx_word' id='word_1_474' title='bbox 1565 4093 1672 4131; x_wconf 84' lang='lat' dir='ltr'><strong>esse</strong></span> <span class='ocrx_word' id='word_1_475' title='bbox 1706 4094 1758 4131; x_wconf 88' lang='lat' dir='ltr'><strong>se</strong></span> <span class='ocrx_word' id='word_1_476' title='bbox 1775 4080 2018 4145; x_wconf 68' lang='lat' dir='ltr'><strong>aequalem</strong></span> 
     </span>
    </p>
   </div>
   <div class='ocr_carea' id='block_1_63' title="bbox 2112 2880 3684 2949">
    <p class='ocr_par' dir='ltr' id='par_1_63' title="bbox 2112 2880 3684 2949">
     <span class='ocr_line' id='line_1_63' title="bbox 2112 2880 3684 2949; baseline -0.001 -15"><span class='ocrx_word' id='word_1_477' title='bbox 2112 2880 2400 2948; x_wconf 84' lang='lat' dir='ltr'><strong>semetipso</strong></span> <span class='ocrx_word' id='word_1_478' title='bbox 2444 2880 2598 2934; x_wconf 69' lang='lat' dir='ltr'><strong>Pater</strong></span> <span class='ocrx_word' id='word_1_479' title='bbox 2629 2880 2799 2949; x_wconf 88' lang='lat' dir='ltr'><strong>major</strong></span> <span class='ocrx_word' id='word_1_480' title='bbox 2827 2882 2930 2946; x_wconf 90' lang='lat' dir='ltr'><strong>sit,</strong></span> <span class='ocrx_word' id='word_1_481' title='bbox 2963 2880 3086 2948; x_wconf 78' lang='lat' dir='ltr'><strong>quia</strong></span> <span class='ocrx_word' id='word_1_482' title='bbox 3135 2881 3302 2934; x_wconf 79' lang='lat' dir='ltr'><strong>forma</strong></span> <span class='ocrx_word' id='word_1_483' title='bbox 3333 2897 3423 2936; x_wconf 66' lang='lat' dir='ltr'><strong>sui</strong></span> <span class='ocrx_word' id='word_1_484' title='bbox 3453 2895 3485 2933; x_wconf 89' lang='lat' dir='ltr'><strong>a</strong></span> <span class='ocrx_word' id='word_1_485' title='bbox 3521 2881 3684 2935; x_wconf 79' lang='lat' dir='ltr'><strong>vobis</strong></span> 
     </span>
    </p>
   </div>
   <div class='ocr_carea' id='block_1_64' title="bbox 2115 2971 3682 3040">
    <p class='ocr_par' dir='ltr' id='par_1_64' title="bbox 2115 2971 3682 3040">
     <span class='ocr_line' id='line_1_64' title="bbox 2115 2971 3682 3040; baseline 0.001 -17"><span class='ocrx_word' id='word_1_486' title='bbox 2115 2971 2284 3040; x_wconf 87' lang='lat' dir='ltr'><strong>major</strong></span> <span class='ocrx_word' id='word_1_487' title='bbox 2318 2986 2437 3026; x_wconf 89' lang='lat' dir='ltr'><strong>esse</strong></span> <span class='ocrx_word' id='word_1_488' title='bbox 2465 2971 2676 3026; x_wconf 89' lang='lat' dir='ltr'><strong>dicitur.</strong></span> <span class='ocrx_word' id='word_1_489' title='bbox 2696 2971 2860 3039; x_wconf 87' lang='lat' dir='ltr'><strong>‘Quod</strong></span> <span class='ocrx_word' id='word_1_490' title='bbox 2913 2971 3027 3027; x_wconf 84' lang='lat' dir='ltr'><strong>ﬁeri</strong></span> <span class='ocrx_word' id='word_1_491' title='bbox 3075 2972 3220 3025; x_wconf 90' lang='lat' dir='ltr'><strong>nullo</strong></span> <span class='ocrx_word' id='word_1_492' title='bbox 3265 2971 3425 3026; x_wconf 88' lang='lat' dir='ltr'><strong>modo</strong></span> <span class='ocrx_word' id='word_1_493' title='bbox 3457 2981 3643 3040; x_wconf 79' lang='lat' dir='ltr'><strong>petest</strong></span> <span class='ocrx_word' id='word_1_494' title='bbox 3665 3010 3682 3032; x_wconf 88' lang='lat'><strong>,</strong></span> 
     </span>
    </p>
   </div>
   <div class='ocr_carea' id='block_1_65' title="bbox 2113 3061 3678 3133">
    <p class='ocr_par' dir='ltr' id='par_1_65' title="bbox 2113 3061 3678 3133">
     <span class='ocr_line' id='line_1_65' title="bbox 2113 3061 3678 3133; baseline -0.002 -15"><span class='ocrx_word' id='word_1_495' title='bbox 2113 3061 2236 3118; x_wconf 86' lang='lat' dir='ltr'><strong>dum</strong></span> <span class='ocrx_word' id='word_1_496' title='bbox 2269 3077 2425 3118; x_wconf 89' lang='lat' dir='ltr'><strong>nemo</strong></span> <span class='ocrx_word' id='word_1_497' title='bbox 2449 3063 2738 3131; x_wconf 86' lang='lat' dir='ltr'><strong>semetipso</strong></span> <span class='ocrx_word' id='word_1_498' title='bbox 2786 3064 2956 3133; x_wconf 84' lang='lat' dir='ltr'><strong>major</strong></span> <span class='ocrx_word' id='word_1_499' title='bbox 2984 3064 3074 3116; x_wconf 90' lang='lat' dir='ltr'><strong>sit.</strong></span> <span class='ocrx_word' id='word_1_500' title='bbox 3104 3061 3209 3118; x_wconf 87' lang='lat' dir='ltr'><strong>Sed</strong></span> <span class='ocrx_word' id='word_1_501' title='bbox 3251 3078 3317 3117; x_wconf 92' lang='lat' dir='ltr'><strong>ne</strong></span> <span class='ocrx_word' id='word_1_502' title='bbox 3346 3062 3481 3116; x_wconf 78' lang='lat' dir='ltr'><strong>fette</strong></span> <span class='ocrx_word' id='word_1_503' title='bbox 3509 3065 3678 3132; x_wconf 83' lang='lat' dir='ltr'><strong>etiam</strong></span> 
     </span>
    </p>
   </div>
   <div class='ocr_carea' id='block_1_66' title="bbox 2117 3151 3680 3225">
    <p class='ocr_par' dir='ltr' id='par_1_66' title="bbox 2117 3151 3680 3225">
     <span class='ocr_line' id='line_1_66' title="bbox 2117 3151 3680 3225; baseline 0 -21"><span class='ocrx_word' id='word_1_504' title='bbox 2117 3153 2217 3206; x_wconf 90' lang='lat' dir='ltr'><strong>hoc</strong></span> <span class='ocrx_word' id='word_1_505' title='bbox 2263 3166 2592 3225; x_wconf 72' lang='lat' dir='ltr'><strong>pmsumas,</strong></span> <span class='ocrx_word' id='word_1_506' title='bbox 2642 3152 2835 3207; x_wconf 82' lang='lat' dir='ltr'><strong>Ariane</strong></span> <span class='ocrx_word' id='word_1_507' title='bbox 2856 3193 2871 3216; x_wconf 88' lang='lat'><strong>,</strong></span> <span class='ocrx_word' id='word_1_508' title='bbox 2904 3152 3164 3207; x_wconf 86' lang='lat' dir='ltr'><strong>dicendo:</strong></span> <span class='ocrx_word' id='word_1_509' title='bbox 3214 3151 3372 3218; x_wconf 78' lang='lat' dir='ltr'><strong>Pater</strong></span> <span class='ocrx_word' id='word_1_510' title='bbox 3401 3151 3450 3205; x_wconf 84' lang='lat' dir='ltr'><strong>in</strong></span> <span class='ocrx_word' id='word_1_511' title='bbox 3482 3161 3680 3205; x_wconf 84' lang='lat' dir='ltr'><strong>natura</strong></span> 
     </span>
    </p>
   </div>
   <div class='ocr_carea' id='block_1_67' title="bbox 2113 3233 3676 3320">
    <p class='ocr_par' dir='ltr' id='par_1_67' title="bbox 2113 3233 3676 3320">
     <span class='ocr_line' id='line_1_67' title="bbox 2113 3233 3676 3320; baseline -0.002 -23"><span class='ocrx_word' id='word_1_512' title='bbox 2113 3244 2329 3298; x_wconf 82' lang='lat' dir='ltr'><strong>deitatis</strong></span> <span class='ocrx_word' id='word_1_513' title='bbox 2376 3237 2556 3314; x_wconf 86' lang='lat' dir='ltr'><strong>parein</strong></span> <span class='ocrx_word' id='word_1_514' title='bbox 2604 3259 2708 3298; x_wconf 93' lang='lat' dir='ltr'><strong>non</strong></span> <span class='ocrx_word' id='word_1_515' title='bbox 2755 3244 2915 3298; x_wconf 89' lang='lat' dir='ltr'><strong>habet</strong></span> <span class='ocrx_word' id='word_1_516' title='bbox 2955 3243 3138 3298; x_wconf 74' lang='lat' dir='ltr'><strong>forma:</strong></span> <span class='ocrx_word' id='word_1_517' title='bbox 3169 3233 3286 3296; x_wconf 84' lang='lat' dir='ltr'><strong>Filii</strong></span> <span class='ocrx_word' id='word_1_518' title='bbox 3316 3243 3676 3320; x_wconf 82' lang='lat' dir='ltr'><strong>comparatio-</strong></span> 
     </span>
    </p>
   </div>
   <div class='ocr_carea' id='block_1_68' title="bbox 2115 3326 3674 3403">
    <p class='ocr_par' dir='ltr' id='par_1_68' title="bbox 2115 3326 3674 3403">
     <span class='ocr_line' id='line_1_68' title="bbox 2115 3326 3674 3403; baseline -0.003 -15"><span class='ocrx_word' id='word_1_519' title='bbox 2115 3350 2280 3390; x_wconf 89' lang='lat' dir='ltr'><strong>nem:</strong></span> <span class='ocrx_word' id='word_1_520' title='bbox 2331 3349 2489 3389; x_wconf 89' lang='lat' dir='ltr'><strong>nemo</strong></span> <span class='ocrx_word' id='word_1_521' title='bbox 2533 3335 2583 3389; x_wconf 92' lang='lat' dir='ltr'><strong>ei</strong></span> <span class='ocrx_word' id='word_1_522' title='bbox 2627 3334 2786 3403; x_wconf 91' lang='lat' dir='ltr'><strong>digne</strong></span> <span class='ocrx_word' id='word_1_523' title='bbox 2814 3334 3204 3403; x_wconf 87' lang='lat' dir='ltr'><strong>comparandus</strong></span> <span class='ocrx_word' id='word_1_524' title='bbox 3243 3326 3444 3386; x_wconf 23' lang='lat' dir='ltr'><strong>est.‘Et</strong></span> <span class='ocrx_word' id='word_1_525' title='bbox 3482 3332 3674 3402; x_wconf 84' lang='lat' dir='ltr'><strong>utquid</strong></span> 
     </span>
    </p>
   </div>
   <div class='ocr_carea' id='block_1_69' title="bbox 2116 3423 3674 3494">
    <p class='ocr_par' dir='ltr' id='par_1_69' title="bbox 2116 3423 3674 3494">
     <span class='ocr_line' id='line_1_69' title="bbox 2116 3423 3674 3494; baseline -0.003 -16"><span class='ocrx_word' id='word_1_526' title='bbox 2116 3440 2403 3480; x_wconf 82' lang='lat' dir='ltr'><strong>coruscum</strong></span> <span class='ocrx_word' id='word_1_527' title='bbox 2423 3423 2568 3479; x_wconf 90' lang='lat' dir='ltr'><strong>Pauli</strong></span> <span class='ocrx_word' id='word_1_528' title='bbox 2596 3425 2821 3494; x_wconf 73' lang='lat' dir='ltr'><strong>apostoli</strong></span> <span class='ocrx_word' id='word_1_529' title='bbox 2853 3425 3150 3479; x_wconf 87' lang='lat' dir='ltr'><strong>intonantis</strong></span> <span class='ocrx_word' id='word_1_530' title='bbox 3176 3426 3441 3492; x_wconf 89' lang='lat' dir='ltr'><strong>eloquium</strong></span> <span class='ocrx_word' id='word_1_531' title='bbox 3469 3423 3674 3484; x_wconf 82' lang='lat' dir='ltr'><strong>renuis,</strong></span> 
     </span>
    </p>
   </div>
   <div class='ocr_carea' id='block_1_70' title="bbox 2119 3518 3677 3596">
    <p class='ocr_par' dir='ltr' id='par_1_70' title="bbox 2119 3518 3677 3596">
     <span class='ocr_line' id='line_1_70' title="bbox 2119 3518 3677 3596; baseline -0.003 -22"><span class='ocrx_word' id='word_1_532' title='bbox 2119 3520 2374 3575; x_wconf 85' lang='lat' dir='ltr'><strong>dicentis:</strong></span> <span class='ocrx_word' id='word_1_533' title='bbox 2418 3519 2667 3579; x_wconf 82' lang='lat' dir='ltr'><strong>Christus.</strong></span> <span class='ocrx_word' id='word_1_534' title='bbox 2694 3522 2780 3589; x_wconf 87' lang='lat' dir='ltr'><strong>qui</strong></span> <span class='ocrx_word' id='word_1_535' title='bbox 2826 3520 2948 3573; x_wconf 87' lang='lat' dir='ltr'><strong>dum</strong></span> <span class='ocrx_word' id='word_1_536' title='bbox 2974 3521 3028 3572; x_wconf 84' lang='lat' dir='ltr'><strong>in</strong></span> <span class='ocrx_word' id='word_1_537' title='bbox 3054 3524 3216 3596; x_wconf 79' lang='lat' dir='ltr'><strong>forma</strong></span> <span class='ocrx_word' id='word_1_538' title='bbox 3247 3518 3340 3571; x_wconf 85' lang='lat' dir='ltr'><strong>Dei</strong></span> <span class='ocrx_word' id='word_1_539' title='bbox 3379 3529 3503 3572; x_wconf 78' lang='lat' dir='ltr'><strong>es&lt;et</strong></span> <span class='ocrx_word' id='word_1_540' title='bbox 3525 3558 3541 3575; x_wconf 91' lang='lat'><strong>.</strong></span> <span class='ocrx_word' id='word_1_541' title='bbox 3574 3535 3677 3571; x_wconf 83' lang='lat' dir='ltr'><strong>non</strong></span> 
     </span>
    </p>
   </div>
   <div class='ocr_carea' id='block_1_71' title="bbox 2117 3614 3669 3686">
    <p class='ocr_par' dir='ltr' id='par_1_71' title="bbox 2117 3614 3669 3686">
     <span class='ocr_line' id='line_1_71' title="bbox 2117 3614 3669 3686; baseline -0.003 -16"><span class='ocrx_word' id='word_1_542' title='bbox 2117 3620 2351 3684; x_wconf 82' lang='lat' dir='ltr'><strong>rapinam</strong></span> <span class='ocrx_word' id='word_1_543' title='bbox 2377 3617 2649 3669; x_wconf 78' lang='lat' dir='ltr'><strong>arbitratus</strong></span> <span class='ocrx_word' id='word_1_544' title='bbox 2662 3627 2734 3670; x_wconf 82' lang='lat' dir='ltr'><strong>est</strong></span> <span class='ocrx_word' id='word_1_545' title='bbox 2760 3633 2866 3669; x_wconf 84' lang='lat' dir='ltr'><strong>esse</strong></span> <span class='ocrx_word' id='word_1_546' title='bbox 2880 3633 2934 3670; x_wconf 87' lang='lat' dir='ltr'><strong>se</strong></span> <span class='ocrx_word' id='word_1_547' title='bbox 2952 3614 3194 3686; x_wconf 70' lang='lat' dir='ltr'><strong>mqualem</strong></span> <span class='ocrx_word' id='word_1_548' title='bbox 3229 3615 3332 3668; x_wconf 83' lang='lat' dir='ltr'><strong>Deo</strong></span> <span class='ocrx_word' id='word_1_549' title='bbox 3363 3615 3586 3686; x_wconf 75' lang='lat' dir='ltr'><strong>(Philip.</strong></span> <span class='ocrx_word' id='word_1_550' title='bbox 3612 3631 3669 3678; x_wconf 86' lang='lat' dir='ltr'><strong>tt,</strong></span> 
     </span>
    </p>
   </div>
   <div class='ocr_carea' id='block_1_72' title="bbox 2119 3699 3676 3776">
    <p class='ocr_par' dir='ltr' id='par_1_72' title="bbox 2119 3699 3676 3776">
     <span class='ocr_line' id='line_1_72' title="bbox 2119 3699 3676 3776; baseline -0.004 -14"><span class='ocrx_word' id='word_1_551' title='bbox 2119 3708 2209 3773; x_wconf 76' lang='lat'><strong>6)?</strong></span> <span class='ocrx_word' id='word_1_552' title='bbox 2239 3708 2333 3763; x_wconf 81' lang='lat' dir='ltr'><strong>Vel</strong></span> <span class='ocrx_word' id='word_1_553' title='bbox 2361 3707 2460 3762; x_wconf 86' lang='lat' dir='ltr'><strong>hoc</strong></span> <span class='ocrx_word' id='word_1_554' title='bbox 2505 3699 2763 3776; x_wconf 72' lang='lat' dir='ltr'><strong>inteHige,</strong></span> <span class='ocrx_word' id='word_1_555' title='bbox 2795 3707 2916 3774; x_wconf 82' lang='lat' dir='ltr'><strong>quia</strong></span> <span class='ocrx_word' id='word_1_556' title='bbox 2961 3720 3118 3761; x_wconf 90' lang='lat' dir='ltr'><strong>nemo</strong></span> <span class='ocrx_word' id='word_1_557' title='bbox 3146 3705 3458 3773; x_wconf 85' lang='lat' dir='ltr'><strong>sibimetipsi</strong></span> <span class='ocrx_word' id='word_1_558' title='bbox 3492 3704 3676 3758; x_wconf 69' lang='lat' dir='ltr'><strong>forma:</strong></span> 
     </span>
    </p>
   </div>
   <div class='ocr_carea' id='block_1_73' title="bbox 2119 3796 3672 3867">
    <p class='ocr_par' dir='ltr' id='par_1_73' title="bbox 2119 3796 3672 3867">
     <span class='ocr_line' id='line_1_73' title="bbox 2119 3796 3672 3867; baseline -0.005 -14"><span class='ocrx_word' id='word_1_559' title='bbox 2119 3799 2337 3867; x_wconf 66' lang='lat' dir='ltr'><strong>aequalis</strong></span> <span class='ocrx_word' id='word_1_560' title='bbox 2365 3807 2724 3864; x_wconf 88' lang='lat' dir='ltr'><strong>comparetur,</strong></span> <span class='ocrx_word' id='word_1_561' title='bbox 2755 3812 2877 3851; x_wconf 89' lang='lat' dir='ltr'><strong>cum</strong></span> <span class='ocrx_word' id='word_1_562' title='bbox 2907 3796 3075 3851; x_wconf 81' lang='lat' dir='ltr'><strong>forma</strong></span> <span class='ocrx_word' id='word_1_563' title='bbox 3104 3797 3322 3865; x_wconf 67' lang='lat' dir='ltr'><strong>aequalis</strong></span> <span class='ocrx_word' id='word_1_564' title='bbox 3349 3797 3398 3849; x_wconf 92' lang='lat' dir='ltr'><strong>in</strong></span> <span class='ocrx_word' id='word_1_565' title='bbox 3428 3809 3530 3850; x_wconf 85' lang='lat' dir='ltr'><strong>una</strong></span> <span class='ocrx_word' id='word_1_566' title='bbox 3557 3810 3672 3863; x_wconf 85' lang='lat' dir='ltr'><strong>per-</strong></span> 
     </span>
    </p>
   </div>
   <div class='ocr_carea' id='block_1_74' title="bbox 2119 3885 3672 3956">
    <p class='ocr_par' dir='ltr' id='par_1_74' title="bbox 2119 3885 3672 3956">
     <span class='ocr_line' id='line_1_74' title="bbox 2119 3885 3672 3956; baseline -0.005 -12"><span class='ocrx_word' id='word_1_567' title='bbox 2119 3904 2250 3944; x_wconf 76' lang='lat' dir='ltr'><strong>Sona</strong></span> <span class='ocrx_word' id='word_1_568' title='bbox 2282 3887 2538 3956; x_wconf 67' lang='lat' dir='ltr'><strong>(Sabelli)</strong></span> <span class='ocrx_word' id='word_1_569' title='bbox 2565 3887 2667 3942; x_wconf 83' lang='lat' dir='ltr'><strong>dici</strong></span> <span class='ocrx_word' id='word_1_570' title='bbox 2695 3901 2798 3939; x_wconf 89' lang='lat' dir='ltr'><strong>non</strong></span> <span class='ocrx_word' id='word_1_571' title='bbox 2831 3889 3030 3956; x_wconf 87' lang='lat' dir='ltr'><strong>possit,</strong></span> <span class='ocrx_word' id='word_1_572' title='bbox 3065 3889 3188 3940; x_wconf 88' lang='lat' dir='ltr'><strong>dum</strong></span> <span class='ocrx_word' id='word_1_573' title='bbox 3223 3887 3366 3939; x_wconf 90' lang='lat' dir='ltr'><strong>unita</strong></span> <span class='ocrx_word' id='word_1_574' title='bbox 3397 3885 3672 3953; x_wconf 62' lang='lat' dir='ltr'><strong>aequalitas</strong></span> 
     </span>
    </p>
   </div>
   <div class='ocr_carea' id='block_1_75' title="bbox 2122 3977 3676 4061">
    <p class='ocr_par' dir='ltr' id='par_1_75' title="bbox 2122 3977 3676 4061">
     <span class='ocr_line' id='line_1_75' title="bbox 2122 3977 3676 4061; baseline -0.005 -26"><span class='ocrx_word' id='word_1_575' title='bbox 2122 3982 2175 4036; x_wconf 91' lang='lat' dir='ltr'><strong>in</strong></span> <span class='ocrx_word' id='word_1_576' title='bbox 2225 3981 2468 4048; x_wconf 85' lang='lat' dir='ltr'><strong>utrisque</strong></span> <span class='ocrx_word' id='word_1_577' title='bbox 2484 3977 2782 4061; x_wconf 43' lang='lat' dir='ltr'><strong>’consistat;</strong></span> <span class='ocrx_word' id='word_1_578' title='bbox 2853 3988 2904 4032; x_wconf 89' lang='lat' dir='ltr'><strong>et</strong></span> <span class='ocrx_word' id='word_1_579' title='bbox 2953 3979 3066 4032; x_wconf 68' lang='lat' dir='ltr'><strong>haec</strong></span> <span class='ocrx_word' id='word_1_580' title='bbox 3095 3980 3238 4032; x_wconf 88' lang='lat' dir='ltr'><strong>unita</strong></span> <span class='ocrx_word' id='word_1_581' title='bbox 3268 3977 3543 4046; x_wconf 58' lang='lat' dir='ltr'><strong>aequalitas</strong></span> <span class='ocrx_word' id='word_1_582' title='bbox 3574 3991 3676 4030; x_wconf 82' lang='lat' dir='ltr'><strong>non</strong></span> 
     </span>
    </p>
   </div>
   <div class='ocr_carea' id='block_1_76' title="bbox 2121 4067 3671 4133">
    <p class='ocr_par' dir='ltr' id='par_1_76' title="bbox 2121 4067 3671 4133">
     <span class='ocr_line' id='line_1_76' title="bbox 2121 4067 3671 4133; baseline -0.005 -7"><span class='ocrx_word' id='word_1_583' title='bbox 2121 4080 2323 4126; x_wconf 76' lang='lat' dir='ltr'><strong>tantum</strong></span> <span class='ocrx_word' id='word_1_584' title='bbox 2352 4071 2403 4123; x_wconf 90' lang='lat' dir='ltr'><strong>iu</strong></span> <span class='ocrx_word' id='word_1_585' title='bbox 2431 4069 2700 4123; x_wconf 88' lang='lat' dir='ltr'><strong>voluntate</strong></span> <span class='ocrx_word' id='word_1_586' title='bbox 2750 4069 3051 4124; x_wconf 73' lang='lat' dir='ltr'><strong>concordia:</strong></span> <span class='ocrx_word' id='word_1_587' title='bbox 3093 4070 3180 4133; x_wconf 90' lang='lat' dir='ltr'><strong>sit,</strong></span> <span class='ocrx_word' id='word_1_588' title='bbox 3211 4069 3300 4122; x_wconf 87' lang='lat' dir='ltr'><strong>sed</strong></span> <span class='ocrx_word' id='word_1_589' title='bbox 3342 4069 3448 4121; x_wconf 90' lang='lat' dir='ltr'><strong>imo</strong></span> <span class='ocrx_word' id='word_1_590' title='bbox 3479 4069 3531 4121; x_wconf 90' lang='lat' dir='ltr'><strong>in</strong></span> <span class='ocrx_word' id='word_1_591' title='bbox 3561 4067 3671 4120; x_wconf 86' lang='lat' dir='ltr'><strong>dei-</strong></span> 
     </span>
    </p>
   </div>
   <div class='ocr_carea' id='block_1_77' title="bbox 464 4161 3673 4238">
    <p class='ocr_par' dir='ltr' id='par_1_77' title="bbox 464 4161 3673 4238">
     <span class='ocr_line' id='line_1_77' title="bbox 464 4161 3673 4238; baseline -0.001 -24"><span class='ocrx_word' id='word_1_592' title='bbox 464 4161 576 4215; x_wconf 81' lang='lat' dir='ltr'><strong>Deo</strong></span> <span class='ocrx_word' id='word_1_593' title='bbox 595 4202 610 4226; x_wconf 94' lang='lat'><strong>,</strong></span> <span class='ocrx_word' id='word_1_594' title='bbox 640 4167 728 4234; x_wconf 65' lang='lat' dir='ltr'><strong>sed</strong></span> <span class='ocrx_word' id='word_1_595' title='bbox 767 4165 1085 4233; x_wconf 84' lang='lat' dir='ltr'><strong>semetipsum</strong></span> <span class='ocrx_word' id='word_1_596' title='bbox 1108 4167 1402 4227; x_wconf 73' lang='lat' dir='ltr'><strong>exinanioit.</strong></span> <span class='ocrx_word' id='word_1_597' title='bbox 1447 4169 1662 4237; x_wconf 77' lang='lat' dir='ltr'><strong>formam</strong></span> <span class='ocrx_word' id='word_1_598' title='bbox 1710 4169 1835 4220; x_wconf 86' lang='lat' dir='ltr'><strong>servi</strong></span> <span class='ocrx_word' id='word_1_599' title='bbox 1877 4170 2016 4221; x_wconf 75' lang='lat' dir='ltr'><strong>arci-</strong></span> <span class='ocrx_word' id='word_1_600' title='bbox 2047 4180 2096 4238; x_wconf 81' lang='grc' dir='ltr'><strong>Ῑ)</strong></span> <span class='ocrx_word' id='word_1_601' title='bbox 2125 4176 2227 4218; x_wconf 87' lang='lat' dir='ltr'><strong>tate</strong></span> <span class='ocrx_word' id='word_1_602' title='bbox 2246 4205 2261 4229; x_wconf 90' lang='lat'><strong>,</strong></span> <span class='ocrx_word' id='word_1_603' title='bbox 2292 4167 2419 4218; x_wconf 89' lang='lat' dir='ltr'><strong>dum</strong></span> <span class='ocrx_word' id='word_1_604' title='bbox 2450 4164 2563 4218; x_wconf 70' lang='lat' dir='ltr'><strong>haec</strong></span> <span class='ocrx_word' id='word_1_605' title='bbox 2602 4163 2770 4218; x_wconf 77' lang='lat' dir='ltr'><strong>forma</strong></span> <span class='ocrx_word' id='word_1_606' title='bbox 2797 4164 3014 4230; x_wconf 74' lang='lat' dir='ltr'><strong>:rqualis</strong></span> <span class='ocrx_word' id='word_1_607' title='bbox 3042 4164 3257 4217; x_wconf 87' lang='lat' dir='ltr'><strong>omnino</strong></span> <span class='ocrx_word' id='word_1_608' title='bbox 3311 4162 3362 4214; x_wconf 92' lang='lat' dir='ltr'><strong>in</strong></span> <span class='ocrx_word' id='word_1_609' title='bbox 3394 4175 3545 4230; x_wconf 86' lang='lat' dir='ltr'><strong>parte</strong></span> <span class='ocrx_word' id='word_1_610' title='bbox 3575 4175 3673 4214; x_wconf 93' lang='lat' dir='ltr'><strong>non</strong></span> 
     </span>
    </p>
   </div>
   <div class='ocr_carea' id='block_1_78' title="bbox 466 4255 2020 4326">
    <p class='ocr_par' dir='ltr' id='par_1_78' title="bbox 466 4255 2020 4326">
     <span class='ocr_line' id='line_1_78' title="bbox 466 4255 2020 4326; baseline 0.005 -22"><span class='ocrx_word' id='word_1_611' title='bbox 466 4257 630 4323; x_wconf 75' lang='lat' dir='ltr'><strong>piens,</strong></span> <span class='ocrx_word' id='word_1_612' title='bbox 657 4256 708 4306; x_wconf 86' lang='lat' dir='ltr'><strong>in</strong></span> <span class='ocrx_word' id='word_1_613' title='bbox 751 4255 1136 4308; x_wconf 65' lang='lat' dir='ltr'><strong>sintir&#39;t&#39;tudinem</strong></span> <span class='ocrx_word' id='word_1_614' title='bbox 1178 4256 1438 4309; x_wconf 85' lang='lat' dir='ltr'><strong>hominum</strong></span> <span class='ocrx_word' id='word_1_615' title='bbox 1471 4259 1634 4326; x_wconf 77' lang='lat' dir='ltr'><strong>factus</strong></span> <span class='ocrx_word' id='word_1_616' title='bbox 1657 4298 1671 4320; x_wconf 85' lang='lat'><strong>,</strong></span> <span class='ocrx_word' id='word_1_617' title='bbox 1719 4267 1763 4309; x_wconf 86' lang='lat' dir='ltr'><strong>et</strong></span> <span class='ocrx_word' id='word_1_618' title='bbox 1793 4258 2020 4312; x_wconf 81' lang='lat' dir='ltr'><strong>inventus</strong></span> 
     </span>
    </p>
   </div>
   <div class='ocr_carea' id='block_1_79' title="bbox 468 4345 2023 4415">
    <p class='ocr_par' dir='ltr' id='par_1_79' title="bbox 468 4345 2023 4415">
     <span class='ocr_line' id='line_1_79' title="bbox 468 4345 2023 4415; baseline 0.003 -20"><span class='ocrx_word' id='word_1_619' title='bbox 468 4354 521 4397; x_wconf 83' lang='lat' dir='ltr'><strong>ut</strong></span> <span class='ocrx_word' id='word_1_620' title='bbox 557 4345 742 4408; x_wconf 83' lang='lat' dir='ltr'><strong>homo;</strong></span> <span class='ocrx_word' id='word_1_621' title='bbox 773 4345 1005 4399; x_wconf 86' lang='lat' dir='ltr'><strong>obediens</strong></span> <span class='ocrx_word' id='word_1_622' title='bbox 1052 4361 1205 4415; x_wconf 85' lang='lat' dir='ltr'><strong>usque</strong></span> <span class='ocrx_word' id='word_1_623' title='bbox 1232 4345 1300 4398; x_wconf 83' lang='lat' dir='ltr'><strong>ad</strong></span> <span class='ocrx_word' id='word_1_624' title='bbox 1345 4358 1550 4399; x_wconf 83' lang='lat' dir='ltr'><strong>mortem</strong></span> <span class='ocrx_word' id='word_1_625' title='bbox 1575 4345 1599 4408; x_wconf 75' lang='grc'><strong>,⁸</strong></span> <span class='ocrx_word' id='word_1_626' title='bbox 1620 4355 1823 4398; x_wconf 87' lang='lat' dir='ltr'><strong>mortem</strong></span> <span class='ocrx_word' id='word_1_627' title='bbox 1855 4357 2023 4400; x_wconf 78' lang='lat' dir='ltr'><strong>autem</strong></span> 
     </span>
    </p>
   </div>
   <div class='ocr_carea' id='block_1_80' title="bbox 465 4435 2020 4505">
    <p class='ocr_par' dir='ltr' id='par_1_80' title="bbox 465 4435 2020 4505">
     <span class='ocr_line' id='line_1_80' title="bbox 465 4435 2020 4505; baseline 0.003 -19"><span class='ocrx_word' id='word_1_628' title='bbox 465 4437 630 4488; x_wconf 76' lang='lat' dir='ltr'><strong>crucis</strong></span> <span class='ocrx_word' id='word_1_629' title='bbox 660 4435 880 4505; x_wconf 75' lang='lat' dir='ltr'><strong>(Philip.</strong></span> <span class='ocrx_word' id='word_1_630' title='bbox 912 4450 968 4504; x_wconf 89' lang='lat' dir='ltr'><strong>tt,</strong></span> <span class='ocrx_word' id='word_1_631' title='bbox 1002 4436 1078 4505; x_wconf 89' lang='lat'><strong>6).</strong></span> <span class='ocrx_word' id='word_1_632' title='bbox 1124 4437 1221 4503; x_wconf 81' lang='lat' dir='ltr'><strong>Qui</strong></span> <span class='ocrx_word' id='word_1_633' title='bbox 1248 4445 1424 4491; x_wconf 89' lang='lat' dir='ltr'><strong>autem</strong></span> <span class='ocrx_word' id='word_1_634' title='bbox 1467 4438 1520 4490; x_wconf 91' lang='lat' dir='ltr'><strong>in</strong></span> <span class='ocrx_word' id='word_1_635' title='bbox 1565 4436 1732 4490; x_wconf 83' lang='lat' dir='ltr'><strong>forma</strong></span> <span class='ocrx_word' id='word_1_636' title='bbox 1771 4437 1864 4491; x_wconf 89' lang='lat' dir='ltr'><strong>Dei</strong></span> <span class='ocrx_word' id='word_1_637' title='bbox 1902 4444 2020 4501; x_wconf 83' lang='lat' dir='ltr'><strong>est,</strong></span> 
     </span>
    </p>
   </div>
   <div class='ocr_carea' id='block_1_81' title="bbox 465 4526 2028 4596">
    <p class='ocr_par' dir='ltr' id='par_1_81' title="bbox 465 4526 2028 4596">
     <span class='ocr_line' id='line_1_81' title="bbox 465 4526 2028 4596; baseline -0.001 -15"><span class='ocrx_word' id='word_1_638' title='bbox 465 4530 642 4582; x_wconf 79' lang='lat' dir='ltr'><strong>minor</strong></span> <span class='ocrx_word' id='word_1_639' title='bbox 663 4543 781 4582; x_wconf 89' lang='lat' dir='ltr'><strong>esse</strong></span> <span class='ocrx_word' id='word_1_640' title='bbox 811 4543 911 4582; x_wconf 88' lang='lat' dir='ltr'><strong>non</strong></span> <span class='ocrx_word' id='word_1_641' title='bbox 940 4537 1135 4596; x_wconf 79' lang='lat' dir='ltr'><strong>potest.</strong></span> <span class='ocrx_word' id='word_1_642' title='bbox 1177 4529 1355 4596; x_wconf 76' lang='lat' dir='ltr'><strong>Rogo,</strong></span> <span class='ocrx_word' id='word_1_643' title='bbox 1382 4527 1648 4596; x_wconf 88' lang='lat' dir='ltr'><strong>quomodo</strong></span> <span class='ocrx_word' id='word_1_644' title='bbox 1679 4528 1834 4581; x_wconf 87' lang='lat' dir='ltr'><strong>Pater</strong></span> <span class='ocrx_word' id='word_1_645' title='bbox 1857 4526 2028 4596; x_wconf 91' lang='lat' dir='ltr'><strong>major</strong></span> 
     </span>
    </p>
   </div>
   <div class='ocr_carea' id='block_1_82' title="bbox 465 4617 2019 4686">
    <p class='ocr_par' dir='ltr' id='par_1_82' title="bbox 465 4617 2019 4686">
     <span class='ocr_line' id='line_1_82' title="bbox 465 4617 2019 4686; baseline 0.001 -16"><span class='ocrx_word' id='word_1_646' title='bbox 465 4619 791 4686; x_wconf 63' lang='grc' dir='ltr'><strong>νεκροιιίιιιιν</strong></span> <span class='ocrx_word' id='word_1_647' title='bbox 804 4619 956 4682; x_wconf 83' lang='lat' dir='ltr'><strong>Filio,</strong></span> <span class='ocrx_word' id='word_1_648' title='bbox 981 4628 1033 4672; x_wconf 92' lang='lat' dir='ltr'><strong>et</strong></span> <span class='ocrx_word' id='word_1_649' title='bbox 1057 4617 1223 4671; x_wconf 84' lang='lat' dir='ltr'><strong>Filius</strong></span> <span class='ocrx_word' id='word_1_650' title='bbox 1245 4618 1418 4672; x_wconf 87' lang='lat' dir='ltr'><strong>minor</strong></span> <span class='ocrx_word' id='word_1_651' title='bbox 1439 4617 1683 4672; x_wconf 90' lang='lat' dir='ltr'><strong>subditur</strong></span> <span class='ocrx_word' id='word_1_652' title='bbox 1705 4618 1879 4682; x_wconf 85' lang='lat' dir='ltr'><strong>Patri,</strong></span> <span class='ocrx_word' id='word_1_653' title='bbox 1900 4633 2019 4673; x_wconf 90' lang='lat' dir='ltr'><strong>cum</strong></span> 
     </span>
    </p>
   </div>
   <div class='ocr_carea' id='block_1_83' title="bbox 481 4708 2023 4778">
    <p class='ocr_par' dir='ltr' id='par_1_83' title="bbox 481 4708 2023 4778">
     <span class='ocr_line' id='line_1_83' title="bbox 481 4708 2023 4778; baseline 0.001 -18"><span class='ocrx_word' id='word_1_654' title='bbox 481 4712 650 4763; x_wconf 78' lang='lat' dir='ltr'><strong>forma</strong></span> <span class='ocrx_word' id='word_1_655' title='bbox 682 4711 770 4762; x_wconf 88' lang='lat' dir='ltr'><strong>Dei</strong></span> <span class='ocrx_word' id='word_1_656' title='bbox 822 4724 924 4762; x_wconf 90' lang='lat' dir='ltr'><strong>una</strong></span> <span class='ocrx_word' id='word_1_657' title='bbox 956 4709 1182 4776; x_wconf 76' lang='lat' dir='ltr'><strong>perfecta</strong></span> <span class='ocrx_word' id='word_1_658' title='bbox 1214 4709 1308 4772; x_wconf 91' lang='lat' dir='ltr'><strong>sit;</strong></span> <span class='ocrx_word' id='word_1_659' title='bbox 1338 4716 1392 4762; x_wconf 89' lang='lat' dir='ltr'><strong>et</strong></span> <span class='ocrx_word' id='word_1_660' title='bbox 1421 4712 1470 4762; x_wconf 93' lang='lat' dir='ltr'><strong>in</strong></span> <span class='ocrx_word' id='word_1_661' title='bbox 1502 4713 1650 4778; x_wconf 82' lang='lat' dir='ltr'><strong>parte</strong></span> <span class='ocrx_word' id='word_1_662' title='bbox 1687 4708 1902 4776; x_wconf 83' lang='lat' dir='ltr'><strong>:eqttalis</strong></span> <span class='ocrx_word' id='word_1_663' title='bbox 1924 4749 1938 4772; x_wconf 91' lang='lat'><strong>,</strong></span> <span class='ocrx_word' id='word_1_664' title='bbox 1969 4719 2023 4762; x_wconf 90' lang='lat' dir='ltr'><strong>et</strong></span> 
     </span>
    </p>
   </div>
   <div class='ocr_carea' id='block_1_84' title="bbox 470 4800 2026 4869">
    <p class='ocr_par' dir='ltr' id='par_1_84' title="bbox 470 4800 2026 4869">
     <span class='ocr_line' id='line_1_84' title="bbox 470 4800 2026 4869; baseline 0.001 -18"><span class='ocrx_word' id='word_1_665' title='bbox 470 4802 520 4851; x_wconf 84' lang='lat' dir='ltr'><strong>iu</strong></span> <span class='ocrx_word' id='word_1_666' title='bbox 556 4811 703 4867; x_wconf 82' lang='lat' dir='ltr'><strong>parte</strong></span> <span class='ocrx_word' id='word_1_667' title='bbox 745 4801 1034 4853; x_wconf 86' lang='lat' dir='ltr'><strong>divinitatis</strong></span> <span class='ocrx_word' id='word_1_668' title='bbox 1075 4801 1350 4869; x_wconf 68' lang='lat' dir='ltr'><strong>inmqualis</strong></span> <span class='ocrx_word' id='word_1_669' title='bbox 1393 4801 1498 4853; x_wconf 90' lang='lat' dir='ltr'><strong>dici</strong></span> <span class='ocrx_word' id='word_1_670' title='bbox 1555 4816 1657 4853; x_wconf 87' lang='lat' dir='ltr'><strong>non</strong></span> <span class='ocrx_word' id='word_1_671' title='bbox 1692 4800 1892 4868; x_wconf 74' lang='lat' dir='ltr'><strong>ppasit?</strong></span> <span class='ocrx_word' id='word_1_672' title='bbox 1924 4802 2026 4854; x_wconf 88' lang='lat' dir='ltr'><strong>uti-</strong></span> 
     </span>
    </p>
   </div>
   <div class='ocr_carea' id='block_1_85' title="bbox 471 4890 2029 4960">
    <p class='ocr_par' dir='ltr' id='par_1_85' title="bbox 471 4890 2029 4960">
     <span class='ocr_line' id='line_1_85' title="bbox 471 4890 2029 4960; baseline 0.002 -20"><span class='ocrx_word' id='word_1_673' title='bbox 471 4905 575 4956; x_wconf 80' lang='lat' dir='ltr'><strong>que</strong></span> <span class='ocrx_word' id='word_1_674' title='bbox 600 4894 698 4957; x_wconf 86' lang='lat' dir='ltr'><strong>qut.</strong></span> <span class='ocrx_word' id='word_1_675' title='bbox 716 4900 808 4942; x_wconf 86' lang='lat' dir='ltr'><strong>aut</strong></span> <span class='ocrx_word' id='word_1_676' title='bbox 832 4899 972 4942; x_wconf 81' lang='lat' dir='ltr'><strong>totus</strong></span> <span class='ocrx_word' id='word_1_677' title='bbox 994 4891 1044 4943; x_wconf 92' lang='lat' dir='ltr'><strong>in</strong></span> <span class='ocrx_word' id='word_1_678' title='bbox 1076 4897 1185 4943; x_wconf 85' lang='lat' dir='ltr'><strong>toto</strong></span> <span class='ocrx_word' id='word_1_679' title='bbox 1216 4900 1355 4960; x_wconf 77' lang='lat' dir='ltr'><strong>totus</strong></span> <span class='ocrx_word' id='word_1_680' title='bbox 1377 4890 1446 4943; x_wconf 91' lang='lat' dir='ltr'><strong>sit</strong></span> <span class='ocrx_word' id='word_1_681' title='bbox 1467 4892 1625 4959; x_wconf 74' lang='lat'><strong>219</strong></span> <span class='ocrx_word' id='word_1_682' title='bbox 1651 4890 1873 4957; x_wconf 66' lang='lat' dir='ltr'><strong>aequalis</strong></span> <span class='ocrx_word' id='word_1_683' title='bbox 1896 4891 1946 4954; x_wconf 64' lang='grc'><strong>⁸,</strong></span> <span class='ocrx_word' id='word_1_684' title='bbox 1971 4897 2029 4943; x_wconf 85' lang='lat' dir='ltr'><strong>ut</strong></span> 
     </span>
    </p>
   </div>
   <div class='ocr_carea' id='block_1_86' title="bbox 471 4974 2022 5046">
    <p class='ocr_par' dir='ltr' id='par_1_86' title="bbox 471 4974 2022 5046">
     <span class='ocr_line' id='line_1_86' title="bbox 471 4974 2022 5046; baseline 0.001 -16"><span class='ocrx_word' id='word_1_685' title='bbox 471 4979 612 5046; x_wconf 80' lang='lat' dir='ltr'><strong>apud</strong></span> <span class='ocrx_word' id='word_1_686' title='bbox 637 4995 731 5034; x_wconf 84' lang='lat' dir='ltr'><strong>nos</strong></span> <span class='ocrx_word' id='word_1_687' title='bbox 751 4980 1085 5034; x_wconf 81' lang='lat' dir='ltr'><strong>manifestum</strong></span> <span class='ocrx_word' id='word_1_688' title='bbox 1101 4989 1215 5040; x_wconf 88' lang='lat' dir='ltr'><strong>est;</strong></span> <span class='ocrx_word' id='word_1_689' title='bbox 1246 4989 1336 5033; x_wconf 87' lang='lat' dir='ltr'><strong>aut</strong></span> <span class='ocrx_word' id='word_1_690' title='bbox 1365 4974 1503 5033; x_wconf 84' lang='lat' dir='ltr'><strong>totus</strong></span> <span class='ocrx_word' id='word_1_691' title='bbox 1545 4981 1595 5033; x_wconf 94' lang='lat' dir='ltr'><strong>in</strong></span> <span class='ocrx_word' id='word_1_692' title='bbox 1627 4987 1894 5033; x_wconf 77' lang='lat' dir='ltr'><strong>towtotits</strong></span> <span class='ocrx_word' id='word_1_693' title='bbox 1915 4993 2022 5032; x_wconf 88' lang='lat' dir='ltr'><strong>non</strong></span> 
     </span>
    </p>
   </div>
   <div class='ocr_carea' id='block_1_87' title="bbox 471 5068 2019 5137">
    <p class='ocr_par' dir='ltr' id='par_1_87' title="bbox 471 5068 2019 5137">
     <span class='ocr_line' id='line_1_87' title="bbox 471 5068 2019 5137; baseline 0.001 -16"><span class='ocrx_word' id='word_1_694' title='bbox 471 5068 564 5130; x_wconf 83' lang='lat' dir='ltr'><strong>sit,</strong></span> <span class='ocrx_word' id='word_1_695' title='bbox 586 5068 677 5121; x_wconf 88' lang='lat' dir='ltr'><strong>sed</strong></span> <span class='ocrx_word' id='word_1_696' title='bbox 709 5069 866 5120; x_wconf 86' lang='lat' dir='ltr'><strong>simul</strong></span> <span class='ocrx_word' id='word_1_697' title='bbox 896 5071 945 5121; x_wconf 88' lang='lat' dir='ltr'><strong>itt</strong></span> <span class='ocrx_word' id='word_1_698' title='bbox 968 5077 1079 5122; x_wconf 84' lang='lat' dir='ltr'><strong>toto</strong></span> <span class='ocrx_word' id='word_1_699' title='bbox 1107 5069 1178 5121; x_wconf 83' lang='lat' dir='ltr'><strong>sit</strong></span> <span class='ocrx_word' id='word_1_700' title='bbox 1210 5070 1506 5136; x_wconf 61' lang='lat' dir='ltr'><strong>inaequalis,</strong></span> <span class='ocrx_word' id='word_1_701' title='bbox 1532 5077 1589 5122; x_wconf 94' lang='lat' dir='ltr'><strong>ut</strong></span> <span class='ocrx_word' id='word_1_702' title='bbox 1621 5069 1757 5136; x_wconf 87' lang='lat' dir='ltr'><strong>apud</strong></span> <span class='ocrx_word' id='word_1_703' title='bbox 1788 5084 1900 5122; x_wconf 87' lang='lat' dir='ltr'><strong>vos.</strong></span> <span class='ocrx_word' id='word_1_704' title='bbox 1922 5069 2019 5137; x_wconf 79' lang='lat' dir='ltr'><strong>lgi-</strong></span> 
     </span>
    </p>
   </div>
   <div class='ocr_carea' id='block_1_88' title="bbox 472 5157 2021 5224">
    <p class='ocr_par' dir='ltr' id='par_1_88' title="bbox 472 5157 2021 5224">
     <span class='ocr_line' id='line_1_88' title="bbox 472 5157 2021 5224; baseline 0 -13"><span class='ocrx_word' id='word_1_705' title='bbox 472 5169 559 5211; x_wconf 90' lang='lat' dir='ltr'><strong>tur</strong></span> <span class='ocrx_word' id='word_1_706' title='bbox 584 5157 719 5224; x_wconf 79' lang='lat' dir='ltr'><strong>elige</strong></span> <span class='ocrx_word' id='word_1_707' title='bbox 743 5158 832 5210; x_wconf 84' lang='lat' dir='ltr'><strong>tibi</strong></span> <span class='ocrx_word' id='word_1_708' title='bbox 864 5176 1021 5213; x_wconf 87' lang='lat' dir='ltr'><strong>unum</strong></span> <span class='ocrx_word' id='word_1_709' title='bbox 1053 5159 1119 5213; x_wconf 87' lang='lat' dir='ltr'><strong>de</strong></span> <span class='ocrx_word' id='word_1_710' title='bbox 1149 5159 1376 5222; x_wconf 86' lang='lat' dir='ltr'><strong>duobus,</strong></span> <span class='ocrx_word' id='word_1_711' title='bbox 1408 5171 1498 5212; x_wconf 90' lang='lat' dir='ltr'><strong>aut</strong></span> <span class='ocrx_word' id='word_1_712' title='bbox 1522 5175 1624 5212; x_wconf 85' lang='lat' dir='ltr'><strong>uno</strong></span> <span class='ocrx_word' id='word_1_713' title='bbox 1649 5167 1728 5213; x_wconf 88' lang='lat' dir='ltr'><strong>est</strong></span> <span class='ocrx_word' id='word_1_714' title='bbox 1758 5160 1808 5212; x_wconf 91' lang='lat' dir='ltr'><strong>in</strong></span> <span class='ocrx_word' id='word_1_715' title='bbox 1840 5159 1923 5211; x_wconf 87' lang='lat' dir='ltr'><strong>bis</strong></span> <span class='ocrx_word' id='word_1_716' title='bbox 1943 5160 2021 5212; x_wconf 83' lang='lat' dir='ltr'><strong>di-</strong></span> 
     </span>
    </p>
   </div>
   <div class='ocr_carea' id='block_1_89' title="bbox 474 5247 2020 5315">
    <p class='ocr_par' dir='ltr' id='par_1_89' title="bbox 474 5247 2020 5315">
     <span class='ocr_line' id='line_1_89' title="bbox 474 5247 2020 5315; baseline 0.003 -19"><span class='ocrx_word' id='word_1_717' title='bbox 474 5247 706 5300; x_wconf 75' lang='lat' dir='ltr'><strong>vinitntis</strong></span> <span class='ocrx_word' id='word_1_718' title='bbox 736 5247 914 5314; x_wconf 78' lang='lat' dir='ltr'><strong>gloria:</strong></span> <span class='ocrx_word' id='word_1_719' title='bbox 941 5249 1232 5315; x_wconf 74' lang='lat' dir='ltr'><strong>aequalitas,</strong></span> <span class='ocrx_word' id='word_1_720' title='bbox 1266 5261 1353 5302; x_wconf 89' lang='lat' dir='ltr'><strong>aut</strong></span> <span class='ocrx_word' id='word_1_721' title='bbox 1379 5264 1481 5300; x_wconf 87' lang='lat' dir='ltr'><strong>una</strong></span> <span class='ocrx_word' id='word_1_722' title='bbox 1508 5248 1838 5315; x_wconf 75' lang='lat' dir='ltr'><strong>inmqnalitas</strong></span> <span class='ocrx_word' id='word_1_723' title='bbox 1856 5289 1868 5310; x_wconf 86' lang='lat'><strong>,</strong></span> <span class='ocrx_word' id='word_1_724' title='bbox 1896 5249 2020 5301; x_wconf 89' lang='lat' dir='ltr'><strong>dum</strong></span> 
     </span>
    </p>
   </div>
   <div class='ocr_carea' id='block_1_90' title="bbox 472 5334 2023 5405">
    <p class='ocr_par' dir='ltr' id='par_1_90' title="bbox 472 5334 2023 5405">
     <span class='ocr_line' id='line_1_90' title="bbox 472 5334 2023 5405; baseline 0.002 -18"><span class='ocrx_word' id='word_1_725' title='bbox 472 5337 639 5388; x_wconf 76' lang='lat' dir='ltr'><strong>forma</strong></span> <span class='ocrx_word' id='word_1_726' title='bbox 678 5352 769 5389; x_wconf 85' lang='lat' dir='ltr'><strong>sua</strong></span> <span class='ocrx_word' id='word_1_727' title='bbox 816 5351 969 5390; x_wconf 89' lang='lat' dir='ltr'><strong>nemo</strong></span> <span class='ocrx_word' id='word_1_728' title='bbox 995 5339 1061 5389; x_wconf 90' lang='lat' dir='ltr'><strong>sit</strong></span> <span class='ocrx_word' id='word_1_729' title='bbox 1093 5338 1263 5405; x_wconf 82' lang='lat' dir='ltr'><strong>major</strong></span> <span class='ocrx_word' id='word_1_730' title='bbox 1307 5337 1383 5390; x_wconf 88' lang='lat' dir='ltr'><strong>vel</strong></span> <span class='ocrx_word' id='word_1_731' title='bbox 1415 5338 1613 5390; x_wconf 88' lang='lat' dir='ltr'><strong>minor.</strong></span> <span class='ocrx_word' id='word_1_732' title='bbox 1648 5338 1798 5390; x_wconf 82' lang='lat' dir='ltr'><strong>Aliud</strong></span> <span class='ocrx_word' id='word_1_733' title='bbox 1825 5334 1948 5402; x_wconf 61' lang='lat' dir='ltr'><strong>‘est,</strong></span> <span class='ocrx_word' id='word_1_734' title='bbox 1982 5339 2023 5390; x_wconf 82' lang='lat' dir='ltr'><strong>si</strong></span> 
     </span>
    </p>
   </div>
   <div class='ocr_carea' id='block_1_91' title="bbox 480 5427 2024 5500">
    <p class='ocr_par' dir='ltr' id='par_1_91' title="bbox 480 5427 2024 5500">
     <span class='ocr_line' id='line_1_91' title="bbox 480 5427 2024 5500; baseline 0.001 -23"><span class='ocrx_word' id='word_1_735' title='bbox 480 5435 676 5500; x_wconf 69' lang='lat' dir='ltr'><strong>contra</strong></span> <span class='ocrx_word' id='word_1_736' title='bbox 714 5429 1077 5480; x_wconf 81' lang='lat' dir='ltr'><strong>auctOritatem</strong></span> <span class='ocrx_word' id='word_1_737' title='bbox 1128 5428 1418 5481; x_wconf 85' lang='lat' dir='ltr'><strong>beatissimi</strong></span> <span class='ocrx_word' id='word_1_738' title='bbox 1468 5427 1741 5492; x_wconf 41' lang='lat' dir='ltr'><strong>Apo‘toli,</strong></span> <span class='ocrx_word' id='word_1_739' title='bbox 1789 5427 2024 5481; x_wconf 88' lang='lat' dir='ltr'><strong>doctoris</strong></span> 
     </span>
    </p>
   </div>
   <div class='ocr_carea' id='block_1_92' title="bbox 2124 4254 3674 4321">
    <p class='ocr_par' dir='ltr' id='par_1_92' title="bbox 2124 4254 3674 4321">
     <span class='ocr_line' id='line_1_92' title="bbox 2124 4254 3674 4321; baseline -0.003 -12"><span class='ocrx_word' id='word_1_740' title='bbox 2124 4256 2411 4309; x_wconf 61' lang='lat' dir='ltr'><strong>dividatur.</strong></span> <span class='ocrx_word' id='word_1_741' title='bbox 2443 4255 2574 4321; x_wconf 85' lang='lat' dir='ltr'><strong>Quia</strong></span> <span class='ocrx_word' id='word_1_742' title='bbox 2604 4254 2690 4307; x_wconf 88' lang='lat' dir='ltr'><strong>ubi</strong></span> <span class='ocrx_word' id='word_1_743' title='bbox 2715 4271 2812 4315; x_wconf 75' lang='lat' dir='ltr'><strong>una</strong></span> <span class='ocrx_word' id='word_1_744' title='bbox 2853 4255 3123 4321; x_wconf 65' lang='lat' dir='ltr'><strong>aequalitas</strong></span> <span class='ocrx_word' id='word_1_745' title='bbox 3152 4262 3252 4318; x_wconf 81' lang='lat' dir='ltr'><strong>est,</strong></span> <span class='ocrx_word' id='word_1_746' title='bbox 3299 4256 3368 4308; x_wconf 91' lang='lat' dir='ltr'><strong>ibi</strong></span> <span class='ocrx_word' id='word_1_747' title='bbox 3398 4255 3674 4307; x_wconf 76' lang='lat' dir='ltr'><strong>diversitas</strong></span> 
     </span>
    </p>
   </div>
   <div class='ocr_carea' id='block_1_93' title="bbox 2137 4343 3672 4410">
    <p class='ocr_par' dir='ltr' id='par_1_93' title="bbox 2137 4343 3672 4410">
     <span class='ocr_line' id='line_1_93' title="bbox 2137 4343 3672 4410; baseline -0.003 -12"><span class='ocrx_word' id='word_1_748' title='bbox 2137 4346 2278 4398; x_wconf 90' lang='lat' dir='ltr'><strong>nulla</strong></span> <span class='ocrx_word' id='word_1_749' title='bbox 2329 4352 2436 4396; x_wconf 77' lang='lat' dir='ltr'><strong>est:</strong></span> <span class='ocrx_word' id='word_1_750' title='bbox 2469 4344 2552 4397; x_wconf 88' lang='lat' dir='ltr'><strong>vel</strong></span> <span class='ocrx_word' id='word_1_751' title='bbox 2577 4343 2664 4396; x_wconf 73' lang='lat' dir='ltr'><strong>ubi</strong></span> <span class='ocrx_word' id='word_1_752' title='bbox 2692 4360 2792 4396; x_wconf 83' lang='lat' dir='ltr'><strong>una</strong></span> <span class='ocrx_word' id='word_1_753' title='bbox 2815 4345 3082 4410; x_wconf 73' lang='lat' dir='ltr'><strong>mqualitas</strong></span> <span class='ocrx_word' id='word_1_754' title='bbox 3107 4351 3187 4396; x_wconf 81' lang='lat' dir='ltr'><strong>est</strong></span> <span class='ocrx_word' id='word_1_755' title='bbox 3205 4383 3219 4406; x_wconf 87' lang='lat'><strong>,</strong></span> <span class='ocrx_word' id='word_1_756' title='bbox 3252 4345 3384 4397; x_wconf 89' lang='lat' dir='ltr'><strong>alter</strong></span> <span class='ocrx_word' id='word_1_757' title='bbox 3403 4345 3556 4397; x_wconf 79' lang='lat' dir='ltr'><strong>alteri</strong></span> <span class='ocrx_word' id='word_1_758' title='bbox 3575 4357 3672 4396; x_wconf 90' lang='lat' dir='ltr'><strong>non</strong></span> 
     </span>
    </p>
   </div>
   <div class='ocr_carea' id='block_1_94' title="bbox 2127 4433 3669 4501">
    <p class='ocr_par' dir='ltr' id='par_1_94' title="bbox 2127 4433 3669 4501">
     <span class='ocr_line' id='line_1_94' title="bbox 2127 4433 3669 4501; baseline 0 -15"><span class='ocrx_word' id='word_1_759' title='bbox 2127 4434 2465 4501; x_wconf 60' lang='grc' dir='ltr'><strong>ει-ιιιριιοηὶεω</strong></span> <span class='ocrx_word' id='word_1_760' title='bbox 2490 4473 2504 4496; x_wconf 83' lang='grc'><em>,</em></span> <span class='ocrx_word' id='word_1_761' title='bbox 2546 4433 2638 4486; x_wconf 81' lang='lat' dir='ltr'><strong>sed</strong></span> <span class='ocrx_word' id='word_1_762' title='bbox 2681 4448 2779 4487; x_wconf 89' lang='lat' dir='ltr'><strong>nec</strong></span> <span class='ocrx_word' id='word_1_763' title='bbox 2820 4433 3181 4500; x_wconf 61' lang='lat' dir='ltr'><strong>pra‘ponitur,</strong></span> <span class='ocrx_word' id='word_1_764' title='bbox 3215 4449 3311 4487; x_wconf 89' lang='lat' dir='ltr'><strong>nec</strong></span> <span class='ocrx_word' id='word_1_765' title='bbox 3358 4434 3669 4501; x_wconf 72' lang='lat' dir='ltr'><strong>subjicitur;</strong></span> 
     </span>
    </p>
   </div>
   <div class='ocr_carea' id='block_1_95' title="bbox 2128 4525 3670 4594">
    <p class='ocr_par' dir='ltr' id='par_1_95' title="bbox 2128 4525 3670 4594">
     <span class='ocr_line' id='line_1_95' title="bbox 2128 4525 3670 4594; baseline -0.004 -14"><span class='ocrx_word' id='word_1_766' title='bbox 2128 4527 2252 4580; x_wconf 93' lang='lat' dir='ltr'><strong>dum</strong></span> <span class='ocrx_word' id='word_1_767' title='bbox 2273 4527 2419 4580; x_wconf 90' lang='lat' dir='ltr'><strong>unita</strong></span> <span class='ocrx_word' id='word_1_768' title='bbox 2442 4525 2715 4594; x_wconf 66' lang='lat' dir='ltr'><strong>aequalitas</strong></span> <span class='ocrx_word' id='word_1_769' title='bbox 2742 4526 3027 4580; x_wconf 78' lang='lat' dir='ltr'><strong>indiscreta</strong></span> <span class='ocrx_word' id='word_1_770' title='bbox 3052 4526 3142 4589; x_wconf 89' lang='lat' dir='ltr'><strong>sit,</strong></span> <span class='ocrx_word' id='word_1_771' title='bbox 3166 4541 3284 4594; x_wconf 72' lang='lat' dir='ltr'><strong>qua:</strong></span> <span class='ocrx_word' id='word_1_772' title='bbox 3306 4536 3386 4579; x_wconf 89' lang='lat' dir='ltr'><strong>est</strong></span> <span class='ocrx_word' id='word_1_773' title='bbox 3406 4526 3670 4594; x_wconf 83' lang='lat' dir='ltr'><strong>plenitudo</strong></span> 
     </span>
    </p>
   </div>
   <div class='ocr_carea' id='block_1_96' title="bbox 2133 4614 3668 4683">
    <p class='ocr_par' dir='ltr' id='par_1_96' title="bbox 2133 4614 3668 4683">
     <span class='ocr_line' id='line_1_96' title="bbox 2133 4614 3668 4683; baseline -0.002 -14"><span class='ocrx_word' id='word_1_774' title='bbox 2133 4615 2437 4670; x_wconf 81' lang='lat' dir='ltr'><strong>divinitatis.</strong></span> <span class='ocrx_word' id='word_1_775' title='bbox 2471 4614 2713 4681; x_wconf 84' lang='lat' dir='ltr'><strong>Nunquid</strong></span> <span class='ocrx_word' id='word_1_776' title='bbox 2742 4616 2863 4683; x_wconf 81' lang='lat' dir='ltr'><strong>quia</strong></span> <span class='ocrx_word' id='word_1_777' title='bbox 2892 4614 3147 4680; x_wconf 64' lang='lat' dir='ltr'><strong>:tsqiia&#39;em</strong></span> <span class='ocrx_word' id='word_1_778' title='bbox 3182 4616 3386 4670; x_wconf 89' lang='lat' dir='ltr'><strong>Patrem</strong></span> <span class='ocrx_word' id='word_1_779' title='bbox 3419 4626 3472 4669; x_wconf 85' lang='lat' dir='ltr'><strong>et</strong></span> <span class='ocrx_word' id='word_1_780' title='bbox 3495 4617 3668 4670; x_wconf 79' lang='lat' dir='ltr'><strong>Fitium</strong></span> 
     </span>
    </p>
   </div>
   <div class='ocr_carea' id='block_1_97' title="bbox 2135 4704 3672 4773">
    <p class='ocr_par' dir='ltr' id='par_1_97' title="bbox 2135 4704 3672 4773">
     <span class='ocr_line' id='line_1_97' title="bbox 2135 4704 3672 4773; baseline -0.003 -13"><span class='ocrx_word' id='word_1_781' title='bbox 2135 4707 2186 4760; x_wconf 90' lang='lat' dir='ltr'><strong>in</strong></span> <span class='ocrx_word' id='word_1_782' title='bbox 2211 4704 2728 4770; x_wconf 86' lang='lat' dir='ltr'><strong>deitate,secundum</strong></span> <span class='ocrx_word' id='word_1_783' title='bbox 2751 4708 3116 4759; x_wconf 81' lang='lat' dir='ltr'><strong>auctoritatem</strong></span> <span class='ocrx_word' id='word_1_784' title='bbox 3138 4707 3504 4772; x_wconf 70' lang='lat' dir='ltr'><strong>evangelicam</strong></span> <span class='ocrx_word' id='word_1_785' title='bbox 3527 4717 3672 4773; x_wconf 83' lang='lat' dir='ltr'><strong>atque</strong></span> 
     </span>
    </p>
   </div>
   <div class='ocr_carea' id='block_1_98' title="bbox 2131 4797 3668 4865">
    <p class='ocr_par' dir='ltr' id='par_1_98' title="bbox 2131 4797 3668 4865">
     <span class='ocr_line' id='line_1_98' title="bbox 2131 4797 3668 4865; baseline -0.003 -14"><span class='ocrx_word' id='word_1_786' title='bbox 2131 4797 2472 4865; x_wconf 85' lang='lat' dir='ltr'><strong>apostolicam</strong></span> <span class='ocrx_word' id='word_1_787' title='bbox 2499 4797 2725 4850; x_wconf 88' lang='lat' dir='ltr'><strong>dicimus</strong></span> <span class='ocrx_word' id='word_1_788' title='bbox 2746 4836 2762 4861; x_wconf 93' lang='lat'><strong>,</strong></span> <span class='ocrx_word' id='word_1_789' title='bbox 2809 4798 3035 4862; x_wconf 75' lang='lat' dir='ltr'><strong>aliquam</strong></span> <span class='ocrx_word' id='word_1_790' title='bbox 3067 4807 3438 4865; x_wconf 81' lang='lat' dir='ltr'><strong>comparantes</strong></span> <span class='ocrx_word' id='word_1_791' title='bbox 3469 4811 3668 4848; x_wconf 82' lang='lat' dir='ltr'><strong>mensu-</strong></span> 
     </span>
    </p>
   </div>
   <div class='ocr_carea' id='block_1_99' title="bbox 2132 4886 3667 4956">
    <p class='ocr_par' dir='ltr' id='par_1_99' title="bbox 2132 4886 3667 4956">
     <span class='ocr_line' id='line_1_99' title="bbox 2132 4886 3667 4956; baseline -0.004 -14"><span class='ocrx_word' id='word_1_792' title='bbox 2132 4903 2243 4942; x_wconf 87' lang='lat' dir='ltr'><strong>ram</strong></span> <span class='ocrx_word' id='word_1_793' title='bbox 2276 4888 2328 4941; x_wconf 92' lang='lat' dir='ltr'><strong>in</strong></span> <span class='ocrx_word' id='word_1_794' title='bbox 2357 4886 2436 4940; x_wconf 90' lang='lat' dir='ltr'><strong>his</strong></span> <span class='ocrx_word' id='word_1_795' title='bbox 2484 4902 2604 4941; x_wconf 87' lang='lat' dir='ltr'><strong>esse</strong></span> <span class='ocrx_word' id='word_1_796' title='bbox 2644 4887 2935 4956; x_wconf 70' lang='lat' dir='ltr'><strong>(hmretice)</strong></span> <span class='ocrx_word' id='word_1_797' title='bbox 2967 4887 3268 4955; x_wconf 89' lang='lat' dir='ltr'><strong>posuimus;</strong></span> <span class='ocrx_word' id='word_1_798' title='bbox 3300 4887 3422 4940; x_wconf 88' lang='lat' dir='ltr'><strong>dum</strong></span> <span class='ocrx_word' id='word_1_799' title='bbox 3479 4888 3667 4940; x_wconf 83' lang='lat' dir='ltr'><strong>incom-</strong></span> 
     </span>
    </p>
   </div>
   <div class='ocr_carea' id='block_1_100' title="bbox 2136 4976 3666 5046">
    <p class='ocr_par' dir='ltr' id='par_1_100' title="bbox 2136 4976 3666 5046">
     <span class='ocr_line' id='line_1_100' title="bbox 2136 4976 3666 5046; baseline -0.003 -17"><span class='ocrx_word' id='word_1_800' title='bbox 2136 4978 2388 5046; x_wconf 72' lang='lat' dir='ltr'><strong>parabilis</strong></span> <span class='ocrx_word' id='word_1_801' title='bbox 2416 4978 2484 5030; x_wconf 88' lang='lat' dir='ltr'><strong>sit</strong></span> <span class='ocrx_word' id='word_1_802' title='bbox 2528 4977 2640 5030; x_wconf 68' lang='lat' dir='ltr'><strong>haec</strong></span> <span class='ocrx_word' id='word_1_803' title='bbox 2687 4977 2828 5030; x_wconf 87' lang='lat' dir='ltr'><strong>unita</strong></span> <span class='ocrx_word' id='word_1_804' title='bbox 2884 4978 3158 5046; x_wconf 66' lang='lat' dir='ltr'><strong>inqualitas</strong></span> <span class='ocrx_word' id='word_1_805' title='bbox 3189 4979 3523 5032; x_wconf 79' lang='lat' dir='ltr'><strong>divinitatis?</strong></span> <span class='ocrx_word' id='word_1_806' title='bbox 3553 4976 3666 5042; x_wconf 85' lang='lat' dir='ltr'><strong>Quia</strong></span> 
     </span>
    </p>
   </div>
   <div class='ocr_carea' id='block_1_101' title="bbox 2122 5068 3666 5138">
    <p class='ocr_par' dir='ltr' id='par_1_101' title="bbox 2122 5068 3666 5138">
     <span class='ocr_line' id='line_1_101' title="bbox 2122 5068 3666 5138; baseline -0.006 -15"><span class='ocrx_word' id='word_1_807' title='bbox 2122 5070 2189 5123; x_wconf 87' lang='lat' dir='ltr'><strong>de</strong></span> <span class='ocrx_word' id='word_1_808' title='bbox 2211 5078 2280 5131; x_wconf 87' lang='lat' dir='ltr'><strong>te,</strong></span> <span class='ocrx_word' id='word_1_809' title='bbox 2302 5069 2462 5132; x_wconf 73' lang='lat' dir='ltr'><strong>Deus,</strong></span> <span class='ocrx_word' id='word_1_810' title='bbox 2489 5068 2744 5122; x_wconf 85' lang='lat' dir='ltr'><strong>senserim</strong></span> <span class='ocrx_word' id='word_1_811' title='bbox 2768 5083 2923 5138; x_wconf 91' lang='lat' dir='ltr'><strong>quam</strong></span> <span class='ocrx_word' id='word_1_812' title='bbox 2942 5070 3004 5121; x_wconf 90' lang='lat' dir='ltr'><strong>ad</strong></span> <span class='ocrx_word' id='word_1_813' title='bbox 3020 5070 3270 5137; x_wconf 88' lang='lat' dir='ltr'><strong>liquidum</strong></span> <span class='ocrx_word' id='word_1_814' title='bbox 3289 5069 3510 5122; x_wconf 79' lang='lat' dir='ltr'><strong>dixerim</strong></span> <span class='ocrx_word' id='word_1_815' title='bbox 3529 5113 3541 5132; x_wconf 80' lang='lat'><strong>,</strong></span> <span class='ocrx_word' id='word_1_816' title='bbox 3557 5069 3666 5120; x_wconf 89' lang='lat' dir='ltr'><strong>dum</strong></span> 
     </span>
    </p>
   </div>
   <div class='ocr_carea' id='block_1_102' title="bbox 2123 5149 3665 5222">
    <p class='ocr_par' dir='ltr' id='par_1_102' title="bbox 2123 5149 3665 5222">
     <span class='ocr_line' id='line_1_102' title="bbox 2123 5149 3665 5222; baseline -0.004 -11"><span class='ocrx_word' id='word_1_817' title='bbox 2123 5149 2192 5212; x_wconf 85' lang='lat' dir='ltr'><strong>de</strong></span> <span class='ocrx_word' id='word_1_818' title='bbox 2221 5170 2271 5212; x_wconf 89' lang='lat' dir='ltr'><strong>te</strong></span> <span class='ocrx_word' id='word_1_819' title='bbox 2293 5201 2307 5221; x_wconf 89' lang='lat'><strong>,</strong></span> <span class='ocrx_word' id='word_1_820' title='bbox 2359 5159 2514 5219; x_wconf 89' lang='lat' dir='ltr'><strong>Deus,</strong></span> <span class='ocrx_word' id='word_1_821' title='bbox 2540 5158 2891 5222; x_wconf 88' lang='lat' dir='ltr'><strong>credendum,</strong></span> <span class='ocrx_word' id='word_1_822' title='bbox 2916 5168 2968 5212; x_wconf 87' lang='lat' dir='ltr'><strong>et</strong></span> <span class='ocrx_word' id='word_1_823' title='bbox 2997 5173 3118 5213; x_wconf 70' lang='lat' dir='ltr'><strong>non</strong></span> <span class='ocrx_word' id='word_1_824' title='bbox 3143 5159 3528 5211; x_wconf 80' lang='lat' dir='ltr'><strong>deﬁniendum.</strong></span> <span class='ocrx_word' id='word_1_825' title='bbox 3556 5152 3665 5209; x_wconf 77' lang='lat' dir='ltr'><strong>Mitti</strong></span> 
     </span>
    </p>
   </div>
   <div class='ocr_carea' id='block_1_103' title="bbox 2124 5249 3661 5318">
    <p class='ocr_par' dir='ltr' id='par_1_103' title="bbox 2124 5249 3661 5318">
     <span class='ocr_line' id='line_1_103' title="bbox 2124 5249 3661 5318; baseline -0.007 -11"><span class='ocrx_word' id='word_1_826' title='bbox 2124 5252 2264 5307; x_wconf 89' lang='lat' dir='ltr'><strong>enim</strong></span> <span class='ocrx_word' id='word_1_827' title='bbox 2303 5249 2521 5304; x_wconf 88' lang='lat' dir='ltr'><strong>credere</strong></span> <span class='ocrx_word' id='word_1_828' title='bbox 2546 5249 2748 5318; x_wconf 87' lang='lat' dir='ltr'><strong>jnssum</strong></span> <span class='ocrx_word' id='word_1_829' title='bbox 2791 5259 2900 5312; x_wconf 66' lang='lat' dir='ltr'><strong>est,</strong></span> <span class='ocrx_word' id='word_1_830' title='bbox 2941 5266 3045 5302; x_wconf 88' lang='lat' dir='ltr'><strong>non</strong></span> <span class='ocrx_word' id='word_1_831' title='bbox 3077 5249 3340 5304; x_wconf 88' lang='lat' dir='ltr'><strong>discutere</strong></span> <span class='ocrx_word' id='word_1_832' title='bbox 3368 5251 3661 5317; x_wconf 82' lang='lat' dir='ltr'><strong>permissum</strong></span> 
     </span>
    </p>
   </div>
   <div class='ocr_carea' id='block_1_104' title="bbox 2128 5337 3662 5408">
    <p class='ocr_par' dir='ltr' id='par_1_104' title="bbox 2128 5337 3662 5408">
     <span class='ocr_line' id='line_1_104' title="bbox 2128 5337 3662 5408; baseline -0.007 -12"><span class='ocrx_word' id='word_1_833' title='bbox 2128 5351 2228 5397; x_wconf 89' lang='lat' dir='ltr'><strong>est.</strong></span> <span class='ocrx_word' id='word_1_834' title='bbox 2260 5342 2382 5395; x_wconf 87' lang='lat' dir='ltr'><strong>ldeo</strong></span> <span class='ocrx_word' id='word_1_835' title='bbox 2402 5341 2645 5394; x_wconf 84' lang='lat' dir='ltr'><strong>Christus</strong></span> <span class='ocrx_word' id='word_1_836' title='bbox 2669 5341 2759 5394; x_wconf 86' lang='lat' dir='ltr'><strong>Dei</strong></span> <span class='ocrx_word' id='word_1_837' title='bbox 2792 5339 2989 5404; x_wconf 83' lang='lat' dir='ltr'><strong>forma,</strong></span> <span class='ocrx_word' id='word_1_838' title='bbox 3014 5341 3093 5394; x_wconf 83' lang='lat' dir='ltr'><strong>vel</strong></span> <span class='ocrx_word' id='word_1_839' title='bbox 3125 5341 3294 5408; x_wconf 80' lang='lat' dir='ltr'><strong>imago</strong></span> <span class='ocrx_word' id='word_1_840' title='bbox 3321 5356 3439 5392; x_wconf 77' lang='lat' dir='ltr'><strong>veru</strong></span> <span class='ocrx_word' id='word_1_841' title='bbox 3470 5339 3555 5392; x_wconf 84' lang='lat' dir='ltr'><strong>Dei</strong></span> <span class='ocrx_word' id='word_1_842' title='bbox 3581 5337 3662 5388; x_wconf 82' lang='lat' dir='ltr'><strong>Pa-</strong></span> 
     </span>
    </p>
   </div>
   <div class='ocr_carea' id='block_1_105' title="bbox 2132 5427 3658 5499">
    <p class='ocr_par' dir='ltr' id='par_1_105' title="bbox 2132 5427 3658 5499">
     <span class='ocr_line' id='line_1_105' title="bbox 2132 5427 3658 5499; baseline -0.006 -14"><span class='ocrx_word' id='word_1_843' title='bbox 2132 5435 2226 5485; x_wconf 86' lang='lat' dir='ltr'><strong>tris</strong></span> <span class='ocrx_word' id='word_1_844' title='bbox 2273 5431 2573 5496; x_wconf 82' lang='lat' dir='ltr'><strong>invisibi&#39;is,</strong></span> <span class='ocrx_word' id='word_1_845' title='bbox 2625 5431 2745 5497; x_wconf 89' lang='lat' dir='ltr'><strong>quia</strong></span> <span class='ocrx_word' id='word_1_846' title='bbox 2777 5446 2876 5484; x_wconf 89' lang='lat' dir='ltr'><strong>una</strong></span> <span class='ocrx_word' id='word_1_847' title='bbox 2907 5440 2986 5484; x_wconf 90' lang='lat' dir='ltr'><strong>est</strong></span> <span class='ocrx_word' id='word_1_848' title='bbox 3022 5430 3073 5484; x_wconf 90' lang='lat' dir='ltr'><strong>in</strong></span> <span class='ocrx_word' id='word_1_849' title='bbox 3108 5430 3188 5483; x_wconf 76' lang='lat' dir='ltr'><strong>bis</strong></span> <span class='ocrx_word' id='word_1_850' title='bbox 3214 5431 3375 5484; x_wconf 80' lang='lat' dir='ltr'><strong>forma</strong></span> <span class='ocrx_word' id='word_1_851' title='bbox 3406 5441 3459 5483; x_wconf 86' lang='lat' dir='ltr'><strong>et</strong></span> <span class='ocrx_word' id='word_1_852' title='bbox 3498 5427 3658 5499; x_wconf 65' lang='lat' dir='ltr'><strong>gloriae</strong></span> 
     </span>
    </p>
   </div>
   <div class='ocr_carea' id='block_1_106' title="bbox 543 5539 3655 5629">
    <p class='ocr_par' dir='ltr' id='par_1_106' title="bbox 543 5539 3655 5629">
     <span class='ocr_line' id='line_1_106' title="bbox 543 5539 3655 5629; baseline 0.001 -21"><span class='ocrx_word' id='word_1_853' title='bbox 543 5561 569 5590; x_wconf 70' lang='grc'><strong>³*</strong></span> <span class='ocrx_word' id='word_1_854' title='bbox 600 5559 805 5611; x_wconf 75' lang='lat' dir='ltr'><strong>Phrosis</strong></span> <span class='ocrx_word' id='word_1_855' title='bbox 831 5560 1009 5611; x_wconf 75' lang='lat' dir='ltr'><strong>vitiosa</strong></span> <span class='ocrx_word' id='word_1_856' title='bbox 1043 5575 1136 5614; x_wconf 87' lang='lat' dir='ltr'><strong>nec</strong></span> <span class='ocrx_word' id='word_1_857' title='bbox 1154 5559 1216 5613; x_wconf 75' lang='lat' dir='ltr'><strong>fat</strong></span> <span class='ocrx_word' id='word_1_858' title='bbox 1236 5559 1304 5614; x_wconf 89' lang='lat' dir='ltr'><strong>ilc</strong></span> <span class='ocrx_word' id='word_1_859' title='bbox 1329 5558 1677 5613; x_wconf 74' lang='lat' dir='ltr'><strong>medicabilis.</strong></span> <span class='ocrx_word' id='word_1_860' title='bbox 1710 5539 1906 5613; x_wconf 81' lang='lat' dir='ltr'><strong>Sensus</strong></span> <span class='ocrx_word' id='word_1_861' title='bbox 1929 5560 2069 5613; x_wconf 85' lang='lat' dir='ltr'><strong>idem</strong></span> <span class='ocrx_word' id='word_1_862' title='bbox 2116 5558 2322 5614; x_wconf 77' lang='lat' dir='ltr'><strong>videtur</strong></span> <span class='ocrx_word' id='word_1_863' title='bbox 2347 5573 2466 5614; x_wconf 88' lang='lat' dir='ltr'><strong>esse</strong></span> <span class='ocrx_word' id='word_1_864' title='bbox 2507 5572 2569 5613; x_wconf 90' lang='lat' dir='ltr'><strong>ac</strong></span> <span class='ocrx_word' id='word_1_865' title='bbox 2595 5558 2639 5613; x_wconf 90' lang='lat' dir='ltr'><strong>si</strong></span> <span class='ocrx_word' id='word_1_866' title='bbox 2661 5558 2914 5629; x_wconf 88' lang='lat' dir='ltr'><strong>scriptum</strong></span> <span class='ocrx_word' id='word_1_867' title='bbox 2941 5570 3079 5614; x_wconf 83' lang='lat' dir='ltr'><strong>esset</strong></span> <span class='ocrx_word' id='word_1_868' title='bbox 3106 5576 3116 5610; x_wconf 90' lang='lat'><strong>:</strong></span> <span class='ocrx_word' id='word_1_869' title='bbox 3154 5558 3332 5629; x_wconf 80' lang='lat' dir='ltr'><strong>Utique</strong></span> <span class='ocrx_word' id='word_1_870' title='bbox 3357 5570 3444 5611; x_wconf 83' lang='lat' dir='ltr'><strong>aut</strong></span> <span class='ocrx_word' id='word_1_871' title='bbox 3471 5570 3591 5613; x_wconf 78' lang='lat' dir='ltr'><strong>totas</strong></span> <span class='ocrx_word' id='word_1_872' title='bbox 3612 5558 3655 5607; x_wconf 72' lang='lat' dir='ltr'><strong>in</strong></span> 
     </span>
    </p>
   </div>
   <div class='ocr_carea' id='block_1_107' title="bbox 495 5629 1027 5685">
    <p class='ocr_par' dir='ltr' id='par_1_107' title="bbox 495 5629 1027 5685">
     <span class='ocr_line' id='line_1_107' title="bbox 495 5629 1027 5685; baseline 0.009 -11"><span class='ocrx_word' id='word_1_873' title='bbox 495 5635 598 5676; x_wconf 85' lang='lat' dir='ltr'><strong>toto</strong></span> <span class='ocrx_word' id='word_1_874' title='bbox 621 5638 709 5685; x_wconf 79' lang='lat' dir='ltr'><strong>cst.</strong></span> <span class='ocrx_word' id='word_1_875' title='bbox 742 5639 842 5680; x_wconf 82' lang='lat' dir='ltr'><strong>etc.</strong></span> <span class='ocrx_word' id='word_1_876' title='bbox 881 5629 1027 5681; x_wconf 73' lang='lat' dir='ltr'><strong>Ent&#39;r.</strong></span> 
     </span>
    </p>
   </div>
  </div>
