3856 6222
446 255 550 309 253
1744 253 1963 309 VlGlLll

2164 249 2369 306 iENSlS
3555 253 3687 308 256

448 370 695 435 Spiritum
720 368 1127 435 sanctiﬁcationis
1167 385 1230 424 ex
1259 369 1618 424 resurrectione
1651 377 1984 426 mortuorum.
2023 370 2064 423 Α
2099 364 2210 428 fieri
2237 371 2419 433 potest,
2453 364 2669 432 transfer
2697 365 2899 417 calicem
2928 365 3076 418 istum
3118 380 3150 417 a
3187 379 3267 418 me
3315 362 3501 432 (Marc.
3539 378 3679 428 xw,

448 462 581 512 Ecce
626 456 911 511 secundum
962 455 1253 524 hominem,
1303 474 1427 514 ecce
1468 457 1753 513 secundum
1797 455 1982 509 Deum.
2093 453 2212 519 56),
2243 454 2287 507 si
2328 454 2442 507 hzuc
2471 454 2711 529 universa
2738 454 3001 509 divinitati
3028 464 3156 510 sunt
3182 454 3526 523 imputanda?
3554 454 3685 508 Ab-

445 547 613 600 Unam
662 556 833 600 tamen
880 560 1158 614 personam
1191 548 1387 616 duplici
1432 545 1817 615 signiﬁcatione
1870 559 1990 598 esse
2090 544 2177 596 sit.
2234 543 2366 596 Cum
2418 542 2503 598 hic
2553 544 2711 597 homo
2757 558 2880 598 vere
2908 559 3006 613 pro
3034 544 3189 598 nobis
3212 558 3396 613 passus
3423 545 3492 597 sit
3565 544 3679 608 qui

447 634 699 699 ostendit,
727 635 864 688 sicut
891 635 1028 690 idem
1058 636 1170 704 ipse
1197 638 1298 692 alio
1326 640 1378 690 in
1407 638 1520 691 loco
1552 636 1746 704 repetit
1787 653 1801 689 :
1845 634 1989 688 Unus
2092 644 2334 687 naturam
2360 632 2428 687 de
2465 633 2679 702 Virgine
2711 648 2777 688 ex
2806 632 2981 688 radice
3010 644 3191 689 nostra
3231 634 3439 687 inﬁrma
3486 631 3685 703 22$

438 727 569 777 enim
598 725 749 780 Deus.
780 726 844 780 Et
869 743 972 782 non
1012 729 1064 782 in
1094 729 1191 782 alia
1221 741 1443 796 persona
1472 726 1587 781 htec
1613 726 1839 780 dicendo
1882 728 1989 779 dis-
2092 724 2144 777 in
2167 738 2225 778 se
2246 723 2450 776 habuit.
2491 723 2615 779 Ideo
2639 732 2848 779 nostras
2877 723 3211 779 inﬁrmitates
3252 724 3523 788 mortalis,
3576 722 3679 776 vel

446 817 602 869 tinxit
623 832 637 869 :
689 816 829 871 Unus
848 828 919 871 est
943 820 1184 871 mediator
1200 818 1291 869 Dei
1312 828 1356 871 et
1377 816 1654 882 hominum,
1674 816 1826 870 homo
1842 816 1989 869 Chri-
2093 814 2357 881 passibilis
2388 814 2548 868 homo
2569 816 2693 869 vere
2713 816 2989 880 sustinuit,
3017 817 3106 886 qui
3140 825 3263 883 post
3294 814 3618 882 passionem
3644 826 3683 865 a

437 916 544 958 stus
572 904 722 959 Iesus
750 905 805 975 (1
829 907 961 960 Tim.
992 924 1049 972 η,
1078 907 1151 975 5).
1193 906 1342 961 Sicut
1368 907 1623 974 scriptum
1660 916 1743 961 est
1772 924 1785 960 :
1820 887 1989 959 liomo
2093 904 2201 957 Deo
2228 919 2411 958 rursus
2434 920 2558 959 vere
2588 914 2891 972 assumptus
2922 913 3024 959 est.
3072 905 3223 973 Quod
3252 905 3366 973 ipse
3390 903 3680 958 Dominus

362 1068 365 1069 ν
438 1002 534 1057 est,
562 1004 607 1048 et
630 998 740 1065 quis
761 998 981 1065 agnoscit
1010 1011 1120 1049 eum
1155 994 1360 1066 (Jerem.
1398 1012 1524 1061 xvn,
1550 996 1644 1066 9)?
1682 996 1840 1050 Vides
1866 996 1988 1064 quia
2090 993 2318 1046 absolvit
2340 1009 2356 1050 :
2381 991 2499 1063 Ego
2521 1010 2652 1058 pono
2671 994 2890 1046 animum
2907 1009 3087 1057 meum.
3113 1004 3169 1046 tu
3188 994 3371 1046 ίιεηιπι
3394 993 3676 1058 “diu?!”

436 1084 728 1141 mediator?
765 1086 869 1139 Nec
902 1086 1007 1153 jam
1039 1085 1173 1139 Deus
1208 1095 1409 1141 tantum
1452 1102 1585 1155 pure
1624 1086 1741 1141 sine
1776 1086 1993 1142 homine
2090 1098 2220 1136 eam.
2262 1082 2426 1135 Nemo
2455 1084 2589 1137 tollit
2619 1100 2728 1136 eam
2755 1100 2787 1135 α
2818 1100 2916 1147 me.
2956 1084 3043 1137 sed
3080 1100 3169 1156 ego
3196 1100 3329 1153 pono
3359 1099 3472 1137 eam
3508 1098 3551 1135 α
3584 1096 3678 1134 ωε

440 1188 596 1240 quem
626 1174 902 1243 assumpsit
924 1174 1025 1228 dici
1054 1186 1245 1242 potest,
1264 1191 1360 1231 nec
1382 1178 1538 1230 homo
1564 1178 1677 1230 sine
1699 1177 1828 1231 Deo.
1855 1176 1959 1231 Con

2152 1187 2273 1226 oon.
2303 1187 2360 1235 ι,
2392 1171 2503 1241 17).
2545 1172 2724 1241 Itaque
2751 1172 3005 1243 intellige,
3036 1175 3157 1243 quia
3193 1173 3336 1241 prius
3368 1173 3454 1227 hic
3482 1172 3675 1226 homo

442 1265 616 1317 sidera
645 1264 766 1333 quia
786 1263 976 1333 duplex
1006 1276 1089 1319 est
1122 1266 1302 1321 in'una
1328 1272 1549 1335 persona
1580 1267 1886 1321 mediatoris
1913 1266 1989 1321 si-
2092 1259 2143 1314 in
2175 1260 2448 1316 nativitate
2477 1261 2545 1315 de
2573 1262 2731 1316 Haria
2767 1262 2981 1332 Virgine
3018 1269 3321 1332 assumptus
3365 1270 3469 1320 est.
3510 1271 3580 1316 et
3611 1262 3674 1315 in

431 1353 722 1419 gniﬁcatio,
762 1352 903 1409 Deus
923 1364 975 1409 et
1005 1355 1164 1409 homo
1195 1372 1209 1410 ε
1249 1356 1372 1410 dum
1416 1356 1482 1411 de
1513 1357 1619 1412 Deo
1649 1358 1787 1412 Deus
1814 1359 1903 1421 sit,
1932 1367 1987 1411 et
2092 1352 2339 1419 passione
2366 1353 2709 1421 permittente
2750 1362 3010 1423 potestate
3035 1353 3151 1423 ejus
3190 1352 3413 1407 traditus
3447 1360 3568 1415 est.
3610 1361 3675 1408 et

437 1445 728 1498 secundum
754 1459 969 1500 carnem
994 1445 1130 1500 idem
1161 1447 1270 1515 ipse
1298 1446 1434 1499 ﬁlius
1466 1448 1695 1501 hominis
1734 1448 1824 1501 sit.
1866 1448 1988 1501 ideo
2092 1451 2206 1509 post
2242 1443 2541 1510 passionem
2569 1443 2744 1498 denuo
2771 1451 3078 1513 assumptus
3117 1443 3183 1497 ab
3222 1444 3339 1512 ipso
3368 1444 3453 1497 vel
3492 1457 3673 1497 accc.L

436 1545 591 1587 verus
616 1534 772 1598 Deus,
797 1543 851 1589 et
886 1534 1043 1588 homo
1072 1548 1227 1589 verus
1248 1545 1329 1589 est
1356 1535 1439 1589 hic
1464 1536 1739 1601 mediator,
1768 1538 1904 1591 sicut
1934 1546 1987 1591 et
2091 1542 2209 1597 ptus
2233 1539 2336 1597 est,
2368 1533 2502 1585 sicut
2528 1533 2782 1602 scriptum
2809 1540 2929 1589 est:
2963 1532 3102 1586 Nam
3122 1533 3216 1589 etsi
3264 1533 3552 1599 cruci/ints
3584 1542 3673 1586 est

430 1624 604 1676 forma
629 1623 741 1688 Dei,
756 1612 994 1680 et'forma
1016 1625 1265 1681 hominis.
1290 1626 1439 1681 Unde
1458 1628 1849 1695 receptissimus
1872 1643 1953 1697 prc

2143 1635 2152 1671 :
2175 1619 2471 1685 inﬁrmitate
2497 1629 2701 1687 nostra,
2728 1622 2819 1675 sed
2839 1622 2957 1675 vivit
2991 1637 3055 1676 ea:
3074 1622 3254 1676 virtute
3277 1621 3373 1676 Dei
3414 1620 3499 1693 (11
3529 1620 3666 1675 Cor.

437 1714 986 1782 phetarumleremias
1008 1716 1073 1770 ad
1096 1720 1207 1771 haec
1229 1717 1356 1771 dicit
1379 1734 1393 1770 :
1426 1717 1527 1771 Hic
1554 1728 1624 1772 est
1649 1718 1783 1772 Deus
1802 1731 1960 1772 noster

2143 1726 2210 1774 tu,
2238 1710 2314 1781 Α).
2356 1710 2536 1767 Vides.
2565 1711 2665 1778 Qui
2693 1711 2983 1766 secundum
3011 1712 3373 1767 inﬁmitatem
3406 1720 3666 1765 nostram

431 1817 479 1860 et
508 1821 607 1858 non
632 1806 959 1860 astimabitnr
981 1808 1115 1860 alius
1140 1807 1324 1877 absque
1351 1809 1440 1861 illo
1463 1824 1481 1861 :
1504 1810 1590 1879 qui
1609 1811 1860 1863 adinvenit
1883 1825 1989 1863 om-
2092 1802 2250 1853 homo
2278 1817 2404 1857 vero
2430 1802 2713 1858 cruciﬁxus
2741 1811 2841 1868 est,
2862 1811 2919 1859 et
2945 1804 3237 1859 secundum
3266 1804 3523 1857 virtutem
3557 1801 3666 1856 Del

432 1912 546 1949 nem
570 1897 702 1948 riam
730 1897 973 1965 scientias,
1013 1908 1059 1950 et
1087 1898 1220 1953 dedit
1259 1915 1365 1951 eam
1394 1894 1557 1952 Jacob
1592 1906 1750 1969 puero
1788 1917 1901 1967 suo,
1940 1919 1955 1954 ε

2145 1892 2239 1943 vit.
2298 1891 2538 1961 Denique
2570 1891 2865 1948 considera
2894 1893 3059 1948 Deum
3111 1908 3205 1962 pro
3247 1892 3662 1963 dispensatione

438 1984 604 2039 Israel
629 1985 813 2039 dilecto
837 2002 948 2040 suo.
992 1986 1112 2039 Post
1142 1987 1248 2041 hwc
1269 1990 1321 2041 in
1348 1988 1490 2042 terris
1514 1990 1645 2043 visus
1672 2000 1765 2054 est,
1797 1999 1844 2043 et
1871 2006 1987 2043 cum
2089 1981 2321 2037 ltontinis
2343 1983 2447 2047 sui,
2478 1998 2633 2051 quem
2669 1982 2975 2051 assumpsit,
3015 1984 3247 2039 locutum
3278 1984 3442 2037 fuisse
3470 1999 3485 2035 :
3522 1981 3661 2035 Sel-

431 2075 718 2129 bominibus
740 2087 1055 2131 conuersatus
1076 2086 1147 2130 est
1174 2076 1615 2147 (Baruehm,56).
1642 2080 1797 2149 223
1830 2079 1987 2133 γίάοε
2086 2062 2180 2126 uite
2205 2073 2446 2143 templum
2473 2072 2588 2139 hoc,
2628 2084 2674 2128 et
2710 2074 2764 2126 in
2801 2073 2959 2126 tribus
2995 2074 3172 2127 diebus
3214 2071 3469 2127 suscitabo
3509 2072 3661 2124 illud

437 2178 584 2230 ergo,
616 2177 651 2217 ο
676 2162 939 2229 hteretice,
961 2164 1120 2219 Deum
1144 2180 1237 2235 per
1251 2168 1610 2235 operationem
1635 2183 1806 2232 suam,
1832 2168 1881 2221 id
1904 2177 1985 2223 est
2090 2165 2267 2235 (Joan.
2294 2179 2353 2232 tt,
2379 2164 2489 2235 i9).
2519 2164 2702 2220 Nonne
2723 2165 2788 2220 de
2816 2165 3014 2230 templo
3040 2165 3284 2235 corporis
3308 2165 3390 2219 δυῖ
3431 2165 3659 2218 locum

435 2253 730 2319 hominem,
762 2253 924 2309 fuisse
946 2255 1202 2323 agnitum.
1230 2256 1285 2312 Si
1313 2271 1436 2311 vero
1466 2256 1601 2311 hanc
1626 2266 1829 2310 tantum
1861 2273 1987 2325 pro-
2087 2268 2169 2310 est
2194 2257 2327 2325 hac,
2348 2257 2489 2325 quod
2520 2265 2639 2325 post
2663 2257 2892 2311 triduum
2914 2257 3028 2326 ipse
3045 2256 3360 2312 suseitavita
3381 2253 3660 2309 mortuis?

430 2342 695 2398 bstionem
726 2343 1118 2411 Scripturarum
1163 2360 1269 2399 non
1308 2346 1525 2415 accipis,
1565 2347 1903 2418 interrogabo
1930 2358 1986 2403 te
2086 2348 2325 2418 Nunquid
2357 2348 2517 2403 homo
2543 2349 2629 2419 qui
2661 2349 2845 2403 orabat
2900 2340 2955 2402 ui
2981 2348 3119 2403 calix
3146 2348 3213 2403 ab
3239 2347 3332 2401 illo
3361 2351 3652 2410 transiret,

427 2432 498 2488 de
526 2433 819 2489 mediatore
850 2448 988 2498 meo,
1023 2434 1128 2488 imo
1152 2435 1386 2490 omnium
1409 2447 1667 2491 nostrum.
1701 2439 1984 2507 Responde
2085 2449 2263 2492 contra
2289 2453 2350 2495 se
2374 2438 2583 2495 dicebat
2611 2457 2625 2493 :
2656 2439 2961 2494 Potestatem
2987 2428 3146 2495 habeo
3175 2440 3393 2507 ponendi
3416 2440 3655 2491 enim

435 2521 562 2577 mihi
588 2523 738 2590 cujus
774 2537 931 2579 causa
958 2524 1210 2593 scriptum
1237 2525 1322 2580 vel
1350 2524 1657 2582 distinctum
1687 2528 1984 2597 invenitur;
2086 2541 2268 2594 meum,
2332 2540 2380 2584 et
2431 2540 2727 2600 potestatem
2772 2530 2930 2585 habeo
2971 2546 3146 2585 rursus
3182 2529 3475 2585 assunsendi
3532 2544 3653 2583 eum

433 2622 611 2668 utrum
636 2613 751 2683 Dei,
783 2630 850 2669 an
881 2613 1132 2681 hominis,
1161 2618 1251 2686 qui
1285 2618 1523 2682 ssurivit,
1551 2628 1641 2673 aut
1661 2618 1854 2685 sitivit,
1893 2632 1989 2676 aut
2087 2617 2266 2687 (Joan.
2299 2634 2357 2684 ι,
2387 2620 2515 2691 18)?
2555 2620 2715 2675 Vides
2741 2620 2857 2691 quia
2891 2620 2977 2676 ubi
3001 2622 3174 2676 omnis
3194 2628 3452 2690 potestas,
3488 2620 3648 2674 nulla

434 2704 756 2773 lacrymatus
779 2714 881 2770 est,
903 2715 957 2760 et
980 2705 1033 2759 in
1061 2708 1246 2778 agonia
1269 2708 1469 2775 positus
1492 2710 1803 2779 sanguinem
1826 2712 1986 2766 suda-
2086 2711 2137 2766 in
2168 2711 2365 2767 deitate
2394 2713 2681 2767 auctoritas
2720 2712 2906 2766 mortis
2934 2713 3055 2767 est?
3091 2712 3191 2768 Ubi
3209 2721 3383 2766 autem
3416 2709 3650 2765 inﬁrmi-

431 2794 1347 2865 vit,i-tadpostremumpassionem
1367 2799 1553 2853 mortis
1574 2802 1989 2857 veresustinuit‘l
2088 2812 2168 2854 tas
2224 2804 2464 2868 corporis
2514 2806 2621 2867 est,
2656 2800 2725 2855 ibi
2774 2800 2991 2857 tristitia
3032 2800 3209 2857 cordis
3238 2810 3342 2856 est.
3392 2800 3647 2867 Nunquid

430 2884 486 2936 Si
520 2885 680 2939 Deum
710 2884 919 2953 proprie
937 2887 1102 2941 sumis
1123 2885 1345 2942 dicendo
1365 2886 1476 2942 haec
1503 2890 1741 2944 universa
1774 2906 1985 2959 perpes-
2087 2886 2560 2956 homo'solitarius,
2589 2888 2811 2944 Photine
2835 2904 2869 2944 ο
2895 2889 3167 2955 Ιιωιιειίοε,
3196 2889 3310 2944 sine
3338 2888 3450 2943 Deo
3471 2902 3648 2957 aquas

430 2988 545 3029 sum
584 2975 766 3043 fuisse,
805 2976 1037 3030 occurrit
1075 2976 1165 3031 tibi
1201 2977 1359 3034 Isaias
1395 2979 1801 3036 contradicens:
1848 2980 1983 3035 Deus
2085 2978 2138 3031 in
2165 2979 2343 3032 vinum
2372 2981 2672 3033 transtulit?
2708 2972 2805 3034 aut
2825 2979 3145 3035 conﬁdentia
3186 2995 3279 3034 sua
3307 2995 3456 3034 mare
3486 2980 3646 3049 pedi-

434 3080 477 3117 tl!
501 3081 666 3130 emus,
701 3063 838 3119 Deus
857 3066 940 3135 qui
965 3064 1080 3134 fecit
1103 3076 1319 3120 extrema
1344 3077 1513 3131 teme,
1543 3085 1642 3123 non
1669 3073 1875 3136 esuriet,
1898 3089 1987 3127 ne-
2010 3055 2053 3115 c
2092 3067 2187 3119 bus
2211 3066 2536 3122 ambttlaVit?
2565 3068 2806 3138 Nunquid
2835 3069 2998 3125 homo
3025 3071 3114 3138 qui
3145 3080 3369 3124 mortem
3399 3070 3647 3124 timuiSSe

430 3169 527 3221 que
556 3154 821 3218 laborabit,
856 3171 945 3211 nec
982 3167 1054 3209 est
1089 3158 1310 3211 inventio
1334 3160 1615 3226 ρηιάεηιίω
1659 3164 1804 3232 ejus;
1854 3163 1984 3218 άαηε
2087 3156 2366 3219 videbatur
2427 3158 2544 3213 sine
2591 3158 2699 3214 Deo
2746 3169 2982 3213 mortuos
3008 3160 3301 3215 suscitasse
3327 3159 3646 3214 invenitur!

430 3245 768 3300 esurientibus
794 3245 979 3311 cibum,
1011 3256 1058 3298 et
1087 3249 1435 3315 laborantibus,
1455 3248 1682 3303 virtutem
1711 3232 1858 3322 (isai.
1893 3269 1983 3322 η,
2085 3248 2330 3318 Nunquid
2352 3248 2567 3304 Simeon
2595 3251 2901 3319 phantasma
2932 3250 3071 3305 ulnis
3094 3250 3352 3320 gestavit?
3378 3250 3631 3321 Nunquid

350 3368 363 3376 ι
430 3330 547 3393 28).
594 3333 697 3387 Sed
726 3342 780 3388 et
815 3343 1029 3391 sanctus
1051 3335 1309 3391 Jeremias
1339 3339 1575 3395 indicat:
1612 3339 1858 3411 Nunquid
1885 3343 1984 3395 eris
2087 3353 2181 3405 per
2221 3339 2510 3405 potentiam
2558 3339 2785 3395 hominis
2825 3340 3047 3395 solitarii
3086 3350 3226 3397 terra
3272 3339 3644 3396 contremuit!

433 3430 486 3473 ut
515 3421 665 3475 homo
693 3424 964 3489 dormiens,
1004 3434 1048 3478 et
1072 3427 1199 3478 sicut
1228 3427 1303 3481 air
1336 3428 1422 3495 qui
1472 3443 1572 3481 non
1623 3438 1781 3497 potest
1814 3432 1984 3486 salvus
2082 3436 2173 3481 aut
2201 3440 2360 3495 rupes
2389 3436 2445 3481 et
2478 3441 2605 3483 saxa
2638 3443 2759 3483 sese
2804 3416 3063 3497 illidentia
3085 3430 3469 3486 dissiluerunti
3496 3431 3644 3483 Nun-

432 3510 543 3577 ﬁeri
574 3509 781 3580 (Jerem.
806 3528 913 3575 xiv,
940 3511 1032 3582 9)?
1057 3513 1213 3569 Vides
1237 3517 1357 3584 quia
1382 3517 1516 3571 Deus
1539 3533 1641 3572 non
1663 3520 1861 3573 esuriet
1882 3534 1982 3573 uno
2084 3518 2206 3585 quid
2234 3517 2397 3573 homo
2416 3517 2532 3573 sine
2557 3519 2664 3573 Deo
2691 3518 2963 3574 daemones
2990 3518 3318 3589 increpabat,
3347 3527 3438 3573 aut
3466 3521 3640 3573 virtu-

434 3615 616 3669 φιιιη,
640 3602 730 3672 qui
758 3603 1003 3657 universa
1029 3618 1091 3658 ex
1117 3605 1281 3660 nihilo
1303 3607 1593 3661 constituit.
1619 3608 1723 3663 Sed
1753 3624 1851 3663 nec
1872 3608 1983 3664 dei-
2084 3616 2163 3660 tes
2190 3605 2445 3660 iaciebat?
2471 3606 2714 3678 Nunquid
2746 3605 2905 3661 homo
2932 3607 3048 3663 sine
3073 3608 3182 3663 Deo
3207 3608 3377 3663 ventis
3406 3608 3641 3676 impera-

432 3700 513 3743 tas
541 3691 659 3760 ejus
686 3691 914 3760 aliquam
946 3695 1244 3760 passionem
1269 3695 1544 3761 sustinuit,
1570 3710 1689 3751 cum
1715 3697 1782 3752 ad
1816 3698 1983 3766 ipsius
2085 3695 2192 3760 hat,
2213 3703 2268 3750 et
2288 3693 2519 3764 placidas
2540 3694 2765 3760 aequoris
2777 3695 2945 3749 undas
2964 3695 3368 3765 compescebat?
3390 3694 3638 3766 Nunquid

414 3788 622 3833 'nutum
655 3782 902 3835 universa
932 3794 1179 3851 regantur
1203 3794 1256 3837 et
1278 3784 1632 3840 viviﬁceutur.
1653 3780 1983 3857 Quapropter
2084 3785 2242 3842 homo
2255 3785 2525 3841 solitarius
2543 3801 2572 3839 a
2589 3786 2812 3841 mortuis
2824 3787 3282 3857 resurgerepotuit
3298 3824 3314 3839 .
3338 3787 3507 3841 autin
3531 3802 3641 3842 me-

432 3872 605 3925 otnnis
652 3881 885 3941 potestas
921 3873 1188 3942 signorum
1229 3864 1311 3929 vei
1352 3876 1713 3944 prodigiorum
1742 3878 1855 3933 Deo
1896 3877 1978 3931 fa-
2083 3876 2171 3931 dio
2191 3873 2576 3944 discipulorum
2593 3875 2771 3945 januis
2792 3874 2985 3930 clausis
3002 3875 3308 3930 stetitinter
3328 3876 3467 3939 illos,
3486 3874 3638 3929 etdo-

436 3959 595 4015 cicuti
640 3970 723 4014 est
769 3961 1103 4027 ascribenda,
1151 3972 1204 4017 et
1236 3964 1411 4017 omnis
1437 3965 1725 4019 necessitas
1754 3965 1981 4021 tristitia:
2082 3965 2190 4019 cuit
2220 3978 2315 4019 eos
2332 3963 2402 4020 de
2427 3979 2589 4034 regno
2606 3963 2736 4018 Dei?
2762 3962 3006 4031 Nunquid
3022 3962 3182 4018 homo
3197 3964 3462 4018 solitarius
3482 3977 3639 4033 super

436 4048 696 4117 passionis
725 4048 927 4104 homini
957 4060 1041 4104 est
1066 4052 1396 4121 imputanda,
1428 4055 1567 4109 sicut
1591 4055 1835 4121 legimus,
1862 4071 1985 4126 pro-
2082 4070 2271 4110 omnes
2289 4055 2456 4111 ctelos
2482 4054 2770 4110 ascendere
2795 4069 2826 4109 a
2850 4056 3140 4123 semetipso
3164 4056 3282 4113 sine
3312 4056 3417 4111 Deo
3438 4055 3639 4110 valuit?

438 4139 599 4207 pheta
629 4139 837 4196 dicente
861 4158 873 4192 :
903 4140 1069 4195 Homo
1090 4144 1140 4195 in
1164 4142 1311 4212 plaga
1336 4145 1549 4212 positus,
1579 4146 1737 4198 sciens
1760 4145 1891 4215 ferre
1910 4148 1988 4200 in-
2085 4147 2208 4201 llasc
2235 4154 2424 4201 cuncta
2452 4144 2715 4200 mirabilia
2745 4144 2883 4200 facta
2904 4160 3024 4200 cum
3047 4146 3188 4199 Deus
3206 4159 3361 4199 causa
3382 4142 3637 4211 assumpti

435 4229 698 4296 ﬁrmitates
723 4245 744 4284 :
770 4231 1006 4298 quoniam
1044 4239 1272 4283 aversata
1301 4240 1371 4285 est
1401 4234 1554 4302 facies
1580 4236 1711 4304 ejus,
1752 4243 1797 4287 et
1829 4232 1983 4287 detto-
2084 4235 2314 4290 hominis
2338 4236 2420 4289 sui
2439 4234 2788 4303 sitoperatus,
2803 4234 2923 4289 ideo
2935 4235 3108 4289 omnis
3124 4243 3356 4303 potestas
3370 4233 3633 4302 signorum

434 4328 629 4373 uestata
651 4330 741 4387 est,
773 4336 859 4373 nec
876 4320 1070 4386 aliquid
1094 4322 1342 4375 wstimata
1354 4332 1441 4376 est.
1469 4320 1569 4375 Hic
1590 4333 1791 4394 peccata
1813 4335 1984 4378 nostra
2083 4334 2135 4381 et
2157 4323 2510 4393 prodigiorum
2537 4324 2644 4378 Deo
2668 4322 2877 4378 facienti
2903 4333 2987 4378 est
3012 4323 3347 4389 ascribenda,
3379 4332 3433 4375 et
3461 4320 3634 4373 omnis

436 4420 623 4479 portat,
653 4420 700 4463 et
730 4425 821 4478 pro
847 4410 986 4464 nobis
1016 4411 1150 4464 dolet
1180 4409 1327 4480 (Iani.
1362 4427 1481 4477 LIII,
1508 4415 1587 4481 5).
1620 4412 1684 4467 Et
1701 4413 1779 4469 sic
1797 4429 1982 4482 prose-
2012 4405 2059 4465 D
2082 4415 2239 4485 235
2284 4412 2561 4467 inﬁrmitas
2614 4412 2871 4482 passionis
2927 4412 3128 4467 homini
3178 4420 3260 4466 est
3311 4409 3633 4480 imputanda.

433 4510 590 4554 cutus
614 4509 697 4554 est
726 4517 739 4552 :
772 4498 840 4553 Et
868 4498 1118 4554 Dominus
1149 4504 1356 4555 tradidit
1387 4518 1499 4557 eum
1536 4520 1628 4571 pro
1654 4506 1867 4574 peccatis
1892 4522 1981 4561 no-
2086 4506 2225 4561 Sane
2247 4505 2331 4558 hic
2357 4488 2647 4559 secundum
2682 4502 2997 4557 invisibilem
3038 4502 3248 4556 deitatis
3287 4513 3560 4565 naturam,
3588 4505 3633 4552 et

433 4592 579 4643 stris:
600 4600 645 4643 et
660 4590 767 4657 ipse
782 4590 1043 4660 quiamale
1063 4599 1305 4646 tractatus
1325 4602 1395 4647 est
1416 4597 1791 4663 nonuperuitos
1812 4613 1975 4650 suum.
2086 4610 2190 4650 non
2224 4595 2453 4648 hominis
2489 4594 2627 4647 dicta
2661 4594 2871 4659 accipe,
2894 4593 3133 4646 .dicentis
3163 4609 3179 4646 :
3213 4592 3312 4658 Qui
3352 4606 3427 4643 me
3472 4590 3633 4649 uidet.

437 4680 503 4735 Ut
530 4684 633 4735 ouis
652 4683 720 4735 ad
745 4683 1037 4755 occisionem
1061 4684 1242 4738 ductus
1267 4695 1337 4737 est
1361 4702 1379 4750 ;
1404 4694 1452 4737 et
1482 4688 1609 4741 sicut
1630 4704 1787 4758 agnus
1812 4704 1981 4741 coram
2083 4685 2212 4739 videt
2234 4694 2278 4736 et
2302 4683 2508 4737 Patrem
2526 4700 2685 4737 meum
2724 4682 2902 4752 (Joan.
2944 4699 3051 4747 an,
3098 4683 3173 4750 9).
3212 4682 3315 4749 Sed
3360 4690 3415 4736 et
3453 4680 3561 4733 alio
3584 4677 3629 4731 in

435 4771 668 4824 tondente
687 4788 740 4825 se
763 4772 871 4827 sine
897 4787 1029 4838 voce,
1057 4774 1127 4825 sic
1153 4791 1247 4826 non
1270 4776 1464 4843 aperuit
1489 4790 1541 4827 os
1564 4792 1710 4830 suum
1738 4777 1789 4829 in
1815 4776 1983 4829 Itumi-
2089 4778 2205 4830 loco
2237 4775 2371 4828 idem
2402 4774 2513 4839 ipse
2539 4772 2729 4841 repetit
2757 4792 2769 4825 :
2801 4772 2962 4825 Nemo
2996 4774 3115 4825 vidit
3150 4771 3379 4849 Patrem,
3413 4770 3514 4821 nisi
3544 4764 3630 4818 Fi-

435 4863 593 4917 Iitate.
625 4862 753 4917 Nam
783 4864 907 4932 quid
932 4867 1159 4932 amplius
1187 4881 1340 4933 quum
1364 4867 1500 4933 quod
1525 4868 1635 4935 ipse
1664 4868 1819 4923 homo
1841 4867 1906 4921 de
1926 4882 1983 4920 se
2090 4870 2205 4919 tius.
2234 4865 2392 4917 Nemo
2413 4866 2501 4916 scit
2524 4861 2739 4927 Filium,
2760 4864 2857 4915 nisi
2880 4861 3033 4914 Pater
3056 4861 3263 4927 (Matth.
3291 4859 3493 4927 11,27).
3518 4856 3626 4911 Sive

437 4962 658 5006 testati"
685 4969 698 5005 :
730 4954 862 5019 Quid
886 4972 961 5007 me
990 4958 1211 5023 quwritis
1242 4959 1487 5023 occidere,
1520 4943 1779 5011 hominem
1798 4960 1883 5025 qui
1909 4975 1984 5011 re-
2086 4954 2185 5006 hoc
2219 4969 2233 5008 :
2268 4952 2430 5005 Nemo
2459 4953 2581 5009 vidit
2616 4952 2774 5004 Deum
2812 4964 2857 5005 et
2897 4952 3016 5003 rixit
3066 4950 3260 5019 (Exod.
3300 4965 3485 5011 aut",
3524 4946 3619 5011 20).

439 5045 637 5095 ritateut
666 5044 858 5096 locutus
885 5062 995 5098 sum
1023 5047 1155 5099 vobis
1196 5046 1369 5113 tJoan.
1406 5062 1517 5111 \‘Ill,
1548 5048 1614 5102 £0
1638 5052 1653 5116 )
1680 5049 1701 5103 ἲ
1740 5050 1983 5116 Nunquid
2084 5044 2183 5096 St'd
2216 5054 2268 5097 et
2295 5045 2576 5111 Apostolus
2599 5045 2661 5097 ad
2685 5044 2797 5097 hare
2824 5053 3047 5097 testatur
3075 5060 3088 5093 :
3124 5043 3220 5106 Qui
3247 5051 3316 5091 est
3346 5041 3513 5108 imago
3541 5038 3625 5092 [Μ

446 5132 509 5183 ad
540 5133 787 5185 deitatem
822 5134 1043 5199 pt-rtinct
1089 5138 1186 5187 hoc
1222 5135 1412 5187 jictutn
1448 5153 1460 5188 :
1504 5137 1680 5190 Tristis
1716 5148 1788 5190 est
1816 5138 1987 5189 anima
2086 5133 2349 5185 invisibilis
2393 5132 2526 5195 (Col.
2572 5134 2751 5200 1,15).
2804 5133 2950 5198 Quod
3004 5132 3114 5197 ipse
3158 5131 3312 5183 Pater
3358 5128 3626 5182 invisibilis

440 5238 547 5273 mea
592 5240 742 5290 usque
786 5224 851 5274 ad
889 5234 1091 5279 mortem
1142 5226 1356 5295 (Matth.
1392 5242 1538 5292 XXVI,
1573 5226 1705 5295 58)?
1743 5227 1985 5294 Nunquid
2088 5222 2307 5275 aItSOl\il
2344 5238 2355 5271 :
2389 5219 2654 5273 Faciamus
2684 5220 2931 5273 hominem
2967 5224 3031 5271 ad
3074 5219 3338 5288 imaginem
3382 5228 3428 5270 et
3457 5216 3622 5270 simili-

444 5329 597 5367 causa
627 5317 713 5368 llci
744 5318 992 5382 seriptum
1024 5327 1141 5371 est:
1177 5319 1308 5383 Quia
1340 5328 1528 5385 oportit
1555 5317 1744 5371 Filium
1772 5318 1985 5370 hominis
2090 5314 2311 5365 tudinem
2338 5320 2560 5363 nostram
2591 5310 2738 5378 (Gen.
2770 5327 2805 5374 ι,
2834 5308 2945 5375 ‘26).
2980 5311 3135 5361 Vltit‘S
3165 5323 3314 5359 unam
3352 5322 3470 5361 esSc
3510 5306 3622 5359 invi-

442 5409 599 5457 mutta
630 5408 733 5473 pati
762 5422 791 5456 a
822 5408 1112 5472 senioribus,
1143 5420 1187 5459 et
1218 5392 1523 5477 principibus
1562 5414 1901 5473 sacerdotum,
1935 5417 1981 5459 et
2089 5404 2348 5457 sibilitalis
2392 5403 2583 5454 divina:
2624 5411 2821 5454 natura:
2862 5402 3137 5468 iungimur
3186 5399 3371 5461 Patris,
3405 5408 3455 5451 et
3498 5396 3618 5455 Filii.

444 5497 633 5557 snt/ns,
666 5506 708 5546 et
737 5498 913 5553 occidi,
936 5508 979 5549 et
1012 5500 1154 5549 tertia
1180 5500 1257 5549 die
1284 5516 1538 5567 resurgere
1568 5498 1716 5567 (Luc.
1756 5514 1832 5559 Ix,
1864 5498 1979 5565 Ἡ).
2092 5496 2194 5546 imo
2226 5505 2276 5546 et
2311 5494 2472 5545 sancti
2504 5493 2729 5559 Spiritus
2770 5505 2926 5557 purc,
2964 5506 3118 5559 quam
3164 5507 3317 5543 nemo
3360 5491 3494 5542 vidit
3537 5502 3617 5538 un-

448 5581 684 5646 Nunquid
728 5599 879 5636 causa
916 5586 1003 5639 ltci
1056 5587 1169 5641 hxc
1206 5589 1373 5641 oratio
1414 5590 1630 5642 oiltrtur
1666 5606 1678 5642 :
1724 5588 1897 5650 Pater,
1941 5588 1981 5639 si
2092 5602 2243 5653 quam
2277 5584 2584 5649 hominum,
2630 5598 2724 5637 nec
2764 5583 2939 5637 videro
2989 5594 3176 5646 potest,
3221 5581 3354 5634 sicut
3382 5580 3614 5649 scriptum
