3856 6222
179 263 315 316 ΞΞΠ

1427 249 1510 302 DE
1549 243 1909 300 Tiil'NiTATE
1965 243 2087 297 Lill.
2134 241 2227 296 lli.

3361 249 3467 306 258

181 385 291 426 rs!
327 393 344 427 ;
389 375 551 428 υεωη
576 387 716 424 nemo
746 369 867 431 uidit
904 381 1122 434 unquam
1156 363 1334 432 (Joan.
1378 375 1413 424 ι,
1460 358 1569 423 18).
1601 354 1728 408 Nam
1760 355 1803 405 si
1832 357 1876 411 A
1908 353 2406 419 transgressionem,
2437 351 2599 404 Adam
2634 352 2910 420 imaginem
2948 353 3382 424 immortalitatis,
3417 363 3470 416 in

191 463 416 518 huisw
451 481 564 517 vere
593 467 912 526 assumptus,
960 459 1137 518 visus,
1185 451 1443 520 palpatus,
1486 445 1804 515 ﬂagellatus,

187 555 418 622 tullio
445 555 819 615 circumdatus,
852 549 1018 613 spinis
1063 550 1372 605 coronatus,
1418 539 1538 593 l‘elle
1573 544 1626 591 et
1661 546 1810 588 aceto

194 653 486 709 potatus,
512 645 558 696 in
581 643 722 709 ligno
744 638 916 692 crucis
946 634 1108 689 clavis
1140 633 1487 698 constipatus,
1520 630 1698 680 lancea
1738 627 1811 678 la-

196 744 352 787 tere
395 736 711 802 pcrl'omtus,
744 729 998 796 sanguine
1027 736 1076 780 et
1104 739 1234 793 aqua
1268 722 1524 785 manavit,
1567 728 1621 773 et
1647 734 1811 786 usque

195 810 386 877 adeo
419 821 697 890 sepultura:
727 818 949 872 traditus
981 815 1062 868 vel
1090 813 1330 866 humatus
1358 819 1459 872 cst,
1492 823 1666 862 nonne
1700 809 1810 860 haec

203 926 446 966 cuncta
473 925 594 965 vere
633 909 919 962 Secundum
967 915 1204 956 naturam
1249 898 1477 953 hominis
1523 896 1808 958 sustinuit,

203 1001 595 1055 Marcionita?
641 997 875 1063 Denique
917 992 983 1046 de
1024 993 1136 1060 ipsa
1185 1001 1369 1042 natura
1411 983 1642 1038 hominis
1679 985 1814 1034 scri-

209 1103 406 1158 pturn
430 1076 630 1157 accipe,
654 1095 705 1140 et
738 1096 793 1139 tu
822 1083 1037 1151 paganis
1076 1076 1364 1133 consimilis
1407 1072 1621 1129 solicola
1654 1070 1817 1125 illam-

207 1185 424 1244 cha‘e,
455 1178 686 1247 nunquid
717 1177 784 1230 de
808 1184 991 1227 natura
1018 1171 1107 1224 Dei
1137 1168 1331 1222 dictum
1358 1172 1439 1220 est
1466 1180 1478 1214 :
1513 1160 1687 1214 Videte
1707 1175 1817 1210 ma-

211 1293 352 1329 nus
378 1284 569 1328 nieaset
597 1272 745 1340 pedes
766 1247 920 1332 meos,
947 1264 1181 1334 quoniam
1196 1261 1407 1328 egoipse
1433 1266 1576 1311 sum:
1601 1252 1817 1321 Palpate

214 1378 282 1420 ea
316 1367 512 1431 videte,
534 1363 651 1433 quia
680 1360 885 1428 spiritus
909 1368 1108 1409 carnem
1128 1362 1174 1406 et
1196 1364 1308 1405 ossa
1353 1362 1452 1404 non
1491 1344 1656 1407 habet,
1691 1343 1819 1394 sicut

216 1459 439 1512 videtis
477 1473 552 1509 me
596 1452 861 1505 habentem
899 1446 1047 1516 (Luc.
1084 1456 1228 1506 xxtv,
1277 1435 1406 1515 59)?
1437 1433 1626 1503 Utique
1664 1443 1822 1484 causa

223 1551 513 1616 hominis,
539 1559 592 1603 et
622 1562 728 1601 non
756 1541 985 1607 deitatis,
1017 1546 1132 1606 post
1151 1525 1820 1616 resurrectionemipiscem

229 1651 310 1696 ει
341 1615 514 1695 [avum
536 1637 666 1692 edit.
688 1630 931 1701 Nunquid
960 1639 1016 1682 ut
1039 1625 1206 1680 deitas
1231 1637 1260 1677 ε
1287 1620 1488 1676 Thema
1532 1615 1819 1680 videretur,

1909 457 2013 509 qna
2042 445 2206 495 laetus
2239 443 2427 506 luerat,
2477 446 2646 497 amisit
2680 485 2694 508 ,
2727 449 2846 513 quia
2889 448 3097 501 ὧςιΙηιΙυ
3121 455 3385 505 con-ensit
3416 464 3472 505 ut

1911 543 2121 585 cautum
2150 543 2268 587 est:
2301 536 2555 599 Quoniam
2589 538 2721 586 licus
2754 537 2978 590 mortem
3028 554 3130 592 non
3183 543 3324 602 fecit,
3377 558 3475 596 nec

1914 624 2117 676 imtatur
2148 625 2197 676 in
2231 625 2523 692 perditione
2564 625 2823 681 vivorum.
2863 618 2986 682 Sive
3030 631 3130 683 hoc
3174 647 3188 685 :
3234 633 3330 696 Qui
3363 636 3468 684 des-

1913 719 2070 768 truxit
2099 718 2299 783 quidem
2329 727 2556 780 mortem,
2589 718 2888 771 illuminavit
2923 731 3091 774 autem
3125 723 3275 774 vitam
3306 733 3347 775 et
3380 725 3476 775 im-

1914 811 2264 860 mortalitatem
2298 805 2380 873 (II
2419 807 2551 859 Tim.
2581 823 2618 871 ι,
2660 809 2768 877 10).
2813 808 2901 862 Vel
2946 811 3085 864 hoc:
3118 812 3364 879 Absorpta
3403 824 3480 866 est

1917 915 2048 950 mars
2074 899 2121 949 in
2154 898 2377 949 victoria.
2414 896 2512 950 Ubi
2533 907 2626 963 est,
2651 914 2806 967 mors,
2830 902 3030 952 aculeus
3047 899 3225 967 tuus(l
3248 901 3362 955 (for.
3389 917 3474 963 xv,

1918 988 2055 1054 δίη
2076 989 2178 1040 Alit
2205 987 2302 1040 huc
2331 1004 2343 1038 :
2372 985 2422 1038 Ν
2430 987 2690 1039 ovissimus
2734 989 2966 1041 inimicus
3017 987 3294 1042 destruetur
3344 1007 3479 1043 mors

1918 1079 1970 1148 (1
2003 1080 2116 1132 Cor.
2145 1095 2232 1142 xv,
2263 1076 2374 1146 26).
2425 1077 2528 1132 Sed
2573 1085 2625 1130 et
2668 1080 2766 1133 hoc
2798 1096 2810 1130 :
2843 1079 3092 1144 Quoniam
3134 1080 3264 1134 Deus
3310 1099 3479 1134 omnes

1919 1171 2020 1224 uult
2050 1171 2211 1223 salvos
2236 1169 2377 1236 ﬁeri,
2412 1179 2457 1220 et
2490 1169 2556 1220 ad
2596 1171 2924 1236 cognitionem
2979 1170 3200 1222 ueritatis
3229 1173 3480 1240 pervenire

1925 1255 1974 1326 (1
2009 1256 2139 1310 Tim.
2167 1272 2224 1323 tt,
2249 1257 2326 1326 4).
2356 1258 2578 1310 Necnon
2615 1267 2667 1310 et
2700 1258 2796 1310 hoc
2825 1260 3077 1328 scriptum
3107 1271 3188 1314 est
3220 1278 3232 1313 :
3267 1260 3333 1313 Et
3361 1264 3480 1314 vidit

1923 1345 2058 1402 Deus
2077 1350 2244 1400 omnia
2261 1363 2372 1417 qua:
2400 1347 2538 1414 fecit,
2567 1358 2611 1399 et
2639 1364 2751 1402 ecce
2771 1348 2899 1402 bona
2920 1351 3065 1402 ualde
3091 1351 3298 1420 (lienes.
3318 1367 3354 1415 I,
3369 1353 3478 1422 51).

1922 1435 2024 1492 Sed
2064 1447 2118 1491 et
2140 1438 2188 1490 in
2212 1437 2495 1506 Evangelia
2525 1438 2748 1505 positum
2783 1448 2899 1495 est;
2928 1440 3115 1507 lnipso
3129 1444 3262 1510 quod
3294 1444 3319 1509 ί
3349 1454 3483 1495 ctum

1923 1539 2027 1595 est,
2055 1530 2154 1582 vita
2196 1538 2288 1594 est,
2326 1537 2371 1581 et
2403 1530 2502 1580 vita
2543 1538 2650 1581 erat
2687 1529 2779 1582 (ita:
2825 1532 3080 1583 hominum
3124 1532 3298 1601 (Joan.
3333 1549 3369 1597 ι,
3401 1533 3482 1603 ὁ).

1928 1621 2102 1689 Itaque
2130 1620 2268 1688 quod
2303 1620 2354 1673 in
2378 1621 2542 1673 Adam
2573 1621 2860 1682 amisimus.
2889 1638 2982 1691 per
3009 1623 3273 1678 Christum
3304 1625 3484 1679 Domi-

229 1731 438 1801 poscit
458 1729 524 1782 ab
543 1741 606 1782 eo
630 1743 644 1778 :
674 1723 887 1793 Porrige
903 1720 1116 1789 digitum
1133 1725 1276 1768 tuum
1297 1712 1417 1776 huc,
1438 1718 1484 1763 et
1511 1707 1624 1762 uide
1647 1722 1827 1801 manus
1863 1703 1904 1762 Β
1939 1724 2061 1764 num
2092 1722 2326 1764 nostrum
2359 1712 2408 1763 in
2438 1709 2698 1778 baptismo
2727 1714 2878 1781 227
2905 1714 3253 1781 suscepimus,
3279 1724 3332 1768 ut
3352 1716 3480 1768 scri-

234 1795 422 1883 ineas,
443 1828 490 1872 et
519 1815 730 1870 immitte
757 1817 1112 1865 manumtuam
1133 1805 1184 1858 in
1205 1804 1336 1855 latus
1350 1815 1531 1862 meum,
1549 1795 1708 1855 etnoli
1729 1809 1833 1848 esse

241 1917 363 1968 inc.
381 1914 574 1977 eduliis,
595 1909 683 1963 sed
705 1905 872 1976 ﬁdelis
889 1899 942 1974 (1
949 1888 1064 1955 oon;
1084 1913 1171 1968 sa,
1193 1893 1483 1964 27)?Absit.
1499 1887 1834 1977 Dutnipsede

243 2007 469 2062 deitate
493 1973 584 2057 sua
617 1973 762 2068 prius
782 1973 1004 2048 dixerit;
1027 1986 1188 2044 Nemo
1203 1984 1324 2039 uidit
1348 1981 1581 2068 Filium,
1600 1975 1698 2031 nisi
1723 1973 1830 2028 Pa-

252 2107 371 2150 ter.
394 2094 482 2156 Et,
505 2091 602 2155 Qui
621 2066 701 2142 me
721 2085 871 2149 videt,
898 2081 1030 2136 videt
1050 2087 1098 2132 et
1122 2075 1328 2130 Patrem
1344 2086 1508 2126 meum
1529 2066 1825 2139 (Joan.'xw,

255 2185 348 2251 9).
378 2181 558 2235 Nonne
584 2177 674 2231 hic
700 2174 842 2230 nulla
870 2168 1144 2241 phantasia
1156 2165 1307 2228 ,l’acta
1336 2169 1437 2237 est,
1479 2157 1566 2215 ubi
1590 2157 1831 2212 universa

261 2273 472 2328 veritas
501 2264 729 2321 hominis
761 2269 880 2333 post
921 2259 1216 2330 passionem
1238 2294 1252 2319 ,
1293 2253 1377 2310 vel
1411 2258 1531 2322 post
1567 2260 1834 2304 resurreco

262 2363 471 2417 tionem
498 2356 761 2411 declarata
785 2350 904 2407 esti
934 2345 1270 2416 interrogabo
1290 2352 1344 2398 et
1371 2351 1444 2406 te,
1475 2338 1718 2401 Photine,
1744 2335 1832 2404 qui

262 2447 538 2504 Christum
568 2457 750 2500 verum
779 2441 940 2495 Deum
976 2440 1225 2506 abnegas,
1267 2441 1320 2488 et
1346 2432 1612 2486 hominem
1644 2441 1832 2498 purum

270 2533 639 2593 tantummodo
679 2531 968 2587 conﬁteris.
1007 2527 1372 2597 Nunquidnam
1411 2534 1568 2576 causa
1610 2520 1838 2573 hominis

266 2637 486 2684 cautum
544 2623 809 2679 invenitur
847 2637 860 2673 :
896 2615 973 2672 1n
1024 2614 1270 2687 principio
1324 2621 1430 2667 erat
1479 2609 1734 2675 Verbum,
1789 2615 1836 2661 et

276 2709 500 2772 Verbum
521 2724 629 2768 erat
657 2713 794 2782 apud
838 2708 1022 2776 Deum,
1054 2717 1102 2761 et
1137 2708 1267 2760 Deus
1308 2712 1414 2758 erat
1451 2700 1669 2756 Verbum
1696 2714 1715 2755 :
1745 2700 1838 2754 hoc

266 2819 380 2863 erat
409 2807 463 2859 in
487 2804 735 2875 principio
754 2801 887 2871 apud
917 2800 1100 2852 Deum.
1144 2794 1328 2850 Omnia
1374 2808 1461 2862 per
1492 2791 1656 2860 ipsum
1705 2790 1836 2860 facta

270 2906 414 2960 sunt,
447 2903 492 2949 et
512 2897 619 2950 sine
646 2895 756 2962 ipso
781 2893 973 2962 factum
1015 2897 1085 2944 est
1126 2887 1252 2942 nihil
1297 2883 1473 2959 (Joan.
1504 2898 1542 2949 ι,
1575 2881 1662 2953 i)?
1690 2882 1836 2937 Nun-

269 2986 400 3055 quid
459 2985 617 3038 homo
662 2985 716 3037 in
766 2983 866 3038 hoc
909 2979 1166 3050 principio
1211 2977 1345 3043 fuit,
1389 2970 1835 3030 homousiouistai

1938 1812 2078 1867 ptum
2110 1797 2460 1855 estzPrimus
2481 1802 2627 1854 homo
2656 1801 2719 1855 de
2761 1813 2895 1854 terra
2939 1813 3186 1868 terrenus,
3235 1807 3484 1861 secundus

1934 1888 2078 1943 homo
2099 1890 2158 1942 de
2183 1888 2306 1944 cmlo
2333 1891 2559 1943 (celestis.
2593 1891 2735 1945 Sicut
2755 1908 2872 1962 ergo
2894 1897 3200 1960 portavimus
3218 1894 3482 1966 imaginem

1935 1981 2132 2046 terreni,
2156 1989 2408 2052 portemus
2427 1989 2472 2035 et
2504 1982 2767 2051 imaginem
2795 1984 3002 2036 cielestis
3031 1982 3084 2056 (Ι
3111 1984 3228 2039 Cor.
3257 2001 3339 2041 xv.
3364 1984 3479 2054 47).

1937 2069 2090 2126 Vides
2157 2071 2438 2139 imaginem
2484 2073 2638 2139 primi
2683 2071 2912 2126 hominis
2952 2075 3023 2151 de
3070 2078 3484 2145 transgressione

1935 2162 2116 2215 tactam
2145 2176 2263 2216 es~e
2303 2163 2601 2228 mortalem,
2632 2164 2747 2218 sive
2778 2174 3068 2230 terrenam;
3101 2177 3154 2220 et
3201 2167 3482 2237 imaginem

1935 2250 2147 2306 secundi
2203 2252 2430 2306 hominis
2457 2253 2525 2307 de
2543 2253 2748 2321 justitia
2789 2265 2842 2309 et
2872 2255 3089 2311 veritate
3137 2258 3327 2312 iactam
3366 2273 3484 2314 esse

1934 2340 2281 2394 immortalem
2307 2343 2391 2394 vel
2423 2343 2689 2398 caelestem
2720 2361 2733 2396 ε
2765 2343 2895 2398 Dum
2925 2351 2975 2397 in
2995 2346 3156 2398 Adam
3187 2361 3356 2400 omnes
3379 2363 3485 2400 mo-

1934 2430 2152 2498 riantur,
2185 2439 2230 2483 et
2259 2431 2309 2484 in
2340 2430 2537 2485 Christo
2575 2448 2744 2487 omnes
2791 2434 3102 2500 viviﬁcantur
3148 2435 3202 2506 (1
3242 2435 3361 2491 Cor.
3397 2453 3482 2503 xv,

1933 2518 2047 2587 22).
2083 2520 2234 2574 Disce
2255 2519 2362 2589 jam
2394 2532 2447 2574 tu
2482 2523 2680 2586 Ehion,
2725 2535 2778 2594 et
2809 2524 3050 2588 Photine,
3088 2539 3298 2594 semper
3321 2527 3486 2582 fuisse

1938 2607 2098 2662 Deum
2125 2611 2214 2664 Dei
2242 2608 2428 2665 Filium
2456 2627 2572 2665 cum
2602 2614 2775 2677 Patre,
2798 2615 2885 2683 qui
2917 2615 3179 2680 hominem
3205 2620 3486 2675 et'univer-

1936 2713 1993 2752 sa
2021 2699 2261 2767 instituit,
2291 2702 2377 2768 qui
2401 2716 2458 2756 se
2487 2713 2608 2756 ante
2640 2705 2905 2758 Abraham
2953 2708 3004 2759 in
3055 2707 3488 2764 claritateoevan-

1937 2793 2118 2861 geliae
2132 2807 2368 2848 censura:
2395 2793 2554 2849 luisse
2576 2804 2818 2858 testatur,
2837 2797 3019 2852 dicens
3043 2814 3055 2850 :
3084 2798 3214 2852 Ante
3233 2795 3489 2855 Abraham

1937 2900 2025 2953 ego
2049 2900 2157 2936 sum
2181 2882 2357 2954 (Itan.
2387 2900 2497 2951 vnt,
2523 2885 2643 2956 58);
2668 2887 2782 2941 sive
2805 2887 2906 2942 hoc
2932 2907 2944 2941 :
2976 2888 3146 2956 Pater,
3169 2890 3393 2960 clariﬁca
3413 2910 3490 2946 me

1939 2971 2079 3042 apud
2125 2978 2458 3044 temetipsum,
2511 2977 2740 3031 claritate
2794 2994 2944 3044 quam
3004 2979 3160 3034 habui
3224 2991 3491 3052 antequam

269 3073 440 3146 3:8
459 3081 510 3128 et
539 3087 643 3127 non
667 3071 805 3126 Deus
835 3070 930 3124 Dei
961 3067 1128 3124 Filius
1152 3076 1277 3122 ante
1299 3079 1455 3120 omne
1472 3062 1832 3134 omninopriu-
1859 3055 1904 3123 C
1938 3063 2160 3118 mundus
2186 3063 2265 3117 hic
2287 3073 2431 3118 esset.
2461 3065 2647 3135 Utique
2673 3065 2750 3121 sic
2776 3067 2903 3120 dicit
2936 3069 3024 3136 qui
3059 3069 3197 3124 hunc
3222 3071 3488 3125 hominem

268 3165 479 3221 ciuium
507 3176 719 3231 semper
747 3174 847 3215 una
874 3174 993 3214 cum
1012 3158 1168 3212 Patre
1187 3154 1324 3211 fuit?
1342 3152 1479 3212 Sane
1507 3153 1644 3207 hunc
1670 3152 1836 3207 homi-

274 3264 405 3308 nem
451 3267 620 3321 nuper
665 3252 732 3307 de
777 3249 936 3304 Maria
985 3247 1199 3318 Virgine
1242 3244 1545 3314 assumpsit.
1595 3241 1837 3312 Nunquid

278 3358 381 3414 per
409 3342 677 3396 hominem
709 3338 928 3394 visibilis
958 3345 1012 3393 et
1037 3335 1316 3392 invisibilia
1346 3336 1476 3388 facta
1505 3342 1626 3389 sunt
1645 3372 1662 3398 ,
1705 3334 1841 3387 sicut

275 3438 538 3505 magister
576 3434 807 3504 gentium
857 3439 1122 3486 testatur:
1149 3429 1332 3484 Omnia
1371 3443 1461 3497 per
1497 3429 1661 3498 ipsum
1708 3426 1840 3497 facta

275 3537 421 3589 sunt,
452 3525 686 3590 visibilia,
716 3536 761 3578 et
789 3523 1084 3589 inuisibilia,
1122 3533 1220 3575 tam
1248 3537 1304 3574 ea
1335 3535 1446 3588 qua
1481 3521 1670 3574 suntin
1695 3518 1838 3584 eicio,

278 3636 443 3690 quam
462 3635 521 3672 ea
542 3634 654 3689 quia
674 3630 787 3672 sunt
811 3619 861 3670 in
884 3625 1052 3681 terra;
1075 3617 1172 3669 sive
1198 3615 1393 3677 throni,
1429 3615 1529 3667 sise
1556 3621 1840 3682 potestates,

279 3728 389 3766 arae
414 3709 782 3764 dominationes
803 3709 943 3780 (Cat.
972 3724 1009 3773 ι,
1035 3707 1158 3776 16)τ
1181 3709 1373 3776 Accipe
1401 3709 1447 3759 in
1473 3703 1574 3761 hoc
1599 3705 1757 3765 dicto.
1792 3713 1845 3760 et

294 3810 355 3856 tu
382 3801 673 3856 consimilis
715 3814 976 3869 synagoga
1033 3798 1262 3864 Satanae,
1304 3811 1495 3851 nomen
1554 3795 1760 3861 falsum,
1813 3809 1846 3848 ο

284 3894 582 3966 apostatice
611 3893 813 3960 Judme,
838 3893 927 3964 qui
958 3892 1149 3947 asseris
1176 3890 1385 3945 Patrem
1424 3889 1487 3943 ad
1522 3888 1735 3955 angelos
1765 3889 1845 3942 lo-

283 3994 473 4038 cntum
494 3984 677 4049 fuisse,
702 3980 977 4036 Faciamus
998 3983 1247 4034 hominem
1284 3979 1349 4031 ad
1391 3968 1734 4048 imaginem'et
1779 3971 1850 4032 si?

285 4076 624 4127 militudinem
648 4081 870 4126 nostram
895 4070 1043 4140 (Gen.
1073 4087 1110 4138 ι,
1129 4068 1388 4138 26);dum
1406 4068 1577 4136 imago
1598 4065 1847 4135 angelicae

286 4165 507 4219 iacturae
537 4165 604 4218 sit
631 4163 848 4236 spiritus
874 4164 956 4218 vel
989 4163 1123 4232 ignis
1146 4204 1161 4227 ,
1185 4176 1302 4230 quae
1333 4170 1503 4215 tamen
1527 4175 1554 4215 a
1585 4158 1692 4213 Deo
1718 4157 1848 4214 Filio

287 4255 427 4309 facta
457 4265 558 4320 est,
585 4256 720 4309 sient
748 4254 1001 4328 scriptum
1031 4261 1110 4307 est
1137 4267 1150 4301 :
1183 4251 1362 4304 Omnia
1400 4264 1485 4318 per
1515 4249 1678 4318 ipsum
1714 4248 1849 4316 facta

286 4353 429 4410 sunt,
468 4358 514 4400 et
550 4348 656 4400 sine
691 4347 802 4413 ipso
842 4348 1028 4415 factum
1078 4353 1149 4398 est
1192 4340 1319 4394 nihil
1360 4337 1533 4411 (Joan.
1577 4354 1617 4400 ι,
1647 4339 1719 4407 3).
1754 4337 1847 4392 Vel

290 4437 392 4489 hoc
425 4453 437 4487 :
473 4437 572 4502 Qui
598 4437 716 4504 facit
739 4431 947 4506 angelos
975 4450 1092 4488 suos
1115 4433 1347 4502 spiritus,
1383 4441 1429 4483 et
1452 4430 1704 4484 ministros
1733 4440 1848 4482 suos

290 4529 458 4596 ignem
487 4523 1022 4595 ﬂammantent(Psal.
1056 4538 1167 4587 cur,
1215 4523 1293 4591 4).
1338 4518 1583 4588 Nunquid
1634 4519 1848 4588 angelus

291 4623 381 4691 qui
415 4619 580 4674 lactus
601 4620 760 4674 estin
787 4615 1107 4679 ministerio,
1160 4615 1335 4669 facere
1377 4612 1656 4680 imaginem
1704 4625 1848 4664 suaru

293 4721 408 4788 ipse
431 4718 628 4786 potuit?
651 4718 820 4773 Absit.
846 4715 1007 4770 Plane
1031 4715 1167 4768 Deus
1191 4713 1280 4767 Dei
1305 4710 1468 4765 Filius
1489 4712 1551 4764 ad
1577 4711 1849 4779 imaginem

293 4819 455 4872 unita
485 4817 898 4872 immortalitatis
925 4831 1066 4883 sum,
1109 4824 1159 4869 et
1200 4813 1599 4869 similitudinem
1632 4817 1849 4882 aequali-

293 4918 418 4971 tatis
443 4932 550 4972 sum
583 4917 705 4971 fecit
759 4915 1048 4980 hominem,
1096 4920 1154 4967 ut
1191 4913 1366 4976 homo,
1415 4911 1466 4978 in
1517 4926 1617 4980 qua
1645 4913 1846 4980 justitia

294 5017 464 5071 factus
508 5017 698 5082 fuerat,
744 5012 984 5083 imaginis
1028 5013 1342 5077 incorrupta:
1386 5020 1751 5077 permaneret,
1797 5020 1850 5064 et

293 5115 693 5169 similitudinem
736 5111 1020 5166 voluntatis
1047 5124 1140 5177 per
1170 5110 1530 5178 operationem
1560 5108 1846 5174 spiritalem

293 5212 508 5267 factoris
528 5210 787 5265 imitando
817 5207 1140 5277 possideret;
1172 5206 1294 5261 dum
1323 5220 1425 5259 non
1457 5207 1526 5258 sit
1553 5205 1850 5260 lactustalis

290 5314 444 5368 homo
459 5315 692 5383 proprie,
707 5310 877 5380 qualis
892 5319 972 5361 est
993 5321 1124 5376 pura
1144 5305 1398 5359 creatoris
1416 5306 1585 5374 imago
1603 5305 1846 5358 divinita-

288 5413 352 5465 tis
369 5457 382 5477 ,
398 5414 516 5482 quia
535 5412 664 5464 satis
681 5405 979 5463 interested
1004 5404 1279 5472 imaginem
1293 5402 1747 5457 etsimilitndinem
1769 5419 1863 5456 re»

288 5512 404 5566 ferri
420 5556 434 5577 ,
451 5521 504 5567 et
533 5511 764 5568 multum
787 5484 948 5560 distat
970 5513 1043 5568 ut,
1061 5505 1226 5573 qualis
1240 5504 1318 5557 vel
1333 5511 1644 5572 quantns'est
1663 5503 1848 5567 factor,

283 5619 452 5668 tantus
481 5611 701 5666 dicatur
730 5618 851 5662 esse
884 5603 1166 5672 qujtactus
1193 5617 1221 5655 a
1254 5602 1359 5656 Deo
1405 5610 1502 5655 cst.
1554 5600 1699 5656 Unde
1738 5614 1850 5670 post

1939 3172 2105 3228 nuper
2140 3161 2426 3229 assumpsit
2455 3161 2522 3215 de
2552 3161 2710 3216 Maria
2746 3163 2973 3230 Virgine.
3008 3163 3153 3219 Unde
3185 3174 3491 3230 assumptus

1940 3249 2119 3316 homo,
2152 3249 2311 3304 Filius
2337 3251 2526 3316 David,
2558 3253 2669 3306 sive
2696 3252 2831 3306 ﬁlius
2852 3253 3078 3307 Abrahae
3109 3269 3226 3310 esse
3246 3255 3312 3310 ab
3331 3268 3493 3310 evan-

1939 3340 2123 3409 gelista
2154 3339 2470 3409 praedicatur
2498 3378 2515 3407 ,
2543 3338 2665 3394 dum
2696 3351 2748 3394 et
2791 3342 2926 3395 Deus
2965 3344 3051 3411 qui
3093 3345 3375 3413 assumpsit
3401 3345 3493 3398 ho—

1942 3429 2136 3484 minem
2190 3430 2478 3484 secundum
2531 3430 2856 3486 divinitatem
2903 3434 3000 3499 sit,
3053 3444 3104 3488 et
3154 3434 3494 3506 illiustid

1941 3521 2226 3576 secundum
2267 3523 2709 3589 dispensationem
2759 3525 2895 3579 illius
2946 3525 3176 3582 hominis
3225 3528 3315 3592 sit,
3368 3529 3490 3580 dum

1944 3622 1998 3665 et
2032 3611 2167 3666 Deus
2193 3611 2258 3665 de
2295 3611 2405 3666 Deo
2425 3612 2514 3676 sit,
2545 3622 2600 3666 et
2620 3614 2905 3667 secundum
2927 3625 3136 3669 carnem
3171 3617 3329 3672 homo
3358 3619 3496 3670 ﬁlius

1946 3701 2174 3755 hominis
2201 3702 2270 3756 sit
2298 3718 2312 3767 ;
2341 3691 2463 3756 dum
2495 3715 2544 3756 et
2574 3702 2712 3757 Deus
2737 3712 2790 3757 et
2821 3705 2978 3758 homo
3008 3707 3095 3771 sit,
3123 3717 3175 3762 et
3207 3708 3363 3761 homo
3383 3711 3497 3763 sine

1949 3790 2056 3845 Deo
2084 3806 2186 3846 non
2215 3793 2302 3858 sit,
2353 3801 2406 3846 et
2450 3793 2588 3848 Deus
2626 3793 2890 3849 solitarius
2924 3796 3037 3851 sine
3083 3796 3296 3852 homine
3338 3814 3494 3868 quem

1948 3883 2228 3948 assumpsit
2276 3896 2378 3936 non
2425 3883 2513 3936 sit.
2563 3883 2741 3950 Itaque
2783 3894 2918 3938 sciat
2957 3899 3015 3940 se
3060 3888 3231 3941 omnis
3281 3893 3495 3943 contusa

1948 3972 2078 4026 silva
2119 3971 2528 4038 haereticorum,
2585 3973 2673 4027 ubi
2728 3984 2804 4029 tot
2855 3990 3047 4044 genera
3090 3977 3371 4033 draconum
3416 3956 3497 4036 vel

1953 4062 2181 4116 terarum
2214 4065 2581 4132 requiescunt,
2621 4065 2669 4117 in
2715 4065 2819 4120 hoc
2843 4065 3228 4134 blasphemare,
3259 4083 3378 4124 cum
3409 4071 3496 4126 alii

1955 4152 2113 4206 Deum
2138 4151 2433 4207 solitarium
2464 4153 2579 4207 sine
2616 4154 2827 4208 homine
2858 4164 3056 4209 tantum
3090 4157 3372 4223 praedicent
3403 4201 3418 4224 ,
3445 4170 3499 4215 et

1952 4240 2038 4294 alii
2089 4239 2353 4296 hominem
2403 4244 2765 4297 tantummodo
2809 4259 2996 4312 purum
3033 4245 3146 4300 sine
3190 4246 3296 4300 Deo
3341 4250 3499 4316 proli-

1955 4339 2180 4389 teantur.
2213 4331 2345 4384 Dum
2396 4346 2582 4387 causas
2610 4333 3018 4402 dispensationis
3062 4338 3252 4402 passim
3281 4339 3498 4391 confun-

1879 4401 2158 4488 Ddendo,
2214 4420 2569 4476 inﬁrmitatem
2625 4421 2906 4477 humanam
2976 4401 3209 4476 mortalis
3274 4425 3496 4479 hominis

1951 4510 2210 4566 divinitati
2237 4509 2520 4566 immortali
2546 4513 2840 4580 ascribunt,
2871 4522 2959 4564 aut
2983 4514 3354 4578 impossibilem
3382 4517 3490 4570 dei—

1955 4611 2113 4655 tatem
2141 4597 2204 4656 ad
2235 4611 2472 4656 naturam
2502 4602 2727 4655 hominis
2751 4602 3011 4669 passibilis
3030 4631 3034 4634 ~
3054 4606 3262 4670 proprie
3288 4619 3499 4674 compa-

1955 4703 2105 4758 rant;
2140 4693 2188 4747 in
2215 4693 2311 4747 hoc
2342 4693 2522 4750 miseri
2548 4693 2805 4758 laborant,
2835 4703 2889 4745 ut
2910 4694 2996 4746 alii
3029 4694 3186 4747 Deum
3211 4709 3412 4759 verum,
3447 4705 3501 4749 et

1956 4783 2046 4838 alii
2080 4783 2340 4836 hominem
2372 4795 2552 4835 verum
2584 4782 2768 4835 Filium
2804 4782 2891 4835 Dei
2933 4783 3212 4852 abnegent.
3262 4785 3498 4850 [iesion-

1954 4877 2073 4930 dete
2103 4875 2253 4927 mihi.
2281 4874 2580 4938 Manichaei,
2622 4873 2709 4926 ϐιιὶ
2743 4875 3105 4937 tenebrarum,
3149 4875 3200 4927 in
3248 4891 3379 4941 quos
3425 4888 3498 4928 let

1953 4980 2149 5033 genera.
2169 4966 2488 5031 serpentium
2519 4963 2744 5015 lubricos
2776 4963 2969 5016 hahent
2993 4964 3285 5016 anfractus:
3312 4963 3499 5017 Filium

1956 5055 2066 5120 Dei,
2103 5054 2154 5108 id
2179 5065 2255 5109 est
2285 5053 2448 5106 Deum
2491 5067 2702 5113 verum,
2736 5052 2998 5104 hominem
3033 5067 3210 5104 verum
3244 5052 3310 5105 dc
3341 5052 3501 5106 Maria

1962 5145 2167 5215 Virgine
2193 5159 2286 5213 pro
2314 5151 2488 5195 nostra
2519 5144 2691 5195 salute
2735 5156 2833 5194 non
2878 5142 3200 5195 conlitemini
3223 5181 3240 5209 ,
3272 5149 3326 5195 ut
3368 5145 3503 5195 scri-

1957 5246 2097 5304 ptum
2125 5241 2244 5288 est:
2277 5233 2402 5286 Ecce
2440 5232 2591 5302 Virgo
2627 5237 2676 5283 in
2707 5239 2847 5283 utero
2890 5233 3134 5298 concipiet
3171 5243 3216 5284 et
3259 5234 3416 5296 pariet
3442 5234 3505 5299 ﬁ-

1953 5329 2099 5391 lium,
2129 5337 2174 5379 et
2201 5325 2393 5379 vocabis
2419 5338 2594 5375 nomen
2617 5324 2724 5391 ejus
2750 5320 3072 5386 Emmanuel,
3109 5324 3242 5390 quod
3265 5323 3503 5391 interpre-

1954 5427 2084 5470 tatur
2125 5413 2398 5468 Nobiscum
2446 5413 2578 5466 Deus
2619 5411 2770 5478 (lsai.
2824 5426 2926 5476 vn,
2979 5413 3065 5476 il)
3095 5429 3109 5478 ;
3142 5415 3184 5466 si
3228 5412 3498 5481 phantasia

1957 5512 2045 5564 tibi
2074 5508 2280 5562 videtur
2308 5506 2552 5571 angelum
2583 5503 2882 5558 Gabrielem
2934 5504 3119 5557 Marize.
3158 5505 3495 5566 testiﬁeasse,

1955 5601 2212 5655 dicentem
2246 5597 2441 5668 ε²28
2472 5593 2550 5649 Ne
2597 5597 2793 5659 timeas,
2847 5593 3043 5658 Maria,
3088 5594 3314 5646 invenisti
3370 5594 3504 5645 enim
