3802 6246
341 198 451 256 259

1636 180 1859 273 γισιιιι
1896 177 2263 236 TAPSENSIS

3458 167 3560 223 260

344 309 562 381 gratiam
590 314 703 358 ante
734 301 909 355 Deum.
950 298 1077 353 Ecce
1101 297 1348 365 concipies
1379 295 1431 347 in
1461 301 1624 357 utero,
1665 302 1712 348 et
1742 294 1903 359 paries
1933 301 1980 355 Α
2009 291 2170 346 Forte
2201 291 2438 341 dicturus
2469 298 2546 349 es,
2574 283 2778 337 Absens
2805 282 2869 335 ab
2898 281 2986 335 ilio
3026 289 3149 334 tunc
3187 276 3431 331 divinitas
3454 279 3567 346 eius
3614 304 3617 305 ν

349 401 533 469 ﬁtiunt,
560 404 607 450 et
627 396 819 449 vocabis
839 406 1016 445 nomen
1036 392 1143 455 eius
1172 387 1347 440 Jesum
1376 385 1528 457 (an.
1566 402 1615 450 t,
1650 382 1780 453 50);
1824 387 1904 439 vel

346 486 665 556 evangelista
695 484 760 537 ad
802 484 914 534 lucc
945 488 1212 534 testante:
1247 476 1309 531 Et
1353 477 1547 546 peperit
1583 476 1748 542 ﬁtium
1793 475 1905 544 pri-

348 580 686 646 mogenitum,
720 582 768 627 et
806 567 987 641 pannis
1023 585 1138 623 eum
1164 556 1397 630 involvit,
1442 576 1489 619 et
1528 567 1691 635 posuit
1714 580 1829 618 eum
1855 564 1908 616 in

349 665 592 737 prtzsepio
623 662 771 731 (Luc.
799 675 855 726 tt,
887 662 975 728 7);
1007 659 1052 712 si
1072 654 1347 728 phantasia
1386 656 1478 710 tibi
1520 655 1753 717 videtur,
1781 653 1927 722 quid,

354 756 598 821 concepit
627 753 707 807 vel
740 752 962 820 peperit,
991 758 1082 804 aut
1110 747 1463 818 quid'pannis
1506 744 1724 799 involvit
1765 752 1820 798 et
1859 743 1910 796 in

355 856 599 911 pra-sepe
624 824 831 909 posuit?
862 838 986 892 Sive
1026 838 1126 892 hoc
1152 836 1451 903 exemplum
1494 834 1708 902 accipe,
1752 844 1914 899 ange-

353 933 461 986 lum
512 932 576 984 ad
626 940 870 999 pastores
915 937 1196 982 testantem
1224 942 1237 978 ε
1270 923 1337 976 Et
1369 925 1496 977 dixit
1521 923 1623 977 illis
1657 920 1868 994 angetus
1890 934 1911 974 :

303 1082 315 1093 ,
354 1022 531 1077 Nolite
568 1023 741 1075 timere
765 1020 935 1075 :Ecce
983 1019 1113 1072 enim
1158 1016 1446 1086 evangelise
1485 1011 1623 1067 vobis
1671 1013 1916 1081 gaudium

353 1131 597 1186 magnum
624 1114 759 1182 quod
785 1113 878 1166 erit
906 1111 1041 1164 omni
1064 1109 1225 1180 plebi;
1251 1110 1373 1178 quia
1399 1116 1547 1160 natus
1567 1117 1637 1159 est
1664 1105 1799 1159 vobis
1822 1105 1917 1158 Ito-

354 1207 438 1260 ds'e
466 1205 725 1271 Salvator,
748 1203 832 1271 qui
858 1213 931 1255 est
960 1200 1187 1255 Christus
1207 1197 1473 1264 Dominus,
1504 1200 1555 1252 in
1583 1196 1779 1252 civitate
1802 1195 1915 1251 Da-

358 1297 459 1350 vid.
495 1294 562 1349 Et
590 1294 685 1348 Itoc
712 1293 847 1346 vobis
872 1293 1075 1361 signum
1117 1304 1134 1343 :
1165 1289 1433 1344 Invenietis
1463 1289 1706 1358 infantem
1738 1289 1917 1359 pannis

358 1390 643 1441 obvolutum
670 1392 718 1437 et
764 1383 985 1452 positum
1010 1382 1065 1435 in
1088 1381 1353 1450 praesepio.
1392 1377 1462 1433 Et
1496 1378 1662 1433 subito
1692 1379 1827 1454 facta
1848 1387 1923 1433 est

365 1492 479 1530 cum
503 1491 561 1529 eo
583 1474 880 1547 angelorum
902 1472 1167 1526 multitude
1191 1470 1437 1525 exercitus
1467 1469 1675 1523 caelestis
1708 1468 1925 1521 laudan-

361 1564 488 1618 tium
505 1561 693 1629 Deum,
721 1570 770 1616 et
800 1562 1071 1615 dicentium
1097 1577 1117 1614 :
1138 1558 1316 1614 Gloria
1340 1559 1395 1611 in
1414 1558 1621 1613 excelsis
1647 1555 1779 1623 Deo,
1800 1557 1923 1612 etin

361 1663 495 1709 terra
532 1670 636 1724 pas
677 1654 959 1708 hominibus
991 1653 1133 1706 bona:
1172 1650 1444 1704 voluntatis
1480 1649 1665 1722 (ιδιά,
1706 1648 1925 1718 10-15),

2009 381 2172 434 fuisse
2196 376 2558 446 cognoscitur.

2079 470 2409 524 Athanasius.
2454 468 2497 518 0
2532 465 2661 520 satis
2698 463 2911 517 confusa
2962 459 3297 517 cutiscientia
3340 458 3568 519 excites,

2009 576 2129 633 quae
2153 574 2369 631 prorsus
2408 557 2671 624 serpentis
2698 569 2899 608 veneno
2936 568 2994 606 es
3038 552 3257 605 intecta!
3303 546 3497 617 Utique
3527 550 3567 601 si

2009 658 2200 710 absens
2229 670 2255 707 a
2290 653 2445 707 Patre
2475 652 2586 715 fuit,
2620 648 2883 717 quomodo
2907 646 3125 698 indivisa
3159 651 3341 695 natura
3376 650 3491 701 est;
3522 650 3571 692 et

2009 748 2054 803 si
2079 748 2279 799 divisus
2309 753 2409 806 est,
2446 740 2709 810 quomodo
2757 752 2890 790 unus
2934 738 2985 788 in
3026 748 3129 786 uno
3159 731 3271 785 est?
3302 730 3437 782 Etsi
3482 728 3573 782 ah-

2011 855 2135 897 sens
2164 840 2279 905 fuit,
2310 853 2427 891 cum
2463 838 2514 889 in
2546 833 2756 887 homine
2781 830 2875 883 fuit
2904 838 2954 883 et
2983 837 3095 891 est,
3122 840 3216 878 cur
3254 837 3281 875 a
3314 821 3572 889 piscatore

2012 935 2215 990 Joanne
2281 930 2433 983 nobis
2500 929 2549 979 in
2603 922 2723 977 sinu
2767 923 2933 975 Patris
2975 930 3138 987 agens
3183 927 3324 965 unus
3365 922 3573 977 sempr!-

2016 1024 2356 1081 annuntiatus
2382 1028 2463 1073 est
2502 1018 2707 1070 dicente
2740 1031 2751 1065 :
2785 1012 2943 1064 Deum
2988 1021 3129 1060 nemo
3161 1004 3283 1056 vidit
3326 1013 3569 1066 unquam,

2016 1118 2116 1170 nisi
2149 1112 2464 1181 Unigenitus,
2505 1105 2587 1171 qui
2627 1114 2698 1158 est
2744 1103 2796 1153 in
2835 1100 2948 1152 sinu
2974 1095 3162 1156 Patris,
3192 1092 3297 1159 ipse
3324 1084 3574 1141 enarravit

2018 1206 2194 1279 (Joan.
2227 1177 2265 1269 t,
2299 1202 2427 1268 l8)?
2461 1195 2695 1262 Denique
2724 1191 2789 1244 ad
2826 1190 2937 1241 haec
2975 1186 3145 1253 ipsum
3188 1177 3309 1233 audi
3356 1177 3573 1279 loquen-Z

2019 1265 2127 1351 ient
2159 1313 2171 1348 :
2208 1265 2377 1347 Verba
2402 1304 2511 1356 qua:
2534 1285 2668 1338 vobis
2694 1284 2886 1337 locutus
2908 1294 3017 1330 sum
3044 1290 3144 1327 non
3171 1281 3282 1325 sunt
3321 1284 3455 1331 mea,
3493 1265 3577 1318 sed

2018 1387 2130 1459 ejus
2155 1382 2239 1453 qui
2268 1398 2345 1435 me
2366 1380 2498 1431 misit
2530 1374 2699 1429 Patris
2729 1370 2905 1441 (Joan.
2942 1382 3048 1433 xtv,
3074 1363 3191 1459 2d).
3218 1359 3323 1415 Sed
3354 1367 3409 1457 et
3431 1356 3575 1455 huic}

2024 1444 2194 1545 ὀρειᾷ
2214 1485 2323 1541 qua:
2350 1485 2439 1538 ego
2463 1466 2594 1534 facio
2622 1478 2719 1515 non
2741 1469 2855 1513 sunt
2876 1473 3006 1523 mea,
3030 1453 3115 1507 sed
3146 1453 3253 1519 ejus
3280 1447 3467 1545 qui-nte

2021 1534 2084 1617 sii
2104 1534 2294 1619 Patris,
2327 1534 2432 1629 ipse
2452 1564 2686 1624 aperatur
2721 1567 2872 1619 opera
2894 1564 2986 1601 sua
3011 1545 3185 1615 (Joan.
3214 1552 3322 1603 st‘v,
3358 1534 3575 1629 10).l‘3t,

2033 1653 2093 1708 Si
2124 1651 2244 1703 mihi
2271 1624 2367 1702 non
2391 1646 2609 1709 creditis,
2639 1642 2867 1709 Operibus
2894 1638 3103 1699 credite,
3132 1632 3251 1702 quia
3278 1642 3368 1699 ego
3397 1628 3452 1680 in
3476 1624 3576 1677 Pa.

364 1721 609 1814 Nunquid
632 1757 727 1815 pro
746 1743 1053 1814 phantasma
1074 1741 1246 1811 angeli
1274 1741 1670 1796 exsultavernnt
1689 1739 1743 1793 in
1767 1737 1928 1794 cmlol
1961 1721 2005 1755 ⁵
2032 1750 2128 1808 tre,
2160 1751 2205 1793 et
2234 1740 2386 1792 Pater
2415 1739 2465 1789 in
2487 1751 2562 1788 me
2594 1733 2769 1803 (Joan.
2803 1746 2852 1795 x,
2876 1729 2991 1797 38).
3018 1725 3155 1780 Ecce
3178 1722 3307 1815 Filio
3336 1721 3581 1788 loquente

373 1813 617 1906 Nunquid
632 1813 920 1904 “phantasia
960 1831 1059 1887 fuit
1101 1831 1241 1903 quod
1268 1831 1623 1886 adoravernnt
1668 1827 1806 1898 magi
1832 1840 1928 1884 ve-
2030 1830 2191 1885 Pater
2216 1830 2464 1897 loquitur,
2494 1834 2544 1879 et
2571 1830 2822 1891 operante
2851 1819 2979 1873 Filio
3018 1817 3172 1871 Pater
3206 1813 3385 1867 uniter
3402 1823 3581 1906 opera-

371 1900 580 1980 πίθηίθδ
621 1900 689 1978 ab
730 1921 981 1978 οτίθιιίθῗ
1029 1900 1276 1991 Νυέιιιυῑιι
1316 1920 1592 1990 Pluma“!
1637 1916 1929 1974 δωυηάιιπὶ
2031 1936 2135 1995 tur,
2170 1937 2221 1982 et
2249 1934 2494 1978 manente
2526 1920 2742 1975 Patrein
2773 1916 3123 1980 Filio,manet
3143 1909 3308 1964 Filius
3328 1907 3382 1960 in
3413 1900 3581 1958 Patre.

369 2016 544 2085 legem
573 2024 760 2069 octava
797 2013 886 2067 d.e
930 2012 1172 2066 manilius
1208 2011 1450 2080 palpatur
1476 2010 1558 2065 vel
1601 2005 1932 2064 circumcidi-

365 2104 494 2159 tur?
522 2102 767 2173 Nunquid
807 2116 904 2171 pro
948 2101 1223 2170 phantasia
1271 2098 1499 2155 infantes
1549 2098 1713 2154 occisi
1767 2096 1933 2153 sunt?

372 2193 619 2264 Nunquid
642 2193 916 2262 phantasia
934 2191 1164 2246 Joannes
1184 2190 1735 2246 manibusattrectsns
1758 2187 1933 2256 bapti-

368 2286 546 2340 zavit?
588 2282 831 2352 Nunquid
869 2282 1177 2353 phantasma
1233 2289 1350 2336 erat
1402 2293 1566 2351 super
1610 2293 1767 2349 quem
1804 2278 1936 2334 vidit

371 2376 603 2432 Joannes
641 2373 897 2443 Spiritum
948 2380 1187 2428 sanctum
1238 2373 1291 2427 in
1330 2374 1509 2442 specie
1558 2371 1820 2427 columbae
1852 2382 1939 2424 ve-

371 2468 603 2521 nientem
636 2471 692 2519 et
716 2471 1020 2518 tnanentem
1051 2461 1105 2517 in
1134 2462 1237 2517 eo?
1259 2461 1506 2532 Nunquid
1536 2462 1807 2531 phantasia
1848 2464 1938 2530 pe-

372 2556 470 2621 des
494 2556 871 2622 discipulorum
893 2554 1136 2608 manibus
1161 2552 1319 2608 lavit?
1347 2553 1591 2623 Nunquid
1625 2550 1934 2622 phantasma

377 2661 504 2701 vere
534 2644 863 2699 manducavit
891 2653 943 2698 et
968 2644 1134 2698 bibit?
1158 2636 1408 2713 Nunquid
1434 2641 1724 2712 ‘phautaeia
1770 2643 1934 2695 lutum

375 2738 441 2791 de
469 2743 628 2804 sputo
658 2733 802 2799 fecit,
830 2741 885 2788 et
913 2733 1087 2788 linivit
1107 2734 1457 2798 oculoscteci,
1504 2742 1558 2788 et
1603 2732 1768 2787 viditl
1797 2730 1938 2786 Nun-

377 2824 498 2895 qud
530 2823 805 2894 phantasia
834 2822 1090 2878 Lazarum
1125 2824 1378 2879 fetentem
1415 2833 1606 2895 quarto
1647 2823 1735 2877 die
1772 2824 1939 2876 susci-

378 2918 543 2977 tavit?
566 2915 808 2984 Nunquid
840 2913 1111 2984 phantasia
1134 2916 1348 2969 unicum
1381 2915 1533 2968 ntetri
1569 2927 1679 2969 suae
1703 2912 1943 2967 vivifica-

378 3008 489 3061 vitl
511 3006 753 3075 Nunquid
784 3004 1059 3075 phantasia
1087 3006 1385 3059 centurioni
1414 3014 1636 3074 puerum
1674 3002 1942 3057 condorm-

380 3097 509 3165 vitl
535 3092 780 3165 Nunquid
831 3096 1107 3163 phantasia
1173 3096 1223 3148 in
1278 3108 1439 3149 cruce
1495 3092 1774 3162 pependit,
1818 3104 1943 3147 cum

382 3186 708 3255 tremefactis
732 3183 1035 3241 cardinibus
1074 3184 1253 3237 mundi
1305 3183 1493 3237 videns
1541 3182 1785 3238 centurio
1810 3195 1943 3236 con-

384 3276 673 3335 fessionem
716 3275 882 3338 dedit,
932 3274 1136 3341 dicens,
1196 3280 1327 3328 Vere
1373 3272 1543 3327 Filius
1597 3272 1697 3326 Dei
1743 3280 1816 3327 est
1864 3271 1950 3326 Itic

386 3364 603 3437 (Matth.
628 3379 802 3429 xxvtt,
823 3364 947 3433 54)?
988 3362 1231 3433 Nunquid
1275 3364 1605 3433 phantasiam
1634 3365 1686 3417 in
1724 3360 1949 3416 sindona

390 3458 615 3526 involvit
657 3455 887 3524 Joseph,
917 3464 975 3511 et
1019 3454 1265 3524 posuitin
1300 3453 1679 3509 monumento?
1702 3450 1951 3523 Nunquid

390 3548 701 3616 phantasma
740 3560 769 3598 a
814 3543 1034 3599 mortuis
1062 3555 1179 3614 post
1219 3554 1325 3599 tres
1364 3545 1477 3598 dies
1514 3544 1845 3611 resurrexit,
1893 3550 1951 3611 et

390 3640 445 3693 in
459 3637 621 3696 caelos
642 3637 901 3703 ascendit,
924 3646 979 3692 et
1006 3639 1145 3691 sedit
1170 3636 1236 3690 ad
1257 3638 1529 3692 dexteram
1555 3626 1759 3691 Patris?
1776 3637 1948 3702 Absit,

390 3745 425 3781 υ
462 3727 779 3793 Manichaee,
808 3729 862 3783 in
886 3741 991 3797 quo
1020 3728 1265 3783 diabolus
1295 3729 1539 3783 universa
1586 3733 1951 3797 phantasmata

391 3818 593 3875 erroris
602 3828 684 3873 est
699 3826 948 3886 operatus
974 3833 1001 3870 εν
1016 3817 1311 3886 prasertim
1324 3830 1445 3871 cum
1457 3818 1571 3872 haec
1590 3825 1778 3873 cuncta
1797 3829 1958 3884 supe-‘

392 3911 503 3967 rius
534 3917 843 3971 memerata,
870 3922 987 3976 qua
1001 3907 1303 3975 specialiter
1331 3922 1428 3975 pro
1457 3907 1674 3961 homine
1696 3905 1954 3961 mirabilia

394 3997 658 4067 stuitdicta
669 4036 682 4061 ,
701 3997 839 4051 Deus
852 4011 1007 4051 verus
1024 4000 1074 4050 in
1089 3997 1253 4066 229
1267 3996 1498 4062 homine,
1512 4004 1598 4050 aut
1612 4010 1707 4065 pro
1720 3995 1950 4062 homine,

396 4096 485 4138 aut
505 4101 597 4154 per
618 4086 883 4141 hominem
898 4101 1077 4140 verum
1090 4089 1160 4140 sit
1173 4096 1443 4153 cperatus.
1460 4074 1965 4155 ldeoquecognosce'

396 4177 449 4230 in
481 4178 580 4230 hoc
610 4178 725 4231 loco
754 4186 808 4230 et
839 4187 913 4243 tu,
945 4192 978 4230 θ
1004 4178 1219 4241 Arione,
1250 4192 1406 4246 quem
1452 4177 1694 4232 diabolus
1732 4178 1788 4231 in
1830 4191 1955 4246 agro

395 4268 665 4322 dominico
692 4267 829 4320 inter
861 4267 1054 4319 bonum
1092 4266 1320 4321 triticum
1359 4282 1521 4323 ausus
1548 4276 1632 4324 est
1669 4268 1734 4322 ad
1783 4268 1957 4323 eradi-

2038 1994 2192 2070 Vides
2240 2015 2514 2067 indivisam
2562 2025 2679 2064 esse
2728 2020 2967 2061 naturam
3002 2000 3287 2057 divinitatis
3330 1994 3505 2052 Patris
3538 2003 3585 2046 ct

2034 2111 2171 2175 Filii,
2198 2111 2320 2162 dum
2350 2106 2489 2175 quod
2522 2102 2749 2171 loquitur
2775 2110 2957 2153 natura
2988 2094 3138 2158 Filii,
3169 2092 3338 2146 uniter
3358 2078 3587 2156 loquitur

2032 2219 2085 2259 et
2116 2206 2315 2265 Patris;
2358 2211 2411 2255 et
2451 2198 2587 2267 qttod
2635 2205 2880 2265 operatur
2932 2195 3115 2245 natura
3144 2182 3281 2251 Filii,
3325 2184 3445 2238 hac
3481 2182 3587 2250 ipsa

2036 2294 2208 2347 uniter
2239 2306 2423 2345 natura
2469 2288 2751 2342 divinitatis
2788 2292 3033 2353 operatur
3066 2289 3119 2334 et
3146 2272 3339 2332 Patris.
3369 2274 3439 2328 Et
3474 2286 3588 2327 cum

2038 2395 2213 2438 manet
2245 2380 2553 2436 naturaliter
2588 2379 2749 2430 Filius
2770 2378 2821 2429 in
2852 2375 3027 2435 Patre,
3058 2370 3197 2424 idem
3229 2367 3455 2422 invicem
3486 2377 3589 2417 ma-

2038 2486 2128 2532 net
2168 2474 2588 2529 substantialiter
2625 2481 2678 2525 et
2715 2469 2868 2523 Pater
2900 2468 2952 2521 in
2974 2465 3130 2522 Filio.
3159 2463 3312 2519 Unde
3339 2468 3399 2515 ut
3423 2466 3591 2515 certus

2038 2569 2109 2621 εἰς
2139 2568 2274 2619 inter
2304 2573 2579 2617 exeuntem
2610 2570 2663 2613 et
2693 2576 2718 2611 a
2748 2572 2848 2626 quo
2875 2556 3083 2617 exierit,
3116 2561 3171 2606 ut
3198 2553 3310 2620 ipse
3337 2549 3450 2605 ait:
3485 2544 3589 2618 Ego

2024 2668 2070 2709 ἀ
2108 2656 2257 2709 Patre
2282 2655 2440 2718 exivi,
2483 2652 2637 2720 230
2668 2658 2711 2701 et
2750 2650 2858 2701 veni
2892 2645 3063 2716 (Jomi.
3110 2657 3216 2703 xvi,
3246 2641 3360 2711 28),
3389 2642 3593 2693 nomina

2040 2747 2090 2800 in
2124 2748 2360 2813 personis
2387 2747 2751 2803 ostenduntur,
2778 2751 2829 2793 et
2860 2753 2962 2792 non
2994 2738 3135 2789 unita
3172 2733 3444 2801 plenitudo
3469 2730 3595 2784 divi-

2040 2839 2218 2893 nitatis
2248 2852 2364 2905 qua:
2390 2845 2471 2889 est
2498 2833 2801 2893 indiscreta,
2834 2829 3085 2883 dividithr
3112 2844 3123 2877 :
3155 2826 3280 2879 dum
3318 2824 3408 2893 qui
3445 2835 3475 2874 a
3504 2819 3595 2873 Pa-

2042 2940 2123 2984 tre
2152 2928 2271 2993 fuit,
2311 2936 2364 2979 et
2411 2934 2512 2989 est,
2565 2932 2624 2977 ut
2666 2924 2777 2991 ipse
2826 2929 3081 2974 testatur:
3119 2916 3225 2985 Ego
3264 2915 3317 2966 in
3352 2910 3529 2969 Patre,
3554 2916 3597 2959 tt

2044 3023 2198 3077 Pater
2216 3024 2266 3074 in
2292 3037 2367 3073 mc
2388 3031 2459 3072 est
2491 3018 2663 3087 (Joan.
2694 3030 2793 3077 xtv,
2824 3012 2930 3077 li).
2955 3012 3219 3066 Praeterea
3246 3005 3372 3059 dum
3404 3010 3459 3056 et
3486 2997 3598 3069 ubi-

2045 3129 2148 3183 que
2202 3124 2435 3180 praesens
2488 3110 2554 3161 sit
2584 3107 2694 3159 haec
2748 3104 2961 3160 unitatis
3007 3096 3301 3169 plenitudo,
3346 3102 3401 3149 et
3447 3102 3599 3145 omne

2046 3202 2330 3270 adimpleat
2354 3200 2573 3253 interius
2599 3206 2649 3250 et
2682 3197 2938 3257 exterius,
2961 3207 2990 3244 a
3020 3192 3323 3245 summitate
3348 3184 3599 3239 caelorum

2047 3308 2215 3361 usque
2243 3291 2305 3342 ad
2332 3288 2647 3359 profundum
2680 3286 2989 3347 inferorum,
3018 3284 3152 3336 sicut
3186 3279 3443 3349 scriptum
3475 3282 3598 3330 est:

2048 3379 2158 3455 Ego
2198 3383 2443 3436 Dominus
2484 3380 2617 3432 Deus
2658 3380 2743 3447 qui
2785 3379 2967 3449 impleo
2999 3376 3205 3438 cretum,
3246 3383 3291 3425 et
3330 3376 3601 3433 terram,st

2049 3475 2217 3527 omnia
2246 3489 2353 3539 qua:
2386 3474 2437 3524 in
2469 3472 2538 3523 eis
2578 3478 2695 3522 sunt
2719 3468 2925 3538 (Jercm.
2962 3482 3120 3531 amt,
3149 3463 3265 3533 ΞΑ).
3300 3461 3459 3516 Vides
3492 3456 3602 3512 uni-

2052 3577 2155 3619 tam
2186 3581 2302 3621 esse
2339 3566 2473 3619 hanc
2520 3564 2917 3633 plenitudinem,
2952 3562 3286 3614 indiscretam
3326 3571 3448 3612 esse
3470 3554 3601 3617 divi-

2050 3659 2288 3711 nitatem.
2321 3655 2495 3724 ltaque
2524 3655 2821 3715 coosidera,
2846 3655 2963 3719 quia
2986 3649 3237 3720 quidquid
3273 3648 3337 3702 ad
3357 3649 3603 3703 deitatem

2052 3747 2295 3809 refertur;
2329 3746 2579 3798 unitatem
2611 3744 2945 3796 indiscretum
2991 3756 3110 3797 esse
3148 3741 3395 3810 designat
3420 3756 3435 3795 :
3462 3737 3605 3808 quid.

2052 3835 2177 3903 quid
2224 3849 2436 3887 causam
2479 3834 2709 3887 hominis
2748 3833 2975 3898 iudicat,
3008 3843 3252 3887 naturam
3295 3828 3607 3895 infirmitatis

2054 3925 2300 3987 ostendit,
2331 3924 2465 3978 sicut
2496 3923 2608 3991 ipse
2636 3924 2731 3989 ait,
2760 3923 2995 3988 Spiritus
3030 3938 3232 3979 carnem
3262 3930 3309 3977 et
3355 3916 3607 3976 ossam

2055 4022 2216 4079 habet,
2245 4018 2373 4070 sicut
2414 4034 2489 4069 me
2516 4016 2689 4069 videtis
2720 4016 2903 4069 habere
2933 4014 3081 4082 (Luc.
3113 4030 3260 4081 xatv,
3282 4013 3393 4083 59).
3426 4013 3609 4068 Nonne

2056 4110 2106 4161 in
2160 4109 2260 4159 hoc
2304 4105 2446 4159 dicto
2499 4107 2761 4159 hominem
2812 4105 3083 4160 ostendit?
3137 4095 3266 4160 Nam
3324 4102 3606 4159 secundum

2057 4196 2220 4250 Deum
2249 4196 2323 4249 sic
2365 4208 2673 4263 prosecums
2710 4208 2823 4250 eSt:
2854 4196 3075 4264 Spiritus
3119 4205 3189 4250 est
3225 4196 3312 4265 qui
3346 4195 3605 4263 uiuiﬁcus:

2056 4304 2170 4339 nam
2194 4302 2310 4337 caro
2334 4274 2463 4337 nihil
2486 4289 2719 4353 prodest:
2746 4285 2891 4337 verba
2918 4299 3028 4352 qua
3064 4286 3373 4357 egqlocutls
3396 4299 3512 4337 sunt
3530 4298 3609 4336 le-

396 4359 639 4458 “Pdujn.
658 4372 839 4411 “me”
879 4374 1029 4458 s_““"'
1055 4358 1275 4458 ῖίῖξηίω
1302 4361 1591 4458 “mill-tiret
1614 4369 1671 4415 ιη
1700 4362 1950 4431 “minam
1981 4397 2029 4455 Ι)
2055 4380 2148 4439 bis,
2181 4379 2386 4443 spiritus
2412 4387 2459 4429 et
2480 4380 2711 4429 vitasunt
2743 4376 2919 4444 (Joan.
2957 4393 3028 4442 vt,
3055 4376 3166 4447 64).
3197 4377 3357 4432 Vides
3382 4376 3501 4446 qitia
3527 4374 3607 4431 ubi

398 4456 480 4500 δεῖ
508 4463 522 4497 ³
552 4444 672 4501 Scio
715 4462 867 4514 ορετα
894 4456 999 4511 τηαν
1033 4449 1167 4516 (Ιαοά
1193 4463 1375 4501 ποηιεη
1414 4449 1564 4521 hab“
1594 4458 1790 4505 ίσηεαηι
1815 4454 1953 4522 ιιιιοά
1981 4444 2023 4455 υ
2055 4471 2423 4524 auctoritatem
2446 4468 2621 4532 refert,
2646 4452 2969 4524 divnitatent
3001 4444 3274 4525 indivisam
3304 4444 3609 4526 essetisto.-

399 4538 560 4602 vivas,
591 4546 638 4589 et
672 4553 781 4589 ecce
808 4548 1035 4610 mortuus
1058 4554 1127 4591 es.
1152 4536 1275 4591 Esto
1297 4539 1465 4609 itaque
1487 4541 1722 4611 vigilans,
1753 4549 1802 4596 et
1828 4559 1952 4597 conc

401 4624 619 4678 stabilito
639 4626 831 4693 reliqua
851 4641 958 4692 qua:
988 4626 1230 4679 moritura
1255 4636 1389 4680 sunt.
1423 4626 1544 4681 Non
1586 4631 1721 4683 enim
1758 4630 1955 4685 invenio

400 4714 805 4785 operatuaplena
834 4731 1003 4767 coram
1029 4715 1262 4790 Domino.
1281 4716 1957 4788 Mementaquemadmodum

402 4810 649 4877 acceperis
660 4820 707 4861 et
716 4802 965 4877 qumnodo
985 4809 1240 4875 audiens;
1258 4826 1401 4864 serua
1420 4822 1466 4864 et
1486 4826 1579 4883 age
1598 4815 1959 4880 paenitentiam.

407 4899 503 4953 Sin
524 4913 655 4964 vero,
672 4901 866 4952 veniam
886 4901 953 4952 ad
977 4908 1023 4952 te
1044 4910 1094 4951 ut
1116 4898 1220 4968 fur,
1242 4911 1288 4953 et
1307 4902 1475 4956 nescis
1493 4917 1594 4970 qua
1615 4903 1742 4955 hora
1759 4902 1962 4957 veniam'

406 4993 475 5044 ad
494 5001 540 5044 te
565 4991 747 5060 (Apoc.
768 5007 846 5059 Ill,
864 4990 941 5062 2).
962 4993 1145 5058 Audis,
1168 5008 1201 5045 ο
1224 4994 1490 5060 Ιιαὲτοιίεε,
1510 4995 1599 5066 qui
1625 5012 1819 5053 nomen
1846 5008 1964 5053 tan-

409 5092 520 5137 tum
570 5081 858 5137 Christiani
906 5084 1089 5147 habes,
1119 5095 1174 5139 et
1203 5100 1296 5139 ore
1325 5085 1518 5142 diaboli
1559 5088 1826 5157 loqueris,
1867 5089 1961 5158 qui

411 5173 623 5241 ignoras
650 5187 807 5227 causa
835 5174 1244 5243 dispensationis
1273 5177 1502 5232 hominis
1526 5166 1724 5236 dictum
1752 5180 1921 5239 fuisse
1948 5200 1963 5238 :

416 5262 515 5327 Qui
539 5278 617 5316 me
638 5265 793 5331 misit,
824 5266 987 5334 major
1014 5281 1090 5318 me
1115 5277 1188 5320 est
1215 5267 1396 5340 (Joan.
1429 5285 1534 5337 xrv,
1563 5270 1682 5343 28).

485 5352 784 5410 ﬂwreticus.
828 5357 939 5425 Dic,
973 5358 1297 5429 orthodoxe,
1345 5364 1391 5418 si
1435 5379 1531 5434 pro
1576 5366 1968 5436 dispensatione

417 5445 671 5514 hominis,
703 5457 761 5503 ut
783 5451 998 5518 asseris,
1035 5453 1260 5519 positum
1287 5461 1371 5509 est
1396 5473 1411 5510 :
1439 5455 1538 5521 Qui
1580 5474 1658 5513 me
1703 5460 1840 5515 misit
1862 5479 1972 5517 ma-

415 5543 497 5613 ior
526 5560 603 5599 tne
628 5552 733 5614 est,
768 5558 893 5617 ergo
927 5560 1033 5616 quo
1072 5554 1307 5617 tempore
1349 5551 1547 5608 missus
1581 5567 1611 5611 a
1654 5553 1809 5612 Patre
1846 5560 1973 5617 est?

2060 4559 2163 4623 dit;
2190 4560 2275 4611 ιε’ἱιὶ
2297 4558 2360 4611 ad
2380 4559 2666 4624 hominem,
2685 4570 2921 4613 naturam
2944 4560 3259 4615 inﬁrmitatis
3273 4560 3609 4631 designat.“

2062 4664 2156 4718 per
2179 4651 2277 4701 hoc
2300 4648 2469 4701 omnis
2498 4659 2727 4715 potestas
2756 4650 2869 4704 Deo
2898 4662 2979 4705 est
3011 4651 3347 4717 ascribenda,
3372 4662 3426 4707 et
3448 4639 3611 4706 omnia

2068 4738 2345 4792 inﬁrmitas
2368 4739 2566 4793 homini
2595 4750 2676 4795 est
2700 4743 3022 4809 imputanda,
3060 4744 3195 4798 sicut
3219 4745 3335 4814 ipse
3361 4746 3475 4799 ait:
3504 4742 3611 4798 Tri-

2068 4834 2157 4883 stis
2186 4842 2258 4884 est
2278 4835 2446 4885 anima
2473 4851 2581 4886 mea
2602 4850 2751 4903 usque
2771 4836 2842 4887 ad
2866 4839 3070 4890 ntorte'in
3095 4828 3309 4908 (Hault.
3332 4853 3478 4902 am.
3504 4839 3609 4907 38).

2068 4924 2238 4993 Rogo,
2270 4924 2356 4992 qui
2396 4925 2595 4993 major?
2629 4926 2715 4996 qui
2750 4928 3055 4995 assumpsit,
3086 4943 3154 4981 an
3194 4931 3284 4997 qui
3322 4940 3613 4998 assus-ptas

2070 5017 2183 5070 est?
2221 5016 2387 5082 Deus,
2432 5031 2496 5069 an
2541 5019 2729 5071 homo?
2756 5018 2856 5073 hoc
2899 5030 2978 5074 est
3006 5020 3172 5075 forma
3203 5021 3321 5088 Dei,
3360 5037 3429 5077 an
3454 5022 3611 5077 foras

2070 5107 2211 5158 servi
2245 5105 2504 5160 hominis?
2527 5109 2613 5175 qui
2640 5104 2912 5175 clarificat,
2935 5119 3025 5165 aut
3046 5113 3133 5179 qui
3163 5111 3483 5168 clariﬁcattts
3504 5111 3615 5167 est?

2072 5196 2205 5248 sicut
2231 5197 2342 5265 ipse
2368 5197 2529 5251 dicit:
2560 5198 2707 5251 Nune
2744 5200 3049 5269 clari/icatus
3082 5210 3154 5258 est
3182 5201 3357 5259 Filius
3387 5204 3615 5270 hominis.

2073 5297 2116 5337 et
2153 5285 2284 5337 Deus
2313 5286 2662 5353 honori/ienuit
2689 5306 2798 5342 eum
2832 5294 2885 5345 in
2916 5309 2969 5346 se
3006 5292 3183 5363 (least.
3210 5310 3327 5363 xm,
3349 5295 3463 5368 31).
3490 5294 3623 5353 COI-

2075 5378 2246 5430 sidera
2275 5377 2381 5445 jam
2420 5381 2469 5433 in
2519 5382 2598 5435 his
2640 5383 2793 5438 dictis
2820 5402 2974 5439 unam
3005 5402 3286 5457 personam
3304 5380 3503 5461 duplici
3532 5398 3627 5446 ιιι-⁸

2076 5472 2263 5526 cabulo
2307 5471 2629 5528 declaratam
2668 5491 2805 5538 esse.
2849 5480 2939 5535 Dei
2987 5490 3042 5535 et
3084 5481 3337 5549 hominis,
3375 5478 3616 5552 Amnis

2078 5561 2326 5617 dicente:
2365 5562 2507 5618 Unus
2552 5566 2681 5621 enim
2720 5566 2877 5630 Deus.
2928 5587 3057 5628 unus
3092 5582 3139 5628 et
3174 5575 3421 5630 mediator
3462 5574 3614 5630 Deis!
