3856 6222
130 195 244 250 2t}!
1425 201 1507 254 DE
1546 195 1910 253 'IlilNlTATE
1953 195 2082 251 LIB.
2124 197 2207 251 Ill.
3310 211 3414 267 262

135 307 492 372 tramissum,
540 311 682 361 homo
724 307 949 360 Christus
986 307 1133 361 Iesus
1173 305 1222 377 (1
1256 307 1389 361 Tim.
1434 325 1490 373 ιι,
1522 308 1598 378 5).
1626 307 1748 362 Sive
1779 309 1831 367 Α
1857 323 1934 359 me
1954 309 2089 361 misit
2124 304 2288 377 maior
2313 326 2390 363 me
2414 323 2485 364 est
2525 312 2702 382 (Joan.
2749 328 2858 380 xlv,
2891 314 3005 382 98).
3047 317 3172 389 Sive
3221 319 3271 372 in
3315 321 3412 376 hoc

133 396 248 448 huc
276 413 292 448 :
328 394 617 450 Hcdiator
641 408 806 449 autem
832 400 979 450 unius
1005 415 1102 450 non
1129 407 1222 451 est.
1256 397 1393 452 Deus
1419 409 1587 453 autem
1627 415 1760 453 unus
1859 394 2024 457 dicto,
2053 397 2104 449 in
2131 409 2236 466 quo
2264 399 2406 452 soles
2437 404 2793 469 argumentari
2821 421 2841 458 :
2874 404 3008 470 Quid
3046 423 3122 460 me
3158 408 3284 461 dicis
3325 409 3411 462 bo-

137 495 214 538 est
251 483 430 554 (Gal.
474 501 555 549 stt,
584 485 692 549 20).
755 487 911 541 Vides
951 501 1109 540 unum
1153 487 1491 554 csse'Deum,
1547 497 1601 542 et
1653 503 1758 542 non
1859 485 2014 537 num?
2041 500 2184 538 nemo
2231 489 2410 552 bonus,
2455 490 2554 543 nisi
2593 491 2732 544 solus
2767 489 2904 546 Deus
2946 494 3097 561 (Luc.
3143 512 3254 559 xvt,
3301 497 3412 566 l9);

133 577 402 628 alterum
429 573 502 627 in
528 590 749 642 persona
770 589 888 630 esse
918 577 1258 630 mediatorem
1283 577 1372 630 Dei
1391 586 1445 631 et
1461 574 1752 645 hominum,

134 661 456 714 Chrismm
499 663 697 717 Jest'tm.
729 664 834 719 Sed
856 680 885 720 e
909 665 1118 720 diverso
1143 666 1278 720 dicis
1305 667 1453 730 mihi,
1481 668 1752 722 lttcretice:

139 752 198 802 in
243 768 366 804 una
415 767 658 820 persona
688 754 809 823 quill
851 763 1020 824 potest
1067 755 1336 810 discerni?
1384 756 1523 828 Ergo
1567 758 1609 812 si
1652 774 1753 812 non

137 841 477 910 discernis,
507 852 685 897 cestus
709 852 823 898 esto
871 847 991 914 quia
1022 856 1074 900 et
1101 847 1350 901 deitatem
1374 862 1580 917 passam
1600 849 1754 903 simul

143 943 272 982 esse
302 931 600 985 ostendis.
632 930 803 986 Etcur
831 943 883 986 tu
916 936 967 987 iu
985 950 1088 1006 uno
1105 935 1318 990 homine
1343 952 1552 992 causam
1566 938 1754 993 anima:

138 1019 471 1082 discernis,
522 1021 767 1078 hteretice
820 1012 1106 1078 secundum
1146 1017 1466 1082 dominicum
1503 1027 1751 1092 ‘dictum,

145 1125 213 1163 eo
239 1111 404 1178 quod
441 1126 560 1171 non
588 1112 780 1166 debeat
807 1113 981 1168 timeri
1005 1106 1181 1179 homo,
1203 1117 1293 1188 qui
1317 1116 1507 1172 habeat
1528 1128 1755 1186 potesta-

141 1210 256 1252 tem
291 1201 580 1256 occidere
605 1216 820 1271 corpus,
843 1204 1070 1257 animam
1092 1215 1265 1260 autem
1297 1222 1399 1261 non
1428 1210 1594 1275 possit
1613 1208 1755 1285 occl-

147 1277 324 1346 dere?
355 1292 426 1348 Si
463 1301 529 1347 tu
559 1293 611 1346 in
645 1298 740 1348 hac
774 1310 929 1350 causa
966 1296 1195 1350 animam
1230 1297 1383 1370 231
1415 1308 1616 1352 tantum
1636 1277 1755 1352 vdis-

145 1381 337 1433 cernis
365 1383 426 1432 in
462 1395 574 1434 una
613 1379 838 1450 pereunt:
880 1382 1127 1449 hominis,
1159 1401 1277 1455 quae
1313 1387 1380 1440 ab
1409 1387 1620 1441 homine
1647 1402 1749 1442 non

148 1457 555 1525 interimimr:
585 1480 781 1540 quanto
820 1473 983 1546 magis
1013 1488 1109 1526 nos
1140 1473 1191 1527 in
1217 1490 1316 1528 una
1341 1490 1565 1544 persona
1589 1470 1678 1530 Dei
1700 1485 1751 1531 et
1923 1466 2220 1524 Ηωνειὶαιε·
2258 1473 2598 1544 Interrogabo
2646 1484 2697 1531 te
2729 1492 2858 1546 ergo
2893 1478 2942 1532 si
2968 1492 3067 1532 una
3097 1489 3280 1534 natura
3312 1479 3410 1536 Pa-

148 1559 428 1623 hominis,
470 1561 578 1614 hoc
620 1569 721 1624 est,
751 1561 868 1620 Filii
901 1561 1034 1625 Dei,
1066 1577 1277 1620 causam
1322 1565 1748 1634 immortalitatis,
1852 1561 1947 1615 tris
1991 1574 2048 1616 et
2077 1562 2196 1618 Filii
2228 1565 2511 1620 indiscreta
2537 1576 2616 1622 est
2645 1568 2736 1637 qui
2775 1569 2850 1622 ait
2877 1586 2890 1622 :
2920 1568 3032 1639 Ego
3058 1571 3112 1623 in
3150 1568 3326 1638 Patre,
3360 1582 3410 1625 ct

150 1650 206 1704 id
237 1659 330 1704 est
348 1651 629 1706 deitatem
668 1652 734 1706 ab
761 1645 985 1708 hominis
1013 1654 1218 1708 inﬁrma
1259 1665 1448 1710 natura
1484 1657 1743 1711 discerni-
1777 1656 1820 1714 Β
1855 1649 2007 1705 Pater
2035 1653 2087 1706 in
2113 1669 2190 1706 me
2213 1653 2386 1722 (Joan.
2419 1671 2530 1724 xtv,
2561 1658 2649 1729 ll)
2685 1667 2783 1723 ;et
2808 1673 2966 1713 causa
3000 1660 3409 1727 dispensationis

151 1743 309 1796 mus?
337 1743 606 1812 Denique
631 1744 796 1800 Deum
835 1744 1016 1800 adhuc
1045 1748 1165 1802 audi
1197 1748 1494 1817 loquentem
1521 1769 1532 1802 :
1562 1740 1751 1805 δοιυῖεε
1855 1739 2092 1796 hominis
2114 1742 2313 1796 dictum
2352 1743 2515 1800 fuisse
2553 1749 2748 1801 asseris
2779 1765 2790 1799 :
2825 1748 2928 1813 Qui
2959 1763 3037 1802 me
3074 1749 3208 1802 misit
3243 1754 3409 1820 major

154 1839 412 1906 templum
444 1837 571 1900 hoc,
599 1847 646 1891 et
668 1839 720 1892 in
743 1839 898 1892 tribus
913 1839 1087 1896 diebus
1112 1841 1363 1896 suscitabo
1399 1841 1530 1895 illud
1569 1841 1724 1910 (latin

1851 1847 1928 1884 me
1956 1839 2027 1884 est
2055 1830 2230 1899 (Joan.
2258 1848 2365 1900 xrv,
2396 1834 2488 1904 28)
2520 1852 2533 1887 :
2564 1836 2688 1904 quid
2707 1836 2814 1904 jam
2845 1837 2909 1890 de
2933 1851 3153 1905 persona
3182 1836 3410 1906 Spiritus

155 1943 212 1992 ιι,
247 1927 369 1995 19).
398 1929 669 1997 Nunquid
701 1929 869 1983 deitas
890 1930 1142 1985 dissoluta
1173 1940 1276 1998 est,
1308 1934 1574 1993 Marcellio
1603 1936 1752 1989 Mun-
1850 1917 2094 1974 Ρδτθεῖίίί
2124 1921 2360 1976 diem?“
2388 1923 2488 1976 θεῖ
2523 1926 2697 1976 min"
2748 1937 2852 1978 "0“
2908 1937 3011 1988 θεῖν
3067 1926 3154 1992 qui
3201 1940 3228 1978 ³
3275 1926 3408 1980 “"0

154 2020 352 2081 tensis,
396 2029 463 2072 ιιι
506 2034 802 2086 asseveras,
845 2023 957 2075 sive
985 2022 1271 2090 sapientia,
1306 2023 1390 2077 vel
1437 2025 1603 2079 virtus
1651 2025 1727 2081 De

1849 2015 2040 2068 missus
2066 2016 2183 2070 est?
2211 2016 2346 2069 sicut
2373 2017 2484 2083 ipse
2505 2018 2580 2071 ait
2605 2035 2616 2068 :
2648 2018 2709 2073 Si
2751 2033 2851 2070 non
2893 2019 3082 2083 abiero,
3113 2017 3407 2072 Parartims

159 2107 361 2173 Patris,
392 2120 455 2163 et
493 2124 600 2164 non
630 2110 821 2164 homo?
847 2110 1030 2178 Utique
1059 2111 1218 2166 homo
1257 2128 1381 2170 vere
1415 2130 1602 2184 passus
1643 2125 1724 2172 est

1846 2119 1946 2164 non
1974 2105 2150 2158 veniet.
2185 2103 2252 2157 Et
2280 2105 2326 2158 si
2347 2106 2535 2170 abiero,
2561 2107 2756 2159 mittam
2785 2122 2898 2158 eunt
2937 2108 3004 2158 ad
3035 2123 3150 2170 ros,
3171 2119 3220 2160 et
3253 2108 3405 2161 dore-

157 2199 245 2266 qui
277 2200 558 2266 templum
593 2197 685 2257 Dei
717 2200 884 2256 lactus
910 2211 1011 2264 est.
1043 2201 1131 2269 qui
1165 2187 1244 2261 ab
1271 2202 1385 2279 ipso
1407 2207 1727 2261 resuscitatus

1847 2191 1917 2245 bit
1939 2202 2025 2245 vos
2053 2208 2246 2246 onmem
2271 2194 2525 2247 veritatem
2556 2193 2733 2265 (locu.
2766 2208 2868 2261 avt,
2902 2196 2995 2263 7)?

164 2296 264 2350 est,
298 2287 450 2340 sicut
474 2286 754 2356 Scriptura
781 2287 954 2341 divina
997 2299 1218 2344 testatur
1245 2308 1256 2342 :
1282 2291 1486 2362 Conﬁge
1519 2294 1676 2348 clauis
1713 2313 1727 2349 t

1916 2283 2242 2362 Athanasius.
2268 2283 2570 2338 Oinaudita
2601 2282 2772 2338 adhuc
2799 2285 3006 2353 penitus
3030 2295 3132 2340 tam
3156 2287 3403 2356 inqu'sita

163 2376 344 2426 timore
375 2387 472 2427 tuo
496 2391 674 2428 carnes
698 2391 832 2428 meas
854 2374 1019 2441 (Psal.
1055 2374 1243 2445 cxvtn,
1271 2369 1416 2449 HO).
1452 2381 1579 2437 Sive
1594 2380 1708 2438 ‘boc

1845 2364 2176 2438 perscriptio;
2211 2370 2392 2432 Itaque
2417 2384 2730 2442 suggerente
2759 2375 2873 2442 ipso
2901 2375 2966 2457 de
2995 2391 3054 2430 se
3077 2388 3261 2432 sancto
3284 2380 3404 2448 Spi-

169 2461 233 2514 Et
252 2465 510 2520 uidebunt
527 2466 582 2518 in
604 2480 750 2533 quem
777 2475 1208 2532 transpunxerunt
1241 2468 1419 2541 (Joan.
1461 2487 1548 2526 xta
1571 2511 1587 2534 .
1629 2472 1720 2540 37)

1844 2461 2137 2524 ritu,nunc
2165 2471 2374 2531 Oportet
2414 2477 2514 2524 nos
2560 2478 2721 2517 unum
2764 2478 2863 2532 pro
2905 2467 3083 2521 multis
3133 2470 3403 2537 pertinens

167 2551 410 2622 Nunquid
437 2553 786 2626 divinitatem,
805 2555 966 2611 clavis
988 2556 1245 2623 ﬁxerunt,
1276 2568 1366 2618 aut
1402 2561 1580 2617 lancea
1608 2563 1727 2619 tora-

1843 2549 1972 2604 dare
2018 2551 2346 2606 auctoritatis
2391 2555 2713 2621 exemplum.
2761 2554 3026 2611 Memento
3077 2561 3403 2628 reciprocam

173 2643 393 2696 verunt?
429 2643 614 2697 Absit.
639 2643 826 2706 Nonne
855 2660 954 2697 una
978 2641 1202 2713 persona
1243 2641 1359 2718 Filii
1391 2649 1480 2705 Dei
1517 2661 1621 2717 est,
1653 2667 1746 2721 per
1843 2656 1963 2696 esse
1995 2645 2129 2697 hanc
2159 2653 2359 2699 natura:
2387 2646 2634 2700 virtutem
2678 2646 2934 2702 mittentis
2970 2658 3022 2703 et
3059 2642 3228 2714 missi,
3275 2652 3400 2706 dum

173 2749 323 2802 quam
350 2750 525 2788 causa
545 2729 694 2796 lauta
722 2731 1095 2805 distinguitur?
1117 2738 1280 2808 Rogo,
1311 2741 1356 2797 si
1379 2743 1490 2813 ipse
1520 2743 1742 2800 i..tirmi-

178 2833 330 2888 tatem
364 2825 631 2892 hominis,
672 2841 829 2895 quam
860 2819 1189 2898 assumpsit,
1224 2831 1603 2894 immortalitati
1632 2851 1743 2890 sua:

1855 583 1975 624 cum
2004 571 2110 626 alio
2131 573 2183 626 in
2214 574 2330 629 loco
2356 568 2468 644 ipse
2500 577 2640 631 dicat
2665 597 2677 632 :
2704 581 2781 634 An
2826 583 3002 635 oculus
3039 592 3154 637 tuus
3198 603 3412 653 nequam

1855 668 1949 724 est,
1979 661 2097 728 quia
2125 677 2214 732 ego
2245 663 2404 718 bonus
2430 681 2542 718 sum
2574 666 2782 737 (Matth.
2803 685 2892 737 sx,
2925 670 3053 741 15)?
3078 673 3182 727 Sed
3205 674 3410 729 ethoc:

1855 745 1967 817 Ego
1988 766 2100 803 sum
2118 760 2287 819 pastor
2311 752 2467 807 bonus
2497 753 2674 824 (Joan.
2705 753 2768 824 x,
2795 757 2903 827 14).
2938 748 3097 814 δῑευι
3115 769 3168 814 et
3193 761 3259 815 dc
3287 777 3411 830 per-

1854 852 1982 892 sona
2010 842 2175 894 sancti
2192 841 2423 910 Spiritus
2463 846 2542 900 sic
2582 857 2792 900 cautum
2826 848 3159 905 invenimus:
3186 847 3411 920 spiritus

1853 935 1971 981 tuus
1994 929 2152 982 bonus
2174 932 2383 984 deducet
2413 950 2488 986 me
2513 936 2681 992 ὑηνία
2723 947 2858 991 recta
2889 937 3057 1008 (Psal.
3088 955 3225 993 CXI."
3248 981 3263 1004 ,
3298 942 3409 1008 10).

1856 1015 2011 1071 Disce
2040 1033 2196 1072 unam
2220 1034 2337 1074 esse
2367 1009 2739 1084 bonitatemwin
2770 1037 2955 1079 natura
2985 1028 3172 1094 Patris,
3192 1039 3243 1083 et
3267 1031 3409 1095 Filii,

1852 1116 1905 1176 et
1930 1110 2096 1164 sancti
2141 1110 2387 1179 Spiritus.
2432 1114 2595 1183 Igitur
2649 1117 2732 1170 vel
2774 1132 2912 1170 nunc
2961 1121 3226 1188 perpende
3285 1121 3406 1190 quia

1851 1199 2024 1252 omnis
2062 1201 2338 1256 inﬁrmitas
2387 1204 2586 1259 homini
2636 1215 2718 1261 est
2761 1197 3091 1277 imputanda,
3133 1218 3187 1265 et
3231 1216 3409 1266 omnis

1853 1296 2086 1354 potestas
2114 1288 2364 1344 bonitatis
2394 1293 2660 1362 signorum
2705 1297 2789 1351 vel
2831 1299 3187 1368 prodigiorum
3226 1301 3408 1356 deitati

1851 1377 2138 1434 indiscrete
2166 1380 2438 1436 Trinitatis
2457 1392 2541 1437 est
2567 1371 2902 1441 ascribenda.

1845 2731 1931 2786 hic
1959 2735 2044 2801 qui
2089 2749 2226 2787 nunc
2257 2736 2446 2790 missus
2490 2744 2593 2801 est,
2641 2733 2754 2803 ipse
2789 2735 2900 2805 jam
2946 2739 3149 2806 pridem
3192 2742 3407 2798 misisse

1843 2822 2138 2877 mittentem
2170 2805 2753 2894 inveniatur..Denique
2791 2839 2884 2896 per
2927 2805 3163 2883 sanctum
3214 2831 3400 2886 Isaiam

174 2929 275 2973 non
300 2915 614 2986 imputavit,
651 2927 704 2982 tu
750 2925 948 2974 tantam
991 2928 1044 2994 et
1089 2927 1193 2977 tam
1223 2921 1541 2998 immensam,
1577 2924 1742 2982 deita-

1846 2916 2124 2974 Dominum
2153 2916 2242 2970 Dei
2288 2914 2478 2970 Filium
2511 2917 2692 2986 accipe
2722 2922 3002 2977 testantem
3035 2938 3048 2972 :
3076 2923 3308 2978 Accedite
3333 2927 3405 2980 ad

179 3012 298 3066 ωσι,
343 3019 442 3070 ρει-
473 3021 640 3073 quam
686 3007 859 3062 omnia
893 3018 1016 3066 su“
1055 3011 1213 3074 facta,
1262 3012 1463 3070 homini
1502 3016 1735 3086 passim“
1764 3004 1810 3068 C
1841 3021 1939 3075 me,
1979 3013 2024 3058 et
2054 3003 2223 3059 aud.'te
2261 3005 2385 3059 ha’c.
2417 3003 2539 3059 Non
2580 3006 2642 3059 ab
2681 3006 2827 3060 initio
2865 3008 2919 3080 in
2962 3010 3174 3062 occulto
3205 3011 3403 3065 locutus

178 3095 427 3150 ascribis?
458 3095 613 3153 Sicut
646 3107 698 3150 et
739 3105 792 3149 tu
835 3097 1239 3169 (Ariane).soles
1269 3116 1568 3172 proponere
1598 3106 1740 3174 Apo-

178 3195 201 3234 s
223 3183 364 3238 olum
389 3186 642 3244 dixisse:
671 3187 852 3242 Omnia
891 3189 1112 3260 subjecta
1136 3202 1271 3250 sunt
1305 3195 1371 3258 ei,
1413 3178 1738 3273 pnpterveum

177 3275 256 3336 qui
285 3276 504 3345 subjecit
538 3277 585 3331 ei
617 3278 807 3332 omnia.
843 3277 980 3332 Nam
1021 3296 1136 3334 cum
1179 3281 1401 3350 subjecta
1438 3286 1515 3340 illi
1549 3286 1736 3353 fuerint

182 3366 355 3427 omnia,
389 3376 436 3419 et
458 3368 570 3436 ipse
589 3369 842 3438 subjectus
865 3372 958 3421 erit
993 3371 1037 3423 ei
1084 3373 1168 3440 qui
1205 3372 1302 3426 sibi
1339 3376 1548 3445 subjecit
1568 3381 1736 3430 omnia

185 3453 230 3520 (ι
258 3455 503 3522 Conav,
530 3456 646 3532 27),.
678 3458 782 3512 Hoc
809 3461 1078 3515 evidenter
1102 3462 1166 3514 ad
1204 3463 1452 3519 deitatem
1483 3464 1602 3521 Filii
1642 3468 1733 3525 Dei

182 3557 275 3603 non
324 3547 562 3613 pertinet
611 3547 808 3602 dictum
835 3587 850 3616 ,
896 3549 1022 3603 dum
1069 3565 1162 3619 per
1207 3550 1380 3621 ipsum
1403 3566 1589 3610 cuncta
1629 3557 1735 3619 sint

186 3631 329 3700 iacta,
355 3644 410 3694 et
437 3624 755 3707 semper'illi
798 3638 988 3694 iuerint
1021 3640 1263 3709 subdita,
1297 3646 1416 3713 quia
1468 3661 1623 3702 nemo
1666 3649 1731 3704 sit

184 3725 263 3792 qui
284 3727 501 3801 factura:
527 3743 642 3788 sua:
667 3744 770 3789 non
787 3730 1088 3790 dominetur
1108 3737 1339 3805 sempe“.
1365 3735 1517 3791 Unde
1535 3738 1731 3798 homini

188 3815 264 3880 qui
286 3831 448 3884 nuper
469 3829 631 3875 natus
656 3829 767 3886 est,
789 3820 917 3888 Vsine
953 3819 1114 3878 dubio
1150 3833 1271 3882 ante
1316 3827 1612 3895 passionem
1655 3829 1730 3889 illi

188 3917 279 3957 non
309 3906 502 3968 fuerint
531 3895 803 3981 subjecta,
851 3926 969 3967 cum
998 3913 1178 3983 adhuc
1215 3915 1328 3986 ipse
1365 3917 1524 3995 homo
1572 3935 1634 3973 m«
1662 3921 1730 3977 ι·ιί

190 4004 323 4068 esset“
335 4013 429 4069 pro
461 4001 616 4059 nobis
640 4002 861 4069 debitor.
895 4003 1044 4060 Unde
1068 4005 1176 4076 jam
1197 4015 1314 4075 post
1335 4010 1627 4078 passionem
1649 4016 1730 4069 vel

188 4089 704 4155 ascensionem.~sive
726 4092 980 4160 judicium
1021 4093 1274 4163 laturum,
1303 4100 1546 4157 universa
1577 4104 1733 4162 erunt

189 4175 232 4226 ei
252 4177 470 4244 subdita,
502 4183 649 4242 sicut
676 4183 787 4252 ipse
806 4183 968 4253 homo
984 4183 1050 4240 de
1071 4201 1127 4243 se
1152 4187 1428 4257 signiﬁcat,
1453 4195 1537 4257 qui
1560 4192 1732 4248 adhuc

190 4259 234 4314 in
259 4267 397 4322 catis
426 4271 737 4329 nonluerat
764 4290 781 4324 :
808 4270 940 4331 Data.
970 4284 1050 4333 sat.
1080 4277 1205 4339 mihi
1240 4279 1398 4333 omnis
1431 4289 1646 4349 potestas
1672 4283 1726 4335 in

1839 3094 1987 3147 sum‘:
2013 3109 2125 3146 cum
2139 3087 2334 3163 ﬁerent,
2351 3088 2843 3161 illiCeram;'etnunc
2871 3095 3397 3169 Dominus‘misit‘me,

1836 3193 1882 3239 et
1913 3183 2135 3252 Spiritus
2167 3188 2294 3254 ejus
2321 3183 2474 3254 (Isai.
2529 3181 2714 3252 mm,
2747 3187 2857 3256 16).
2888 3183 3274 3245 Disce’tandem
3304 3191 3354 3247 al
3377 3224 3400 3236 -

1834 3275 2043 3346 quando
2072 3277 2418 3332 unitant‘esse
2441 3277 2580 3333 hanc
2597 3287 2837 3334 naturam
2864 3277 3156 3334 divinitatis
3186 3282 3399 3336 mitten-

1833 3362 1902 3421 tis
1945 3375 2002 3424 et
2043 3364 2210 3434 missi,
2256 3367 2384 3421 dum
2419 3369 2506 3438 qui
2539 3382 2678 3420 nunc
2720 3369 2770 3421 in
2823 3365 3110 3437 Evangelia
3156 3373 3397 3438 quamvis

1790 3487 1792 3489 >
1834 3453 2118 3511 missurum
2149 3470 2209 3511 se
2236 3455 2491 3525 Spiritum
2523 3454 2842 3511 Paraclitum
2868 3464 3088 3511 tettatus
3104 3459 3194 3524 sit,
3221 3469 3396 3516 tamen

1832 3561 1891 3602 se
1919 3546 2034 3615 ipse
2062 3546 2127 3600 ab
2148 3561 2213 3601 eo
2237 3546 2345 3616 jam
2372 3546 2518 3615 prius
2549 3547 2766 3600 missum
2814 3542 2909 3616 per
2944 3559 3185 3602 sanctum
3230 3548 3397 3619 inciy~

1834 3647 1941 3688 tum
1974 3635 2160 3694 lsaiam
2203 3635 2473 3705 professus
2512 3639 2579 3692 sit
2605 3652 2620 3690 :
2649 3631 2791 3691 dum
2820 3637 2906 3691 hic
2932 3640 3033 3707 qui
3094 3639 3322 3694 mittitur
3367 3657 3396 3695 a

1833 3726 2072 3780 mittente
2102 3739 2368 3793 nunquam
2404 3716 2684 3791 dividitur,
2721 3725 2839 3793 quia
2882 3726 3164 3783 indiscreta
3210 3740 3396 3787 natura

1832 3822 1934 3879 est,
1958 3811 2080 3867 dum
2120 3813 2259 3867 inter
2285 3814 2580 3868 mittentem
2608 3812 2661 3869 et
2687 3811 2901 3870 missum
2950 3829 3188 3885 persona:
3217 3824 3394 3874 osten~

1830 3900 2026 3956 duntur
2048 3890 2271 3956 et'nulla
2304 3901 2355 3956 in
2403 3901 2676 3957 divinitate
2707 3904 2903 3958 divisio
2948 3914 3067 3969 est;
3131 3918 3393 3972 praeterea

1830 3992 1952 4044 dum
1981 3992 2170 4059 ubique
2185 4006 2419 4060 praesens
2442 3975 2640 4048 sitbwc
2661 3994 2818 4066 233
2843 3993 2988 4048 unita
3019 3995 3309 4062 plenitudo,
3339 4005 3392 4052 ct

1830 4085 2005 4143 omnia
2031 4082 2245 4150 impleat
2266 4074 2484 4136 interius
2513 4073 2568 4136 et
2596 4085 2851 4149 exterius,
2877 4097 2905 4136 a
2943 4087 3246 4139 summitate
3285 4103 3391 4141 εαξη

1830 4175 1996 4229 lorum
2027 4188 2189 4240 usque
2215 4173 2287 4225 ad
2312 4171 2625 4240 profundum
2651 4172 2961 4232 inferorum.

1902 4265 2200 4320 threticus.
2231 4263 2377 4332 Ruga
2405 4255 2630 4318 si'Filius
2662 4263 2890 4318 hominis
2920 4275 3020 4332 est,
3042 4265 3180 4344 utde
3207 4274 3388 4321 vetere

191 4350 296 4402 celo
314 4364 355 4406 et
383 4356 434 4430 in
467 4367 608 4421 terra,
655 4359 1076 4428 (Matthfxxvtu,
1112 4361 1218 4434 18).
1248 4342 1482 4435 Denique
1514 4369 1595 4421 vel
1624 4369 1725 4425 hoc
1755 4342 1800 4400 ί)
1827 4356 2213 4424 Scripturarum
2242 4355 2557 4408 auctoitate
2581 4353 2708 4407 mihi
2741 4353 2942 4407 indices
2976 4342 3175 4422 quaeso.

191 4437 390 4506 accipe:
427 4439 487 4496 Et
518 4455 823 4516 potestatem
845 4449 987 4508 dedit.
1001 4451 1127 4521 eiad
1147 4453 1397 4524 judicium
1419 4455 1723 4524 faciendum,

188 4531 401 4614 quoniam
429 4533 602 4592 Filius
636 4538 851 4601 hominis
869 4550 948 4598 est
975 4539 1152 4606 (Joau.
1176 4559 1224 4608 ν,
1255 4546 1370 4614 ‘27).
1415 4546 1505 4605 Vel
1536 4550 1721 4606 saltem

192 4610 248 4665 de
266 4617 398 4673 unita
428 4619 667 4678 bonitate
711 4636 933 4696 natura,
973 4630 1137 4698 ipsius
1170 4610 1374 4689 Domini
1421 4633 1721 4693 dicta.sus-

189 4701 325 4791 cipe:
354 4707 480 4764 Htec-
500 4721 756 4769 est'autsm
781 4718 879 4773 vita
907 4728 1116 4788 eterna,
1149 4731 1202 4773 ut
1231 4735 1531 4791 cognoscant
1567 4735 1613 4779 te
1636 4743 1720 4780 so-

194 4789 282 4844 lum
314 4811 470 4853 verum
513 4802 708 4866 Deum,
744 4813 790 4857 et
831 4822 974 4874 quem
1024 4810 1205 4861 misisti
1246 4789 1420 4864 Iesum
1466 4811 1717 4869 Christum

193 4876 345 4968 (-10:15.
369 4901 491 4952 xvtt,
518 4893 599 4960 5).
632 4891 872 4968 Nunquid
893 4910 953 4950 se
977 4895 1044 4956 de
1075 4897 1172 4950 bac
1205 4898 1316 4966 ipsa
1347 4901 1457 4955 sola
1487 4902 1719 4964 bonitate

196 4963 343 5059 Patris
367 4975 591 5033 alienum
623 4995 739 5035 esse
770 4963 1097 5056 perscripsit,
1142 4963 1239 5055 qui
1281 4989 1360 5043 sic
1399 4991 1670 5059 subjunxit
1700 5011 1714 5047 :

196 5050 386 5123 thuem
414 5068 588 5122 misisti
611 5069 782 5122 Iesum
794 5050 1088 5127 Christum?
1112 5050 1240 5129 Nam
1268 5087 1322 5133 et
1352 5050 1514 5138 Patet:
1529 5084 1713 5138 eadem
1730 5136 1744 5156 ,

198 5149 422 5246 bttuatur;
454 5158 712 5220 Eructavt't
748 5179 835 5222 cor
877 5179 1044 5218 meum
1080 5166 1298 5224 Verbum
1329 5170 1534 5242 bonum,
1559 5175 1715 5246 232

191 5234 286 5290 dico
309 5257 388 5311 ego
402 5263 546 5314 opera
568 5268 680 5305 mea
718 5254 825 5324 regi
849 5245 1024 5324 (Psal.
1057 5257 1194 5320 'mv,
1223 5258 1300 5326 2).
1338 5258 1491 5331 Vides

201 5339 298 5382 esse
319 5332 529 5423 Verbum
576 5343 702 5407 Dei,
744 5343 832 5412 qui
874 5344 940 5398 de
969 5345 1120 5401 Patre
1160 5329 1580 5423 substantialiter
1633 5352 1713 5405 vel

203 5416 467 5482 naturaliter
490 5433 753 5491 consistit.
786 5434 907 5490 Ideo
945 5420 1312 5504 hujuscemodi
1353 5453 1538 5495 omnes
1567 5453 1714 5493 com-

203 5510 458 5574 parationes
477 5533 566 5589 pro
597 5522 904 5580 inﬁmitate
950 5524 1178 5585 hominis
1220 5535 1349 5584 sunt
1383 5527 1574 5584 dictae:
1609 5527 1711 5594 Qui

1896 4442 2220 4500 Athanasius.
2255 4441 2391 4496 Audi
2419 4441 2917 4510 psalmographum:
2949 4441 3067 4496 Fiat
3091 4460 3267 4498 manus
3297 4454 3386 4497 tua

1823 4552 1972 4606 super
2001 4537 2161 4588 virum
2209 4534 2424 4586 dextera:
2456 4541 2574 4597 tute,
2621 4543 2665 4586 et
2691 4550 2846 4603 super
2897 4531 3090 4588 Filium
3144 4535 3380 4596 hominis,

1823 4641 1970 4697 quem
2002 4616 2316 4693 conﬁrmain
2338 4623 2424 4674 tibi
2444 4621 2618 4691 (Psal.
2650 4636 2833 4687 una,
2870 4623 2980 4694 18).
3004 4625 3150 4677 Sicut
3179 4635 3231 4679 et
3261 4640 3380 4679 san-

1823 4726 1938 4769 atus
1969 4713 2150 4767 Daniel
2174 4720 2422 4766 testatur:
2462 4709 2703 4764 Videbam
2724 4714 2774 4764 in
2796 4713 2902 4764 visu
2927 4713 3105 4778 noctis,
3136 4730 3247 4767 ecce
3266 4731 3379 4768 cum

1817 4804 2027 4857 nubibus
2049 4801 2156 4855 εωιὶ
2198 4802 2469 4853 venientem
2512 4797 2704 4852 Filium
2735 4800 2951 4852 hominis
2977 4817 2999 4865 ;
3022 4810 3068 4853 et
3107 4806 3380 4872 appropin-

1816 4895 1884 4944 tnt
1905 4906 2060 4957 usque
2087 4889 2154 4941 ad
2173 4897 2383 4941 veterem
2409 4887 2605 4940 dierum
2629 4927 2643 4952 ,
2664 4895 2709 4938 et
2731 4887 2926 4939 oblatus
2952 4896 3034 4939 est
3053 4890 3099 4939 ei
3120 4890 3378 4957 principa-

1818 4996 1919 5046 tus,
1950 4993 1995 5037 et
2024 4984 2205 5045 honor,
2232 4990 2277 5034 et
2308 4981 2593 5051 imperium,
2620 4989 2668 5031 et
2684 4979 2844 5030 omnis
2869 4976 3026 5065 plebs,
3054 4988 3101 5032 et
3130 4980 3303 5046 nibus,
3331 4994 3378 5035 et

1817 5076 2001 5144 linguae
2038 5074 2251 5127 servient
2281 5073 2345 5125 ei.
2385 5070 2615 5124 Potestas
2655 5069 2791 5122 illius
2842 5077 3061 5138 p'oleslas
3115 5082 3373 5141 perpetuo,

1822 5179 1935 5234 quae
1959 5179 2056 5217 non
2085 5163 2288 5228 desinit,
2320 5171 2365 5215 et
2406 5161 2670 5230 imperium
2689 5159 2797 5228 ejus
2821 5173 2923 5210 non
2963 5159 3179 5212 interibit
3215 5161 3375 5227 (Dan.

1821 5270 1913 5320 vn,
1948 5256 2054 5324 15).
2085 5256 2220 5310 Ecce
2251 5255 2417 5307 virum
2446 5255 2699 5318 dexterae,
2732 5265 2857 5306 ecce
2899 5251 3089 5305 Filium
3123 5255 3373 5318 hominis.

1820 5338 1953 5411 sicut
1978 5346 2260 5416 Apostolus
2289 5345 2454 5399 dicit:
2487 5335 2784 5413 Qui’factus
2806 5348 2876 5395 est
2896 5344 2942 5393 ei
2970 5357 3033 5395 ex
3061 5347 3247 5397 semine
3272 5344 3374 5401 Da.

1817 5437 1901 5490 vid
1929 5438 2198 5492 secundum
2246 5451 2447 5502 carnem
2495 5433 2670 5504 (Rom.
2721 5448 2758 5497 ι,
2787 5431 2863 5500 5).
2910 5431 3039 5485 Nam
3084 5437 3374 5495 secundum

1818 5526 2060 5593 spiritum
2084 5527 2296 5582 deitatis
2325 5525 2402 5580 sic
2425 5525 2499 5579 ait
2525 5541 2549 5589 ε,
2573 5523 2674 5591 Qui
2701 5522 3084 5590 praedestinatus
3109 5533 3181 5579 est
3204 5523 3384 5586 Filius,
