3856 6222
497 269 599 335 eos

1794 265 2015 322 VlGll.E
2052 261 2422 320 TAPSENSIS

3646 257 3751 308 ἳιέι

506 396 592 444 Dei
646 397 697 443 in
758 393 962 448 virtute,
1011 385 1284 436 secundum
1356 381 1585 451 Spiritum
1643 376 2056 444 sanctiﬁcationis
2087 375 2132 432 Α
2163 384 2299 429 tinus
2324 384 2403 429 cst
2435 372 2618 436 Filius,
2652 373 2738 441 qtti
2767 371 3058 426 secundum
3090 385 3304 426 carnem
3345 369 3751 439 primogenitum

495 475 693 538 Ηέυηιη
714 497 748 542 ι,
768 481 985 545 -i).$icnt
1012 478 1120 543 ipse
1146 473 1744 537 l‘lmrismosiuterrogat
1771 470 1840 521 de
1864 466 2050 521 divini-

494 580 598 622 tute
647 584 767 621 sua:
802 569 935 629 Quid
967 567 1099 617 vobis
1147 565 1340 616 videtur
1378 563 1439 613 de
1470 553 1709 612 Christo?
1743 559 1889 628 cujus
1916 556 2054 623 filius

489 662 602 712 rst.’
653 659 1043 721 Responderunt
1092 655 1135 706 ei
1179 654 1351 707 Judtzi
1388 671 1406 704 :
1451 649 1636 703 David.
1675 647 1739 700 Et
1795 648 1866 698 ait
1918 646 2053 698 il'is:

495 748 762 811 Quomodo
793 762 910 814 ergo
945 743 1106 796 David
1131 745 1180 794 in
1221 743 1405 808 spiritu
1450 748 1588 791 rocat
1613 752 1734 790 eunt.
1756 735 2051 799 Dominum,

494 838 695 888 diri-ns:
737 835 875 887 Dixit
925 835 1166 887 Dominus
1211 831 1424 884 Domino
1456 844 1590 891 meo,
1626 827 1759 899 S‘ede
1807 843 1836 877 a
1864 827 2053 877 dextris

495 927 637 988 meis,
661 926 815 978 donec
843 941 1027 993 ponam
1049 924 1277 976 inimicos
1298 933 1408 974 tuos
1433 917 1705 971 scribet/um
1731 918 1912 981 pedum
1943 925 2055 965 tuo-

492 1019 643 1069 rum?
672 1018 732 1072 Si
761 1034 877 1086 ergo
921 1016 1082 1068 Dat-id
1129 1019 1178 1066 in
1217 1013 1394 1079 spiritu
1441 1017 1580 1062 vocat
1615 1024 1727 1062 eunt
1759 1005 2052 1065 Dominum,

493 1109 741 1174 quomodo
776 1109 912 1174 [ilius
962 1107 1071 1175 ejus
1120 1115 1189 1157 est
1215 1105 1236 1156 ?
1269 1101 1333 1154 Et
1365 1115 1508 1153 nemo
1529 1106 1722 1167 poterat
1753 1097 2056 1164 respondere

492 1199 568 1249 illi
600 1199 801 1250 reri-rum
833 1197 1046 1264 (Matth.
1083 1210 1206 1258 uti,
1237 1192 1349 1258 42).
1386 1190 1540 1244 Disce
1562 1203 1690 1257 ergo
1716 1188 1835 1256 quia
1866 1200 2055 1240 secun-

493 1299 615 1350 dum
665 1312 877 1350 carnem
911 1297 1046 1349 filius
1092 1292 1318 1347 hominis
1359 1300 1474 1355 est,
1511 1289 1608 1345 hoc
1639 1297 1718 1343 est
1767 1286 1952 1350 David,
2003 1294 2057 1339 et

492 1386 783 1439 secundum
821 1384 1142 1438 divinitatem
1194 1383 1331 1435 idem
1392 1379 1506 1446 ipse
1545 1376 1712 1432 Filius
1758 1376 1849 1428 Dei
1881 1383 1962 1428 est
2003 1376 2052 1427 in

490 1479 706 1540 virtute,
732 1485 785 1529 et
812 1475 1063 1528 Dominus
1094 1474 1206 1540 ipse
1235 1471 1400 1526 David
1431 1481 1534 1526 εει.
1565 1468 1916 1536 Quamobrem
1940 1468 2055 1520 uni-

489 1568 724 1634 genitum
745 1566 868 1618 dum
896 1565 1168 1632 Scriptura
1201 1562 1383 1628 refert,
1410 1560 1701 1616 secundum
1724 1557 2052 1612 divinitatem

489 1657 684 1710 indicat
721 1657 838 1724 quia
864 1656 914 1709 in
937 1655 1133 1709 deitate
1157 1652 1456 1721 unigenitus
1479 1667 1504 1703 a
1532 1651 1640 1704 Deo
1664 1648 1818 1702 Patre
1836 1646 2053 1701 omnino

2161 466 2297 518 filius
2325 474 2658 531 "nuncupatur
2695 478 2764 517 ex
2797 467 3022 518 mortuis
3053 465 3234 528 homo,
3282 463 3421 516 sicut
3466 463 3750 530 scriptum

2157 564 2239 608 est
2267 571 2280 607 :
2308 557 2402 618 Qui
2425 565 2495 606 est
2525 554 2884 622 primogenitus
2919 570 2980 606 ex
3003 555 3212 606 mortuis
3233 551 3371 621 (Col.
3407 568 3442 616 I,
3473 554 3600 621 i8).
3642 553 3684 604 Ιι
3705 571 3748 596 ι-

2158 657 2258 711 que
2284 644 2442 696 crede
2475 641 2626 703 mihi,
2659 641 2750 708 qui
2785 643 2913 710 legis
2944 643 3080 695 hanc
3126 643 3402 710 scriptura:
3442 657 3582 695 mea:
3616 642 3748 693 fidei

2158 734 2567 800 professionem,
2601 732 2721 800 quia
2755 733 2903 785 multi
2937 732 3003 786 de
3046 733 3143 784 hac
3189 742 3592 794 tractaverunt,
3648 739 3748 784 Sed

2156 838 2260 876 ιιοιι
2483 823 2836 891 intelligenics
2865 831 3211 877 erraverunt:
3252 823 3340 890 qui
3378 823 3501 876 dum
3537 838 3747 891 perso-

2156 931 2275 968 nam
2303 930 2396 984 pro
2416 930 2573 970 causa
2598 914 2928 982 discernunt,
2957 914 3093 967 duos
3118 914 3252 968 lilios
3297 914 3348 966 in
3389 914 3752 966 caulessione

2157 1006 2595 1068 introduxerunt;
2628 1006 2715 1072 qui
2756 1006 3053 1059 debuerant
3083 1001 3297 1058 causam
3330 1006 3601 1071 passionis
3647 1004 3748 1056 hu-

2158 1095 2357 1148 minisa
2387 1094 2657 1147 divinitate
2687 1095 3014 1155 discernere,
3034 1103 3088 1148 et
3117 1109 3218 1147 non
3253 1109 3528 1160 personam
3553 1111 3569 1157 ;
3607 1095 3744 1146 dum

2157 1202 2290 1238 unus
2320 1187 2388 1239 sit
2416 1184 2765 1252 Filius,cujus
2787 1194 2869 1239 est
2899 1199 3144 1253 persona.
3163 1185 3267 1239 Sed
3296 1186 3490 1250 duplex
3515 1196 3744 1241 natura

2155 1275 2472 1343 significatio
2505 1285 2606 1339 est,
2635 1275 2759 1329 dum
2803 1276 3105 1344 unigenitus
3135 1289 3163 1326 a
3209 1274 3318 1328 Deo
3368 1274 3524 1329 Patre
3590 1277 3744 1328 Deus

2155 1365 2242 1427 sit,
2270 1374 2324 1419 et
2347 1363 2732 1433 primogenitus
2768 1381 2797 1418 a
2839 1365 3062 1418 mortuis
3097 1364 3256 1418 homo
3286 1363 3356 1419 sit
3383 1404 3398 1426 ,
3428 1365 3552 1418 dum
3590 1365 3743 1420 Dens

2154 1473 2314 1513 verus
2351 1468 2404 1513 et
2433 1457 2592 1512 homo
2621 1472 2776 1511 verus
2806 1457 2902 1523 sit;
2933 1469 2986 1512 et
3014 1471 3131 1511 cum
3164 1458 3302 1512 Deus
3339 1458 3429 1523 sit,
3463 1467 3515 1532 et
3534 1473 3741 1514 secum

2156 1559 2458 1617 assumptus
2489 1549 2578 1602 sit.
2609 1547 2946 1617 Quapropter
2974 1562 3134 1602 causa
3159 1547 3500 1613 discernitur,
3532 1564 3596 1604 et
3623 1565 3736 1603 non

2157 1654 2417 1710 persona:
2443 1653 2506 1694 ac
2532 1655 2627 1708 per
2667 1640 2768 1694 hoc
2813 1641 2864 1693 in
2912 1640 3111 1696 deitate
3140 1654 3259 1695 cum
3292 1641 3442 1709 dicit,
3473 1642 3740 1712 impaSSi-

489 1746 679 1799 fratres
711 1761 814 1799 non
859 1744 1017 1798 habet
1048 1785 1062 1809 ,
1096 1753 1147 1796 et
1175 1743 1298 1796 dum
1347 1740 1749 1809 primogenitum
1789 1737 2046 1800 nominat,
2081 1730 2127 1788 Β
2155 1731 2311 1786 bilem
2338 1730 2664 1785 divinitatem
2695 1729 2957 1798 designat.
3015 1730 3112 1786 Ubi
3159 1740 3334 1786 autem
3367 1747 3582 1785 causam
3641 1735 3692 1786 ιιι
3714 1761 3738 1774 ο

489 1846 730 1888 naturam
762 1835 993 1887 hominis
1020 1832 1286 1885 ostendit?
1315 1830 1452 1899 quod
1494 1828 1774 1896 Apostolus
1811 1824 2050 1880 declarat

489 1926 702 1979 dicens:
743 1925 807 1978 Ut
840 1927 902 1976 sit
925 1927 1031 1992 ipse
1059 1923 1422 1992 primogenitus
1470 1922 1599 1973 inter
1636 1921 1820 1974 multos
1867 1921 2049 1988 fratres

489 2016 659 2083 (Itoni.
684 2030 794 2078 vui,
814 2013 924 2081 29).
957 2014 1082 2068 Sive
1111 2013 1211 2066 hoc
1231 2012 1412 2079 accipe
1427 2012 1725 2076 exemplum
1747 2027 1759 2064 :
1783 2011 1847 2062 Et
1873 1998 1905 2062 2;
1931 2009 2055 2063 Jesu

488 2103 709 2168 Christo,
735 2105 822 2172 qni
855 2113 926 2156 est
959 2103 1092 2156 testis
1125 2101 1306 2169 ﬁdelis,
1343 2101 1705 2169 primogenitus
1749 2115 1812 2152 ea:
1845 2101 2054 2150 mortqu

488 2197 670 2263 (Apoc.
711 2211 748 2260 ι,
796 2193 874 2264 5).
928 2195 1115 2249 Nonne
1138 2206 1242 2246 una
1294 2201 1376 2245 est
1422 2204 1644 2258 persona
1680 2189 1796 2242 Filii
1856 2189 1969 2252 Dei,
2001 2197 2056 2242 et

489 2285 682 2355 dupon
725 2295 806 2340 cst
857 2286 972 2354 ejus
1001 2283 1340 2354 significatio,
1395 2282 1531 2336 Deus
1561 2289 1616 2336 et
1643 2280 1839 2334 homo?
1868 2278 2056 2333 Nonne

2157 1822 2314 1876 minis
2343 1820 2562 1884 indicat,
2598 1830 2842 1873 naturam
2874 1821 3180 1889 passibilem
3221 1835 3341 1875 esse
3368 1821 3734 1876 demonsnal.

2160 1909 2318 1963 Vides
2344 1910 2463 1980 quia
2496 1908 2582 1962 ubi
2605 1908 2893 1963 secundum
2919 1909 3288 1963 auctoritatem
3315 1909 3498 1976 refert,
3531 1911 3738 1964 divini-

2158 2015 2321 2060 tatem
2347 2005 2625 2059 indivisam
2651 2018 2681 2057 a
2729 2003 2840 2058 Deo
2864 2001 3022 2056 Patre
3048 2017 3168 2058 esse
3195 2002 3428 2057 ostendit
3461 2021 3474 2056 :
3513 2004 3606 2058 ubi
3651 2022 3733 2055 se.

2156 2095 2386 2149 cundum
2421 2095 2686 2148 hominem
2721 2094 2940 2158 indicat,
2974 2093 3297 2148 infirmitatis
3345 2104 3588 2149 naturam
3643 2097 3736 2148 de-

2155 2185 2485 2240 clarat.l‘deo
2511 2186 2684 2257 omnis
2729 2193 2960 2251 potestas
2988 2185 3094 2237 Deo
3137 2193 3218 2238 est
3282 2185 3621 2259 ascribenda,
3682 2197 3733 2239 et

2155 2278 2332 2331 omnis
2360 2274 2640 2330 inﬁrmitas
2671 2274 2930 2341 passionis
2958 2274 3157 2326 homini
3188 2286 3265 2327 cst
3289 2275 3622 2342 imputanda.

489 2369 2984 2395 ____________________________._.._____—__

1444 2425 1918 2536 LIBER
2012 2424 2775 2551 QUARTUS.
2841 2493 2843 2495 ι

743 2600 827 2658 De
857 2593 1128 2675 singulis
1155 2592 1535 2667 nominibus,
1573 2591 1863 2651 adversus
1894 2586 2218 2650 Novellum
2245 2587 2517 2648 hwresim
2547 2589 2867 2665 cujusdam
2896 2592 3219 2652 Potentini
3251 2592 3489 2656 Urbici.

567 2718 861 2772 llwretims.
898 2717 988 2770 Hic
1015 2717 1123 2783 jam
1165 2715 1233 2768 de
1287 2712 1505 2780 singulis
1537 2710 1843 2765 nominibus
1897 2719 2060 2777 atque

493 2809 731 2879 personis
753 2806 1035 2860 identidem
1067 2804 1208 2860 refer
1234 2802 1386 2857 mihi.

562 2900 885 2952 Athanasius.
917 2898 1029 2951 Non
1052 2895 1143 2949 tibi
1179 2894 1429 2948 sufficere
1453 2891 1732 2955 debuerat,
1764 2903 1924 2943 unum
1957 2900 2060 2956 pro

493 2990 672 3045 multis
697 2985 1116 3057 dominicaeiidei
1146 2983 1446 3052 esemplum
1471 2981 1695 3037 dicentis
1721 2997 1733 3032 :
1769 2980 1955 3032 Euntes
1973 2977 2061 3030 ba-

493 3086 678 3155 ptisate
725 3097 894 3135 omnes
946 3087 1138 3150 gentes,
1177 3076 1228 3129 in
1281 3076 1484 3129 nomine
1516 3073 1707 3136 Patris,
1752 3082 1798 3125 et
1842 3069 1990 3148 Filii,
2013 3078 2061 3124 et

493 3174 653 3226 sancti
685 3171 908 3236 Spiritus
944 3168 1152 3238 (Matth.
1187 3180 1372 3228 xxvut,
1401 3165 1522 3233 i9),
1557 3163 1625 3218 de
1654 3176 1760 3231 quo
1796 3162 1904 3230 jam
1951 3160 2060 3229 pri-

494 3265 614 3317 dem
649 3264 700 3316 in
736 3261 908 3329 primo
955 3258 1137 3313 libello
1174 3266 1279 3310 tam
1327 3254 1569 3309 absolute
1622 3253 1974 3320 digesseram,
2008 3249 2058 3303 in

494 3366 599 3419 quo
623 3352 785 3404 totius
815 3347 1133 3402 sacramenti
1162 3345 1440 3399 veritatem
1491 3341 1648 3412 335
1687 3341 1738 3395 in
1772 3341 1917 3394 unita
1945 3338 2058 3393 dei-

497 3451 601 3496 tate
650 3441 948 3494 consistere
1001 3438 1398 3492 dec'araveram
1429 3475 1444 3500 ,
1492 3449 1589 3488 nec
1620 3448 1722 3487 non
1754 3441 1808 3487 et
1849 3432 2060 3486 nomina

500 3531 711 3599 propria
746 3531 796 3584 in
825 3529 1049 3600 singulis
1081 3528 1324 3596 personis
1350 3527 1524 3582 inesse
1565 3522 1946 3579 distinxeram?
1980 3524 2061 3582 An

499 3622 713 3689 ignoras
741 3622 865 3690 quia
921 3620 1077 3674 Pater
1104 3633 1240 3672 unus
1279 3617 1490 3671 innatus
1529 3625 1632 3682 est,
1664 3623 1718 3669 et
1758 3615 1869 3682 ipse
1900 3612 2064 3666 Filius

497 3727 601 3765 non
633 3720 750 3775 est;
805 3721 858 3765 et
902 3726 1037 3764 unus
1084 3709 1253 3764 Filius
1289 3725 1414 3763 vere
1441 3709 1509 3762 ab
1546 3723 1610 3761 eo
1641 3714 1796 3760 natus
1823 3713 1928 3765 est,
1974 3705 2062 3771 qui

500 3801 658 3853 Pater
680 3816 782 3853 non
812 3809 892 3854 est
917 3817 931 3862 ;
979 3808 1031 3854 et
1053 3813 1190 3852 unus
1219 3798 1304 3851 hic
1329 3797 1558 3866 Spiritus
1581 3805 1817 3856 sanctus,
1845 3795 1933 3863 qui
1959 3809 2062 3848 non

497 3898 552 3941 ut
576 3889 660 3943 hic
683 3888 838 3940 Pater
859 3888 1039 3956 genuit
1058 3927 1072 3948 ,
1100 3895 1154 3939 et
1184 3901 1286 3939 non
1317 3887 1450 3939 sicut
1472 3885 1639 3938 Filius
1663 3893 1815 3937 natus
1837 3893 1938 3948 est,
1971 3882 2063 3936 sed

498 3994 592 4031 nec
625 3979 821 4030 factura
851 3976 973 4030 est?
998 3975 1136 4030 Sane
1162 3985 1215 4029 ut
1236 3974 1514 4042 Scriptura
1547 3973 1727 4027 divina
1756 3981 1978 4028 testatur
1999 3974 2065 4027 de

495 4069 644 4121 unita
669 4079 790 4119 vera
820 4067 1017 4120 deitate
1040 4075 1152 4130 est;
1191 4079 1253 4118 ac
1276 4079 1369 4133 per
1392 4065 1490 4118 hoc
1530 4065 1740 4117 nomina
1784 4079 1906 4118 vera
1946 4079 2066 4134 pro-

498 4157 607 4222 pria
637 4157 687 4209 in
717 4158 958 4223 personis
980 4166 1124 4221 sunt,
1158 4164 1210 4209 et
1240 4170 1342 4208 non
1375 4154 1631 4209 vocabula
1663 4168 1846 4207 vacua.

569 4245 873 4300 "creticus.
907 4245 976 4301 Ut
1022 4247 1137 4301 hac
1175 4248 1314 4301 dicta
1345 4246 1411 4300 de
1463 4245 1778 4299 auctoritate
1817 4246 2066 4301 ostendas

432 4392 443 4403 ,
502 4336 730 4405 postulo.
1871 4403 1882 4408 _

568 4423 894 4480 Athanasius.
923 4427 997 4482 De
1024 4435 1296 4496 assumpto
1321 4425 1534 4478 homine
1555 4427 1605 4479 in
1624 4427 1864 4480 claritate
1891 4427 2063 4481 Evan-

496 4517 616 4586 gelii
645 4518 899 4584 si-riptum
929 4527 1045 4572 est:
1076 4515 1139 4570 Et
1161 4518 1416 4586 baptizata
1445 4515 1567 4569 Jesu
1589 4519 1850 4582 confestim
1887 4534 2062 4572 ascen-

497 4610 570 4659 dit
592 4609 652 4661 de
684 4624 836 4674 aqua,
870 4620 913 4660 et
940 4624 1050 4660 ecce
1073 4609 1235 4674 aperti
1264 4614 1381 4659 sunt
1411 4607 1540 4670 caeli,
1570 4616 1614 4658 et
1651 4607 1771 4658 vidit
1810 4607 2062 4672 Spiritum

498 4699 876 4751 descendentem
925 4698 986 4751 de
1014 4699 1138 4751 caelo
1176 4687 1303 4752 sicut
1355 4696 1639 4750 columbam
1688 4698 1955 4750 venientem
2008 4698 2062 4751 in

500 4791 686 4855 ipsum.
738 4790 800 4841 Et
823 4807 932 4844 ecce
957 4805 1055 4843 vox
1103 4791 1164 4841 de
1193 4789 1328 4842 caelis
1361 4790 1530 4842 dicens
1586 4803 1604 4840 :
1645 4786 1745 4840 llic
1773 4797 1843 4840 est
1893 4787 2060 4840 Filius

501 4895 640 4932 meus
665 4877 897 4944 dilectus,
927 4879 978 4930 in
1009 4894 1106 4946 quo
1141 4880 1260 4930 bene
1285 4877 1572 4944 complacui
1596 4875 1807 4946 (Matth.
1840 4891 1917 4945 tu,
1950 4876 2060 4944 16).

502 4969 688 5022 Nonne
708 4967 840 5021 alter
869 4977 949 5021 est
972 4969 1022 5021 in
1050 4981 1274 5036 persona
1299 4968 1385 5034 qui
1414 4967 1708 5035 baptizatus
1734 4975 1901 5028 est,et
1931 4964 2064 5019 alter

502 5061 588 5129 qui
618 5058 1008 5113 sicutcolumba
1031 5058 1096 5112 de
1120 5056 1274 5112 caelis
1297 5056 1590 5119 descendit,
1623 5065 1674 5110 et
1690 5053 1824 5108 alius
1848 5055 2066 5122 adeque

502 5151 654 5218 cujus
682 5163 782 5202 vos
814 5150 880 5201 de
910 5149 1062 5202 cadis
1091 5148 1265 5202 audita
1300 5138 1425 5200 est?
1452 5146 1568 5199 Alio
1599 5147 1651 5200 in
1678 5148 1793 5200 loco
1811 5147 2064 5216 scriptum

504 5250 582 5293 est
606 5258 618 5291 :
663 5241 837 5293 Omnis
861 5241 948 5306 qui
975 5240 1138 5308 diligit
1151 5241 1446 5310 genitorem,
1473 5239 1640 5308 diligit
1665 5254 1777 5290 eum
1804 5239 1888 5306 qui
1917 5247 2067 5291 natus

503 5344 571 5385 cst
602 5334 663 5384 de
689 5348 744 5384 eo
775 5332 824 5398 (l
857 5331 1010 5384 Joan.
1042 5345 1092 5395 ν,
1126 5332 1196 5399 ι).
1228 5331 1469 5396 Nunquid
1505 5331 1615 5398 ipse
1643 5337 1724 5384 est
1753 5331 1958 5396 genitor
1979 5332 2067 5397 qui

507 5433 553 5472 et
582 5433 733 5472 natus
755 5423 871 5473 est?
895 5423 1063 5475 Absd.
1092 5421 1286 5487 Accipe
1317 5423 1395 5474 vel
1418 5421 1517 5475 hoc
1541 5421 1937 5476 testimonium:
1966 5422 2067 5486 Qui

508 5526 605 5560 non
633 5511 799 5576 conﬁt.
818 5521 896 5561 tur
927 5510 1138 5570 Filium,
1177 5526 1262 5562 nec
1315 5510 1518 5563 Patrem
1553 5511 1738 5564 habet:
1776 5513 1860 5576 qui
1902 5522 2068 5563 autent

509 5600 773 5662 conﬁtetur
807 5596 1015 5665 Filium,
1047 5611 1091 5655 et
1143 5600 1345 5653 Patrem
1384 5600 1526 5654 habet
1561 5599 1610 5670 (1
1643 5601 1797 5656 Joan.
1857 5617 1914 5668 tt,
1951 5601 2067 5672 23).

2165 2706 2290 2762 Sive
2319 2710 2418 2763 hoc
2446 2727 2459 2761 :
2495 2708 2596 2775 Qui
2622 2727 2698 2762 me
2725 2712 2854 2775 odit,
2883 2721 2932 2765 et
2971 2710 3172 2766 Patrem
3211 2729 3372 2766 meum
3403 2715 3504 2766 odit
3545 2711 3729 2778 (Jour.

2167 2798 2494 2867 xv,‘23).Sed
2520 2797 2584 2853 ad
2609 2799 2722 2854 haec
2735 2799 2965 2856 Joannes
2989 2801 3210 2856 indicat:
3241 2802 3342 2869 Qui
3363 2815 3506 2872 negot
3523 2801 3594 2854 Pa
3606 2813 3730 2854 trem

2165 2896 2212 2942 et
2242 2886 2454 2954 Filium,
2486 2889 2567 2942 hic
2596 2898 2666 2944 est
2694 2890 3101 2961 AntichristusU
3128 2891 3285 2946 Joan.
3317 2907 3373 2956 tt,
3408 2892 3518 2963 2'2).
3569 2893 3732 2948 Vides

2165 2978 2550 3033 Antichristum
2569 2982 2788 3050 essequi
2817 2990 2975 3052 negat
2995 2997 3178 3036 verum
3203 2982 3414 3038 Patrem
3443 2993 3496 3039 et
3513 2984 3730 3037 Filium.

2169 3069 2402 3124 Denique
2432 3068 2603 3124 Patris
2627 3085 2807 3126 vocem
2859 3073 2926 3126 de
2955 3072 3109 3128 caelis
3138 3072 3261 3127 audi
3288 3074 3550 3128 dicentem
3589 3087 3603 3122 :
3639 3072 3733 3125 ilic

2161 3169 2250 3231 est,
2285 3157 2450 3214 Filius
2485 3175 2621 3215 meus
2671 3162 3028 3216 dilectissimus
3057 3163 3109 3214 in
3136 3178 3236 3228 quo
3266 3163 3389 3217 bene
3420 3163 3727 3232 complecti,

2162 3252 2327 3320 ipsum
2346 3245 2749 3320 audite(Matth.
2775 3267 2901 3315 xvu,
2949 3249 3027 3321 5).
3065 3252 3196 3323 Dum
3257 3253 3564 3308 omnimodo
3599 3257 3731 3306 alter

2161 3342 2230 3396 sit
2251 3341 2339 3411 qui
2367 3350 2588 3396 testatur
2614 3343 2684 3397 de
2710 3344 2883 3407 cmlis,
2929 3354 2983 3398 et
3011 3345 3144 3397 alius
3169 3343 3393 3414 adatque
3419 3347 3507 3414 qui
3542 3345 3728 3399 testiﬁ-

2119 3473 2124 3478 .
2155 3444 2311 3486 catur
2335 3432 2387 3487 in
2416 3434 2590 3488 terris.
2614 3433 2761 3489 Sicut
2789 3421 2959 3489 Filius
2981 3434 3044 3486 ad
3069 3435 3277 3489 Patrem
3300 3435 3519 3489 clamat:
3556 3435 3729 3500 Pater,

2163 3523 2441 3590 [macri/ica
2471 3537 2652 3577 nomen
2678 3532 2842 3578 tuum.
2871 3523 2934 3576 Et
2966 3526 3095 3578 t-enit
3122 3540 3218 3578 vos:
3245 3526 3307 3579 de
3350 3528 3485 3580 cretis
3508 3543 3526 3578 :
3552 3525 3616 3579 Et
3637 3525 3726 3578 ho-

2163 3613 2445 3680 noriﬁcavi,
2468 3625 2514 3668 et
2542 3615 2727 3668 iterum
2754 3615 3098 3682 honoriﬁcabo
3130 3614 3306 3687 (Joan.
3337 3632 3434 3678 an,
3460 3615 3572 3682 28).
3619 3616 3729 3670 Uti-

2163 3719 2266 3772 que
2297 3707 2339 3759 si
2364 3706 2475 3774 ipse
2502 3716 2617 3760 erat
2648 3706 2812 3760 Filius
2842 3708 2893 3760 in
2921 3722 3145 3776 persona
3174 3723 3275 3761 una
3302 3708 3392 3776 qui
3417 3716 3472 3762 et
3499 3709 3672 3770 Pater,
3698 3723 3723 3758 a

2164 3810 2270 3865 quo
2311 3797 2522 3851 tandem
2568 3796 2822 3851 honorem
2880 3798 3290 3867 postulabatlet
3334 3800 3491 3866 cujus
3519 3814 3620 3854 vox
3659 3799 3722 3851 ad

2164 3901 2286 3941 eum
2325 3889 2702 3956 respondebat,
2727 3888 2945 3943 dicens:
2973 3887 3040 3941 Et
3068 3889 3420 3957 honoriﬁcavi,
3446 3900 3495 3944 et
3518 3889 3722 3943 honori-

2167 3977 2363 4042 ﬁcabo?
2387 3976 2492 4031 Sed
2518 3986 2569 4031 et
2600 3977 2700 4031 hoc
2732 3994 2744 4030 :
2780 3977 2936 4032 Pater
2962 3990 3152 4043 sancte,
3194 3980 3476 4047 honoriﬁca
3534 3979 3722 4033 ι”ἰιὶιιιι

2167 4075 2329 4130 tuum,
2359 4077 2411 4120 ut
2435 4076 2480 4120 et
2519 4067 2685 4122 Filius
2725 4076 2841 4122 tuus
2884 4070 3179 4135 honoriﬁcet
3205 4079 3252 4123 te
3271 4068 3452 4138 (Joan.
3487 4087 3615 4137 am,
3650 4072 3718 4140 i).

2167 4155 2328 4210 Vides
2353 4157 2405 4211 in
2437 4158 2794 4211 hoe'mutnam
2820 4171 2941 4213 esse
2980 4159 3266 4212 secundum
3291 4163 3496 4214 natura
3518 4161 3720 4215 vicissi-

2169 4244 2401 4299 tudinem
2435 4244 2912 4310 honoriilcenliam,
2945 4246 2995 4298 in
3025 4246 3108 4301 his
3145 4249 3526 4302 consiStentem
3555 4249 3578 4301 τ
3605 4248 3723 4303 Sive

2167 4337 2346 4403 accipe
2375 4352 2388 4388 :
2422 4336 2532 4408 Ego
2563 4341 2627 4389 de
2652 4353 2709 4390 eo
2736 4338 2885 4403 exivi,
2918 4345 2962 4391 et
2994 4338 3102 4391 veni
3131 4337 3310 4406 (Joan.
3342 4339 3474 4408 ut).
3502 4339 3647 4393 Nunc
3675 4349 3720 4393 et

2168 4425 2280 4478 alio
2310 4425 2361 4478 in
2393 4425 2509 4479 loco
2539 4425 2677 4480 idem
2701 4427 2814 4496 ipse
2841 4427 3032 4495 repetit
3057 4445 3069 4480 :
3107 4427 3216 4498 Ego
3243 4444 3274 4478 a
3311 4427 3464 4482 Patre
3505 4431 3652 4493 exiri,
3681 4439 3722 4477 et

2168 4517 2276 4569 veni
2309 4513 2484 4584 (ἔσβη.
2514 4517 2666 4584 nn).
2687 4515 2875 4586 Utique
2901 4518 2942 4570 si
2963 4517 3075 4585 ipse
3095 4526 3209 4570 erat
3229 4516 3386 4573 Pater
3407 4519 3463 4572 in
3481 4531 3717 4587 persona,

2167 4607 2255 4674 qui
2288 4603 2445 4675 236
2483 4616 2536 4659 et
2565 4605 2748 4670 Filius,
2780 4607 2856 4660 sic
2885 4607 3140 4659 debuerat
3167 4606 3442 4662 intimasse
3486 4625 3499 4660 :
3551 4606 3658 4675 Ego
3692 4619 3717 4655 a

2169 4711 2252 4748 me
2275 4696 2413 4749 exivi
2439 4696 2490 4748 in
2521 4696 2659 4749 hunc
2705 4696 2978 4750 mundum.
3014 4697 3146 4750 Dum
3171 4697 3353 4764 procul
3392 4696 3553 4751 dubio
3598 4698 3716 4749 alter

2169 4785 2237 4840 sit
2267 4785 2354 4852 qui
2379 4787 2561 4849 exivit,
2593 4795 2645 4839 et
2683 4785 2815 4839 alius
2837 4786 2904 4840 sit
2931 4786 2998 4840 de
3028 4785 3368 4854 quaesierit.
3395 4785 3500 4840 Sed
3523 4787 3591 4839 ad
3617 4787 3716 4838 hac

2171 4877 2439 4944 subiunxit
2488 4875 2554 4930 de
2597 4891 2820 4944 persona
2861 4877 3030 4932 sancti
3064 4877 3290 4940 Spiritus
3331 4895 3341 4930 :
3379 4876 3505 4931 Cum
3546 4875 3716 4930 renerit

2171 4967 2447 5019 advocatus
2487 4967 2591 5030 ille,
2627 4983 2771 5036 quem
2809 4983 2901 5039 ego
2935 4967 3132 5020 mittam
3174 4967 3309 5020 vobis
3339 4985 3370 5020 a
3417 4967 3574 5022 Patre
3602 4981 3713 5027 meo,

2174 5060 2424 5125 Spiritum
2450 5059 2694 5124 veritatis,
2719 5059 2805 5128 qui
2844 5075 2876 5112 a
2907 5057 3062 5112 Patre
3088 5075 3196 5111 meo
3242 5059 3490 5129 procedit,-
3515 5061 3620 5126 ipse
3654 5067 3715 5109 te-

2173 5151 2471 5213 s'iﬁcabitur
2493 5150 2554 5202 de
2584 5165 2661 5202 me
2688 5147 2866 5218 (Joan.
2888 5165 2976 5215 xv,
3007 5148 3121 5217 26).
3174 5149 3321 5205 Itane
3351 5165 3454 5204 non
3487 5150 3622 5204 alter
3647 5155 3715 5201 est

2173 5239 2261 5306 qui
2293 5237 2474 5300 mittit,
2502 5246 2556 5290 et
2593 5238 2727 5290 alius
2751 5242 2968 5307 adaeque
3000 5238 3052 5290 in
3098 5253 3324 5306 persona
3351 5255 3378 5291 a
3409 5255 3514 5308 quo
3541 5253 3711 5308 proce-

2170 5329 2269 5391 dit,
2311 5337 2365 5383 et
2390 5327 2524 5380 alter
2545 5338 2627 5381 est
2662 5328 2747 5381 hic
2770 5329 2881 5396 ipse
2912 5328 3000 5396 qui
3030 5329 3216 5380 Venit?
3269 5328 3503 5398 Denique
3555 5333 3601 5384 si
3627 5340 3710 5382 una

2171 5426 2314 5472 esset
2362 5431 2608 5484 persona,
2657 5432 2685 5470 a
2715 5433 2818 5487 quo
2848 5418 3058 5471 tandem
3098 5420 3435 5473 mitteretur?
3465 5419 3545 5473 vel
3572 5435 3602 5473 a
3627 5429 3712 5486 quo

2172 5509 2531 5579 procederet?
2562 5512 2698 5568 sicut
2729 5510 3016 5578 Apostolus
3061 5511 3173 5564 hanc
3221 5512 3270 5564 in
3317 5511 3634 5564 salutatione
3657 5507 3709 5560 ad

2171 5600 2474 5694 (’lorittthios
2511 5599 2811 5666 continuat,
2853 5600 3037 5656 dicens
3067 5615 3082 5656 ;
3111 5598 3292 5654 Gratia
3335 5598 3548 5654 Domini
3579 5595 3713 5653 nostri
