3856 6222
92 271 180 327 εδδ
204 260 210 263 ’

1297 259 1375 312 ῡῖ.
1413 256 1777 313 TRINITATE
1819 254 1943 309 LIB.
1986 253 2071 308 IV.

3185 239 3244 296 Ξ(
3259 243 3299 296 6-

94 387 196 436 Jesu
226 381 428 442 Christi,
469 388 515 432 et
541 379 730 432 caritas
763 376 871 438 Dei,
907 376 998 427 hoc
1017 384 1088 427 est
1119 372 1305 435 Patris,
1330 382 1375 425 et
1399 388 1624 424 comnm-
1659 375 1706 428 A
1734 369 1965 422 Christus
1986 383 2074 437 per
2102 381 2244 435 quem
2269 367 2457 428 omnia,
2488 372 2533 415 et
2556 381 2650 417 nos
2675 381 2760 432 per
2783 366 2942 434 ipsum
2967 367 3015 433 (Ι
3041 367 3160 423 Car.
3182 388 3294 440 vin,

94 473 259 524 nicatio
281 469 441 522 sancti
465 467 695 535 Spiritus
719 483 830 519 cum
851 465 1078 519 omnibus
1100 465 1233 518 vobis
1259 462 1340 533 (ll
1366 461 1483 517 Cor.
1514 477 1627 526 xm,

99 565 189 625 l5).
218 559 400 613 Nonne
423 569 608 627 aperte
634 573 730 626 per
759 556 960 624 singula
1011 553 1248 618 nomina,
1283 555 1418 607 sicut
1463 564 1513 606 et
1543 567 1632 625 su-

96 655 252 714 perius
271 649 598 713 continetur,
624 647 857 711 singulas
881 659 1135 714 personas
1160 645 1334 698 inesse
1357 643 1630 696 distinxit?

97 738 314 806 Denique
341 739 408 790 ad
441 742 553 790 ltmc
585 737 749 804 ipsius
774 735 894 788 Filii
924 735 1062 789 dicta
1105 733 1336 801 suscipe,
1367 733 1592 786 dicentis
1618 748 1631 782 ε

97 830 222 882 Alius
249 839 321 881 est
347 830 434 897 qui
473 827 808 882 testiinonium
841 827 1062 892 perhibet
1093 825 1238 887 mihi,
1281 824 1365 891 qui
1395 839 1472 875 me
1501 823 1634 874 misit

101 918 236 970 Pater
282 916 472 984 (Joan.
525 933 574 977 ν,
627 918 732 979 32;
787 924 833 968 et
865 930 986 978 vui,
1025 914 1155 980 l8),
1208 913 1334 965 dum
1381 913 1513 965 inl'ra
1571 913 1637 963 de

100 1024 147 1060 te
175 1010 307 1060 dicat
333 1007 492 1059 alius.
527 1007 685 1059 Vides
713 1008 832 1073 quia
859 1006 993 1058 alius
1023 1016 1103 1059 est
1130 1003 1284 1058 Pater
1320 1006 1368 1056 in
1415 1018 1638 1071 persona

103 1099 223 1155 Filii,
247 1108 300 1150 et
327 1114 434 1150 non
463 1098 601 1150 alius
626 1108 708 1150 est
733 1099 784 1150 in
814 1097 1112 1151 divinitate.
1133 1097 1238 1152 Sed
1269 1107 1323 1152 et
1349 1096 1414 1151 de
1438 1095 1640 1164 Spiritu

101 1197 269 1240 sancto
294 1189 373 1241 sic
404 1188 479 1240 ait
502 1204 515 1239 :
548 1187 749 1255 Rogabo
772 1186 978 1239 Patrem
1007 1191 1190 1248 nurum,
1212 1196 1259 1238 et
1297 1186 1457 1238 alium
1484 1201 1640 1254 para-

102 1279 254 1329 rtitum
276 1281 438 1329 mittet
461 1279 595 1330 vobis
623 1276 802 1346 (Joan.
834 1294 943 1341 xlv,
964 1273 1076 1345 {6).
1115 1277 1403 1330 Considera
1429 1285 1482 1329 et
1510 1277 1642 1330 alte-

103 1384 204 1421 rum
251 1383 376 1422 esse
419 1367 678 1436 Spiritum
710 1366 1028 1421 Paraclitum
1080 1369 1136 1420 in
1178 1380 1423 1434 persona,
1456 1373 1644 1418 etnon

103 1473 260 1514 tamen
290 1473 415 1513 esse
452 1462 675 1513 alterum
706 1460 756 1512 in
802 1458 1109 1522 divinitate;
1143 1459 1260 1511 ideo
1300 1457 1433 1510 alter
1462 1456 1528 1510 ab
1571 1456 1646 1509 al-

104 1563 204 1605 tero
256 1554 306 1604 in
363 1566 589 1620 persona
646 1559 846 1603 tantum
891 1550 1087 1613 dilTert,
1120 1557 1301 1602 etnon
1343 1549 1393 1601 in
1425 1547 1642 1602 deitate.

105 1641 265 1705 Itaque
287 1640 426 1694 alter
451 1650 531 1692 est
560 1641 713 1692 Pater
744 1639 795 1691 in
824 1651 1046 1706 persona
1077 1639 1162 1704 qui
1201 1637 1399 1704 genuit,
1431 1644 1483 1688 et
1512 1635 1646 1690 alius

1733 459 1810 523 6).
1861 459 2019 513 Vides
2054 459 2174 528 quia
2205 473 2339 512 unus
2374 467 2453 511 est
2509 456 2693 521 Filius,
2741 462 2828 527 qui
2860 472 2936 514 est
2993 464 3294 532 unigenittts

1736 550 1897 603 Deus.
1950 549 2052 603 Sed
2101 551 2227 603 etsi
2273 558 2514 603 creatura
2555 560 2671 604 erat
2701 551 2932 619 Spiritus
2960 565 3193 623 sanctus,
3238 572 3295 611 et

1738 642 1877 694 Deus
1906 656 2062 696 verus
2093 657 2196 694 non
2229 650 2344 695 erat
2384 659 2395 693 :
2428 656 2521 695 cur
2555 643 2778 710 legimus
2811 646 2982 711 ipsum
3011 649 3290 703 Dominum

1736 731 2002 784 Christum
2055 729 2343 785 Nicodemo
2374 730 2696 786 indicantem
2729 753 2742 786 :
2791 734 2940 799 Quod
2985 741 3207 792 nascitur
3234 742 3297 794 de

1739 819 1957 889 Spiritu,
1985 821 2190 890 spiritus
2220 827 2290 873 est
2323 818 2501 890 (Joan.
2525 835 2604 884 ιιι,
2633 823 2730 891 6)?
2759 828 2880 892 quia
2911 826 3046 879 Deus
3071 829 3295 895 Spiritus

1738 921 1840 963 est.
1874 910 1968 962 Vel
2001 911 2186 964 saltem
2220 910 2318 964 hoc
2348 913 2648 978 exemplum
2677 914 2854 980 accipe
2884 934 2894 966 :
2925 915 2987 969 Et
3010 919 3134 970 nel't
3156 936 3296 971 ’ωη-

1739 1001 1941 1052 tristare
1957 999 2205 1068 Spiritum
2234 1009 2465 1052 sanctum
2502 1000 2620 1060 Dei.
2656 1001 2706 1053 in
2736 1019 2836 1071 quo
2876 1005 3059 1073 signati
3080 1009 3213 1081 .estis
3245 1011 3297 1059 in

1742 1092 1823 1142 die
1848 1091 2200 1160 redemptionis
2223 1089 2440 1160 (Ephes.
2469 1107 2538 1157 tv,
2574 1093 2683 1158 50).
2719 1093 2824 1148 Sed
2853 1105 2904 1149 et
2935 1098 2996 1149 ad
3022 1098 3133 1151 haec
3159 1102 3296 1155 dicta

1742 1184 1988 1248 suscipe:
2020 1179 2142 1234 Nisi
2162 1182 2273 1249 quis
2303 1190 2505 1234 renatus
2546 1183 2697 1249 fuerit
2739 1201 2802 1238 ex
2837 1202 2966 1254 aqua
3011 1199 3056 1241 et
3103 1189 3297 1259 Spiritu

1744 1281 1939 1333 sancto,
1972 1286 2073 1323 non
2103 1271 2310 1323 intrabit
2337 1271 2391 1323 in
2417 1287 2623 1339 regnum
2643 1274 2879 1327 caelorum
2909 1274 3086 1343 (Joan.
3121 1294 3193 1343 ιιι,
3221 1282 3297 1350 5).

1748 1362 2030 1424 Memento,
2061 1361 2180 1430 quia
2206 1360 2344 1415 Deus
2371 1371 2453 1416 est
2477 1360 2708 1429 Spiritus
2728 1374 2961 1427 sanctus,
2990 1369 3078 1434 qui
3108 1384 3296 1423 cuncta

1746 1458 1993 1519 operatur
2023 1450 2072 1503 in
2104 1450 2268 1519 signis
2318 1460 2370 1503 et
2399 1451 2649 1519 prodigiis
2672 1491 2685 1516 ,
2744 1454 2881 1507 sicut
2909 1470 2999 1509 vas
3028 1458 3299 1527 electionis

1748 1541 1977 1596 breviter
2023 1542 2252 1595 absolvit
2282 1559 2294 1596 :
2329 1540 2456 1594 Hcce
2503 1545 2671 1596 omnia
2719 1556 2956 1611 aperatur
2990 1564 3118 1600 unus
3150 1561 3299 1620 atque

1747 1634 1879 1686 idem
1901 1632 2146 1700 Spiritus,
2172 1631 2395 1684 dividens
2426 1632 2639 1702 singulis
2671 1645 2820 1701 prout
2841 1637 2944 1688 vult
2977 1636 3032 1708 (Ι
3060 1638 3179 1695 Cor.
3208 1658 3300 1707 xu,

107 1730 255 1784 Filius
292 1741 380 1786 est
404 1733 490 1798 qui
525 1729 736 1799 genitus
761 1729 828 1782 ab
857 1730 990 1798 ipso,
1032 1736 1086 1781 et
1123 1728 1260 1781 alius
1287 1727 1518 1793 Spiritus
1542 1725 1640 1779 Pa-
1674 1722 1866 1792 B‘ll);
1901 1724 1998 1790 Qui
2031 1725 2211 1790 utique
2236 1723 2278 1776 si
2307 1731 2544 1776 creatura
2576 1733 2689 1781 erat
2715 1724 2797 1778 hic
2825 1741 2957 1780 unus
2977 1739 3133 1796 atque
3165 1731 3301 1785 idem

106 1824 305 1874 inclitus
332 1822 424 1888 qui
473 1820 540 1874 de
596 1819 739 1873 unita
782 1828 970 1872 natura
1023 1827 1125 1872 est.
1182 1816 1287 1871 Sed
1327 1815 1462 1870 dicis
1493 1816 1647 1880 mihi,

107 1914 362 1971 lia-retice.
404 1911 850 1979 quemadmodum
896 1911 1124 1978 Spiritus
1153 1909 1220 1964 de
1264 1910 1410 1962 unita
1464 1917 1650 1962 natura

108 2001 381 2054 consistit?
412 2002 546 2054 Ecce
577 2000 744 2054 Filius
775 1999 843 2054 de
891 2014 955 2054 eo
997 2007 1218 2054 testatus
1248 2009 1366 2052 est:
1407 1999 1449 2051 Α
1501 1998 1653 2051 Patre

110 2094 320 2158 procedit
363 2093 542 2161 (Joan.
575 2108 663 2158 xv,
693 2090 783 2161 96)
810 2107 823 2143 :
854 2102 907 2146 et
936 2092 1012 2146 sic
1052 2102 1364 2156 prosecutus
1393 2103 1489 2150 εει.
1521 2101 1566 2144 et
1594 2091 1655 2142 de

111 2202 206 2236 meo
235 2187 445 2251 accipiet
467 2184 640 2250 (Joan.
665 2199 776 2252 xvr,
809 2183 919 2251 Η).
955 2183 1105 2248 Quod
1121 2183 1478 2236 testimonium
1503 2182 1656 2235 Pater

110 2277 480 2342 comprobavit,
497 2277 680 2330 dicens
705 2294 716 2327 :
749 2275 972 2343 Spiritus
993 2293 1022 2327 α
1042 2291 1120 2328 me
1134 2275 1356 2342 procedit
1377 2273 1509 2341 (lsa.
1530 2288 1652 2338 Lvu,

118 2366 214 2428 16).
251 2365 294 2419 0
321 2366 501 2428 homo,
549 2369 593 2418 si
625 2366 855 2433 Spiritus
905 2366 992 2418 hic
1043 2362 1355 2430 Paraclitus,
1386 2373 1440 2416 ut
1478 2364 1612 2417 dicis
1637 2404 1654 2426 ,

117 2456 266 2510 l'ater
287 2473 390 2511 non
417 2469 518 2521 est,
554 2457 717 2511 Filius
747 2473 853 2511 non
901 2464 1001 2521 est,
1034 2457 1235 2510 factura
1267 2471 1371 2509 non
1402 2466 1504 2518 est,
1532 2455 1656 2524 quid

122 2550 202 2600 tibi
231 2564 349 2603 esse
397 2550 650 2604 videtur?
693 2549 735 2602 Ο
766 2562 888 2603 vera
915 2547 1154 2603 caecitas!
1192 2548 1383 2615 Utique
1426 2548 1469 2600 si
1515 2545 1660 2601 Scri-

120 2647 255 2701 ptura
291 2639 386 2692 tibi
423 2655 528 2693 non
558 2638 774 2704 sufﬁcit,
801 2652 917 2708 qua:
965 2639 1040 2692 sic
1067 2640 1133 2692 de
1156 2655 1221 2691 eo
1250 2637 1530 2707 signiﬁcat,
1575 2653 1660 2693 me

122 2745 215 2781 non
257 2740 339 2784 est
378 2732 488 2800 jam
519 2743 680 2799 super
727 2745 791 2785 eo
833 2731 975 2799 quod
1027 2731 1347 2800 interroges.
1375 2731 1514 2790 Sane
1555 2745 1659 2784 non

118 2818 274 2872 debeo
300 2821 655 2885 dissimulare,
680 2833 746 2874 eo
770 2820 906 2889 quod
931 2836 1032 2873 non
1057 2820 1150 2873 tibi
1181 2821 1399 2883 debeam
1428 2819 1662 2875 indicare

121 2907 244 2970 quod
276 2910 465 2962 sentio.
495 2909 596 2963 Sed
629 2917 684 2961 ut
711 2909 855 2976 prius
894 2911 1031 2962 scias
1073 2923 1205 2977 quos
1234 2909 1450 2977 laqueos
1473 2909 1660 2983 evites,
1718 2961 1723 2966 .

1753 1815 2005 1881 Spiritus,
2053 1813 2493 1884 quemadmodum
2536 1816 2695 1886 238
2725 1815 2836 1871 bzec
2867 1818 3109 1874 universa
3141 1823 3303 1876 inira-

1751 1907 1875 1961 bilia
1909 1914 2110 1975 poterat
2139 1906 2393 1974 operari?
2420 1905 2569 1960 Unde
2596 1922 2700 1960 non
2733 1907 2889 1963 Pater
2909 1919 2991 1963 est
3020 1912 3103 1965 hic
3145 1913 3303 1967 Para-

1750 1997 1928 2061 clitus,
1963 1995 2263 2058 Potentiae,
2295 2009 2361 2048 ne
2406 1995 2539 2048 duos
2572 1995 2752 2050 Patres
2800 1998 3053 2053 adversus
3109 2002 3301 2072 stylum

1763 2089 1958 2156 regula:
1982 2087 2311 2141 auctoritatis
2342 2087 2391 2139 in
2417 2078 2750 2144 confessione
2782 2090 3184 2146 introducantur
3209 2110 3224 2149 :
3253 2108 3306 2149 et

1756 2195 1861 2232 non
1885 2187 1968 2232 est
1996 2179 2178 2241 Filius,
2213 2193 2277 2232 ne
2304 2179 2407 2232 duo
2435 2179 2527 2232 lilii
2553 2188 2739 2233 contra
2775 2195 2955 2236 sacras
3005 2181 3308 2253 Scripturas
3359 2182 3367 2189 “

1758 2287 1877 2326 esse
1931 2271 2246 2324 videantur:
2275 2281 2330 2324 et
2376 2285 2481 2323 non
2529 2271 2737 2326 factura
2782 2284 2886 2340 est,
2922 2290 2987 2329 ne
3036 2291 3139 2331 non
3172 2278 3312 2334 Deus

1756 2375 1913 2416 verus
1936 2362 2023 2413 sit.
2057 2360 2162 2413 Sed
2193 2360 2256 2412 ad
2288 2371 2609 2426 postremum
2635 2370 2692 2414 ut
2729 2361 2902 2416 discas
2933 2366 2998 2416 ab
3024 2367 3132 2435 ipsa
3162 2381 3311 2422 crea-

1758 2463 1872 2506 tura
1902 2452 2273 2517 divina,verus
2305 2452 2439 2505 Deus
2461 2460 2563 2516 est,
2593 2452 2714 2520 quia
2737 2452 2803 2508 de
2831 2456 2942 2523 ipsa
2972 2472 3094 2512 vera
3114 2458 3313 2518 deitato

1756 2543 1898 2603 unita
1933 2541 2431 2610 incomparabilique
2460 2541 2717 2596 consistit.

1832 2632 2137 2686 Ilwreticus.
2182 2631 2348 2700 Rogo,
2380 2632 2422 2683 si
2470 2632 2615 2685 unita
2664 2632 2833 2687 deitas
2879 2644 2960 2690 est
2990 2637 3315 2707 incompara-

1769 2726 1915 2789 bilis,
1946 2723 2179 2792 nunquid
2204 2724 2282 2776 sic
2304 2732 2357 2777 et
2378 2723 2588 2776 nomina
2611 2737 2957 2792 personarum
2986 2729 3315 2801 incompara-

1765 2817 1883 2870 bilia
1906 2816 2057 2869 sunt?

1835 2906 2159 2958 Athanasius.
2196 2903 2333 2958 Proh
2371 2903 2554 2958 dolorl
2587 2903 2630 2957 si
2671 2905 2820 2958 multi
2864 2916 2986 2960 sunt
3019 2919 3194 2974 patres
3220 2916 3309 2981 qui

123 2995 348 3050 indicabo
376 2999 466 3051 tibi
500 3001 635 3052 haec.
689 2998 918 3052 literesis
950 3001 1156 3054 novella
1197 3001 1400 3054 exstitit
1431 3001 1680 3054 inaudita»
1766 2995 2048 3062 aliquando
2078 3004 2254 3063 patres
2277 3009 2381 3047 nou
2409 2992 2640 3053 fuerunt.
2671 2993 2906 3061 nunquid
2934 2996 3122 3065 aliquis
3147 3015 3211 3054 ex
3236 3002 3319 3056 his

122 3085 380 3150 cujusdam
412 3083 591 3141 URBICI
621 3087 930 3153 POTENTINI,
963 3090 1051 3156 qui
1087 3088 1226 3142 hunc
1251 3089 1502 3158 Splritum
1538 3105 1663 3143 san-
1687 3068 1734 3129 ε
1768 3085 1874 3137 Deo
1905 3084 2041 3137 Pall'i
2093 3083 2145 3136 ill
2187 3083 2510 3149 δειηρίιθτιιδ
2562 3083 2904 3151 generatione
2963 3095 3110 3153 pater
3160 3088 3322 3159 digno

124 3184 272 3236 ctum,
305 3175 509 3230 Patrem
540 3186 627 3229 aut
656 3177 866 3241 Filium,
889 3187 979 3231 aut
1007 3187 1150 3232 certe
1175 3179 1430 3233 facturam
1449 3191 1666 3248 usurpat

125 3265 302 3320 debere
325 3268 479 3337 237
511 3269 777 3323 conﬁteri.
810 3269 874 3324 Ut
897 3271 941 3323 si
972 3271 1091 3339 quis
1133 3279 1278 3324 certe
1315 3271 1547 3339 ignarus,
1581 3272 1664 3325 vel

128 3355 256 3410 rudis
287 3358 338 3409 in
371 3358 654 3426 Scripturis
689 3360 904 3425 divinis,
935 3360 1001 3414 de
1034 3361 1116 3414 his
1145 3377 1263 3428 quae
1295 3377 1387 3428 per
1410 3365 1664 3416 amaritu-

128 3447 286 3499 dinem
313 3453 560 3502 versutia':
591 3449 705 3517 ejus
730 3460 854 3504 sunt
884 3452 935 3504 in
963 3453 1140 3504 medio
1162 3450 1337 3505 oblata
1366 3465 1666 3507 commenta

128 3538 356 3603 audierit,
381 3549 433 3593 et
457 3541 654 3606 aliquid
684 3553 746 3594 ex
777 3542 857 3594 his
881 3539 1223 3608 blaSpltemia:
1247 3541 1401 3595 dictis
1421 3543 1664 3609 elegerit,

129 3629 368 3680 sunimiu
395 3629 636 3682 hreresim
669 3630 882 3683 incidat.
930 3629 1059 3683 Audi
1100 3632 1277 3697 itaque
1325 3631 1669 3699 quemadmo-

129 3719 238 3770 dum
293 3720 490 3772 absolvi
549 3719 779 3774 debeant
827 3729 1061 3774 tortuosa
1113 3721 1319 3773 vincula
1374 3722 1669 3789 iniquitatis

130 3806 248 3873 ejus.
267 3808 308 3862 Ο
328 3809 628 3874 Putentine,
645 3810 730 3878 qui
747 3809 998 3864 adversus
1012 3809 1311 3878 Scripturas
1338 3811 1560 3874 divinas,
1586 3812 1668 3864 vel

132 3905 284 3950 totum
318 3899 569 3952 mundum
601 3907 654 3951 tu
685 3899 826 3953 solus
856 3915 883 3951 a
911 3899 1188 3953 catholicis
1218 3901 1284 3954 de
1314 3899 1414 3954 hoc
1465 3901 1672 3954 dissen-

133 3988 208 4050 tis,
237 3989 358 4042 dum
387 3990 823 4060 philoSOphorum
858 3990 1127 4045 doctrinas
1158 3993 1402 4057 sectaris,
1455 3994 1545 4061 qui
1593 3994 1672 4047 sic

133 4081 317 4132 sentis:
349 4081 526 4148 utique
556 4081 600 4134 si
629 4079 856 4147 Spiritus
881 4092 1116 4146 sanctus,
1146 4089 1200 4134 et
1227 4080 1313 4134 hic
1352 4082 1670 4147 Paraclitus,

133 4177 182 4217 ttt
201 4169 349 4231 dicis,
381 4169 533 4223 Pater
558 4179 720 4234 esset,
755 4171 872 4224 sine
900 4171 1061 4224 dubio
1085 4172 1193 4239 jam
1235 4188 1337 4224 non
1367 4180 1509 4227 esset
1534 4188 1671 4226 unus

137 4255 295 4320 Pater,
327 4259 418 4310 sed
444 4259 550 4312 duo
577 4267 754 4325 patres
780 4261 966 4313 :aut'si
994 4260 1223 4327 Spiritus
1253 4270 1307 4315 et
1337 4262 1420 4315 hic
1438 4262 1670 4315 Paracli-

137 4353 209 4396 tos
227 4345 386 4399 Filius
413 4357 576 4412 esset,
605 4347 721 4402 sine
751 4349 910 4403 dubio
930 4351 1036 4417 jam
1061 4365 1163 4402 non
1191 4366 1329 4406 unus
1345 4351 1484 4404 ﬁlius
1509 4363 1668 4416 esset,

1765 3174 2194 3243 comparabitur?
2224 3176 2330 3228 Aut
2358 3175 2479 3242 quia
2512 3175 2659 3226 multi
2705 3185 2825 3229 sunt
2861 3175 2974 3241 lilii,
3023 3178 3114 3247 qui
3156 3196 3322 3250 nuper

1767 3264 1870 3317 nati
1901 3275 2051 3329 sunt,
2083 3273 2135 3317 et
2161 3272 2314 3317 antea
2347 3262 2439 3316 lilii
2473 3263 2830 3328 uonluerunt,
2863 3268 3096 3334 nunquid
3131 3268 3322 3338 aliquis

1766 3354 1828 3405 ad
1858 3354 2231 3421 sempiternam
2258 3352 2587 3405 divinitatem
2621 3348 2739 3406 Filii
2765 3354 2852 3408 Dei
2887 3358 3084 3424 proprii
3116 3362 3321 3415 assimi-

1769 3441 2001 3494 labitur?
2030 3441 2134 3494 Aut
2164 3440 2283 3508 quia
2310 3439 2462 3493 multi
2491 3447 2614 3494 sunt
2663 3441 2883 3508 spiritus
2919 3443 2968 3496 in
2995 3446 3153 3512 casio,
3186 3457 3238 3503 et
3270 3451 3320 3503 in

1769 3539 1929 3594 terra,
1961 3534 2048 3598 qui
2078 3529 2202 3585 facti
2233 3537 2378 3591 sunt,
2406 3529 2641 3596 nunquid
2670 3531 2862 3597 aliquis
2890 3547 3073 3589 eorum
3105 3536 3156 3590 in
3186 3552 3324 3592 sem-

1771 3622 1972 3690 piterna
1995 3621 2268 3674 divinitate
2288 3631 2472 3674 sancto
2493 3620 2717 3687 Spiritui
2735 3620 3130 3690 adaequabitur?
3151 3627 3324 3692 Absit.

1771 3731 1838 3770 ne
1860 3716 2053 3770 iactura
2078 3716 2257 3768 [actori
2280 3729 2377 3767 suo
2401 3728 2766 3782 comparetur;
2785 3717 2908 3770 dum
2931 3718 3131 3774 factura
3158 3737 3328 3792 nuper

1771 3808 2010 3876 carpet-it,
2045 3809 2210 3861 laetor
2228 3816 2403 3861 autem
2431 3809 2548 3874 ejus
2565 3822 2777 3876 semper
2798 3820 2921 3866 ante
2943 3827 3100 3869 omne
3115 3819 3337 3872 omnim

1774 3899 2087 3967 principium
2135 3899 2311 3951 fuerit.
2353 3899 2614 3951 Memento
2656 3914 2817 3954 unum
2854 3915 2974 3956 esse
3017 3904 3230 3960 Patrem
3261 3925 3326 3964 ex

1772 4002 1877 4054 quo
1897 3987 2094 4051 omnia,
2125 3996 2178 4041 et
2201 4001 2362 4040 unum
2392 4001 2509 4040 esse
2537 3987 2724 4041 Filium
2752 4005 2842 4056 per
2866 4007 3020 4060 quem
3049 3997 3248 4062 omnia,
3277 4011 3328 4054 et

1775 4093 1932 4130 unum
1978 4091 2098 4130 esse
2133 4087 2370 4129 sanctum
2408 4077 2661 4144 Spiritum
2693 4079 2745 4132 in
2775 4095 2879 4148 quo
2925 4085 3122 4148 omnia,
3179 4090 3320 4143 sicut

1774 4167 2026 4234 scriptum
2059 4175 2176 4219 est:
2204 4153 2481 4219 Ontttia'ea:
2505 4168 2633 4236 ipso,
2676 4179 2722 4221 et
2744 4187 2830 4237 per
2855 4172 3038 4238 ipsum,
3066 4186 3111 4229 et
3136 4179 3186 4231 in
3215 4179 3327 4245 ipso

1774 4259 1946 4330 (Rom.
1983 4273 2052 4319 xl,
2100 4256 2214 4324 36).
2273 4255 2563 4312 Considera
2591 4259 2660 4312 ad
2689 4260 2801 4314 btec
2831 4275 3135 4330 argumenta
3159 4267 3325 4333 dicta,

1777 4361 1882 4405 tres
1911 4350 2321 4418 signiﬁcationes
2342 4366 2436 4418 per
2467 4351 2668 4405 unitum
2700 4356 2970 4420 operantis
2999 4367 3188 4413 nomen
3214 4377 3332 4419 esse

135 4433 218 4484 sed
247 4437 348 4486 duo
380 4438 470 4513 lilii
500 4455 511 4488 :
541 4439 622 4490 vel
645 4439 687 4490 si
713 4438 911 4492 factura
937 4451 1075 4494 esset
1103 4439 1330 4507 Spiritus
1360 4442 1667 4506 Paraclitus,
1707 4418 1752 4476 ι)
1776 4452 2038 4504 ostensus,
2073 4440 2122 4493 id
2164 4448 2246 4492 est
2272 4456 2342 4494 ex
2368 4440 2504 4506 ipso,
2551 4451 2603 4495 et
2633 4418 2749 4510 peri
2776 4444 2968 4510 ipsum,
3004 4457 3056 4500 et
3081 4448 3130 4501 in
3166 4451 3281 4515 ipso

141 4522 472 4585 proculdubio
493 4540 599 4578 non
642 4525 748 4593 jam
792 4537 936 4581 esset
980 4543 1136 4582 verus
1170 4530 1329 4596 Deus,
1360 4530 1448 4598 qui
1504 4530 1673 4585 iactus

138 4618 228 4675 est,
260 4612 397 4679 quod
417 4614 572 4668 absit.
605 4617 682 4668 Ac
715 4630 807 4682 per
848 4617 948 4669 hoc
995 4619 1178 4672 eadem
1206 4607 1321 4687 ipsa
1369 4631 1573 4688 repeto,
1620 4631 1675 4674 et

135 4711 222 4761 Per
241 4702 530 4766 apertiores
549 4717 826 4758 sermones
849 4705 961 4760 haec
976 4707 1114 4761 dicta
1131 4708 1195 4760 de
1215 4711 1528 4764 auctoritate
1539 4711 1673 4779 juris

139 4787 320 4842 indico.
354 4791 509 4859 Igitur
529 4793 575 4847 si
598 4794 731 4848 alter
751 4795 909 4849 Pater
932 4805 1045 4850 erat
1062 4809 1117 4851 et
1145 4797 1229 4853 hic
1253 4799 1559 4867 Paraclitus,
1593 4813 1677 4855 ut-

135 4877 246 4939 quid
277 4880 472 4934 dictum
526 4885 760 4949 Apostoli
799 4885 1092 4939 invenimus
1131 4904 1142 4939 :
1175 4887 1316 4942 Unus
1345 4892 1479 4943 enim
1539 4890 1677 4946 Deus

141 4963 350 5036 Patet-(1
375 4970 506 5024 Tim.
539 4988 597 5036 ιι,
627 4975 717 5040 5)2
737 4973 866 5029 Sive
906 4979 1006 5030 hoc
1036 4977 1232 5032 dictum
1271 4997 1284 5032 :
1319 4981 1480 5034 Nobis
1510 4994 1675 5037 tamen

138 5069 252 5108 unus
280 5057 412 5112 Deus
435 5060 608 5125 Pater,
639 5079 701 5115 ea:
719 5081 819 5131 quo
842 5068 1028 5128 omnia,
1052 5077 1099 5120 et
1131 5086 1219 5122 nos
1240 5071 1291 5122 in
1321 5073 1432 5136 ipso
1469 5071 1524 5142 (Ι
1555 5073 1674 5126 Cor.

141 5158 242 5210 vut,
272 5149 360 5215 6)?
390 5150 541 5206 Disce
566 5168 692 5221 ergo
727 5156 849 5222 quia
879 5172 1013 5211 unus
1041 5168 1121 5211 est
1162 5160 1491 5215 innascihilis
1529 5163 1669 5216 Deus

143 5232 300 5289 l'ater.
332 5238 434 5295 Sed
451 5252 506 5294 et
531 5242 574 5295 si
595 5242 726 5295 alter
751 5242 912 5298 Filius
940 5255 1100 5310 esset,
1125 5256 1180 5301 et
1195 5247 1278 5301 hic
1295 5249 1527 5315 Spiritus
1546 5266 1672 5305 con-

141 5325 338 5393 solator,
369 5345 461 5384 cur
491 5331 789 5399 unigenitus
828 5333 987 5386 Filius
1030 5351 1056 5387 a
1105 5339 1306 5392 Joanne
1337 5341 1662 5412 evangelista

143 5416 719 5483 pmdicabatur,dicens
749 5441 762 5475 :
798 5423 962 5477 Deum
989 5443 1128 5480 nemo
1153 5429 1275 5481 vidit
1306 5448 1548 5501 unquam,
1566 5436 1666 5488 nisi

141 5505 399 5571 vnigeuitus
423 5507 611 5571 Filius,
641 5512 725 5580 qui
753 5523 824 5564 est
852 5515 1035 5567 insinu
1062 5517 1248 5579 Patris,
1282 5520 1388 5587 ipse
1406 5528 1660 5576 enarravit

144 5590 316 5652 Hann.
365 5614 402 5660 t,
437 5599 556 5666 18).
594 5601 715 5656 Sive
757 5603 854 5656 l'toc
898 5622 910 5655 :
949 5602 1007 5655 Et
1057 5624 1182 5659 unus
1220 5608 1460 5664 Dominus
1514 5610 1661 5664 Jesus

483 5695 740 5756 l‘sraoa.
795 5696 982 5759 LXII.

1776 4531 1900 4584 dum
1929 4530 2064 4584 alius
2093 4530 2161 4583 sit
2184 4545 2248 4583 ex
2279 4531 2403 4596 alio,
2433 4541 2523 4584 aut
2548 4546 2638 4598 per
2661 4532 2825 4597 aliud,
2855 4535 2973 4600 quia
3004 4535 3067 4588 ad
3096 4539 3335 4608 singulas

1778 4632 2032 4688 personas
2056 4618 2156 4672 hoc
2184 4622 2408 4686 pertinet
2430 4621 2651 4675 dictum.
2684 4621 2813 4675 Nam
2841 4623 2910 4677 de
2942 4625 3086 4678 unito
3117 4633 3330 4685 nomine

1777 4715 1852 4765 sic
1879 4713 1982 4763 ait:
2013 4709 2096 4762 Ea:
2126 4711 2255 4776 ipso,
2278 4719 2325 4762 et
2348 4726 2434 4779 per
2461 4713 2648 4780 ipsum,
2693 4723 2741 4765 et
2763 4717 2814 4764 in
2847 4714 2976 4779 ipso,
3019 4719 3158 4784 quod
3193 4720 3330 4775 idem

1783 4802 1953 4868 ipsum
1989 4809 2070 4853 est
2121 4816 2300 4854 unum.
2354 4799 2505 4854 Unde
2548 4802 2791 4870 quamvis
2823 4801 2937 4856 haec
2985 4808 3239 4863 vocabula
3281 4813 3332 4865 in

1784 4892 2022 4958 proprias
2075 4905 2327 4958 personas
2387 4893 2541 4945 tacite
2584 4891 2689 4944 sint
2731 4893 2892 4958 dicta,
2947 4904 3120 4950 tamen
3174 4916 3333 4955 unmn

1785 4995 1974 5034 nomen
2018 4981 2066 5033 in
2100 4980 2180 5032 his
2229 4981 2407 5033 clause
2434 4990 2515 5034 Cal
2566 4983 2879 5036 revelatum.
2913 4983 3052 5052 Ergo
3083 4989 3203 5054 quia
3237 4994 3330 5056 ait,

1782 5070 1864 5123 Ex
1885 5071 2016 5136 ipso,
2050 5085 2114 5133 ex
2146 5071 2251 5123 Deo
2279 5070 2433 5123 Patre
2461 5073 2682 5124 vocitata
2707 5083 2760 5122 ut
2789 5071 2978 5126 ﬂerent
3001 5074 3334 5133 detttonslrn-

1782 5163 1885 5228 vit;
1917 5172 1964 5216 et
1988 5179 2077 5230 per
2095 5164 2278 5232 ipsum,
2323 5180 2416 5231 per
2445 5164 2607 5216 Deum
2656 5164 2848 5218 Filium
2892 5165 3004 5220 haec
3049 5169 3161 5236 ipsa
3193 5169 3372 5227 facta"

1784 5252 2063 5315 indicavit;
2096 5265 2142 5305 et
2164 5255 2215 5305 in
2243 5256 2373 5322 ipso,
2407 5255 2457 5307 in
2489 5255 2595 5308 Dco
2634 5267 2819 5309 sancto
2847 5257 3047 5324 Spiritu
3095 5264 3328 5316 sanati“-

1775 5351 1891 5397 cata
1925 5343 2488 5410 pronuntiavit.‘Vides
2527 5345 2646 5413 quia
2693 5362 2754 5398 ea:
2791 5362 2905 5413 quo,
2941 5360 3004 5400 ex
3051 5348 3208 5406 Patre
3252 5366 3336 5407 est

1774 5433 2007 5493 dictum;
2034 5442 2081 5484 et
2108 5449 2194 5501 per
2219 5447 2386 5501 quem,
2436 5449 2530 5500 per
2575 5433 2764 5487 Filium
2821 5445 2902 5487 est
2950 5435 3176 5498 factum;
3213 5453 3258 5492 ct
3285 5444 3334 5496 in

1774 5539 1893 5591 quo,
1937 5523 1987 5575 in
2043 5532 2229 5575 sancto
2263 5523 2464 5590 Spiritu
2531 5534 2611 5576 est
2663 5523 2835 5576 uniter
2888 5538 3336 5586 cousummatmu.

1776 5616 1952 5683 Itaque
1983 5613 2120 5682 quod
2152 5615 2244 5679 ait,
2279 5630 2346 5665 ex
2369 5616 2494 5681 ipso,
2525 5625 2676 5681 etp’rr
2704 5616 2890 5682 ipsum,
2922 5624 2966 5667 rt
2998 5617 3048 5668 in
3075 5619 3340 5689 ip..-o,qui:i

2975 5705 3012 5761 9
