  <div class='ocr_page' id='page_1' title='image "/cluster/home/n/w/nwhite01/storage/ocr_20150623/61-62/uva.x000827102/721.png"; bbox 0 0 3856 6222; ppageno 0'>
   <div class='ocr_carea' id='block_1_1' title="bbox 582 278 679 330">
    <p class='ocr_par' dir='ltr' id='par_1_1' title="bbox 582 278 679 330">
     <span class='ocr_line' id='line_1_1' title="bbox 582 278 679 330; baseline 0.021 -2"><span class='ocrx_word' id='word_1_1' title='bbox 582 278 679 330; x_wconf 61' lang='grc' dir='ltr'><strong>ἴω</strong></span> 
     </span>
    </p>
   </div>
   <div class='ocr_carea' id='block_1_2' title="bbox 1886 267 3814 343">
    <p class='ocr_par' dir='ltr' id='par_1_2' title="bbox 1886 267 3814 343">
     <span class='ocr_line' id='line_1_2' title="bbox 1886 267 3814 343; baseline -0.011 -18"><span class='ocrx_word' id='word_1_2' title='bbox 1886 272 2100 328; x_wconf 73' lang='lat' dir='ltr'><strong>vmun</strong></span> <span class='ocrx_word' id='word_1_3' title='bbox 2139 267 2500 343; x_wconf 67' lang='lat' dir='ltr'><strong>TarseNSts</strong></span> <span class='ocrx_word' id='word_1_4' title='bbox 3726 275 3814 322; x_wconf 50' lang='lat'><strong>9,.</strong></span> 
     </span>
    </p>
   </div>
   <div class='ocr_carea' id='block_1_3' title="bbox 583 375 3809 454">
    <p class='ocr_par' dir='ltr' id='par_1_3' title="bbox 583 375 3809 454">
     <span class='ocr_line' id='line_1_3' title="bbox 583 375 3809 454; baseline -0.001 -18"><span class='ocrx_word' id='word_1_5' title='bbox 583 385 868 438; x_wconf 80' lang='lat' dir='ltr'><strong>identidem</strong></span> <span class='ocrx_word' id='word_1_6' title='bbox 900 386 1058 454; x_wconf 68' lang='lat'><strong>239</strong></span> <span class='ocrx_word' id='word_1_7' title='bbox 1084 384 1193 437; x_wconf 74' lang='lat' dir='ltr'><strong>haec</strong></span> <span class='ocrx_word' id='word_1_8' title='bbox 1225 384 1335 450; x_wconf 89' lang='lat' dir='ltr'><strong>ipsa</strong></span> <span class='ocrx_word' id='word_1_9' title='bbox 1367 395 1449 438; x_wconf 68' lang='grc' dir='ltr'><strong>εει</strong></span> <span class='ocrx_word' id='word_1_10' title='bbox 1493 383 1744 437; x_wconf 72' lang='lat' dir='ltr'><strong>divinitas</strong></span> <span class='ocrx_word' id='word_1_11' title='bbox 1775 383 1966 446; x_wconf 73' lang='lat' dir='ltr'><strong>Patris,</strong></span> <span class='ocrx_word' id='word_1_12' title='bbox 2016 398 2132 450; x_wconf 75' lang='lat' dir='ltr'><strong>qua:</strong></span> <span class='ocrx_word' id='word_1_13' title='bbox 2160 386 2204 439; x_wconf 84' lang='grc' dir='ltr'><strong>Λ</strong></span> <span class='ocrx_word' id='word_1_14' title='bbox 2236 379 2558 447; x_wconf 90' lang='lat' dir='ltr'><strong>principalis,</strong></span> <span class='ocrx_word' id='word_1_15' title='bbox 2591 378 2674 447; x_wconf 85' lang='lat' dir='ltr'><strong>qui</strong></span> <span class='ocrx_word' id='word_1_16' title='bbox 2705 375 2771 432; x_wconf 90' lang='lat' dir='ltr'><strong>de</strong></span> <span class='ocrx_word' id='word_1_17' title='bbox 2797 376 2951 432; x_wconf 80' lang='lat' dir='ltr'><strong>Patre</strong></span> <span class='ocrx_word' id='word_1_18' title='bbox 2982 380 3239 447; x_wconf 88' lang='lat' dir='ltr'><strong>procedit.</strong></span> <span class='ocrx_word' id='word_1_19' title='bbox 3263 381 3476 437; x_wconf 83' lang='lat' dir='ltr'><strong>deitatis</strong></span> <span class='ocrx_word' id='word_1_20' title='bbox 3501 399 3715 438; x_wconf 81' lang='lat' dir='ltr'><strong>nomen</strong></span> <span class='ocrx_word' id='word_1_21' title='bbox 3745 399 3809 437; x_wconf 53' lang='grc' dir='ltr'><strong>(τμι</strong></span> 
     </span>
    </p>
   </div>
   <div class='ocr_carea' id='block_1_4' title="bbox 582 471 2136 539">
    <p class='ocr_par' dir='ltr' id='par_1_4' title="bbox 582 471 2136 539">
     <span class='ocr_line' id='line_1_4' title="bbox 582 471 2136 539; baseline -0.001 -15"><span class='ocrx_word' id='word_1_22' title='bbox 582 482 635 524; x_wconf 86' lang='lat' dir='ltr'><strong>et</strong></span> <span class='ocrx_word' id='word_1_23' title='bbox 655 473 792 536; x_wconf 81' lang='lat' dir='ltr'><strong>Filii,</strong></span> <span class='ocrx_word' id='word_1_24' title='bbox 815 474 887 524; x_wconf 79' lang='lat' dir='ltr'><strong>sic</strong></span> <span class='ocrx_word' id='word_1_25' title='bbox 912 484 964 526; x_wconf 89' lang='lat' dir='ltr'><strong>et</strong></span> <span class='ocrx_word' id='word_1_26' title='bbox 985 472 1152 524; x_wconf 79' lang='lat' dir='ltr'><strong>sancti</strong></span> <span class='ocrx_word' id='word_1_27' title='bbox 1183 471 1432 539; x_wconf 81' lang='lat' dir='ltr'><strong>Spiritus,</strong></span> <span class='ocrx_word' id='word_1_28' title='bbox 1465 473 1585 526; x_wconf 89' lang='lat' dir='ltr'><strong>ideo</strong></span> <span class='ocrx_word' id='word_1_29' title='bbox 1614 482 1801 527; x_wconf 88' lang='lat' dir='ltr'><strong>cuncta</strong></span> <span class='ocrx_word' id='word_1_30' title='bbox 1822 488 1884 525; x_wconf 77' lang='lat' dir='ltr'><strong>ex</strong></span> <span class='ocrx_word' id='word_1_31' title='bbox 1918 472 2052 537; x_wconf 89' lang='lat' dir='ltr'><strong>ipso,</strong></span> <span class='ocrx_word' id='word_1_32' title='bbox 2082 480 2136 524; x_wconf 88' lang='lat' dir='ltr'><strong>et</strong></span> 
     </span>
    </p>
   </div>
   <div class='ocr_carea' id='block_1_5' title="bbox 586 559 2135 628">
    <p class='ocr_par' dir='ltr' id='par_1_5' title="bbox 586 559 2135 628">
     <span class='ocr_line' id='line_1_5' title="bbox 586 559 2135 628; baseline 0.002 -21"><span class='ocrx_word' id='word_1_33' title='bbox 586 575 678 626; x_wconf 82' lang='lat' dir='ltr'><strong>per</strong></span> <span class='ocrx_word' id='word_1_34' title='bbox 705 562 892 626; x_wconf 73' lang='lat' dir='ltr'><strong>ipsum,</strong></span> <span class='ocrx_word' id='word_1_35' title='bbox 925 571 971 612; x_wconf 88' lang='lat' dir='ltr'><strong>et</strong></span> <span class='ocrx_word' id='word_1_36' title='bbox 1007 561 1057 611; x_wconf 91' lang='lat' dir='ltr'><strong>in</strong></span> <span class='ocrx_word' id='word_1_37' title='bbox 1090 560 1204 626; x_wconf 70' lang='lat' dir='ltr'><strong>ipso</strong></span> <span class='ocrx_word' id='word_1_38' title='bbox 1243 560 1380 612; x_wconf 75' lang='lat' dir='ltr'><strong>facta</strong></span> <span class='ocrx_word' id='word_1_39' title='bbox 1407 570 1555 613; x_wconf 88' lang='lat' dir='ltr'><strong>sunt.</strong></span> <span class='ocrx_word' id='word_1_40' title='bbox 1587 561 1688 628; x_wconf 82' lang='lat' dir='ltr'><strong>Ipsi</strong></span> <span class='ocrx_word' id='word_1_41' title='bbox 1713 561 1953 612; x_wconf 85' lang='lat' dir='ltr'><strong>Trinitali</strong></span> <span class='ocrx_word' id='word_1_42' title='bbox 1978 559 2135 611; x_wconf 77' lang='lat' dir='ltr'><strong>unita:</strong></span> 
     </span>
    </p>
   </div>
   <div class='ocr_carea' id='block_1_6' title="bbox 585 647 2132 718">
    <p class='ocr_par' dir='ltr' id='par_1_6' title="bbox 585 647 2132 718">
     <span class='ocr_line' id='line_1_6' title="bbox 585 647 2132 718; baseline -0.001 -17"><span class='ocrx_word' id='word_1_43' title='bbox 585 658 636 701; x_wconf 81' lang='lat' dir='ltr'><strong>et</strong></span> <span class='ocrx_word' id='word_1_44' title='bbox 668 651 1000 701; x_wconf 58' lang='lat' dir='ltr'><strong>inenarrabili</strong></span> <span class='ocrx_word' id='word_1_45' title='bbox 1036 649 1202 701; x_wconf 85' lang='lat' dir='ltr'><strong>honor</strong></span> <span class='ocrx_word' id='word_1_46' title='bbox 1231 659 1284 704; x_wconf 86' lang='lat' dir='ltr'><strong>ct</strong></span> <span class='ocrx_word' id='word_1_47' title='bbox 1312 649 1481 718; x_wconf 78' lang='lat' dir='ltr'><strong>gloria</strong></span> <span class='ocrx_word' id='word_1_48' title='bbox 1511 651 1561 703; x_wconf 86' lang='lat' dir='ltr'><strong>in</strong></span> <span class='ocrx_word' id='word_1_49' title='bbox 1583 647 1772 702; x_wconf 68' lang='lat' dir='ltr'><strong>83:6qu</strong></span> <span class='ocrx_word' id='word_1_50' title='bbox 1795 649 2132 710; x_wconf 60' lang='lat' dir='ltr'><strong>saeculorum,</strong></span> 
     </span>
    </p>
   </div>
   <div class='ocr_carea' id='block_1_7' title="bbox 587 745 772 789">
    <p class='ocr_par' dir='ltr' id='par_1_7' title="bbox 587 745 772 789">
     <span class='ocr_line' id='line_1_7' title="bbox 587 745 772 789; baseline 0 0"><span class='ocrx_word' id='word_1_51' title='bbox 587 745 772 789; x_wconf 81' lang='lat' dir='ltr'><strong>Anien.</strong></span> 
     </span>
    </p>
   </div>
   <div class='ocr_carea' id='block_1_8' title="bbox 656 826 2132 893">
    <p class='ocr_par' dir='ltr' id='par_1_8' title="bbox 656 826 2132 893">
     <span class='ocr_line' id='line_1_8' title="bbox 656 826 2132 893; baseline 0.001 -17"><span class='ocrx_word' id='word_1_52' title='bbox 656 826 717 876; x_wconf 70' lang='lat' dir='ltr'><strong>Et</strong></span> <span class='ocrx_word' id='word_1_53' title='bbox 754 839 848 878; x_wconf 84' lang='lat' dir='ltr'><strong>cur</strong></span> <span class='ocrx_word' id='word_1_54' title='bbox 878 826 1088 877; x_wconf 87' lang='lat' dir='ltr'><strong>nomina</strong></span> <span class='ocrx_word' id='word_1_55' title='bbox 1136 826 1190 878; x_wconf 88' lang='lat' dir='ltr'><strong>in</strong></span> <span class='ocrx_word' id='word_1_56' title='bbox 1223 827 1460 893; x_wconf 84' lang='lat' dir='ltr'><strong>personis</strong></span> <span class='ocrx_word' id='word_1_57' title='bbox 1492 835 1689 878; x_wconf 90' lang='lat' dir='ltr'><strong>tantum</strong></span> <span class='ocrx_word' id='word_1_58' title='bbox 1718 826 2132 893; x_wconf 80' lang='lat' dir='ltr'><strong>distinguantur,</strong></span> 
     </span>
    </p>
   </div>
   <div class='ocr_carea' id='block_1_9' title="bbox 583 917 2138 985">
    <p class='ocr_par' dir='ltr' id='par_1_9' title="bbox 583 917 2138 985">
     <span class='ocr_line' id='line_1_9' title="bbox 583 917 2138 985; baseline 0.001 -17"><span class='ocrx_word' id='word_1_59' title='bbox 583 931 804 982; x_wconf 61' lang='lat' dir='ltr'><strong>accipe-</strong></span> <span class='ocrx_word' id='word_1_60' title='bbox 833 918 1074 984; x_wconf 79' lang='lat' dir='ltr'><strong>Nunquid</strong></span> <span class='ocrx_word' id='word_1_61' title='bbox 1122 917 1306 980; x_wconf 84' lang='lat' dir='ltr'><strong>Pater,</strong></span> <span class='ocrx_word' id='word_1_62' title='bbox 1350 918 1438 985; x_wconf 86' lang='lat' dir='ltr'><strong>qui</strong></span> <span class='ocrx_word' id='word_1_63' title='bbox 1490 917 1914 970; x_wconf 89' lang='lat' dir='ltr'><strong>inenarrabiliter</strong></span> <span class='ocrx_word' id='word_1_64' title='bbox 1956 918 2138 984; x_wconf 79' lang='lat' dir='ltr'><strong>genuit</strong></span> 
     </span>
    </p>
   </div>
   <div class='ocr_carea' id='block_1_10' title="bbox 589 1004 2139 1074">
    <p class='ocr_par' dir='ltr' id='par_1_10' title="bbox 589 1004 2139 1074">
     <span class='ocr_line' id='line_1_10' title="bbox 589 1004 2139 1074; baseline 0 -18"><span class='ocrx_word' id='word_1_65' title='bbox 589 1005 809 1066; x_wconf 75' lang='lat' dir='ltr'><strong>Filium,</strong></span> <span class='ocrx_word' id='word_1_66' title='bbox 843 1005 954 1072; x_wconf 72' lang='lat' dir='ltr'><strong>ipse</strong></span> <span class='ocrx_word' id='word_1_67' title='bbox 994 1017 1049 1058; x_wconf 91' lang='lat' dir='ltr'><strong>et</strong></span> <span class='ocrx_word' id='word_1_68' title='bbox 1098 1005 1256 1058; x_wconf 81' lang='lat' dir='ltr'><strong>Filius</strong></span> <span class='ocrx_word' id='word_1_69' title='bbox 1305 1015 1477 1074; x_wconf 81' lang='lat' dir='ltr'><strong>potest</strong></span> <span class='ocrx_word' id='word_1_70' title='bbox 1520 1004 1662 1059; x_wconf 75' lang='lat' dir='ltr'><strong>dici?</strong></span> <span class='ocrx_word' id='word_1_71' title='bbox 1693 1005 1934 1074; x_wconf 84' lang='lat' dir='ltr'><strong>Nunquid</strong></span> <span class='ocrx_word' id='word_1_72' title='bbox 1985 1006 2139 1058; x_wconf 75' lang='lat' dir='ltr'><strong>Pater</strong></span> 
     </span>
    </p>
   </div>
   <div class='ocr_carea' id='block_1_11' title="bbox 587 1095 2134 1164">
    <p class='ocr_par' dir='ltr' id='par_1_11' title="bbox 587 1095 2134 1164">
     <span class='ocr_line' id='line_1_11' title="bbox 587 1095 2134 1164; baseline 0.001 -18"><span class='ocrx_word' id='word_1_73' title='bbox 587 1095 850 1147; x_wconf 80' lang='lat' dir='ltr'><strong>hominem</strong></span> <span class='ocrx_word' id='word_1_74' title='bbox 881 1098 947 1149; x_wconf 89' lang='lat' dir='ltr'><strong>de</strong></span> <span class='ocrx_word' id='word_1_75' title='bbox 986 1096 1144 1148; x_wconf 81' lang='lat' dir='ltr'><strong>Maria</strong></span> <span class='ocrx_word' id='word_1_76' title='bbox 1181 1096 1388 1163; x_wconf 75' lang='lat' dir='ltr'><strong>Virgine</strong></span> <span class='ocrx_word' id='word_1_77' title='bbox 1414 1096 1734 1164; x_wconf 81' lang='lat' dir='ltr'><strong>assumpsit?</strong></span> <span class='ocrx_word' id='word_1_78' title='bbox 1765 1096 2007 1164; x_wconf 83' lang='lat' dir='ltr'><strong>Nunquid</strong></span> <span class='ocrx_word' id='word_1_79' title='bbox 2038 1098 2134 1149; x_wconf 83' lang='lat' dir='ltr'><strong>Pa-</strong></span> 
     </span>
    </p>
   </div>
   <div class='ocr_carea' id='block_1_12' title="bbox 586 1185 2136 1252">
    <p class='ocr_par' dir='ltr' id='par_1_12' title="bbox 586 1185 2136 1252">
     <span class='ocr_line' id='line_1_12' title="bbox 586 1185 2136 1252; baseline 0.001 -15"><span class='ocrx_word' id='word_1_80' title='bbox 586 1195 666 1237; x_wconf 88' lang='lat' dir='ltr'><strong>ter</strong></span> <span class='ocrx_word' id='word_1_81' title='bbox 713 1197 894 1245; x_wconf 82' lang='lat' dir='ltr'><strong>natus,</strong></span> <span class='ocrx_word' id='word_1_82' title='bbox 929 1195 1016 1237; x_wconf 81' lang='lat' dir='ltr'><strong>aut</strong></span> <span class='ocrx_word' id='word_1_83' title='bbox 1063 1186 1393 1248; x_wconf 73' lang='lat' dir='ltr'><strong>incarnatus,</strong></span> <span class='ocrx_word' id='word_1_84' title='bbox 1424 1197 1512 1238; x_wconf 83' lang='lat' dir='ltr'><strong>aut</strong></span> <span class='ocrx_word' id='word_1_85' title='bbox 1559 1199 1742 1252; x_wconf 85' lang='lat' dir='ltr'><strong>passus</strong></span> <span class='ocrx_word' id='word_1_86' title='bbox 1790 1186 1903 1238; x_wconf 87' lang='lat' dir='ltr'><strong>est?</strong></span> <span class='ocrx_word' id='word_1_87' title='bbox 1932 1185 2081 1239; x_wconf 87' lang='lat' dir='ltr'><strong>Absit</strong></span> <span class='ocrx_word' id='word_1_88' title='bbox 2110 1202 2136 1238; x_wconf 86' lang='lat' dir='ltr'><strong>a</strong></span> 
     </span>
    </p>
   </div>
   <div class='ocr_carea' id='block_1_13' title="bbox 585 1268 2141 1342">
    <p class='ocr_par' dir='ltr' id='par_1_13' title="bbox 585 1268 2141 1342">
     <span class='ocr_line' id='line_1_13' title="bbox 585 1268 2141 1342; baseline 0.001 -16"><span class='ocrx_word' id='word_1_89' title='bbox 585 1276 758 1338; x_wconf 88' lang='lat' dir='ltr'><strong>nobis,</strong></span> <span class='ocrx_word' id='word_1_90' title='bbox 788 1273 981 1328; x_wconf 77' lang='lat' dir='ltr'><strong>Sabelli</strong></span> <span class='ocrx_word' id='word_1_91' title='bbox 1030 1274 1296 1340; x_wconf 70' lang='lat' dir='ltr'><strong>Inmretice,</strong></span> <span class='ocrx_word' id='word_1_92' title='bbox 1330 1289 1396 1328; x_wconf 89' lang='lat' dir='ltr'><strong>ne</strong></span> <span class='ocrx_word' id='word_1_93' title='bbox 1441 1268 1576 1328; x_wconf 90' lang='lat' dir='ltr'><strong>banc</strong></span> <span class='ocrx_word' id='word_1_94' title='bbox 1622 1275 1999 1342; x_wconf 84' lang='lat' dir='ltr'><strong>blasphemiam</strong></span> <span class='ocrx_word' id='word_1_95' title='bbox 2048 1280 2141 1327; x_wconf 91' lang='lat' dir='ltr'><strong>ad-</strong></span> 
     </span>
    </p>
   </div>
   <div class='ocr_carea' id='block_1_14' title="bbox 588 1353 2141 1438">
    <p class='ocr_par' dir='ltr' id='par_1_14' title="bbox 588 1353 2141 1438">
     <span class='ocr_line' id='line_1_14' title="bbox 588 1353 2141 1438; baseline 0.003 -18"><span class='ocrx_word' id='word_1_96' title='bbox 588 1370 874 1421; x_wconf 79' lang='lat' dir='ltr'><strong>niittainus.</strong></span> <span class='ocrx_word' id='word_1_97' title='bbox 910 1353 1036 1420; x_wconf 84' lang='lat' dir='ltr'><strong>Dum</strong></span> <span class='ocrx_word' id='word_1_98' title='bbox 1071 1368 1158 1421; x_wconf 87' lang='lat' dir='ltr'><strong>hic</strong></span> <span class='ocrx_word' id='word_1_99' title='bbox 1184 1384 1337 1423; x_wconf 66' lang='lat' dir='ltr'><strong>verus</strong></span> <span class='ocrx_word' id='word_1_100' title='bbox 1363 1368 1531 1423; x_wconf 86' lang='lat' dir='ltr'><strong>Filius</strong></span> <span class='ocrx_word' id='word_1_101' title='bbox 1577 1371 1688 1434; x_wconf 83' lang='lat' dir='ltr'><strong>Dei,</strong></span> <span class='ocrx_word' id='word_1_102' title='bbox 1721 1384 1844 1424; x_wconf 82' lang='lat' dir='ltr'><strong>vere</strong></span> <span class='ocrx_word' id='word_1_103' title='bbox 1873 1370 2141 1438; x_wconf 87' lang='lat' dir='ltr'><strong>incompa-</strong></span> 
     </span>
    </p>
   </div>
   <div class='ocr_carea' id='block_1_15' title="bbox 587 1457 2142 1529">
    <p class='ocr_par' dir='ltr' id='par_1_15' title="bbox 587 1457 2142 1529">
     <span class='ocr_line' id='line_1_15' title="bbox 587 1457 2142 1529; baseline 0.005 -20"><span class='ocrx_word' id='word_1_104' title='bbox 587 1459 822 1512; x_wconf 81' lang='lat' dir='ltr'><strong>rabiliter</strong></span> <span class='ocrx_word' id='word_1_105' title='bbox 860 1466 1016 1510; x_wconf 90' lang='lat' dir='ltr'><strong>natus</strong></span> <span class='ocrx_word' id='word_1_106' title='bbox 1058 1457 1218 1512; x_wconf 80' lang='lat' dir='ltr'><strong>fuerit</strong></span> <span class='ocrx_word' id='word_1_107' title='bbox 1243 1460 1310 1514; x_wconf 85' lang='lat' dir='ltr'><strong>de</strong></span> <span class='ocrx_word' id='word_1_108' title='bbox 1341 1459 1517 1524; x_wconf 83' lang='lat' dir='ltr'><strong>Patre,</strong></span> <span class='ocrx_word' id='word_1_109' title='bbox 1545 1470 1599 1515; x_wconf 91' lang='lat' dir='ltr'><strong>et</strong></span> <span class='ocrx_word' id='word_1_110' title='bbox 1644 1476 1738 1529; x_wconf 91' lang='lat' dir='ltr'><strong>pro</strong></span> <span class='ocrx_word' id='word_1_111' title='bbox 1768 1474 1942 1514; x_wconf 87' lang='lat' dir='ltr'><strong>nostra</strong></span> <span class='ocrx_word' id='word_1_112' title='bbox 1973 1466 2142 1518; x_wconf 83' lang='lat' dir='ltr'><strong>sa&#39;ute</strong></span> 
     </span>
    </p>
   </div>
   <div class='ocr_carea' id='block_1_16' title="bbox 587 1546 2141 1616">
    <p class='ocr_par' dir='ltr' id='par_1_16' title="bbox 587 1546 2141 1616">
     <span class='ocr_line' id='line_1_16' title="bbox 587 1546 2141 1616; baseline 0.003 -16"><span class='ocrx_word' id='word_1_113' title='bbox 587 1549 757 1600; x_wconf 88' lang='lat' dir='ltr'><strong>denuo</strong></span> <span class='ocrx_word' id='word_1_114' title='bbox 787 1549 1030 1616; x_wconf 83' lang='lat' dir='ltr'><strong>dignatus</strong></span> <span class='ocrx_word' id='word_1_115' title='bbox 1070 1546 1227 1602; x_wconf 75' lang='lat' dir='ltr'><strong>fuerit</strong></span> <span class='ocrx_word' id='word_1_116' title='bbox 1254 1563 1526 1603; x_wconf 83' lang='lat' dir='ltr'><strong>assumere</strong></span> <span class='ocrx_word' id='word_1_117' title='bbox 1565 1550 1830 1604; x_wconf 81' lang='lat' dir='ltr'><strong>hominem</strong></span> <span class='ocrx_word' id='word_1_118' title='bbox 1873 1550 1939 1603; x_wconf 93' lang='lat' dir='ltr'><strong>de</strong></span> <span class='ocrx_word' id='word_1_119' title='bbox 1982 1550 2141 1604; x_wconf 81' lang='lat' dir='ltr'><strong>Maria</strong></span> 
     </span>
    </p>
   </div>
   <div class='ocr_carea' id='block_1_17' title="bbox 531 1625 2143 1707">
    <p class='ocr_par' dir='ltr' id='par_1_17' title="bbox 531 1625 2143 1707">
     <span class='ocr_line' id='line_1_17' title="bbox 531 1625 2143 1707; baseline 0.001 -17"><span class='ocrx_word' id='word_1_120' title='bbox 531 1642 539 1650; x_wconf 83' lang='grc'><em>’</em></span> <span class='ocrx_word' id='word_1_121' title='bbox 592 1638 817 1707; x_wconf 77' lang='lat' dir='ltr'><strong>Viigine.</strong></span> <span class='ocrx_word' id='word_1_122' title='bbox 851 1626 1132 1705; x_wconf 70' lang='lat' dir='ltr'><strong>Unde&#39;iam</strong></span> <span class='ocrx_word' id='word_1_123' title='bbox 1165 1637 1302 1692; x_wconf 84' lang='lat' dir='ltr'><strong>Deus</strong></span> <span class='ocrx_word' id='word_1_124' title='bbox 1332 1653 1486 1691; x_wconf 89' lang='lat' dir='ltr'><strong>verus</strong></span> <span class='ocrx_word' id='word_1_125' title='bbox 1528 1648 1580 1691; x_wconf 91' lang='lat' dir='ltr'><strong>et</strong></span> <span class='ocrx_word' id='word_1_126' title='bbox 1622 1637 1780 1692; x_wconf 92' lang='lat' dir='ltr'><strong>bomo</strong></span> <span class='ocrx_word' id='word_1_127' title='bbox 1814 1625 1970 1698; x_wconf 86' lang='lat' dir='ltr'><strong>verus</strong></span> <span class='ocrx_word' id='word_1_128' title='bbox 2015 1639 2143 1692; x_wconf 84' lang='lat' dir='ltr'><strong>dici-</strong></span> 
     </span>
    </p>
   </div>
   <div class='ocr_carea' id='block_1_18' title="bbox 2239 473 3810 544">
    <p class='ocr_par' dir='ltr' id='par_1_18' title="bbox 2239 473 3810 544">
     <span class='ocr_line' id='line_1_18' title="bbox 2239 473 3810 544; baseline 0.004 -20"><span class='ocrx_word' id='word_1_129' title='bbox 2239 474 2308 525; x_wconf 89' lang='lat' dir='ltr'><strong>ei.</strong></span> <span class='ocrx_word' id='word_1_130' title='bbox 2339 475 2471 527; x_wconf 84' lang='lat' dir='ltr'><strong>Cum</strong></span> <span class='ocrx_word' id='word_1_131' title='bbox 2516 488 2642 527; x_wconf 87' lang='lat' dir='ltr'><strong>vero</strong></span> <span class='ocrx_word' id='word_1_132' title='bbox 2672 474 2882 526; x_wconf 89' lang='lat' dir='ltr'><strong>nomina</strong></span> <span class='ocrx_word' id='word_1_133' title='bbox 2915 473 3190 541; x_wconf 87' lang='lat' dir='ltr'><strong>pluraliter</strong></span> <span class='ocrx_word' id='word_1_134' title='bbox 3218 475 3270 529; x_wconf 93' lang='lat' dir='ltr'><strong>in</strong></span> <span class='ocrx_word' id='word_1_135' title='bbox 3309 477 3560 542; x_wconf 72' lang='lat' dir='ltr'><strong>personis</strong></span> <span class='ocrx_word' id='word_1_136' title='bbox 3595 479 3810 544; x_wconf 72' lang='grc' dir='ltr'>δίιιευιςξ</span> 
     </span>
    </p>
   </div>
   <div class='ocr_carea' id='block_1_19' title="bbox 2241 563 3784 630">
    <p class='ocr_par' dir='ltr' id='par_1_19' title="bbox 2241 563 3784 630">
     <span class='ocr_line' id='line_1_19' title="bbox 2241 563 3784 630; baseline 0.006 -20"><span class='ocrx_word' id='word_1_137' title='bbox 2241 565 2596 629; x_wconf 81' lang='lat' dir='ltr'><strong>percurrendo</strong></span> <span class='ocrx_word' id='word_1_138' title='bbox 2639 563 3050 630; x_wconf 80' lang='lat' dir='ltr'><strong>distinguuntur,</strong></span> <span class='ocrx_word' id='word_1_139' title='bbox 3101 565 3310 630; x_wconf 88' lang='lat' dir='ltr'><strong>propria</strong></span> <span class='ocrx_word' id='word_1_140' title='bbox 3365 568 3591 619; x_wconf 82' lang='lat' dir='ltr'><strong>nomina</strong></span> <span class='ocrx_word' id='word_1_141' title='bbox 3639 577 3784 619; x_wconf 73' lang='lat' dir='ltr'><strong>esten</strong></span> 
     </span>
    </p>
   </div>
   <div class='ocr_carea' id='block_1_20' title="bbox 2237 643 3810 720">
    <p class='ocr_par' dir='ltr' id='par_1_20' title="bbox 2237 643 3810 720">
     <span class='ocr_line' id='line_1_20' title="bbox 2237 643 3810 720; baseline 0.001 -15"><span class='ocrx_word' id='word_1_142' title='bbox 2237 643 2452 707; x_wconf 76' lang='lat' dir='ltr'><strong>duntur.</strong></span> <span class='ocrx_word' id='word_1_143' title='bbox 2483 654 2610 708; x_wconf 89' lang='lat' dir='ltr'><strong>Cum</strong></span> <span class='ocrx_word' id='word_1_144' title='bbox 2637 655 2924 707; x_wconf 89' lang='lat' dir='ltr'><strong>secundum</strong></span> <span class='ocrx_word' id='word_1_145' title='bbox 2953 654 3203 707; x_wconf 85' lang='lat' dir='ltr'><strong>deitatem</strong></span> <span class='ocrx_word' id='word_1_146' title='bbox 3240 654 3577 720; x_wconf 78' lang='lat' dir='ltr'><strong>referuntur,</strong></span> <span class='ocrx_word' id='word_1_147' title='bbox 3612 661 3810 708; x_wconf 81' lang='lat' dir='ltr'><strong>unitum</strong></span> 
     </span>
    </p>
   </div>
   <div class='ocr_carea' id='block_1_21' title="bbox 2239 744 3081 799">
    <p class='ocr_par' dir='ltr' id='par_1_21' title="bbox 2239 744 3081 799">
     <span class='ocr_line' id='line_1_21' title="bbox 2239 744 3081 799; baseline -0.005 -1"><span class='ocrx_word' id='word_1_148' title='bbox 2239 747 2366 798; x_wconf 77' lang='lat' dir='ltr'><strong>usia:</strong></span> <span class='ocrx_word' id='word_1_149' title='bbox 2397 761 2586 799; x_wconf 88' lang='lat' dir='ltr'><strong>nomen</strong></span> <span class='ocrx_word' id='word_1_150' title='bbox 2614 745 2663 797; x_wconf 88' lang='lat' dir='ltr'><strong>in</strong></span> <span class='ocrx_word' id='word_1_151' title='bbox 2692 744 2773 797; x_wconf 87' lang='lat' dir='ltr'><strong>bis</strong></span> <span class='ocrx_word' id='word_1_152' title='bbox 2800 745 3081 798; x_wconf 87' lang='lat' dir='ltr'><strong>iudicatur.</strong></span> 
     </span>
    </p>
   </div>
   <div class='ocr_carea' id='block_1_22' title="bbox 2311 834 3808 902">
    <p class='ocr_par' dir='ltr' id='par_1_22' title="bbox 2311 834 3808 902">
     <span class='ocr_line' id='line_1_22' title="bbox 2311 834 3808 902; baseline -0.001 -14"><span class='ocrx_word' id='word_1_153' title='bbox 2311 836 2612 889; x_wconf 66' lang='lat' dir='ltr'><strong>Ma’reticus.</strong></span> <span class='ocrx_word' id='word_1_154' title='bbox 2657 835 2789 900; x_wconf 85' lang='lat' dir='ltr'><strong>Quid</strong></span> <span class='ocrx_word' id='word_1_155' title='bbox 2819 848 2946 902; x_wconf 83' lang='lat' dir='ltr'><strong>ergo</strong></span> <span class='ocrx_word' id='word_1_156' title='bbox 2975 834 3254 900; x_wconf 81' lang='lat' dir='ltr'><strong>designant</strong></span> <span class='ocrx_word' id='word_1_157' title='bbox 3285 848 3532 901; x_wconf 74' lang='lat' dir='ltr'><strong>persona:</strong></span> <span class='ocrx_word' id='word_1_158' title='bbox 3568 839 3808 902; x_wconf 79' lang='lat' dir='ltr'><strong>praprie-</strong></span> 
     </span>
    </p>
   </div>
   <div class='ocr_carea' id='block_1_23' title="bbox 2240 907 3810 993">
    <p class='ocr_par' dir='ltr' id='par_1_23' title="bbox 2240 907 3810 993">
     <span class='ocr_line' id='line_1_23' title="bbox 2240 907 3810 993; baseline 0 -16"><span class='ocrx_word' id='word_1_159' title='bbox 2240 925 2361 977; x_wconf 86' lang='lat' dir='ltr'><strong>tatis</strong></span> <span class='ocrx_word' id='word_1_160' title='bbox 2409 925 2684 988; x_wconf 77' lang='lat' dir='ltr'><strong>indicium,</strong></span> <span class='ocrx_word' id='word_1_161' title='bbox 2727 924 2865 990; x_wconf 86' lang='lat' dir='ltr'><strong>quod</strong></span> <span class='ocrx_word' id='word_1_162' title='bbox 2909 933 2963 977; x_wconf 91' lang='lat' dir='ltr'><strong>et</strong></span> <span class='ocrx_word' id='word_1_163' title='bbox 3008 922 3153 975; x_wconf 88' lang='lat' dir='ltr'><strong>solus</strong></span> <span class='ocrx_word' id='word_1_164' title='bbox 3191 907 3366 988; x_wconf 80' lang='lat' dir='ltr'><strong>Pater,</strong></span> <span class='ocrx_word' id='word_1_165' title='bbox 3397 934 3454 976; x_wconf 88' lang='lat' dir='ltr'><strong>et</strong></span> <span class='ocrx_word' id='word_1_166' title='bbox 3500 929 3810 993; x_wconf 68' lang='lat' dir='ltr'><strong>unigenitos</strong></span> 
     </span>
    </p>
   </div>
   <div class='ocr_carea' id='block_1_24' title="bbox 2240 1011 3808 1080">
    <p class='ocr_par' dir='ltr' id='par_1_24' title="bbox 2240 1011 3808 1080">
     <span class='ocr_line' id='line_1_24' title="bbox 2240 1011 3808 1080; baseline -0.001 -12"><span class='ocrx_word' id='word_1_167' title='bbox 2240 1014 2427 1078; x_wconf 76' lang='lat' dir='ltr'><strong>Filius,</strong></span> <span class='ocrx_word' id='word_1_168' title='bbox 2457 1024 2511 1066; x_wconf 84' lang='lat' dir='ltr'><strong>ct</strong></span> <span class='ocrx_word' id='word_1_169' title='bbox 2549 1029 2683 1066; x_wconf 89' lang='lat' dir='ltr'><strong>unus</strong></span> <span class='ocrx_word' id='word_1_170' title='bbox 2709 1011 2793 1064; x_wconf 90' lang='lat' dir='ltr'><strong>hic</strong></span> <span class='ocrx_word' id='word_1_171' title='bbox 2819 1011 3046 1080; x_wconf 78' lang='lat' dir='ltr'><strong>Spiritus</strong></span> <span class='ocrx_word' id='word_1_172' title='bbox 3089 1022 3324 1075; x_wconf 76' lang='lat' dir='ltr'><strong>sanctus,</strong></span> <span class='ocrx_word' id='word_1_173' title='bbox 3353 1013 3808 1079; x_wconf 77' lang='lat' dir='ltr'><strong>quemadmodum</strong></span> 
     </span>
    </p>
   </div>
   <div class='ocr_carea' id='block_1_25' title="bbox 2241 1100 3810 1161">
    <p class='ocr_par' dir='ltr' id='par_1_25' title="bbox 2241 1100 3810 1161">
     <span class='ocr_line' id='line_1_25' title="bbox 2241 1100 3810 1161; baseline -0.004 0"><span class='ocrx_word' id='word_1_174' title='bbox 2241 1111 2330 1161; x_wconf 82' lang='lat' dir='ltr'><strong>bic</strong></span> <span class='ocrx_word' id='word_1_175' title='bbox 2385 1100 2620 1159; x_wconf 74' lang='lat' dir='ltr'><strong>ostendis</strong></span> <span class='ocrx_word' id='word_1_176' title='bbox 2672 1107 2873 1158; x_wconf 87' lang='lat' dir='ltr'><strong>unitum</strong></span> <span class='ocrx_word' id='word_1_177' title='bbox 2920 1118 3112 1157; x_wconf 88' lang='lat' dir='ltr'><strong>nomen</strong></span> <span class='ocrx_word' id='word_1_178' title='bbox 3163 1117 3283 1156; x_wconf 86' lang='lat' dir='ltr'><strong>esse</strong></span> <span class='ocrx_word' id='word_1_179' title='bbox 3335 1104 3736 1157; x_wconf 80' lang='lat' dir='ltr'><strong>substantivum</strong></span> <span class='ocrx_word' id='word_1_180' title='bbox 3770 1125 3810 1154; x_wconf 76' lang='grc' dir='ltr'><strong>ιιι</strong></span> 
     </span>
    </p>
   </div>
   <div class='ocr_carea' id='block_1_26' title="bbox 2239 1196 2764 1273">
    <p class='ocr_par' dir='ltr' id='par_1_26' title="bbox 2239 1196 2764 1273">
     <span class='ocr_line' id='line_1_26' title="bbox 2239 1196 2764 1273; baseline -0.011 -22"><span class='ocrx_word' id='word_1_181' title='bbox 2239 1199 2470 1267; x_wconf 85' lang='lat' dir='ltr'><strong>propriis</strong></span> <span class='ocrx_word' id='word_1_182' title='bbox 2496 1196 2764 1273; x_wconf 72' lang='lat' dir='ltr'><strong>personis?</strong></span> 
     </span>
    </p>
   </div>
   <div class='ocr_carea' id='block_1_27' title="bbox 2310 1281 3808 1352">
    <p class='ocr_par' dir='ltr' id='par_1_27' title="bbox 2310 1281 3808 1352">
     <span class='ocr_line' id='line_1_27' title="bbox 2310 1281 3808 1352; baseline -0.003 -13"><span class='ocrx_word' id='word_1_183' title='bbox 2310 1289 2634 1340; x_wconf 81' lang='lat' dir='ltr'><strong>Athanasius.</strong></span> <span class='ocrx_word' id='word_1_184' title='bbox 2649 1285 2782 1339; x_wconf 77' lang='lat' dir='ltr'><strong>Audi</strong></span> <span class='ocrx_word' id='word_1_185' title='bbox 2801 1284 3046 1352; x_wconf 87' lang='lat' dir='ltr'><strong>quoniam</strong></span> <span class='ocrx_word' id='word_1_186' title='bbox 3068 1281 3329 1350; x_wconf 85' lang='lat' dir='ltr'><strong>quomodo</strong></span> <span class='ocrx_word' id='word_1_187' title='bbox 3345 1281 3727 1337; x_wconf 76' lang='lat' dir='ltr'><strong>substanlirus</strong></span> <span class='ocrx_word' id='word_1_188' title='bbox 3740 1297 3808 1337; x_wconf 76' lang='lat' dir='ltr'><strong>est</strong></span> 
     </span>
    </p>
   </div>
   <div class='ocr_carea' id='block_1_28' title="bbox 2242 1371 3806 1435">
    <p class='ocr_par' dir='ltr' id='par_1_28' title="bbox 2242 1371 3806 1435">
     <span class='ocr_line' id='line_1_28' title="bbox 2242 1371 3806 1435; baseline -0.005 -3"><span class='ocrx_word' id='word_1_189' title='bbox 2242 1381 2294 1432; x_wconf 90' lang='lat' dir='ltr'><strong>in</strong></span> <span class='ocrx_word' id='word_1_190' title='bbox 2311 1377 2581 1431; x_wconf 79' lang='lat' dir='ltr'><strong>divinitate</strong></span> <span class='ocrx_word' id='word_1_191' title='bbox 2604 1377 2740 1428; x_wconf 84' lang='lat' dir='ltr'><strong>Deus</strong></span> <span class='ocrx_word' id='word_1_192' title='bbox 2757 1374 2940 1435; x_wconf 85' lang='lat' dir='ltr'><strong>Pater;</strong></span> <span class='ocrx_word' id='word_1_193' title='bbox 2968 1375 3044 1425; x_wconf 90' lang='lat' dir='ltr'><strong>sic</strong></span> <span class='ocrx_word' id='word_1_194' title='bbox 3071 1371 3428 1424; x_wconf 64' lang='lat' dir='ltr'><strong>siibstantivus</strong></span> <span class='ocrx_word' id='word_1_195' title='bbox 3445 1381 3534 1425; x_wconf 88' lang='lat' dir='ltr'><strong>est</strong></span> <span class='ocrx_word' id='word_1_196' title='bbox 3561 1373 3618 1426; x_wconf 87' lang='lat' dir='ltr'><strong>in</strong></span> <span class='ocrx_word' id='word_1_197' title='bbox 3633 1377 3806 1428; x_wconf 82' lang='lat' dir='ltr'><strong>eadem</strong></span> 
     </span>
    </p>
   </div>
   <div class='ocr_carea' id='block_1_29' title="bbox 2245 1461 3806 1522">
    <p class='ocr_par' dir='ltr' id='par_1_29' title="bbox 2245 1461 3806 1522">
     <span class='ocr_line' id='line_1_29' title="bbox 2245 1461 3806 1522; baseline -0.007 0"><span class='ocrx_word' id='word_1_198' title='bbox 2245 1480 2423 1522; x_wconf 76' lang='lat' dir='ltr'><strong>natura</strong></span> <span class='ocrx_word' id='word_1_199' title='bbox 2441 1480 2494 1522; x_wconf 91' lang='lat' dir='ltr'><strong>et</strong></span> <span class='ocrx_word' id='word_1_200' title='bbox 2517 1466 2803 1521; x_wconf 83' lang='lat' dir='ltr'><strong>substantia</strong></span> <span class='ocrx_word' id='word_1_201' title='bbox 2828 1473 2878 1517; x_wconf 90' lang='lat' dir='ltr'><strong>et</strong></span> <span class='ocrx_word' id='word_1_202' title='bbox 2896 1463 3036 1516; x_wconf 89' lang='lat' dir='ltr'><strong>Deus</strong></span> <span class='ocrx_word' id='word_1_203' title='bbox 3050 1461 3228 1521; x_wconf 85' lang='lat' dir='ltr'><strong>Filius.</strong></span> <span class='ocrx_word' id='word_1_204' title='bbox 3249 1464 3326 1516; x_wconf 83' lang='lat' dir='ltr'><strong>sic</strong></span> <span class='ocrx_word' id='word_1_205' title='bbox 3346 1463 3723 1516; x_wconf 78' lang='lat' dir='ltr'><strong>substantivus</strong></span> <span class='ocrx_word' id='word_1_206' title='bbox 3741 1479 3806 1516; x_wconf 69' lang='lat' dir='ltr'><strong>es:</strong></span> 
     </span>
    </p>
   </div>
   <div class='ocr_carea' id='block_1_30' title="bbox 2245 1551 3802 1618">
    <p class='ocr_par' dir='ltr' id='par_1_30' title="bbox 2245 1551 3802 1618">
     <span class='ocr_line' id='line_1_30' title="bbox 2245 1551 3802 1618; baseline -0.003 -7"><span class='ocrx_word' id='word_1_207' title='bbox 2245 1560 2298 1611; x_wconf 89' lang='lat' dir='ltr'><strong>in</strong></span> <span class='ocrx_word' id='word_1_208' title='bbox 2326 1562 2508 1611; x_wconf 89' lang='lat' dir='ltr'><strong>eadem</strong></span> <span class='ocrx_word' id='word_1_209' title='bbox 2537 1566 2717 1608; x_wconf 88' lang='lat' dir='ltr'><strong>natura</strong></span> <span class='ocrx_word' id='word_1_210' title='bbox 2740 1554 2866 1606; x_wconf 79' lang='lat' dir='ltr'><strong>usia:</strong></span> <span class='ocrx_word' id='word_1_211' title='bbox 2891 1552 3027 1605; x_wconf 87' lang='lat' dir='ltr'><strong>Deus</strong></span> <span class='ocrx_word' id='word_1_212' title='bbox 3049 1551 3274 1618; x_wconf 79' lang='lat' dir='ltr'><strong>Spiritus</strong></span> <span class='ocrx_word' id='word_1_213' title='bbox 3301 1563 3541 1606; x_wconf 87' lang='lat' dir='ltr'><strong>sanctus.</strong></span> <span class='ocrx_word' id='word_1_214' title='bbox 3561 1554 3690 1607; x_wconf 85' lang='lat' dir='ltr'><strong>Sive</strong></span> <span class='ocrx_word' id='word_1_215' title='bbox 3719 1555 3802 1607; x_wconf 78' lang='lat' dir='ltr'><strong>hoc</strong></span> 
     </span>
    </p>
   </div>
   <div class='ocr_carea' id='block_1_31' title="bbox 2247 1638 3804 1708">
    <p class='ocr_par' dir='ltr' id='par_1_31' title="bbox 2247 1638 3804 1708">
     <span class='ocr_line' id='line_1_31' title="bbox 2247 1638 3804 1708; baseline -0.005 -7"><span class='ocrx_word' id='word_1_216' title='bbox 2247 1649 2352 1701; x_wconf 86' lang='lat' dir='ltr'><strong>tale</strong></span> <span class='ocrx_word' id='word_1_217' title='bbox 2376 1647 2572 1700; x_wconf 82' lang='lat' dir='ltr'><strong>dictum</strong></span> <span class='ocrx_word' id='word_1_218' title='bbox 2605 1643 2801 1697; x_wconf 80' lang='lat' dir='ltr'><strong>referas</strong></span> <span class='ocrx_word' id='word_1_219' title='bbox 2821 1682 2838 1706; x_wconf 98' lang='lat'><strong>,</strong></span> <span class='ocrx_word' id='word_1_220' title='bbox 2869 1638 3310 1708; x_wconf 84' lang='lat' dir='ltr'><strong>quemadmodum</strong></span> <span class='ocrx_word' id='word_1_221' title='bbox 3340 1639 3479 1693; x_wconf 90' lang='lat' dir='ltr'><strong>Deus</strong></span> <span class='ocrx_word' id='word_1_222' title='bbox 3510 1652 3603 1694; x_wconf 86' lang='lat' dir='ltr'><strong>est</strong></span> <span class='ocrx_word' id='word_1_223' title='bbox 3642 1641 3804 1698; x_wconf 82' lang='lat' dir='ltr'><strong>Pater,</strong></span> 
     </span>
    </p>
   </div>
   <div class='ocr_carea' id='block_1_32' title="bbox 587 1720 3800 1800">
    <p class='ocr_par' dir='ltr' id='par_1_32' title="bbox 587 1720 3800 1800">
     <span class='ocr_line' id='line_1_32' title="bbox 587 1720 3800 1800; baseline -0 -17"><span class='ocrx_word' id='word_1_224' title='bbox 587 1742 696 1797; x_wconf 88' lang='lat' dir='ltr'><strong>tur,</strong></span> <span class='ocrx_word' id='word_1_225' title='bbox 728 1731 834 1784; x_wconf 89' lang='lat' dir='ltr'><strong>imo</strong></span> <span class='ocrx_word' id='word_1_226' title='bbox 862 1740 914 1784; x_wconf 89' lang='lat' dir='ltr'><strong>et</strong></span> <span class='ocrx_word' id='word_1_227' title='bbox 943 1720 1042 1785; x_wconf 82' lang='lat' dir='ltr'><strong>est.</strong></span> <span class='ocrx_word' id='word_1_228' title='bbox 1077 1731 1194 1784; x_wconf 88' lang='lat' dir='ltr'><strong>Ideo</strong></span> <span class='ocrx_word' id='word_1_229' title='bbox 1223 1733 1276 1783; x_wconf 89' lang='lat' dir='ltr'><strong>in</strong></span> <span class='ocrx_word' id='word_1_230' title='bbox 1307 1732 1388 1784; x_wconf 92' lang='lat' dir='ltr'><strong>bis</strong></span> <span class='ocrx_word' id='word_1_231' title='bbox 1412 1732 1584 1784; x_wconf 85' lang='lat' dir='ltr'><strong>divisa</strong></span> <span class='ocrx_word' id='word_1_232' title='bbox 1613 1741 1737 1786; x_wconf 89' lang='lat' dir='ltr'><strong>sunt</strong></span> <span class='ocrx_word' id='word_1_233' title='bbox 1776 1733 1989 1788; x_wconf 88' lang='lat' dir='ltr'><strong>nomina</strong></span> <span class='ocrx_word' id='word_1_234' title='bbox 2021 1749 2142 1800; x_wconf 89' lang='lat' dir='ltr'><strong>per-</strong></span> <span class='ocrx_word' id='word_1_235' title='bbox 2173 1739 2222 1799; x_wconf 86' lang='lat' dir='ltr'><strong>B</strong></span> <span class='ocrx_word' id='word_1_236' title='bbox 2245 1735 2322 1788; x_wconf 88' lang='lat' dir='ltr'><strong>sic</strong></span> <span class='ocrx_word' id='word_1_237' title='bbox 2352 1734 2492 1787; x_wconf 87' lang='lat' dir='ltr'><strong>Deus</strong></span> <span class='ocrx_word' id='word_1_238' title='bbox 2519 1740 2603 1786; x_wconf 88' lang='lat' dir='ltr'><strong>est</strong></span> <span class='ocrx_word' id='word_1_239' title='bbox 2641 1741 2695 1784; x_wconf 92' lang='lat' dir='ltr'><strong>et</strong></span> <span class='ocrx_word' id='word_1_240' title='bbox 2728 1729 2906 1792; x_wconf 78' lang='lat' dir='ltr'><strong>Filius,</strong></span> <span class='ocrx_word' id='word_1_241' title='bbox 2937 1728 3015 1780; x_wconf 89' lang='lat' dir='ltr'><strong>sic</strong></span> <span class='ocrx_word' id='word_1_242' title='bbox 3046 1728 3183 1780; x_wconf 88' lang='lat' dir='ltr'><strong>Deus</strong></span> <span class='ocrx_word' id='word_1_243' title='bbox 3203 1737 3285 1781; x_wconf 88' lang='lat' dir='ltr'><strong>est</strong></span> <span class='ocrx_word' id='word_1_244' title='bbox 3330 1737 3388 1781; x_wconf 90' lang='lat' dir='ltr'><strong>et</strong></span> <span class='ocrx_word' id='word_1_245' title='bbox 3429 1727 3672 1794; x_wconf 82' lang='lat' dir='ltr'><strong>Spiritus</strong></span> <span class='ocrx_word' id='word_1_246' title='bbox 3696 1746 3800 1783; x_wconf 80' lang='lat' dir='ltr'><strong>san-</strong></span> 
     </span>
    </p>
   </div>
   <div class='ocr_carea' id='block_1_33' title="bbox 587 1819 2146 1888">
    <p class='ocr_par' dir='ltr' id='par_1_33' title="bbox 587 1819 2146 1888">
     <span class='ocr_line' id='line_1_33' title="bbox 587 1819 2146 1888; baseline 0.001 -13"><span class='ocrx_word' id='word_1_247' title='bbox 587 1836 857 1884; x_wconf 85' lang='lat' dir='ltr'><strong>sonarum,</strong></span> <span class='ocrx_word' id='word_1_248' title='bbox 893 1835 960 1874; x_wconf 91' lang='lat' dir='ltr'><strong>ne</strong></span> <span class='ocrx_word' id='word_1_249' title='bbox 1001 1834 1156 1888; x_wconf 86' lang='lat' dir='ltr'><strong>quem</strong></span> <span class='ocrx_word' id='word_1_250' title='bbox 1201 1819 1410 1874; x_wconf 83' lang='lat' dir='ltr'><strong>Patrem</strong></span> <span class='ocrx_word' id='word_1_251' title='bbox 1452 1819 1602 1883; x_wconf 89' lang='lat' dir='ltr'><strong>dicis,</strong></span> <span class='ocrx_word' id='word_1_252' title='bbox 1634 1819 1775 1875; x_wconf 86' lang='lat' dir='ltr'><strong>hunc</strong></span> <span class='ocrx_word' id='word_1_253' title='bbox 1819 1823 2064 1887; x_wconf 88' lang='lat' dir='ltr'><strong>eumdem</strong></span> <span class='ocrx_word' id='word_1_254' title='bbox 2092 1832 2146 1876; x_wconf 91' lang='lat' dir='ltr'><strong>et</strong></span> 
     </span>
    </p>
   </div>
   <div class='ocr_carea' id='block_1_34' title="bbox 591 1911 2145 1981">
    <p class='ocr_par' dir='ltr' id='par_1_34' title="bbox 591 1911 2145 1981">
     <span class='ocr_line' id='line_1_34' title="bbox 591 1911 2145 1981; baseline 0.003 -15"><span class='ocrx_word' id='word_1_255' title='bbox 591 1914 778 1968; x_wconf 78' lang='lat' dir='ltr'><strong>Filium</strong></span> <span class='ocrx_word' id='word_1_256' title='bbox 804 1911 1023 1966; x_wconf 80' lang='lat' dir='ltr'><strong>confuse</strong></span> <span class='ocrx_word' id='word_1_257' title='bbox 1052 1912 1321 1981; x_wconf 79' lang='lat' dir='ltr'><strong>designes,</strong></span> <span class='ocrx_word' id='word_1_258' title='bbox 1352 1923 1442 1967; x_wconf 80' lang='lat' dir='ltr'><strong>aut</strong></span> <span class='ocrx_word' id='word_1_259' title='bbox 1469 1929 1534 1968; x_wconf 91' lang='lat' dir='ltr'><strong>ne</strong></span> <span class='ocrx_word' id='word_1_260' title='bbox 1566 1914 1757 1968; x_wconf 81' lang='lat' dir='ltr'><strong>Filium</strong></span> <span class='ocrx_word' id='word_1_261' title='bbox 1785 1914 1994 1969; x_wconf 82' lang='lat' dir='ltr'><strong>Patrem</strong></span> <span class='ocrx_word' id='word_1_262' title='bbox 2026 1932 2145 1971; x_wconf 86' lang='lat' dir='ltr'><strong>esse</strong></span> 
     </span>
    </p>
   </div>
   <div class='ocr_carea' id='block_1_35' title="bbox 588 2002 2147 2073">
    <p class='ocr_par' dir='ltr' id='par_1_35' title="bbox 588 2002 2147 2073">
     <span class='ocr_line' id='line_1_35' title="bbox 588 2002 2147 2073; baseline 0.004 -20"><span class='ocrx_word' id='word_1_263' title='bbox 588 2003 915 2067; x_wconf 86' lang='lat' dir='ltr'><strong>pronunties,</strong></span> <span class='ocrx_word' id='word_1_264' title='bbox 940 2003 1023 2055; x_wconf 81' lang='lat' dir='ltr'><strong>vel</strong></span> <span class='ocrx_word' id='word_1_265' title='bbox 1053 2013 1198 2057; x_wconf 87' lang='lat' dir='ltr'><strong>certe</strong></span> <span class='ocrx_word' id='word_1_266' title='bbox 1227 2002 1367 2057; x_wconf 83' lang='lat' dir='ltr'><strong>hunc</strong></span> <span class='ocrx_word' id='word_1_267' title='bbox 1394 2004 1647 2073; x_wconf 85' lang='lat' dir='ltr'><strong>Spiritum</strong></span> <span class='ocrx_word' id='word_1_268' title='bbox 1675 2018 1915 2059; x_wconf 86' lang='lat' dir='ltr'><strong>sanctum</strong></span> <span class='ocrx_word' id='word_1_269' title='bbox 1950 2009 2147 2061; x_wconf 79' lang='lat' dir='ltr'><strong>imesti-</strong></span> 
     </span>
    </p>
   </div>
   <div class='ocr_carea' id='block_1_36' title="bbox 590 2091 2148 2158">
    <p class='ocr_par' dir='ltr' id='par_1_36' title="bbox 590 2091 2148 2158">
     <span class='ocr_line' id='line_1_36' title="bbox 590 2091 2148 2158; baseline 0.004 -14"><span class='ocrx_word' id='word_1_270' title='bbox 590 2091 872 2155; x_wconf 84' lang='lat' dir='ltr'><strong>mabilem,</strong></span> <span class='ocrx_word' id='word_1_271' title='bbox 916 2093 1124 2158; x_wconf 78' lang='lat' dir='ltr'><strong>Patrem</strong></span> <span class='ocrx_word' id='word_1_272' title='bbox 1175 2100 1264 2145; x_wconf 89' lang='lat' dir='ltr'><strong>aut</strong></span> <span class='ocrx_word' id='word_1_273' title='bbox 1317 2091 1505 2146; x_wconf 81' lang='lat' dir='ltr'><strong>Filium</strong></span> <span class='ocrx_word' id='word_1_274' title='bbox 1560 2103 1760 2147; x_wconf 90' lang='lat' dir='ltr'><strong>temere</strong></span> <span class='ocrx_word' id='word_1_275' title='bbox 1812 2095 2048 2158; x_wconf 77' lang='lat' dir='ltr'><strong>testeris,</strong></span> <span class='ocrx_word' id='word_1_276' title='bbox 2094 2105 2148 2150; x_wconf 85' lang='lat' dir='ltr'><strong>ct</strong></span> 
     </span>
    </p>
   </div>
   <div class='ocr_carea' id='block_1_37' title="bbox 591 2180 2146 2237">
    <p class='ocr_par' dir='ltr' id='par_1_37' title="bbox 591 2180 2146 2237">
     <span class='ocr_line' id='line_1_37' title="bbox 591 2180 2146 2237; baseline 0.002 -3"><span class='ocrx_word' id='word_1_277' title='bbox 591 2181 783 2236; x_wconf 85' lang='lat' dir='ltr'><strong>nullam</strong></span> <span class='ocrx_word' id='word_1_278' title='bbox 809 2180 1038 2234; x_wconf 83' lang='lat' dir='ltr'><strong>omnino</strong></span> <span class='ocrx_word' id='word_1_279' title='bbox 1079 2180 1381 2235; x_wconf 87' lang='lat' dir='ltr'><strong>ﬁrmitatem</strong></span> <span class='ocrx_word' id='word_1_280' title='bbox 1427 2190 1609 2237; x_wconf 87' lang='lat' dir='ltr'><strong>tenere</strong></span> <span class='ocrx_word' id='word_1_281' title='bbox 1658 2183 1943 2236; x_wconf 86' lang='lat' dir='ltr'><strong>inveniaris</strong></span> <span class='ocrx_word' id='word_1_282' title='bbox 1974 2200 1988 2235; x_wconf 90' lang='lat'>:</span> <span class='ocrx_word' id='word_1_283' title='bbox 2020 2185 2146 2237; x_wconf 91' lang='lat' dir='ltr'><strong>dum</strong></span> 
     </span>
    </p>
   </div>
   <div class='ocr_carea' id='block_1_38' title="bbox 591 2269 2147 2342">
    <p class='ocr_par' dir='ltr' id='par_1_38' title="bbox 591 2269 2147 2342">
     <span class='ocr_line' id='line_1_38' title="bbox 591 2269 2147 2342; baseline 0.004 -19"><span class='ocrx_word' id='word_1_284' title='bbox 591 2285 683 2337; x_wconf 86' lang='lat' dir='ltr'><strong>per</strong></span> <span class='ocrx_word' id='word_1_285' title='bbox 711 2271 823 2338; x_wconf 85' lang='lat' dir='ltr'><strong>ipsa</strong></span> <span class='ocrx_word' id='word_1_286' title='bbox 856 2269 1064 2323; x_wconf 87' lang='lat' dir='ltr'><strong>nomina</strong></span> <span class='ocrx_word' id='word_1_287' title='bbox 1089 2276 1448 2337; x_wconf 83' lang='lat' dir='ltr'><strong>personarum,</strong></span> <span class='ocrx_word' id='word_1_288' title='bbox 1474 2272 1641 2340; x_wconf 82' lang='lat' dir='ltr'><strong>ipsam</strong></span> <span class='ocrx_word' id='word_1_289' title='bbox 1669 2274 1922 2327; x_wconf 84' lang='lat' dir='ltr'><strong>unitatem</strong></span> <span class='ocrx_word' id='word_1_290' title='bbox 1950 2276 2147 2342; x_wconf 75' lang='lat' dir='ltr'><strong>passim</strong></span> 
     </span>
    </p>
   </div>
   <div class='ocr_carea' id='block_1_39' title="bbox 592 2357 2151 2430">
    <p class='ocr_par' dir='ltr' id='par_1_39' title="bbox 592 2357 2151 2430">
     <span class='ocr_line' id='line_1_39' title="bbox 592 2357 2151 2430; baseline 0.009 -24"><span class='ocrx_word' id='word_1_291' title='bbox 592 2357 887 2420; x_wconf 79' lang='lat' dir='ltr'><strong>eoiiiundis,</strong></span> <span class='ocrx_word' id='word_1_292' title='bbox 917 2365 974 2411; x_wconf 88' lang='lat' dir='ltr'><strong>ut</strong></span> <span class='ocrx_word' id='word_1_293' title='bbox 1019 2361 1186 2424; x_wconf 84' lang='lat' dir='ltr'><strong>ipsum</strong></span> <span class='ocrx_word' id='word_1_294' title='bbox 1233 2360 1335 2414; x_wconf 82' lang='lat' dir='ltr'><strong>sibi</strong></span> <span class='ocrx_word' id='word_1_295' title='bbox 1384 2360 1531 2415; x_wconf 91' lang='lat' dir='ltr'><strong>dicas</strong></span> <span class='ocrx_word' id='word_1_296' title='bbox 1573 2362 1626 2415; x_wconf 92' lang='lat' dir='ltr'><strong>in</strong></span> <span class='ocrx_word' id='word_1_297' title='bbox 1674 2376 1900 2430; x_wconf 84' lang='lat' dir='ltr'><strong>persOna</strong></span> <span class='ocrx_word' id='word_1_298' title='bbox 1942 2364 2151 2420; x_wconf 82' lang='lat' dir='ltr'><strong>Patrem</strong></span> 
     </span>
    </p>
   </div>
   <div class='ocr_carea' id='block_1_40' title="bbox 596 2445 2152 2524">
    <p class='ocr_par' dir='ltr' id='par_1_40' title="bbox 596 2445 2152 2524">
     <span class='ocr_line' id='line_1_40' title="bbox 596 2445 2152 2524; baseline 0.007 -23"><span class='ocrx_word' id='word_1_299' title='bbox 596 2460 734 2509; x_wconf 80' lang='lat' dir='ltr'><strong>esse,</strong></span> <span class='ocrx_word' id='word_1_300' title='bbox 760 2461 917 2515; x_wconf 79' lang='lat' dir='ltr'><strong>quem</strong></span> <span class='ocrx_word' id='word_1_301' title='bbox 953 2447 1009 2502; x_wconf 68' lang='grc' dir='ltr'><strong>δι</strong></span> <span class='ocrx_word' id='word_1_302' title='bbox 1044 2445 1253 2514; x_wconf 80' lang='lat' dir='ltr'><strong>Filium,</strong></span> <span class='ocrx_word' id='word_1_303' title='bbox 1275 2450 1426 2518; x_wconf 89' lang='lat' dir='ltr'><strong>quasi</strong></span> <span class='ocrx_word' id='word_1_304' title='bbox 1467 2449 1580 2517; x_wconf 84' lang='lat' dir='ltr'><strong>ipse</strong></span> <span class='ocrx_word' id='word_1_305' title='bbox 1625 2453 1885 2520; x_wconf 73' lang='lat' dir='ltr'><strong>genuerit,</strong></span> <span class='ocrx_word' id='word_1_306' title='bbox 1915 2464 2007 2507; x_wconf 88' lang='lat' dir='ltr'><strong>aut</strong></span> <span class='ocrx_word' id='word_1_307' title='bbox 2039 2457 2152 2524; x_wconf 80' lang='lat' dir='ltr'><strong>ipse</strong></span> 
     </span>
    </p>
   </div>
   <div class='ocr_carea' id='block_1_41' title="bbox 596 2530 2149 2615">
    <p class='ocr_par' dir='ltr' id='par_1_41' title="bbox 596 2530 2149 2615">
     <span class='ocr_line' id='line_1_41' title="bbox 596 2530 2149 2615; baseline 0.008 -24"><span class='ocrx_word' id='word_1_308' title='bbox 596 2530 694 2592; x_wconf 84' lang='lat' dir='ltr'><strong>sibi</strong></span> <span class='ocrx_word' id='word_1_309' title='bbox 729 2538 883 2592; x_wconf 86' lang='lat' dir='ltr'><strong>Pater</strong></span> <span class='ocrx_word' id='word_1_310' title='bbox 916 2537 1007 2601; x_wconf 87' lang='lat' dir='ltr'><strong>sit,</strong></span> <span class='ocrx_word' id='word_1_311' title='bbox 1043 2548 1097 2592; x_wconf 90' lang='lat' dir='ltr'><strong>ct</strong></span> <span class='ocrx_word' id='word_1_312' title='bbox 1141 2541 1251 2606; x_wconf 80' lang='lat' dir='ltr'><strong>ipse</strong></span> <span class='ocrx_word' id='word_1_313' title='bbox 1285 2540 1390 2595; x_wconf 89' lang='lat' dir='ltr'><strong>sibi</strong></span> <span class='ocrx_word' id='word_1_314' title='bbox 1439 2542 1601 2596; x_wconf 84' lang='lat' dir='ltr'><strong>Filius</strong></span> <span class='ocrx_word' id='word_1_315' title='bbox 1648 2545 1749 2609; x_wconf 87' lang='lat' dir='ltr'><strong>sit,</strong></span> <span class='ocrx_word' id='word_1_316' title='bbox 1779 2547 1919 2615; x_wconf 89' lang='lat' dir='ltr'><strong>quod</strong></span> <span class='ocrx_word' id='word_1_317' title='bbox 1965 2548 2102 2602; x_wconf 81' lang='lat' dir='ltr'><strong>absit</strong></span> <span class='ocrx_word' id='word_1_318' title='bbox 2137 2567 2149 2603; x_wconf 95' lang='lat'>:</span> 
     </span>
    </p>
   </div>
   <div class='ocr_carea' id='block_1_42' title="bbox 596 2628 2152 2708">
    <p class='ocr_par' dir='ltr' id='par_1_42' title="bbox 596 2628 2152 2708">
     <span class='ocr_line' id='line_1_42' title="bbox 596 2628 2152 2708; baseline 0.008 -27"><span class='ocrx_word' id='word_1_319' title='bbox 596 2628 909 2682; x_wconf 87' lang='lat' dir='ltr'><strong>dum-nemo</strong></span> <span class='ocrx_word' id='word_1_320' title='bbox 937 2628 1247 2696; x_wconf 88' lang='lat' dir='ltr'><strong>sibimetipsi</strong></span> <span class='ocrx_word' id='word_1_321' title='bbox 1286 2641 1432 2700; x_wconf 86' lang='lat' dir='ltr'><strong>pater</strong></span> <span class='ocrx_word' id='word_1_322' title='bbox 1456 2633 1541 2697; x_wconf 89' lang='lat' dir='ltr'><strong>sit,</strong></span> <span class='ocrx_word' id='word_1_323' title='bbox 1571 2643 1624 2688; x_wconf 91' lang='lat' dir='ltr'><strong>et</strong></span> <span class='ocrx_word' id='word_1_324' title='bbox 1650 2650 1807 2690; x_wconf 90' lang='lat' dir='ltr'><strong>nemo</strong></span> <span class='ocrx_word' id='word_1_325' title='bbox 1836 2638 2152 2708; x_wconf 87' lang='lat' dir='ltr'><strong>sibimetipsi</strong></span> 
     </span>
    </p>
   </div>
   <div class='ocr_carea' id='block_1_43' title="bbox 599 2719 2157 2794">
    <p class='ocr_par' dir='ltr' id='par_1_43' title="bbox 599 2719 2157 2794">
     <span class='ocr_line' id='line_1_43' title="bbox 599 2719 2157 2794; baseline 0.008 -23"><span class='ocrx_word' id='word_1_326' title='bbox 599 2719 734 2773; x_wconf 87' lang='lat' dir='ltr'><strong>ﬁlius</strong></span> <span class='ocrx_word' id='word_1_327' title='bbox 758 2719 846 2781; x_wconf 89' lang='lat' dir='ltr'><strong>sit,</strong></span> <span class='ocrx_word' id='word_1_328' title='bbox 877 2734 1032 2788; x_wconf 82' lang='lat' dir='ltr'><strong>quem</strong></span> <span class='ocrx_word' id='word_1_329' title='bbox 1065 2735 1187 2774; x_wconf 76' lang='lat' dir='ltr'><strong>rere</strong></span> <span class='ocrx_word' id='word_1_330' title='bbox 1213 2724 1490 2791; x_wconf 76' lang='lat' dir='ltr'><strong>genuerit;</strong></span> <span class='ocrx_word' id='word_1_331' title='bbox 1520 2725 1644 2779; x_wconf 89' lang='lat' dir='ltr'><strong>dum</strong></span> <span class='ocrx_word' id='word_1_332' title='bbox 1679 2736 1828 2794; x_wconf 87' lang='lat' dir='ltr'><strong>pater</strong></span> <span class='ocrx_word' id='word_1_333' title='bbox 1853 2726 1960 2782; x_wconf 78' lang='lat' dir='ltr'><strong>ﬁlio</strong></span> <span class='ocrx_word' id='word_1_334' title='bbox 1988 2731 2074 2792; x_wconf 85' lang='lat' dir='ltr'><strong>sit,</strong></span> <span class='ocrx_word' id='word_1_335' title='bbox 2100 2740 2157 2785; x_wconf 88' lang='lat' dir='ltr'><strong>et</strong></span> 
     </span>
    </p>
   </div>
   <div class='ocr_carea' id='block_1_44' title="bbox 603 2814 2157 2890">
    <p class='ocr_par' dir='ltr' id='par_1_44' title="bbox 603 2814 2157 2890">
     <span class='ocr_line' id='line_1_44' title="bbox 603 2814 2157 2890; baseline 0.007 -24"><span class='ocrx_word' id='word_1_336' title='bbox 603 2814 738 2867; x_wconf 87' lang='lat' dir='ltr'><strong>ﬁlius</strong></span> <span class='ocrx_word' id='word_1_337' title='bbox 769 2816 902 2882; x_wconf 84' lang='lat' dir='ltr'><strong>patri</strong></span> <span class='ocrx_word' id='word_1_338' title='bbox 947 2815 1016 2869; x_wconf 91' lang='lat' dir='ltr'><strong>sit</strong></span> <span class='ocrx_word' id='word_1_339' title='bbox 1050 2830 1206 2884; x_wconf 86' lang='lat' dir='ltr'><strong>quem</strong></span> <span class='ocrx_word' id='word_1_340' title='bbox 1249 2832 1370 2870; x_wconf 85' lang='lat' dir='ltr'><strong>vere</strong></span> <span class='ocrx_word' id='word_1_341' title='bbox 1397 2821 1597 2886; x_wconf 83' lang='lat' dir='ltr'><strong>genuit.</strong></span> <span class='ocrx_word' id='word_1_342' title='bbox 1633 2820 1854 2888; x_wconf 82' lang='lat' dir='ltr'><strong>Pmpter</strong></span> <span class='ocrx_word' id='word_1_343' title='bbox 1880 2823 2020 2890; x_wconf 91' lang='lat' dir='ltr'><strong>quod</strong></span> <span class='ocrx_word' id='word_1_344' title='bbox 2061 2836 2157 2877; x_wconf 90' lang='lat' dir='ltr'><strong>no-</strong></span> 
     </span>
    </p>
   </div>
   <div class='ocr_carea' id='block_1_45' title="bbox 605 2904 1776 2977">
    <p class='ocr_par' dir='ltr' id='par_1_45' title="bbox 605 2904 1776 2977">
     <span class='ocr_line' id='line_1_45' title="bbox 605 2904 1776 2977; baseline 0.003 -19"><span class='ocrx_word' id='word_1_345' title='bbox 605 2904 739 2958; x_wconf 89' lang='lat' dir='ltr'><strong>mina</strong></span> <span class='ocrx_word' id='word_1_346' title='bbox 768 2906 830 2958; x_wconf 56' lang='lat' dir='ltr'><strong>iu‘</strong></span> <span class='ocrx_word' id='word_1_347' title='bbox 848 2906 1089 2974; x_wconf 76' lang='lat' dir='ltr'><strong>personis</strong></span> <span class='ocrx_word' id='word_1_348' title='bbox 1114 2905 1344 2971; x_wconf 78' lang='lat' dir='ltr'><strong>perfecte</strong></span> <span class='ocrx_word' id='word_1_349' title='bbox 1367 2907 1776 2977; x_wconf 79' lang='lat' dir='ltr'><strong>distinguuntur.</strong></span> 
     </span>
    </p>
   </div>
   <div class='ocr_carea' id='block_1_46' title="bbox 671 2996 2158 3075">
    <p class='ocr_par' dir='ltr' id='par_1_46' title="bbox 671 2996 2158 3075">
     <span class='ocr_line' id='line_1_46' title="bbox 671 2996 2158 3075; baseline 0.007 -26"><span class='ocrx_word' id='word_1_350' title='bbox 671 2996 971 3052; x_wconf 66' lang='lat' dir='ltr'><strong>llrereticus.</strong></span> <span class='ocrx_word' id='word_1_351' title='bbox 1026 2997 1092 3065; x_wconf 85' lang='lat' dir='ltr'><strong>Ut</strong></span> <span class='ocrx_word' id='word_1_352' title='bbox 1135 2998 1251 3057; x_wconf 65' lang='lat' dir='ltr'><strong>bac</strong></span> <span class='ocrx_word' id='word_1_353' title='bbox 1298 2999 1435 3054; x_wconf 87' lang='lat' dir='ltr'><strong>dicta</strong></span> <span class='ocrx_word' id='word_1_354' title='bbox 1465 3001 1531 3055; x_wconf 89' lang='lat' dir='ltr'><strong>de</strong></span> <span class='ocrx_word' id='word_1_355' title='bbox 1559 3004 1870 3058; x_wconf 80' lang='lat' dir='ltr'><strong>auctoritate</strong></span> <span class='ocrx_word' id='word_1_356' title='bbox 1910 3005 2035 3058; x_wconf 78' lang='lat' dir='ltr'><strong>mibi</strong></span> <span class='ocrx_word' id='word_1_357' title='bbox 2066 3022 2158 3075; x_wconf 86' lang='lat' dir='ltr'><strong>ap-</strong></span> 
     </span>
    </p>
   </div>
   <div class='ocr_carea' id='block_1_47' title="bbox 604 3087 1021 3155">
    <p class='ocr_par' dir='ltr' id='par_1_47' title="bbox 604 3087 1021 3155">
     <span class='ocr_line' id='line_1_47' title="bbox 604 3087 1021 3155; baseline 0.002 -17"><span class='ocrx_word' id='word_1_358' title='bbox 604 3087 794 3154; x_wconf 79' lang='lat' dir='ltr'><strong>probes</strong></span> <span class='ocrx_word' id='word_1_359' title='bbox 820 3101 1021 3155; x_wconf 72' lang='lat' dir='ltr'><strong>qumsn.</strong></span> 
     </span>
    </p>
   </div>
   <div class='ocr_carea' id='block_1_48' title="bbox 665 3177 2158 3252">
    <p class='ocr_par' dir='ltr' id='par_1_48' title="bbox 665 3177 2158 3252">
     <span class='ocr_line' id='line_1_48' title="bbox 665 3177 2158 3252; baseline 0.005 -22"><span class='ocrx_word' id='word_1_360' title='bbox 665 3177 1006 3231; x_wconf 63' lang='lat' dir='ltr'><strong>Athanasius.</strong></span> <span class='ocrx_word' id='word_1_361' title='bbox 1056 3180 1248 3249; x_wconf 85' lang='lat' dir='ltr'><strong>Accipe</strong></span> <span class='ocrx_word' id='word_1_362' title='bbox 1278 3180 1468 3234; x_wconf 80' lang='lat' dir='ltr'><strong>Filium</strong></span> <span class='ocrx_word' id='word_1_363' title='bbox 1500 3179 1552 3233; x_wconf 91' lang='lat' dir='ltr'><strong>in</strong></span> <span class='ocrx_word' id='word_1_364' title='bbox 1580 3181 1818 3236; x_wconf 84' lang='lat' dir='ltr'><strong>claritate</strong></span> <span class='ocrx_word' id='word_1_365' title='bbox 1843 3183 2158 3252; x_wconf 69' lang='lat' dir='ltr'><strong>evangelicae</strong></span> 
     </span>
    </p>
   </div>
   <div class='ocr_carea' id='block_1_49' title="bbox 607 3269 2165 3338">
    <p class='ocr_par' dir='ltr' id='par_1_49' title="bbox 607 3269 2165 3338">
     <span class='ocr_line' id='line_1_49' title="bbox 607 3269 2165 3338; baseline 0 -16"><span class='ocrx_word' id='word_1_366' title='bbox 607 3283 842 3322; x_wconf 70' lang='lat' dir='ltr'><strong>censum</strong></span> <span class='ocrx_word' id='word_1_367' title='bbox 870 3279 1148 3324; x_wconf 85' lang='lat' dir='ltr'><strong>testantem</strong></span> <span class='ocrx_word' id='word_1_368' title='bbox 1179 3287 1191 3321; x_wconf 75' lang='grc' dir='ltr'>ε</span> <span class='ocrx_word' id='word_1_369' title='bbox 1228 3269 1351 3324; x_wconf 81' lang='lat' dir='ltr'><strong>Cum</strong></span> <span class='ocrx_word' id='word_1_370' title='bbox 1372 3273 1556 3323; x_wconf 84' lang='lat' dir='ltr'><strong>venerit</strong></span> <span class='ocrx_word' id='word_1_371' title='bbox 1583 3270 1855 3325; x_wconf 80' lang='lat' dir='ltr'><strong>advocatus</strong></span> <span class='ocrx_word' id='word_1_372' title='bbox 1885 3271 1975 3324; x_wconf 79' lang='lat' dir='ltr'><strong>ille</strong></span> <span class='ocrx_word' id='word_1_373' title='bbox 1996 3270 2165 3338; x_wconf 86' lang='lat' dir='ltr'><strong>Spiri-</strong></span> 
     </span>
    </p>
   </div>
   <div class='ocr_carea' id='block_1_50' title="bbox 604 3357 2186 3431">
    <p class='ocr_par' dir='ltr' id='par_1_50' title="bbox 604 3357 2186 3431">
     <span class='ocr_line' id='line_1_50' title="bbox 604 3357 2186 3431; baseline 0.004 -22"><span class='ocrx_word' id='word_1_374' title='bbox 604 3366 687 3410; x_wconf 79' lang='lat' dir='ltr'><strong>tus</strong></span> <span class='ocrx_word' id='word_1_375' title='bbox 715 3357 955 3422; x_wconf 73' lang='lat' dir='ltr'><strong>veritatis,</strong></span> <span class='ocrx_word' id='word_1_376' title='bbox 987 3360 1073 3424; x_wconf 81' lang='lat' dir='ltr'><strong>qui</strong></span> <span class='ocrx_word' id='word_1_377' title='bbox 1099 3375 1131 3411; x_wconf 90' lang='lat' dir='ltr'><strong>a</strong></span> <span class='ocrx_word' id='word_1_378' title='bbox 1163 3358 1317 3413; x_wconf 84' lang='lat' dir='ltr'><strong>Patre</strong></span> <span class='ocrx_word' id='word_1_379' title='bbox 1363 3372 1470 3413; x_wconf 84' lang='lat' dir='ltr'><strong>meo</strong></span> <span class='ocrx_word' id='word_1_380' title='bbox 1515 3361 1759 3430; x_wconf 75' lang='lat' dir='ltr'><strong>procedit,</strong></span> <span class='ocrx_word' id='word_1_381' title='bbox 1787 3363 1894 3431; x_wconf 79' lang='lat' dir='ltr'><strong>ipse</strong></span> <span class='ocrx_word' id='word_1_382' title='bbox 1930 3363 2186 3428; x_wconf 82' lang='lat' dir='ltr'><strong>testiﬁca--</strong></span> 
     </span>
    </p>
   </div>
   <div class='ocr_carea' id='block_1_51' title="bbox 604 3437 2160 3522">
    <p class='ocr_par' dir='ltr' id='par_1_51' title="bbox 604 3437 2160 3522">
     <span class='ocr_line' id='line_1_51' title="bbox 604 3437 2160 3522; baseline 0.001 -22"><span class='ocrx_word' id='word_1_383' title='bbox 604 3448 741 3500; x_wconf 66' lang='lat' dir='ltr'><strong>bitur</strong></span> <span class='ocrx_word' id='word_1_384' title='bbox 781 3448 842 3502; x_wconf 77' lang='lat' dir='ltr'><strong>de</strong></span> <span class='ocrx_word' id='word_1_385' title='bbox 876 3464 955 3501; x_wconf 83' lang='lat' dir='ltr'><strong>me</strong></span> <span class='ocrx_word' id='word_1_386' title='bbox 983 3447 1160 3516; x_wconf 80' lang='lat' dir='ltr'><strong>(Joan.</strong></span> <span class='ocrx_word' id='word_1_387' title='bbox 1197 3464 1290 3513; x_wconf 76' lang='lat' dir='ltr'><strong>xv,</strong></span> <span class='ocrx_word' id='word_1_388' title='bbox 1321 3449 1435 3522; x_wconf 65' lang='lat'><strong>26).</strong></span> <span class='ocrx_word' id='word_1_389' title='bbox 1471 3449 1563 3505; x_wconf 80' lang='lat' dir='ltr'><strong>Vel</strong></span> <span class='ocrx_word' id='word_1_390' title='bbox 1595 3450 1694 3503; x_wconf 89' lang='lat' dir='ltr'><strong>boc</strong></span> <span class='ocrx_word' id='word_1_391' title='bbox 1736 3450 1912 3504; x_wconf 88' lang='lat' dir='ltr'><strong>statim</strong></span> <span class='ocrx_word' id='word_1_392' title='bbox 1929 3437 2160 3518; x_wconf 68' lang='lat' dir='ltr'><strong>accipe:</strong></span> 
     </span>
    </p>
   </div>
   <div class='ocr_carea' id='block_1_52' title="bbox 611 3538 2165 3609">
    <p class='ocr_par' dir='ltr' id='par_1_52' title="bbox 611 3538 2165 3609">
     <span class='ocr_line' id='line_1_52' title="bbox 611 3538 2165 3609; baseline 0 -16"><span class='ocrx_word' id='word_1_393' title='bbox 611 3542 892 3594; x_wconf 80' lang='lat' dir='ltr'><strong>Advocatus</strong></span> <span class='ocrx_word' id='word_1_394' title='bbox 921 3548 1088 3592; x_wconf 79' lang='lat' dir='ltr'><strong>autem</strong></span> <span class='ocrx_word' id='word_1_395' title='bbox 1131 3539 1353 3609; x_wconf 81' lang='lat' dir='ltr'><strong>Spiritus</strong></span> <span class='ocrx_word' id='word_1_396' title='bbox 1381 3549 1604 3605; x_wconf 78' lang='lat' dir='ltr'><strong>sanctus,</strong></span> <span class='ocrx_word' id='word_1_397' title='bbox 1636 3555 1781 3608; x_wconf 74' lang='lat' dir='ltr'><strong>quem</strong></span> <span class='ocrx_word' id='word_1_398' title='bbox 1822 3540 1983 3592; x_wconf 84' lang='lat' dir='ltr'><strong>mittet</strong></span> <span class='ocrx_word' id='word_1_399' title='bbox 2012 3538 2165 3593; x_wconf 85' lang='lat' dir='ltr'><strong>Pater</strong></span> 
     </span>
    </p>
   </div>
   <div class='ocr_carea' id='block_1_53' title="bbox 612 3629 2168 3695">
    <p class='ocr_par' dir='ltr' id='par_1_53' title="bbox 612 3629 2168 3695">
     <span class='ocr_line' id='line_1_53' title="bbox 612 3629 2168 3695; baseline 0.002 -14"><span class='ocrx_word' id='word_1_400' title='bbox 612 3644 754 3682; x_wconf 77' lang='lat' dir='ltr'><strong>meus</strong></span> <span class='ocrx_word' id='word_1_401' title='bbox 783 3629 835 3682; x_wconf 83' lang='lat' dir='ltr'><strong>in</strong></span> <span class='ocrx_word' id='word_1_402' title='bbox 857 3631 1056 3683; x_wconf 78' lang='lat' dir='ltr'><strong>nomine</strong></span> <span class='ocrx_word' id='word_1_403' title='bbox 1083 3644 1213 3694; x_wconf 83' lang='lat' dir='ltr'><strong>meo,</strong></span> <span class='ocrx_word' id='word_1_404' title='bbox 1242 3629 1330 3682; x_wconf 78' lang='lat' dir='ltr'><strong>ille</strong></span> <span class='ocrx_word' id='word_1_405' title='bbox 1367 3645 1451 3683; x_wconf 80' lang='lat' dir='ltr'><strong>vos</strong></span> <span class='ocrx_word' id='word_1_406' title='bbox 1475 3630 1668 3682; x_wconf 78' lang='lat' dir='ltr'><strong>docebit</strong></span> <span class='ocrx_word' id='word_1_407' title='bbox 1698 3632 1887 3695; x_wconf 85' lang='lat' dir='ltr'><strong>omnia,</strong></span> <span class='ocrx_word' id='word_1_408' title='bbox 1916 3641 1960 3683; x_wconf 84' lang='lat' dir='ltr'><strong>et</strong></span> <span class='ocrx_word' id='word_1_409' title='bbox 1989 3631 2168 3684; x_wconf 81' lang='lat' dir='ltr'><strong>admo-</strong></span> 
     </span>
    </p>
   </div>
   <div class='ocr_carea' id='block_1_54' title="bbox 613 3718 2167 3789">
    <p class='ocr_par' dir='ltr' id='par_1_54' title="bbox 613 3718 2167 3789">
     <span class='ocr_line' id='line_1_54' title="bbox 613 3718 2167 3789; baseline 0.003 -18"><span class='ocrx_word' id='word_1_410' title='bbox 613 3719 745 3777; x_wconf 79' lang='lat' dir='ltr'><strong>nebit</strong></span> <span class='ocrx_word' id='word_1_411' title='bbox 790 3720 1094 3788; x_wconf 67' lang='lat' dir='ltr'><strong>quacunque</strong></span> <span class='ocrx_word' id='word_1_412' title='bbox 1129 3720 1242 3772; x_wconf 81' lang='lat' dir='ltr'><strong>dico</strong></span> <span class='ocrx_word' id='word_1_413' title='bbox 1287 3721 1424 3772; x_wconf 75' lang='lat' dir='ltr'><strong>vobis</strong></span> <span class='ocrx_word' id='word_1_414' title='bbox 1459 3718 1632 3789; x_wconf 79' lang='lat' dir='ltr'><strong>(Joan.</strong></span> <span class='ocrx_word' id='word_1_415' title='bbox 1673 3734 1780 3780; x_wconf 80' lang='lat' dir='ltr'><strong>xiv,</strong></span> <span class='ocrx_word' id='word_1_416' title='bbox 1817 3720 1935 3789; x_wconf 72' lang='lat'><strong>26).</strong></span> <span class='ocrx_word' id='word_1_417' title='bbox 1982 3721 2167 3775; x_wconf 85' lang='lat' dir='ltr'><strong>Nonne</strong></span> 
     </span>
    </p>
   </div>
   <div class='ocr_carea' id='block_1_55' title="bbox 610 3808 2166 3887">
    <p class='ocr_par' dir='ltr' id='par_1_55' title="bbox 610 3808 2166 3887">
     <span class='ocr_line' id='line_1_55' title="bbox 610 3808 2166 3887; baseline 0.003 -24"><span class='ocrx_word' id='word_1_418' title='bbox 610 3810 1047 3887; x_wconf 86' lang='lat' dir='ltr'><strong>quambreviter</strong></span> <span class='ocrx_word' id='word_1_419' title='bbox 1097 3813 1306 3864; x_wconf 81' lang='lat' dir='ltr'><strong>nomina</strong></span> <span class='ocrx_word' id='word_1_420' title='bbox 1357 3813 1407 3866; x_wconf 91' lang='lat' dir='ltr'><strong>in</strong></span> <span class='ocrx_word' id='word_1_421' title='bbox 1448 3808 1680 3881; x_wconf 82' lang='lat' dir='ltr'><strong>singulis</strong></span> <span class='ocrx_word' id='word_1_422' title='bbox 1723 3811 1999 3878; x_wconf 78' lang='lat' dir='ltr'><strong>distinxit,</strong></span> <span class='ocrx_word' id='word_1_423' title='bbox 2041 3815 2166 3868; x_wconf 92' lang='lat' dir='ltr'><strong>dum</strong></span> 
     </span>
    </p>
   </div>
   <div class='ocr_carea' id='block_1_56' title="bbox 615 3897 2167 3971">
    <p class='ocr_par' dir='ltr' id='par_1_56' title="bbox 615 3897 2167 3971">
     <span class='ocr_line' id='line_1_56' title="bbox 615 3897 2167 3971; baseline 0 -15"><span class='ocrx_word' id='word_1_424' title='bbox 615 3905 753 3956; x_wconf 88' lang='lat' dir='ltr'><strong>bnnc</strong></span> <span class='ocrx_word' id='word_1_425' title='bbox 799 3902 1109 3956; x_wconf 86' lang='lat' dir='ltr'><strong>advocatum</strong></span> <span class='ocrx_word' id='word_1_426' title='bbox 1152 3897 1402 3968; x_wconf 86' lang='lat' dir='ltr'><strong>Spiritum</strong></span> <span class='ocrx_word' id='word_1_427' title='bbox 1430 3901 1764 3956; x_wconf 79' lang='lat' dir='ltr'><strong>Paraclitum</strong></span> <span class='ocrx_word' id='word_1_428' title='bbox 1807 3916 1836 3954; x_wconf 88' lang='lat' dir='ltr'><strong>a</strong></span> <span class='ocrx_word' id='word_1_429' title='bbox 1882 3901 2037 3971; x_wconf 81' lang='lat' dir='ltr'><strong>Patre</strong></span> <span class='ocrx_word' id='word_1_430' title='bbox 2079 3918 2167 3957; x_wconf 90' lang='lat' dir='ltr'><strong>an-</strong></span> 
     </span>
    </p>
   </div>
   <div class='ocr_carea' id='block_1_57' title="bbox 615 3989 2171 4058">
    <p class='ocr_par' dir='ltr' id='par_1_57' title="bbox 615 3989 2171 4058">
     <span class='ocr_line' id='line_1_57' title="bbox 615 3989 2171 4058; baseline -0.002 -12"><span class='ocrx_word' id='word_1_431' title='bbox 615 3992 822 4046; x_wconf 87' lang='lat' dir='ltr'><strong>nuntiat</strong></span> <span class='ocrx_word' id='word_1_432' title='bbox 847 4006 966 4046; x_wconf 82' lang='lat' dir='ltr'><strong>esse</strong></span> <span class='ocrx_word' id='word_1_433' title='bbox 993 3999 1294 4056; x_wconf 83' lang='lat' dir='ltr'><strong>venturum,</strong></span> <span class='ocrx_word' id='word_1_434' title='bbox 1326 4002 1377 4044; x_wconf 84' lang='lat' dir='ltr'><strong>et</strong></span> <span class='ocrx_word' id='word_1_435' title='bbox 1404 3992 1470 4045; x_wconf 85' lang='lat' dir='ltr'><strong>de</strong></span> <span class='ocrx_word' id='word_1_436' title='bbox 1497 3989 1779 4058; x_wconf 77' lang='lat' dir='ltr'><strong>semetipso</strong></span> <span class='ocrx_word' id='word_1_437' title='bbox 1809 3990 2171 4045; x_wconf 87' lang='lat' dir='ltr'><strong>testimonium</strong></span> 
     </span>
    </p>
   </div>
   <div class='ocr_carea' id='block_1_58' title="bbox 619 4081 1325 4137">
    <p class='ocr_par' dir='ltr' id='par_1_58' title="bbox 619 4081 1325 4137">
     <span class='ocr_line' id='line_1_58' title="bbox 619 4081 1325 4137; baseline -0.007 0"><span class='ocrx_word' id='word_1_438' title='bbox 619 4085 670 4137; x_wconf 85' lang='lat' dir='ltr'><strong>in</strong></span> <span class='ocrx_word' id='word_1_439' title='bbox 704 4082 897 4136; x_wconf 88' lang='lat' dir='ltr'><strong>mundo</strong></span> <span class='ocrx_word' id='word_1_440' title='bbox 921 4095 1039 4136; x_wconf 85' lang='lat' dir='ltr'><strong>esse</strong></span> <span class='ocrx_word' id='word_1_441' title='bbox 1066 4081 1325 4134; x_wconf 80' lang='lat' dir='ltr'><strong>laturum?</strong></span> 
     </span>
    </p>
   </div>
   <div class='ocr_carea' id='block_1_59' title="bbox 692 4170 1843 4241">
    <p class='ocr_par' dir='ltr' id='par_1_59' title="bbox 692 4170 1843 4241">
     <span class='ocr_line' id='line_1_59' title="bbox 692 4170 1843 4241; baseline -0.009 -11"><span class='ocrx_word' id='word_1_442' title='bbox 692 4176 988 4230; x_wconf 62' lang='lat' dir='ltr'><strong>&quot;creticus.</strong></span> <span class='ocrx_word' id='word_1_443' title='bbox 1021 4174 1196 4241; x_wconf 81' lang='lat' dir='ltr'><strong>Quare</strong></span> <span class='ocrx_word' id='word_1_444' title='bbox 1226 4173 1436 4226; x_wconf 87' lang='lat' dir='ltr'><strong>nomina</strong></span> <span class='ocrx_word' id='word_1_445' title='bbox 1466 4170 1843 4241; x_wconf 69' lang='lat' dir='ltr'><strong>designantur?</strong></span> 
     </span>
    </p>
   </div>
   <div class='ocr_carea' id='block_1_60' title="bbox 691 4256 2168 4334">
    <p class='ocr_par' dir='ltr' id='par_1_60' title="bbox 691 4256 2168 4334">
     <span class='ocr_line' id='line_1_60' title="bbox 691 4256 2168 4334; baseline -0.004 -14"><span class='ocrx_word' id='word_1_446' title='bbox 691 4267 1013 4320; x_wconf 76' lang='lat' dir='ltr'><strong>Athanasius.</strong></span> <span class='ocrx_word' id='word_1_447' title='bbox 1047 4256 1396 4319; x_wconf 80' lang='lat' dir='ltr'><strong>Proculdubie</strong></span> <span class='ocrx_word' id='word_1_448' title='bbox 1441 4265 1564 4334; x_wconf 87' lang='lat' dir='ltr'><strong>quia</strong></span> <span class='ocrx_word' id='word_1_449' title='bbox 1612 4265 1764 4318; x_wconf 89' lang='lat' dir='ltr'><strong>Pater</strong></span> <span class='ocrx_word' id='word_1_450' title='bbox 1808 4277 1934 4317; x_wconf 74' lang='lat' dir='ltr'><strong>vero</strong></span> <span class='ocrx_word' id='word_1_451' title='bbox 1971 4266 2168 4331; x_wconf 72' lang='lat' dir='ltr'><strong>genuzt,</strong></span> 
     </span>
    </p>
   </div>
   <div class='ocr_carea' id='block_1_61' title="bbox 616 4351 2212 4436">
    <p class='ocr_par' dir='ltr' id='par_1_61' title="bbox 616 4351 2212 4436">
     <span class='ocr_line' id='line_1_61' title="bbox 616 4351 2212 4436; baseline -0.008 -21"><span class='ocrx_word' id='word_1_452' title='bbox 616 4362 722 4436; x_wconf 72' lang='lat' dir='ltr'><strong>bne</strong></span> <span class='ocrx_word' id='word_1_453' title='bbox 750 4362 1010 4429; x_wconf 87' lang='lat' dir='ltr'><strong>proprium</strong></span> <span class='ocrx_word' id='word_1_454' title='bbox 1044 4372 1233 4411; x_wconf 87' lang='lat' dir='ltr'><strong>nomen</strong></span> <span class='ocrx_word' id='word_1_455' title='bbox 1264 4366 1340 4410; x_wconf 72' lang='lat' dir='ltr'><strong>esr</strong></span> <span class='ocrx_word' id='word_1_456' title='bbox 1374 4357 1444 4420; x_wconf 90' lang='lat' dir='ltr'><strong>ei,</strong></span> <span class='ocrx_word' id='word_1_457' title='bbox 1479 4364 1531 4408; x_wconf 90' lang='lat' dir='ltr'><strong>et</strong></span> <span class='ocrx_word' id='word_1_458' title='bbox 1569 4351 1727 4424; x_wconf 62' lang='grc'><strong>240</strong></span> <span class='ocrx_word' id='word_1_459' title='bbox 1763 4352 1926 4407; x_wconf 79' lang='lat' dir='ltr'><strong>Filius</strong></span> <span class='ocrx_word' id='word_1_460' title='bbox 1957 4369 2079 4406; x_wconf 78' lang='lat' dir='ltr'><strong>vere</strong></span> <span class='ocrx_word' id='word_1_461' title='bbox 2108 4356 2172 4404; x_wconf 87' lang='lat' dir='ltr'><strong>de</strong></span> 
     </span>
    </p>
   </div>
   <div class='ocr_carea' id='block_1_62' title="bbox 2245 1819 3803 1891">
    <p class='ocr_par' dir='ltr' id='par_1_62' title="bbox 2245 1819 3803 1891">
     <span class='ocr_line' id='line_1_62' title="bbox 2245 1819 3803 1891; baseline -0.006 -9"><span class='ocrx_word' id='word_1_462' title='bbox 2245 1837 2380 1882; x_wconf 90' lang='lat' dir='ltr'><strong>ctus.</strong></span> <span class='ocrx_word' id='word_1_463' title='bbox 2431 1820 2594 1878; x_wconf 79' lang='lat' dir='ltr'><strong>Vides</strong></span> <span class='ocrx_word' id='word_1_464' title='bbox 2622 1823 2744 1891; x_wconf 89' lang='lat' dir='ltr'><strong>quia</strong></span> <span class='ocrx_word' id='word_1_465' title='bbox 2784 1819 3170 1874; x_wconf 80' lang='lat' dir='ltr'><strong>substantivum</strong></span> <span class='ocrx_word' id='word_1_466' title='bbox 3199 1819 3493 1871; x_wconf 79' lang='lat' dir='ltr'><strong>divinitatis</strong></span> <span class='ocrx_word' id='word_1_467' title='bbox 3537 1834 3734 1874; x_wconf 84' lang='lat' dir='ltr'><strong>nomen</strong></span> <span class='ocrx_word' id='word_1_468' title='bbox 3764 1838 3803 1872; x_wconf 77' lang='grc' dir='ltr'>ω</span> 
     </span>
    </p>
   </div>
   <div class='ocr_carea' id='block_1_63' title="bbox 2246 1910 3800 1984">
    <p class='ocr_par' dir='ltr' id='par_1_63' title="bbox 2246 1910 3800 1984">
     <span class='ocr_line' id='line_1_63' title="bbox 2246 1910 3800 1984; baseline -0.005 -14"><span class='ocrx_word' id='word_1_469' title='bbox 2246 1916 2331 1970; x_wconf 87' lang='lat' dir='ltr'><strong>his</strong></span> <span class='ocrx_word' id='word_1_470' title='bbox 2373 1916 2619 1984; x_wconf 83' lang='lat' dir='ltr'><strong>personis</strong></span> <span class='ocrx_word' id='word_1_471' title='bbox 2660 1917 2784 1966; x_wconf 86' lang='lat' dir='ltr'><strong>dum</strong></span> <span class='ocrx_word' id='word_1_472' title='bbox 2832 1911 3054 1977; x_wconf 89' lang='lat' dir='ltr'><strong>indicas,</strong></span> <span class='ocrx_word' id='word_1_473' title='bbox 3103 1910 3314 1963; x_wconf 81' lang='lat' dir='ltr'><strong>deitatis</strong></span> <span class='ocrx_word' id='word_1_474' title='bbox 3355 1912 3572 1962; x_wconf 85' lang='lat' dir='ltr'><strong>unitum</strong></span> <span class='ocrx_word' id='word_1_475' title='bbox 3601 1925 3800 1977; x_wconf 79' lang='lat' dir='ltr'><strong>nomen</strong></span> 
     </span>
    </p>
   </div>
   <div class='ocr_carea' id='block_1_64' title="bbox 2247 1999 3800 2071">
    <p class='ocr_par' dir='ltr' id='par_1_64' title="bbox 2247 1999 3800 2071">
     <span class='ocr_line' id='line_1_64' title="bbox 2247 1999 3800 2071; baseline -0.01 -8"><span class='ocrx_word' id='word_1_476' title='bbox 2247 2010 2596 2063; x_wconf 88' lang='lat' dir='ltr'><strong>demonstras.</strong></span> <span class='ocrx_word' id='word_1_477' title='bbox 2644 2004 2822 2071; x_wconf 89' lang='lat' dir='ltr'><strong>Itaque</strong></span> <span class='ocrx_word' id='word_1_478' title='bbox 2862 2001 3054 2069; x_wconf 77' lang='lat' dir='ltr'><strong>duplex</strong></span> <span class='ocrx_word' id='word_1_479' title='bbox 3086 2007 3169 2053; x_wconf 91' lang='lat' dir='ltr'><strong>est</strong></span> <span class='ocrx_word' id='word_1_480' title='bbox 3197 1999 3352 2064; x_wconf 76' lang='lat' dir='ltr'><strong>hujus</strong></span> <span class='ocrx_word' id='word_1_481' title='bbox 3384 1999 3635 2067; x_wconf 83' lang='lat' dir='ltr'><strong>mysterii</strong></span> <span class='ocrx_word' id='word_1_482' title='bbox 3666 1999 3800 2050; x_wconf 67' lang='lat' dir='ltr'><strong>intel-</strong></span> 
     </span>
    </p>
   </div>
   <div class='ocr_carea' id='block_1_65' title="bbox 2248 2080 3804 2151">
    <p class='ocr_par' dir='ltr' id='par_1_65' title="bbox 2248 2080 3804 2151">
     <span class='ocr_line' id='line_1_65' title="bbox 2248 2080 3804 2151; baseline -0.007 -1"><span class='ocrx_word' id='word_1_483' title='bbox 2248 2097 2417 2151; x_wconf 87' lang='lat' dir='ltr'><strong>lectus</strong></span> <span class='ocrx_word' id='word_1_484' title='bbox 2440 2111 2454 2147; x_wconf 89' lang='lat'><strong>:</strong></span> <span class='ocrx_word' id='word_1_485' title='bbox 2474 2103 2740 2148; x_wconf 90' lang='lat' dir='ltr'><strong>memento</strong></span> <span class='ocrx_word' id='word_1_486' title='bbox 2761 2092 2881 2144; x_wconf 90' lang='lat' dir='ltr'><strong>dum</strong></span> <span class='ocrx_word' id='word_1_487' title='bbox 2905 2080 3324 2144; x_wconf 62' lang='lat' dir='ltr'><strong>unitum&#39;nomen</strong></span> <span class='ocrx_word' id='word_1_488' title='bbox 3353 2102 3545 2140; x_wconf 88' lang='lat' dir='ltr'><strong>eorum</strong></span> <span class='ocrx_word' id='word_1_489' title='bbox 3597 2089 3650 2140; x_wconf 89' lang='lat' dir='ltr'><strong>in</strong></span> <span class='ocrx_word' id='word_1_490' title='bbox 3679 2089 3804 2140; x_wconf 77' lang='lat' dir='ltr'><strong>unita</strong></span> 
     </span>
    </p>
   </div>
   <div class='ocr_carea' id='block_1_66' title="bbox 2248 2169 3800 2246">
    <p class='ocr_par' dir='ltr' id='par_1_66' title="bbox 2248 2169 3800 2246">
     <span class='ocr_line' id='line_1_66' title="bbox 2248 2169 3800 2246; baseline -0.006 -8"><span class='ocrx_word' id='word_1_491' title='bbox 2248 2169 2541 2240; x_wconf 83' lang='lat' dir='ltr'><strong>substantia</strong></span> <span class='ocrx_word' id='word_1_492' title='bbox 2588 2181 2867 2244; x_wconf 87' lang='lat' dir='ltr'><strong>consistat,</strong></span> <span class='ocrx_word' id='word_1_493' title='bbox 2897 2189 2951 2232; x_wconf 90' lang='lat' dir='ltr'><strong>et</strong></span> <span class='ocrx_word' id='word_1_494' title='bbox 2998 2180 3210 2246; x_wconf 77' lang='lat' dir='ltr'><strong>prOpt-ia</strong></span> <span class='ocrx_word' id='word_1_495' title='bbox 3256 2179 3470 2230; x_wconf 90' lang='lat' dir='ltr'><strong>nomina</strong></span> <span class='ocrx_word' id='word_1_496' title='bbox 3517 2177 3722 2246; x_wconf 80' lang='lat' dir='ltr'><strong>singula</strong></span> <span class='ocrx_word' id='word_1_497' title='bbox 3760 2183 3800 2230; x_wconf 74' lang='grc' dir='ltr'>ιι»</span> 
     </span>
    </p>
   </div>
   <div class='ocr_carea' id='block_1_67' title="bbox 2235 2265 3800 2342">
    <p class='ocr_par' dir='ltr' id='par_1_67' title="bbox 2235 2265 3800 2342">
     <span class='ocr_line' id='line_1_67' title="bbox 2235 2265 3800 2342; baseline -0.006 -14"><span class='ocrx_word' id='word_1_498' title='bbox 2235 2273 2472 2342; x_wconf 81' lang='lat' dir='ltr'><strong>singulis</strong></span> <span class='ocrx_word' id='word_1_499' title='bbox 2516 2270 2756 2340; x_wconf 83' lang='lat' dir='ltr'><strong>personis</strong></span> <span class='ocrx_word' id='word_1_500' title='bbox 2801 2268 3214 2335; x_wconf 84' lang='lat' dir='ltr'><strong>distinguantur.</strong></span> <span class='ocrx_word' id='word_1_501' title='bbox 3264 2265 3355 2321; x_wconf 90' lang='lat' dir='ltr'><strong>Vel</strong></span> <span class='ocrx_word' id='word_1_502' title='bbox 3398 2276 3554 2320; x_wconf 88' lang='lat' dir='ltr'><strong>certe</strong></span> <span class='ocrx_word' id='word_1_503' title='bbox 3599 2283 3692 2336; x_wconf 84' lang='lat' dir='ltr'><strong>per</strong></span> <span class='ocrx_word' id='word_1_504' title='bbox 3720 2268 3800 2318; x_wconf 60' lang='lat' dir='ltr'><strong>hoc</strong></span> 
     </span>
    </p>
   </div>
   <div class='ocr_carea' id='block_1_68' title="bbox 2251 2355 3797 2432">
    <p class='ocr_par' dir='ltr' id='par_1_68' title="bbox 2251 2355 3797 2432">
     <span class='ocr_line' id='line_1_68' title="bbox 2251 2355 3797 2432; baseline -0.006 -16"><span class='ocrx_word' id='word_1_505' title='bbox 2251 2373 2622 2432; x_wconf 83' lang='lat' dir='ltr'><strong>argumentum</strong></span> <span class='ocrx_word' id='word_1_506' title='bbox 2650 2364 2926 2412; x_wconf 88' lang='lat' dir='ltr'><strong>veritatem</strong></span> <span class='ocrx_word' id='word_1_507' title='bbox 2955 2357 3185 2426; x_wconf 84' lang='lat' dir='ltr'><strong>intellige</strong></span> <span class='ocrx_word' id='word_1_508' title='bbox 3218 2374 3229 2407; x_wconf 94' lang='lat'>:</span> <span class='ocrx_word' id='word_1_509' title='bbox 3255 2355 3365 2425; x_wconf 85' lang='lat' dir='ltr'><strong>Ego</strong></span> <span class='ocrx_word' id='word_1_510' title='bbox 3396 2367 3443 2408; x_wconf 74' lang='lat' dir='ltr'><strong>et</strong></span> <span class='ocrx_word' id='word_1_511' title='bbox 3472 2356 3637 2410; x_wconf 84' lang='lat' dir='ltr'><strong>Pater</strong></span> <span class='ocrx_word' id='word_1_512' title='bbox 3663 2375 3797 2410; x_wconf 66' lang='lat' dir='ltr'><strong>Imm</strong></span> 
     </span>
    </p>
   </div>
   <div class='ocr_carea' id='block_1_69' title="bbox 2252 2447 3798 2523">
    <p class='ocr_par' dir='ltr' id='par_1_69' title="bbox 2252 2447 3798 2523">
     <span class='ocr_line' id='line_1_69' title="bbox 2252 2447 3798 2523; baseline -0.003 -15"><span class='ocrx_word' id='word_1_513' title='bbox 2252 2449 2628 2523; x_wconf 28' lang='lat' dir='ltr'><strong>sumus’ann.</strong></span> <span class='ocrx_word' id='word_1_514' title='bbox 2660 2467 2716 2514; x_wconf 70' lang='grc' dir='ltr'><strong>χ,</strong></span> <span class='ocrx_word' id='word_1_515' title='bbox 2745 2447 2857 2520; x_wconf 77' lang='grc'><strong>50).</strong></span> <span class='ocrx_word' id='word_1_516' title='bbox 2893 2451 3082 2519; x_wconf 88' lang='lat' dir='ltr'><strong>Utique</strong></span> <span class='ocrx_word' id='word_1_517' title='bbox 3108 2452 3227 2518; x_wconf 88' lang='lat' dir='ltr'><strong>quia</strong></span> <span class='ocrx_word' id='word_1_518' title='bbox 3257 2451 3458 2503; x_wconf 86' lang='lat' dir='ltr'><strong>unitum</strong></span> <span class='ocrx_word' id='word_1_519' title='bbox 3491 2466 3689 2505; x_wconf 85' lang='lat' dir='ltr'><strong>nomen</strong></span> <span class='ocrx_word' id='word_1_520' title='bbox 3720 2469 3798 2504; x_wconf 60' lang='grc' dir='ltr'><strong>ηδε</strong></span> 
     </span>
    </p>
   </div>
   <div class='ocr_carea' id='block_1_70' title="bbox 2255 2541 3796 2613">
    <p class='ocr_par' dir='ltr' id='par_1_70' title="bbox 2255 2541 3796 2613">
     <span class='ocr_line' id='line_1_70' title="bbox 2255 2541 3796 2613; baseline -0.006 -14"><span class='ocrx_word' id='word_1_521' title='bbox 2255 2556 2385 2599; x_wconf 73' lang='lat' dir='ltr'><strong>tum</strong></span> <span class='ocrx_word' id='word_1_522' title='bbox 2402 2585 2418 2611; x_wconf 94' lang='lat'><strong>,</strong></span> <span class='ocrx_word' id='word_1_523' title='bbox 2451 2546 2626 2613; x_wconf 85' lang='lat' dir='ltr'><strong>plures</strong></span> <span class='ocrx_word' id='word_1_524' title='bbox 2649 2553 2846 2597; x_wconf 75' lang='lat' dir='ltr'><strong>natura:</strong></span> <span class='ocrx_word' id='word_1_525' title='bbox 2871 2555 2974 2594; x_wconf 90' lang='lat' dir='ltr'><strong>non</strong></span> <span class='ocrx_word' id='word_1_526' title='bbox 3003 2548 3143 2602; x_wconf 88' lang='lat' dir='ltr'><strong>sunt,</strong></span> <span class='ocrx_word' id='word_1_527' title='bbox 3167 2549 3222 2593; x_wconf 92' lang='lat' dir='ltr'><strong>et</strong></span> <span class='ocrx_word' id='word_1_528' title='bbox 3247 2552 3447 2602; x_wconf 87' lang='lat' dir='ltr'><strong>sumus,</strong></span> <span class='ocrx_word' id='word_1_529' title='bbox 3483 2541 3538 2593; x_wconf 90' lang='lat' dir='ltr'><strong>in</strong></span> <span class='ocrx_word' id='word_1_530' title='bbox 3574 2555 3675 2594; x_wconf 83' lang='lat' dir='ltr'><strong>una</strong></span> <span class='ocrx_word' id='word_1_531' title='bbox 3701 2557 3796 2609; x_wconf 77' lang='lat' dir='ltr'><strong>per-</strong></span> 
     </span>
    </p>
   </div>
   <div class='ocr_carea' id='block_1_71' title="bbox 2253 2627 3798 2698">
    <p class='ocr_par' dir='ltr' id='par_1_71' title="bbox 2253 2627 3798 2698">
     <span class='ocr_line' id='line_1_71' title="bbox 2253 2627 3798 2698; baseline -0.006 -10"><span class='ocrx_word' id='word_1_532' title='bbox 2253 2648 2385 2689; x_wconf 84' lang='lat' dir='ltr'><strong>sona</strong></span> <span class='ocrx_word' id='word_1_533' title='bbox 2423 2632 2536 2686; x_wconf 81' lang='lat' dir='ltr'><strong>non</strong></span> <span class='ocrx_word' id='word_1_534' title='bbox 2581 2642 2681 2684; x_wconf 89' lang='lat' dir='ltr'><strong>est.</strong></span> <span class='ocrx_word' id='word_1_535' title='bbox 2734 2630 2914 2698; x_wconf 87' lang='lat' dir='ltr'><strong>Itaque</strong></span> <span class='ocrx_word' id='word_1_536' title='bbox 2964 2629 3050 2681; x_wconf 88' lang='lat' dir='ltr'><strong>ubi</strong></span> <span class='ocrx_word' id='word_1_537' title='bbox 3092 2627 3307 2681; x_wconf 87' lang='lat' dir='ltr'><strong>deitatis</strong></span> <span class='ocrx_word' id='word_1_538' title='bbox 3357 2643 3556 2680; x_wconf 87' lang='lat' dir='ltr'><strong>nomen</strong></span> <span class='ocrx_word' id='word_1_539' title='bbox 3601 2629 3798 2689; x_wconf 84' lang='lat' dir='ltr'><strong>indicat,</strong></span> 
     </span>
    </p>
   </div>
   <div class='ocr_carea' id='block_1_72' title="bbox 2255 2717 3793 2790">
    <p class='ocr_par' dir='ltr' id='par_1_72' title="bbox 2255 2717 3793 2790">
     <span class='ocr_line' id='line_1_72' title="bbox 2255 2717 3793 2790; baseline -0.006 -12"><span class='ocrx_word' id='word_1_540' title='bbox 2255 2739 2411 2778; x_wconf 74' lang='lat' dir='ltr'><strong>unum</strong></span> <span class='ocrx_word' id='word_1_541' title='bbox 2455 2722 2693 2790; x_wconf 81' lang='lat' dir='ltr'><strong>designat</strong></span> <span class='ocrx_word' id='word_1_542' title='bbox 2724 2738 2736 2773; x_wconf 95' lang='lat'>:</span> <span class='ocrx_word' id='word_1_543' title='bbox 2762 2723 2846 2773; x_wconf 88' lang='lat' dir='ltr'><strong>ubi</strong></span> <span class='ocrx_word' id='word_1_544' title='bbox 2895 2727 3070 2772; x_wconf 86' lang='lat' dir='ltr'><strong>autem</strong></span> <span class='ocrx_word' id='word_1_545' title='bbox 3112 2717 3178 2769; x_wconf 89' lang='lat' dir='ltr'><strong>ad</strong></span> <span class='ocrx_word' id='word_1_546' title='bbox 3211 2719 3424 2770; x_wconf 86' lang='lat' dir='ltr'><strong>nomina</strong></span> <span class='ocrx_word' id='word_1_547' title='bbox 3469 2731 3793 2786; x_wconf 76' lang='lat' dir='ltr'><strong>personarum</strong></span> 
     </span>
    </p>
   </div>
   <div class='ocr_carea' id='block_1_73' title="bbox 2256 2808 3796 2884">
    <p class='ocr_par' dir='ltr' id='par_1_73' title="bbox 2256 2808 3796 2884">
     <span class='ocr_line' id='line_1_73' title="bbox 2256 2808 3796 2884; baseline -0.006 -18"><span class='ocrx_word' id='word_1_548' title='bbox 2256 2813 2422 2877; x_wconf 78' lang='lat' dir='ltr'><strong>venit,</strong></span> <span class='ocrx_word' id='word_1_549' title='bbox 2446 2828 2620 2884; x_wconf 78' lang='lat' dir='ltr'><strong>sumus</strong></span> <span class='ocrx_word' id='word_1_550' title='bbox 2646 2811 2897 2864; x_wconf 78' lang='lat' dir='ltr'><strong>ostendit.</strong></span> <span class='ocrx_word' id='word_1_551' title='bbox 2946 2809 3147 2862; x_wconf 88' lang='lat' dir='ltr'><strong>Idcirco</strong></span> <span class='ocrx_word' id='word_1_552' title='bbox 3185 2808 3328 2860; x_wconf 87' lang='lat' dir='ltr'><strong>aliud</strong></span> <span class='ocrx_word' id='word_1_553' title='bbox 3355 2818 3455 2871; x_wconf 81' lang='lat' dir='ltr'><strong>est,</strong></span> <span class='ocrx_word' id='word_1_554' title='bbox 3484 2809 3688 2861; x_wconf 85' lang='lat' dir='ltr'><strong>unitum</strong></span> <span class='ocrx_word' id='word_1_555' title='bbox 3718 2825 3796 2860; x_wconf 87' lang='lat' dir='ltr'><strong>no—</strong></span> 
     </span>
    </p>
   </div>
   <div class='ocr_carea' id='block_1_74' title="bbox 2257 2898 3797 2958">
    <p class='ocr_par' dir='ltr' id='par_1_74' title="bbox 2257 2898 3797 2958">
     <span class='ocr_line' id='line_1_74' title="bbox 2257 2898 3797 2958; baseline -0.005 -1"><span class='ocrx_word' id='word_1_556' title='bbox 2257 2920 2379 2958; x_wconf 89' lang='lat' dir='ltr'><strong>men</strong></span> <span class='ocrx_word' id='word_1_557' title='bbox 2418 2903 2630 2956; x_wconf 81' lang='lat' dir='ltr'><strong>deitatis</strong></span> <span class='ocrx_word' id='word_1_558' title='bbox 2663 2902 2727 2955; x_wconf 84' lang='lat' dir='ltr'><strong>ad</strong></span> <span class='ocrx_word' id='word_1_559' title='bbox 2766 2915 3101 2955; x_wconf 74' lang='lat' dir='ltr'><strong>communem</strong></span> <span class='ocrx_word' id='word_1_560' title='bbox 3145 2899 3516 2954; x_wconf 85' lang='lat' dir='ltr'><strong>auctoritatem</strong></span> <span class='ocrx_word' id='word_1_561' title='bbox 3545 2898 3797 2951; x_wconf 56' lang='lat' dir='ltr'><strong>Trinitati.</strong></span> 
     </span>
    </p>
   </div>
   <div class='ocr_carea' id='block_1_75' title="bbox 2261 2984 3798 3055">
    <p class='ocr_par' dir='ltr' id='par_1_75' title="bbox 2261 2984 3798 3055">
     <span class='ocr_line' id='line_1_75' title="bbox 2261 2984 3798 3055; baseline -0.003 -11"><span class='ocrx_word' id='word_1_562' title='bbox 2261 2993 2434 3044; x_wconf 87' lang='lat' dir='ltr'><strong>uniter</strong></span> <span class='ocrx_word' id='word_1_563' title='bbox 2461 2989 2682 3053; x_wconf 82' lang='lat' dir='ltr'><strong>referre,</strong></span> <span class='ocrx_word' id='word_1_564' title='bbox 2706 3000 2756 3043; x_wconf 87' lang='lat' dir='ltr'><strong>et</strong></span> <span class='ocrx_word' id='word_1_565' title='bbox 2785 2989 2927 3042; x_wconf 89' lang='lat' dir='ltr'><strong>aliud</strong></span> <span class='ocrx_word' id='word_1_566' title='bbox 2963 2998 3047 3042; x_wconf 88' lang='lat' dir='ltr'><strong>est</strong></span> <span class='ocrx_word' id='word_1_567' title='bbox 3070 2988 3272 3055; x_wconf 84' lang='lat' dir='ltr'><strong>singula</strong></span> <span class='ocrx_word' id='word_1_568' title='bbox 3301 2989 3518 3040; x_wconf 88' lang='lat' dir='ltr'><strong>nomina</strong></span> <span class='ocrx_word' id='word_1_569' title='bbox 3552 2984 3798 3054; x_wconf 71' lang='lat' dir='ltr'><strong>pluralitsr</strong></span> 
     </span>
    </p>
   </div>
   <div class='ocr_carea' id='block_1_76' title="bbox 2187 3077 3798 3149">
    <p class='ocr_par' dir='ltr' id='par_1_76' title="bbox 2187 3077 3798 3149">
     <span class='ocr_line' id='line_1_76' title="bbox 2187 3077 3798 3149; baseline -0.006 -14"><span class='ocrx_word' id='word_1_570' title='bbox 2187 3086 2233 3147; x_wconf 87' lang='lat' dir='ltr'>C</span> <span class='ocrx_word' id='word_1_571' title='bbox 2265 3095 2358 3148; x_wconf 82' lang='lat' dir='ltr'><strong>per</strong></span> <span class='ocrx_word' id='word_1_572' title='bbox 2403 3080 2635 3149; x_wconf 78' lang='lat' dir='ltr'><strong>singulas</strong></span> <span class='ocrx_word' id='word_1_573' title='bbox 2682 3093 2936 3147; x_wconf 77' lang='lat' dir='ltr'><strong>personas</strong></span> <span class='ocrx_word' id='word_1_574' title='bbox 2978 3077 3482 3146; x_wconf 76' lang='lat' dir='ltr'><strong>distinguerczq&#39;uia</strong></span> <span class='ocrx_word' id='word_1_575' title='bbox 3523 3077 3610 3129; x_wconf 82' lang='lat' dir='ltr'><strong>ubi</strong></span> <span class='ocrx_word' id='word_1_576' title='bbox 3637 3090 3798 3128; x_wconf 83' lang='lat' dir='ltr'><strong>natura</strong></span> 
     </span>
    </p>
   </div>
   <div class='ocr_carea' id='block_1_77' title="bbox 2267 3166 3796 3238">
    <p class='ocr_par' dir='ltr' id='par_1_77' title="bbox 2267 3166 3796 3238">
     <span class='ocr_line' id='line_1_77' title="bbox 2267 3166 3796 3238; baseline -0.007 -16"><span class='ocrx_word' id='word_1_577' title='bbox 2267 3173 2396 3224; x_wconf 72' lang='lat' dir='ltr'><strong>ustae.</strong></span> <span class='ocrx_word' id='word_1_578' title='bbox 2420 3170 2723 3238; x_wconf 86' lang='lat' dir='ltr'><strong>requiritur,</strong></span> <span class='ocrx_word' id='word_1_579' title='bbox 2751 3171 2950 3221; x_wconf 85' lang='lat' dir='ltr'><strong>unitum</strong></span> <span class='ocrx_word' id='word_1_580' title='bbox 2981 3179 3171 3220; x_wconf 90' lang='lat' dir='ltr'><strong>nomen</strong></span> <span class='ocrx_word' id='word_1_581' title='bbox 3197 3167 3461 3219; x_wconf 83' lang='lat' dir='ltr'><strong>revelatur</strong></span> <span class='ocrx_word' id='word_1_582' title='bbox 3486 3181 3500 3217; x_wconf 92' lang='lat'>:</span> <span class='ocrx_word' id='word_1_583' title='bbox 3525 3166 3613 3218; x_wconf 84' lang='lat' dir='ltr'><strong>ubi</strong></span> <span class='ocrx_word' id='word_1_584' title='bbox 3643 3177 3796 3215; x_wconf 85' lang='lat' dir='ltr'><strong>autem</strong></span> 
     </span>
    </p>
   </div>
   <div class='ocr_carea' id='block_1_78' title="bbox 2265 3256 3801 3330">
    <p class='ocr_par' dir='ltr' id='par_1_78' title="bbox 2265 3256 3801 3330">
     <span class='ocr_line' id='line_1_78' title="bbox 2265 3256 3801 3330; baseline -0.007 -14"><span class='ocrx_word' id='word_1_585' title='bbox 2265 3264 2478 3316; x_wconf 86' lang='lat' dir='ltr'><strong>nomina</strong></span> <span class='ocrx_word' id='word_1_586' title='bbox 2509 3263 2717 3330; x_wconf 83' lang='lat' dir='ltr'><strong>propria</strong></span> <span class='ocrx_word' id='word_1_587' title='bbox 2758 3261 3089 3325; x_wconf 86' lang='lat' dir='ltr'><strong>indicantur,</strong></span> <span class='ocrx_word' id='word_1_588' title='bbox 3122 3259 3344 3325; x_wconf 76' lang='lat' dir='ltr'><strong>singula:</strong></span> <span class='ocrx_word' id='word_1_589' title='bbox 3375 3272 3621 3324; x_wconf 75' lang='lat' dir='ltr'><strong>persona:</strong></span> <span class='ocrx_word' id='word_1_590' title='bbox 3649 3256 3801 3308; x_wconf 79' lang='lat' dir='ltr'><strong>inesse</strong></span> 
     </span>
    </p>
   </div>
   <div class='ocr_carea' id='block_1_79' title="bbox 2264 3345 3799 3417">
    <p class='ocr_par' dir='ltr' id='par_1_79' title="bbox 2264 3345 3799 3417">
     <span class='ocr_line' id='line_1_79' title="bbox 2264 3345 3799 3417; baseline -0.008 -9"><span class='ocrx_word' id='word_1_591' title='bbox 2264 3355 2620 3410; x_wconf 77' lang='lat' dir='ltr'><strong>declarantur.</strong></span> <span class='ocrx_word' id='word_1_592' title='bbox 2648 3352 2795 3406; x_wconf 88' lang='lat' dir='ltr'><strong>Sicut</strong></span> <span class='ocrx_word' id='word_1_593' title='bbox 2823 3359 2879 3404; x_wconf 89' lang='lat' dir='ltr'><strong>et</strong></span> <span class='ocrx_word' id='word_1_594' title='bbox 2904 3352 2954 3405; x_wconf 89' lang='lat' dir='ltr'><strong>in</strong></span> <span class='ocrx_word' id='word_1_595' title='bbox 2985 3351 3083 3403; x_wconf 90' lang='lat' dir='ltr'><strong>boc</strong></span> <span class='ocrx_word' id='word_1_596' title='bbox 3107 3357 3437 3417; x_wconf 84' lang='lat' dir='ltr'><strong>argumento</strong></span> <span class='ocrx_word' id='word_1_597' title='bbox 3472 3347 3576 3402; x_wconf 83' lang='lat' dir='ltr'><strong>Vas</strong></span> <span class='ocrx_word' id='word_1_598' title='bbox 3600 3345 3799 3399; x_wconf 86' lang='lat' dir='ltr'><strong>electio-</strong></span> 
     </span>
    </p>
   </div>
   <div class='ocr_carea' id='block_1_80' title="bbox 2267 3433 3799 3514">
    <p class='ocr_par' dir='ltr' id='par_1_80' title="bbox 2267 3433 3799 3514">
     <span class='ocr_line' id='line_1_80' title="bbox 2267 3433 3799 3514; baseline -0.012 -14"><span class='ocrx_word' id='word_1_599' title='bbox 2267 3447 2370 3514; x_wconf 85' lang='lat' dir='ltr'><strong>nis,</strong></span> <span class='ocrx_word' id='word_1_600' title='bbox 2389 3444 2620 3498; x_wconf 88' lang='lat' dir='ltr'><strong>breviter</strong></span> <span class='ocrx_word' id='word_1_601' title='bbox 2645 3442 2866 3495; x_wconf 85' lang='lat' dir='ltr'><strong>absolvit</strong></span> <span class='ocrx_word' id='word_1_602' title='bbox 2894 3457 2906 3492; x_wconf 90' lang='lat'><strong>:</strong></span> <span class='ocrx_word' id='word_1_603' title='bbox 2935 3439 3016 3493; x_wconf 80' lang='lat' dir='ltr'><strong>Ea:</strong></span> <span class='ocrx_word' id='word_1_604' title='bbox 3041 3438 3165 3502; x_wconf 85' lang='lat' dir='ltr'><strong>Deo,</strong></span> <span class='ocrx_word' id='word_1_605' title='bbox 3188 3451 3361 3489; x_wconf 75' lang='lat' dir='ltr'><strong>coram</strong></span> <span class='ocrx_word' id='word_1_606' title='bbox 3388 3434 3519 3514; x_wconf 67' lang='lat' dir='ltr'><strong>Deo,</strong></span> <span class='ocrx_word' id='word_1_607' title='bbox 3542 3436 3595 3487; x_wconf 74' lang='grc' dir='ltr'>ει</span> <span class='ocrx_word' id='word_1_608' title='bbox 3626 3433 3799 3486; x_wconf 68' lang='lat' dir='ltr'><strong>Curius</strong></span> 
     </span>
    </p>
   </div>
   <div class='ocr_carea' id='block_1_81' title="bbox 2267 3511 3798 3606">
    <p class='ocr_par' dir='ltr' id='par_1_81' title="bbox 2267 3511 3798 3606">
     <span class='ocr_line' id='line_1_81' title="bbox 2267 3511 3798 3606; baseline -0.012 -16"><span class='ocrx_word' id='word_1_609' title='bbox 2267 3511 2514 3606; x_wconf 65' lang='lat' dir='ltr'><strong>loquimur</strong></span> <span class='ocrx_word' id='word_1_610' title='bbox 2551 3532 2634 3604; x_wconf 83' lang='lat' dir='ltr'><strong>(II</strong></span> <span class='ocrx_word' id='word_1_611' title='bbox 2668 3531 2787 3586; x_wconf 90' lang='lat' dir='ltr'><strong>Cor.</strong></span> <span class='ocrx_word' id='word_1_612' title='bbox 2821 3546 2879 3599; x_wconf 84' lang='grc' dir='ltr'>ιι,</span> <span class='ocrx_word' id='word_1_613' title='bbox 2911 3530 3018 3600; x_wconf 75' lang='grc'><strong>17).</strong></span> <span class='ocrx_word' id='word_1_614' title='bbox 3068 3531 3214 3583; x_wconf 86' lang='lat' dir='ltr'><strong>Itane</strong></span> <span class='ocrx_word' id='word_1_615' title='bbox 3249 3542 3355 3581; x_wconf 91' lang='lat' dir='ltr'><strong>non</strong></span> <span class='ocrx_word' id='word_1_616' title='bbox 3391 3511 3494 3595; x_wconf 64' lang='lat' dir='ltr'><strong>per</strong></span> <span class='ocrx_word' id='word_1_617' title='bbox 3521 3527 3634 3578; x_wconf 65' lang='lat' dir='ltr'><strong>bac</strong></span> <span class='ocrx_word' id='word_1_618' title='bbox 3668 3523 3798 3576; x_wconf 83' lang='lat' dir='ltr'><strong>tacita</strong></span> 
     </span>
    </p>
   </div>
   <div class='ocr_carea' id='block_1_82' title="bbox 2269 3607 3798 3693">
    <p class='ocr_par' dir='ltr' id='par_1_82' title="bbox 2269 3607 3798 3693">
     <span class='ocr_line' id='line_1_82' title="bbox 2269 3607 3798 3693; baseline -0.01 -14"><span class='ocrx_word' id='word_1_619' title='bbox 2269 3626 2499 3688; x_wconf 86' lang='lat' dir='ltr'><strong>nomina,</strong></span> <span class='ocrx_word' id='word_1_620' title='bbox 2521 3623 2759 3693; x_wconf 76' lang='lat' dir='ltr'><strong>quamvis</strong></span> <span class='ocrx_word' id='word_1_621' title='bbox 2779 3634 3123 3690; x_wconf 66' lang='lat' dir='ltr'><strong>persoiiarum</strong></span> <span class='ocrx_word' id='word_1_622' title='bbox 3149 3617 3383 3686; x_wconf 84' lang='lat' dir='ltr'><strong>singulas</strong></span> <span class='ocrx_word' id='word_1_623' title='bbox 3413 3607 3798 3685; x_wconf 76' lang='lat' dir='ltr'><strong>signiﬁcationes</strong></span> 
     </span>
    </p>
   </div>
   <div class='ocr_carea' id='block_1_83' title="bbox 2271 3705 3797 3779">
    <p class='ocr_par' dir='ltr' id='par_1_83' title="bbox 2271 3705 3797 3779">
     <span class='ocr_line' id='line_1_83' title="bbox 2271 3705 3797 3779; baseline -0.01 -13"><span class='ocrx_word' id='word_1_624' title='bbox 2271 3716 2445 3768; x_wconf 78' lang='lat' dir='ltr'><strong>inesse</strong></span> <span class='ocrx_word' id='word_1_625' title='bbox 2468 3713 2775 3779; x_wconf 74' lang='lat' dir='ltr'><strong>declaravit,</strong></span> <span class='ocrx_word' id='word_1_626' title='bbox 2810 3711 2859 3765; x_wconf 90' lang='lat' dir='ltr'><strong>id</strong></span> <span class='ocrx_word' id='word_1_627' title='bbox 2897 3720 2982 3765; x_wconf 90' lang='lat' dir='ltr'><strong>est</strong></span> <span class='ocrx_word' id='word_1_628' title='bbox 3021 3725 3083 3762; x_wconf 76' lang='lat' dir='ltr'><strong>ea:</strong></span> <span class='ocrx_word' id='word_1_629' title='bbox 3131 3707 3255 3771; x_wconf 88' lang='lat' dir='ltr'><strong>Dea,</strong></span> <span class='ocrx_word' id='word_1_630' title='bbox 3289 3705 3430 3774; x_wconf 87' lang='lat' dir='ltr'><strong>quod</strong></span> <span class='ocrx_word' id='word_1_631' title='bbox 3461 3705 3722 3759; x_wconf 78' lang='lat' dir='ltr'><strong>evidenter</strong></span> <span class='ocrx_word' id='word_1_632' title='bbox 3746 3717 3797 3754; x_wconf 80' lang='lat' dir='ltr'><strong>er</strong></span> 
     </span>
    </p>
   </div>
   <div class='ocr_carea' id='block_1_84' title="bbox 2271 3790 3798 3869">
    <p class='ocr_par' dir='ltr' id='par_1_84' title="bbox 2271 3790 3798 3869">
     <span class='ocr_line' id='line_1_84' title="bbox 2271 3790 3798 3869; baseline -0.012 -10"><span class='ocrx_word' id='word_1_633' title='bbox 2271 3805 2380 3859; x_wconf 90' lang='lat' dir='ltr'><strong>Deo</strong></span> <span class='ocrx_word' id='word_1_634' title='bbox 2417 3804 2608 3867; x_wconf 88' lang='lat' dir='ltr'><strong>Patre;</strong></span> <span class='ocrx_word' id='word_1_635' title='bbox 2633 3811 2688 3855; x_wconf 92' lang='lat' dir='ltr'><strong>et</strong></span> <span class='ocrx_word' id='word_1_636' title='bbox 2716 3800 2853 3869; x_wconf 91' lang='lat' dir='ltr'><strong>quod</strong></span> <span class='ocrx_word' id='word_1_637' title='bbox 2883 3807 3191 3868; x_wconf 83' lang='lat' dir='ltr'><strong>prosecutus</strong></span> <span class='ocrx_word' id='word_1_638' title='bbox 3236 3806 3316 3850; x_wconf 86' lang='lat' dir='ltr'><strong>est</strong></span> <span class='ocrx_word' id='word_1_639' title='bbox 3359 3791 3696 3854; x_wconf 79' lang='lat' dir='ltr'><strong>coram-Deo,</strong></span> <span class='ocrx_word' id='word_1_640' title='bbox 3719 3790 3798 3840; x_wconf 83' lang='lat' dir='ltr'><strong>hoc</strong></span> 
     </span>
    </p>
   </div>
   <div class='ocr_carea' id='block_1_85' title="bbox 2273 3881 3796 3961">
    <p class='ocr_par' dir='ltr' id='par_1_85' title="bbox 2273 3881 3796 3961">
     <span class='ocr_line' id='line_1_85' title="bbox 2273 3881 3796 3961; baseline -0.016 -9"><span class='ocrx_word' id='word_1_641' title='bbox 2273 3908 2370 3961; x_wconf 81' lang='lat' dir='ltr'><strong>est,</strong></span> <span class='ocrx_word' id='word_1_642' title='bbox 2405 3907 2537 3950; x_wconf 85' lang='lat' dir='ltr'><strong>teste</strong></span> <span class='ocrx_word' id='word_1_643' title='bbox 2576 3896 2715 3956; x_wconf 80' lang='lat' dir='ltr'><strong>Deo.</strong></span> <span class='ocrx_word' id='word_1_644' title='bbox 2743 3900 2982 3947; x_wconf 89' lang='lat' dir='ltr'><strong>sanctum</strong></span> <span class='ocrx_word' id='word_1_645' title='bbox 3025 3888 3280 3956; x_wconf 85' lang='lat' dir='ltr'><strong>Spiritum</strong></span> <span class='ocrx_word' id='word_1_646' title='bbox 3325 3881 3729 3941; x_wconf 78' lang='lat' dir='ltr'><strong>demonstravit;</strong></span> <span class='ocrx_word' id='word_1_647' title='bbox 3756 3888 3796 3929; x_wconf 84' lang='lat' dir='ltr'><strong>et</strong></span> 
     </span>
    </p>
   </div>
   <div class='ocr_carea' id='block_1_86' title="bbox 2271 3971 3795 4049">
    <p class='ocr_par' dir='ltr' id='par_1_86' title="bbox 2271 3971 3795 4049">
     <span class='ocr_line' id='line_1_86' title="bbox 2271 3971 3795 4049; baseline -0.01 -11"><span class='ocrx_word' id='word_1_648' title='bbox 2271 3988 2320 4038; x_wconf 87' lang='lat' dir='ltr'><strong>in</strong></span> <span class='ocrx_word' id='word_1_649' title='bbox 2370 3984 2572 4040; x_wconf 78' lang='lat' dir='ltr'><strong>Chiistu</strong></span> <span class='ocrx_word' id='word_1_650' title='bbox 2609 3983 2878 4049; x_wconf 79' lang='lat' dir='ltr'><strong>loquimur,</strong></span> <span class='ocrx_word' id='word_1_651' title='bbox 2906 3979 3045 4049; x_wconf 86' lang='lat' dir='ltr'><strong>quod</strong></span> <span class='ocrx_word' id='word_1_652' title='bbox 3090 3979 3189 4040; x_wconf 87' lang='lat' dir='ltr'><strong>ait,</strong></span> <span class='ocrx_word' id='word_1_653' title='bbox 3223 3977 3398 4045; x_wconf 78' lang='lat' dir='ltr'><strong>utique</strong></span> <span class='ocrx_word' id='word_1_654' title='bbox 3441 3987 3541 4027; x_wconf 75' lang='lat' dir='ltr'><strong>n‘os</strong></span> <span class='ocrx_word' id='word_1_655' title='bbox 3584 3987 3650 4026; x_wconf 78' lang='lat' dir='ltr'><strong>ex</strong></span> <span class='ocrx_word' id='word_1_656' title='bbox 3690 3971 3795 4030; x_wconf 77' lang='lat' dir='ltr'><strong>Dea.</strong></span> 
     </span>
    </p>
   </div>
   <div class='ocr_carea' id='block_1_87' title="bbox 2272 4061 3794 4135">
    <p class='ocr_par' dir='ltr' id='par_1_87' title="bbox 2272 4061 3794 4135">
     <span class='ocr_line' id='line_1_87' title="bbox 2272 4061 3794 4135; baseline -0.011 -8"><span class='ocrx_word' id='word_1_657' title='bbox 2272 4088 2447 4127; x_wconf 88' lang='lat' dir='ltr'><strong>coram</strong></span> <span class='ocrx_word' id='word_1_658' title='bbox 2475 4073 2602 4135; x_wconf 85' lang='lat' dir='ltr'><strong>Deo,</strong></span> <span class='ocrx_word' id='word_1_659' title='bbox 2631 4073 2682 4124; x_wconf 92' lang='lat' dir='ltr'><strong>in</strong></span> <span class='ocrx_word' id='word_1_660' title='bbox 2715 4071 2844 4124; x_wconf 82' lang='lat' dir='ltr'><strong>Filio</strong></span> <span class='ocrx_word' id='word_1_661' title='bbox 2879 4070 2964 4123; x_wconf 88' lang='lat' dir='ltr'><strong>Dei</strong></span> <span class='ocrx_word' id='word_1_662' title='bbox 2993 4065 3356 4122; x_wconf 78' lang='lat' dir='ltr'><strong>tesdmonium</strong></span> <span class='ocrx_word' id='word_1_663' title='bbox 3381 4063 3543 4135; x_wconf 61' lang='lat' dir='ltr'><strong>ul</strong></span> <span class='ocrx_word' id='word_1_664' title='bbox 3573 4061 3794 4132; x_wconf 68' lang='lat' dir='ltr'><strong>pradica-</strong></span> 
     </span>
    </p>
   </div>
   <div class='ocr_carea' id='block_1_88' title="bbox 2276 4150 3794 4219">
    <p class='ocr_par' dir='ltr' id='par_1_88' title="bbox 2276 4150 3794 4219">
     <span class='ocr_line' id='line_1_88' title="bbox 2276 4150 3794 4219; baseline -0.014 -1"><span class='ocrx_word' id='word_1_665' title='bbox 2276 4179 2412 4217; x_wconf 92' lang='lat' dir='ltr'><strong>mus.</strong></span> <span class='ocrx_word' id='word_1_666' title='bbox 2448 4163 2603 4216; x_wconf 89' lang='lat' dir='ltr'><strong>Vides</strong></span> <span class='ocrx_word' id='word_1_667' title='bbox 2632 4159 2910 4215; x_wconf 81' lang='lat' dir='ltr'><strong>multifarie</strong></span> <span class='ocrx_word' id='word_1_668' title='bbox 2938 4158 3030 4212; x_wconf 89' lang='lat' dir='ltr'><strong>tibi</strong></span> <span class='ocrx_word' id='word_1_669' title='bbox 3061 4157 3256 4211; x_wconf 81' lang='lat' dir='ltr'><strong>dietum</strong></span> <span class='ocrx_word' id='word_1_670' title='bbox 3301 4155 3518 4208; x_wconf 88' lang='lat' dir='ltr'><strong>nomina</strong></span> <span class='ocrx_word' id='word_1_671' title='bbox 3544 4150 3730 4219; x_wconf 76' lang='lat' dir='ltr'><strong>singula</strong></span> <span class='ocrx_word' id='word_1_672' title='bbox 3755 4151 3794 4197; x_wconf 87' lang='lat' dir='ltr'><strong>in</strong></span> 
     </span>
    </p>
   </div>
   <div class='ocr_carea' id='block_1_89' title="bbox 2277 4245 3788 4326">
    <p class='ocr_par' dir='ltr' id='par_1_89' title="bbox 2277 4245 3788 4326">
     <span class='ocr_line' id='line_1_89' title="bbox 2277 4245 3788 4326; baseline -0.013 -15"><span class='ocrx_word' id='word_1_673' title='bbox 2277 4257 2517 4326; x_wconf 87' lang='lat' dir='ltr'><strong>personis</strong></span> <span class='ocrx_word' id='word_1_674' title='bbox 2547 4265 2755 4315; x_wconf 83' lang='lat' dir='ltr'><strong>ostensa</strong></span> <span class='ocrx_word' id='word_1_675' title='bbox 2787 4268 2926 4316; x_wconf 86' lang='lat' dir='ltr'><strong>esse,</strong></span> <span class='ocrx_word' id='word_1_676' title='bbox 2955 4250 3204 4320; x_wconf 85' lang='lat' dir='ltr'><strong>quoniam</strong></span> <span class='ocrx_word' id='word_1_677' title='bbox 3234 4249 3447 4302; x_wconf 86' lang='lat' dir='ltr'><strong>nomina</strong></span> <span class='ocrx_word' id='word_1_678' title='bbox 3485 4245 3677 4314; x_wconf 78' lang='lat' dir='ltr'><strong>singula</strong></span> <span class='ocrx_word' id='word_1_679' title='bbox 3707 4252 3788 4292; x_wconf 72' lang='lat' dir='ltr'><strong>tan</strong></span> 
     </span>
    </p>
   </div>
   <div class='ocr_carea' id='block_1_90' title="bbox 2279 4330 3793 4414">
    <p class='ocr_par' dir='ltr' id='par_1_90' title="bbox 2279 4330 3793 4414">
     <span class='ocr_line' id='line_1_90' title="bbox 2279 4330 3793 4414; baseline -0.015 -14"><span class='ocrx_word' id='word_1_680' title='bbox 2279 4356 2385 4400; x_wconf 91' lang='lat' dir='ltr'><strong>tum</strong></span> <span class='ocrx_word' id='word_1_681' title='bbox 2435 4348 2488 4401; x_wconf 87' lang='lat' dir='ltr'><strong>in</strong></span> <span class='ocrx_word' id='word_1_682' title='bbox 2542 4344 2779 4414; x_wconf 88' lang='lat' dir='ltr'><strong>personis</strong></span> <span class='ocrx_word' id='word_1_683' title='bbox 2828 4340 3061 4410; x_wconf 81' lang='lat' dir='ltr'><strong>perfecto</strong></span> <span class='ocrx_word' id='word_1_684' title='bbox 3101 4337 3476 4400; x_wconf 78' lang='lat' dir='ltr'><strong>ostenduntur,</strong></span> <span class='ocrx_word' id='word_1_685' title='bbox 3523 4343 3576 4388; x_wconf 80' lang='lat' dir='ltr'><strong>et</strong></span> <span class='ocrx_word' id='word_1_686' title='bbox 3617 4330 3793 4384; x_wconf 78' lang='lat' dir='ltr'><strong>deitatis</strong></span> 
     </span>
    </p>
   </div>
   <div class='ocr_carea' id='block_1_91' title="bbox 618 4428 3582 4515">
    <p class='ocr_par' dir='ltr' id='par_1_91' title="bbox 618 4428 3582 4515">
     <span class='ocr_line' id='line_1_91' title="bbox 618 4428 3582 4515; baseline -0.009 -9"><span class='ocrx_word' id='word_1_687' title='bbox 618 4428 686 4506; x_wconf 77' lang='lat' dir='ltr'><strong>eo</strong></span> <span class='ocrx_word' id='word_1_688' title='bbox 723 4428 874 4504; x_wconf 78' lang='lat' dir='ltr'><strong>natus</strong></span> <span class='ocrx_word' id='word_1_689' title='bbox 903 4459 1004 4515; x_wconf 85' lang='lat' dir='ltr'><strong>est,</strong></span> <span class='ocrx_word' id='word_1_690' title='bbox 1037 4449 1137 4500; x_wconf 82' lang='lat' dir='ltr'><strong>huc</strong></span> <span class='ocrx_word' id='word_1_691' title='bbox 1186 4448 1386 4499; x_wconf 88' lang='lat' dir='ltr'><strong>unitum</strong></span> <span class='ocrx_word' id='word_1_692' title='bbox 1439 4459 1626 4497; x_wconf 89' lang='lat' dir='ltr'><strong>nomen</strong></span> <span class='ocrx_word' id='word_1_693' title='bbox 1658 4453 1737 4496; x_wconf 76' lang='lat' dir='ltr'><strong>est</strong></span> <span class='ocrx_word' id='word_1_694' title='bbox 1767 4443 1838 4505; x_wconf 89' lang='lat' dir='ltr'><strong>ei,</strong></span> <span class='ocrx_word' id='word_1_695' title='bbox 1868 4452 1922 4496; x_wconf 91' lang='lat' dir='ltr'><strong>et</strong></span> <span class='ocrx_word' id='word_1_696' title='bbox 1946 4443 2171 4508; x_wconf 66' lang='lat' dir='ltr'><strong>Spiritus</strong></span> <span class='ocrx_word' id='word_1_697' title='bbox 2206 4429 2248 4487; x_wconf 80' lang='grc' dir='ltr'><strong>Ι)</strong></span> <span class='ocrx_word' id='word_1_698' title='bbox 2276 4439 2402 4491; x_wconf 63' lang='grc' dir='ltr'><strong>ιιεὶω</strong></span> <span class='ocrx_word' id='word_1_699' title='bbox 2432 4436 2676 4490; x_wconf 87' lang='lat' dir='ltr'><strong>indicium</strong></span> <span class='ocrx_word' id='word_1_700' title='bbox 2705 4436 2875 4488; x_wconf 90' lang='lat' dir='ltr'><strong>uniter</strong></span> <span class='ocrx_word' id='word_1_701' title='bbox 2905 4448 2996 4500; x_wconf 90' lang='lat' dir='ltr'><strong>per</strong></span> <span class='ocrx_word' id='word_1_702' title='bbox 3021 4435 3131 4484; x_wconf 74' lang='lat' dir='ltr'><strong>lucc</strong></span> <span class='ocrx_word' id='word_1_703' title='bbox 3164 4431 3272 4498; x_wconf 84' lang='lat' dir='ltr'><strong>ipsa</strong></span> <span class='ocrx_word' id='word_1_704' title='bbox 3300 4428 3582 4486; x_wconf 76' lang='lat' dir='ltr'><strong>indicatur.</strong></span> 
     </span>
    </p>
   </div>
   <div class='ocr_carea' id='block_1_92' title="bbox 626 4516 3781 4567">
    <p class='ocr_par' dir='ltr' id='par_1_92' title="bbox 626 4516 3781 4567">
     <span class='ocr_line' id='line_1_92' title="bbox 626 4516 3781 4567; baseline -0.004 -22"><span class='ocrx_word' id='word_1_705' title='bbox 626 4516 3781 4567; x_wconf 49' lang='grc' dir='ltr'><em>Μ</em></span> 
     </span>
    </p>
   </div>
   <div class='ocr_carea' id='block_1_93' title="bbox 1563 4591 3023 4735">
    <p class='ocr_par' dir='ltr' id='par_1_93' title="bbox 1563 4591 3023 4735">
     <span class='ocr_line' id='line_1_93' title="bbox 1563 4591 3023 4735; baseline -0.011 -28"><span class='ocrx_word' id='word_1_706' title='bbox 1563 4597 2039 4735; x_wconf 83' lang='lat' dir='ltr'><strong><em>LIBER</em></strong></span> <span class='ocrx_word' id='word_1_707' title='bbox 2124 4591 2849 4722; x_wconf 76' lang='lat' dir='ltr'><strong>QUINTUS.</strong></span> <span class='ocrx_word' id='word_1_708' title='bbox 2920 4592 2924 4594; x_wconf 56' lang='lat'><strong><em>‘</em></strong></span> <span class='ocrx_word' id='word_1_709' title='bbox 3021 4687 3023 4689; x_wconf 75' lang='grc'><strong><em>,</em></strong></span> 
     </span>
    </p>
   </div>
   <div class='ocr_carea' id='block_1_94' title="bbox 1399 4747 3061 4832">
    <p class='ocr_par' dir='ltr' id='par_1_94' title="bbox 1399 4747 3061 4832">
     <span class='ocr_line' id='line_1_94' title="bbox 1399 4747 3061 4832; baseline -0.012 -9"><span class='ocrx_word' id='word_1_710' title='bbox 1399 4765 1486 4823; x_wconf 72' lang='lat' dir='ltr'><strong>De</strong></span> <span class='ocrx_word' id='word_1_711' title='bbox 1525 4761 1707 4820; x_wconf 83' lang='lat' dir='ltr'><strong>unita</strong></span> <span class='ocrx_word' id='word_1_712' title='bbox 1752 4777 1823 4819; x_wconf 86' lang='lat' dir='ltr'><strong>ac</strong></span> <span class='ocrx_word' id='word_1_713' title='bbox 1878 4756 2257 4832; x_wconf 81' lang='lat' dir='ltr'><strong>sempiterna</strong></span> <span class='ocrx_word' id='word_1_714' title='bbox 2311 4751 2658 4812; x_wconf 79' lang='lat' dir='ltr'><strong>substantia</strong></span> <span class='ocrx_word' id='word_1_715' title='bbox 2708 4747 3061 4807; x_wconf 73' lang='lat' dir='ltr'><strong>Trinitatis.</strong></span> 
     </span>
    </p>
   </div>
   <div class='ocr_carea' id='block_1_95' title="bbox 1619 4851 2848 4914">
    <p class='ocr_par' dir='ltr' id='par_1_95' title="bbox 1619 4851 2848 4914">
     <span class='ocr_line' id='line_1_95' title="bbox 1619 4851 2848 4914; baseline -0.011 -7"><span class='ocrx_word' id='word_1_716' title='bbox 1619 4857 1713 4908; x_wconf 78' lang='lat' dir='ltr'><strong>llic</strong></span> <span class='ocrx_word' id='word_1_717' title='bbox 1731 4857 2102 4906; x_wconf 70' lang='lat' dir='ltr'><strong>contradicendo</strong></span> <span class='ocrx_word' id='word_1_718' title='bbox 2125 4865 2328 4914; x_wconf 78' lang='lat' dir='ltr'><strong>persona</strong></span> <span class='ocrx_word' id='word_1_719' title='bbox 2353 4860 2427 4899; x_wconf 77' lang='lat' dir='ltr'><strong>est</strong></span> <span class='ocrx_word' id='word_1_720' title='bbox 2451 4851 2848 4898; x_wconf 76' lang='lat' dir='ltr'><strong>arioruauitarum.</strong></span> 
     </span>
    </p>
   </div>
   <div class='ocr_carea' id='block_1_96' title="bbox 699 5025 2173 5091">
    <p class='ocr_par' dir='ltr' id='par_1_96' title="bbox 699 5025 2173 5091">
     <span class='ocr_line' id='line_1_96' title="bbox 699 5025 2173 5091; baseline -0.007 -4"><span class='ocrx_word' id='word_1_721' title='bbox 699 5033 998 5088; x_wconf 79' lang='lat' dir='ltr'><strong>lla&#39;rcticus.</strong></span> <span class='ocrx_word' id='word_1_722' title='bbox 1061 5029 1166 5083; x_wconf 88' lang='lat' dir='ltr'><strong>Cur</strong></span> <span class='ocrx_word' id='word_1_723' title='bbox 1212 5025 1485 5081; x_wconf 70' lang='lat' dir='ltr'><strong>confossus</strong></span> <span class='ocrx_word' id='word_1_724' title='bbox 1520 5039 1583 5079; x_wconf 85' lang='lat' dir='ltr'><strong>es</strong></span> <span class='ocrx_word' id='word_1_725' title='bbox 1627 5025 2008 5091; x_wconf 73' lang='lat' dir='ltr'><strong>sempiternum</strong></span> <span class='ocrx_word' id='word_1_726' title='bbox 2055 5038 2173 5078; x_wconf 71' lang='lat' dir='ltr'><strong>etin:</strong></span> 
     </span>
    </p>
   </div>
   <div class='ocr_carea' id='block_1_97' title="bbox 634 5113 2176 5183">
    <p class='ocr_par' dir='ltr' id='par_1_97' title="bbox 634 5113 2176 5183">
     <span class='ocr_line' id='line_1_97' title="bbox 634 5113 2176 5183; baseline -0.008 -5"><span class='ocrx_word' id='word_1_727' title='bbox 634 5128 784 5179; x_wconf 81' lang='lat' dir='ltr'><strong>Patre</strong></span> <span class='ocrx_word' id='word_1_728' title='bbox 809 5136 926 5176; x_wconf 63' lang='lat' dir='ltr'><strong>esse</strong></span> <span class='ocrx_word' id='word_1_729' title='bbox 959 5119 1167 5183; x_wconf 80' lang='lat' dir='ltr'><strong>Filium,</strong></span> <span class='ocrx_word' id='word_1_730' title='bbox 1207 5131 1359 5182; x_wconf 82' lang='lat' dir='ltr'><strong>quem</strong></span> <span class='ocrx_word' id='word_1_731' title='bbox 1392 5115 1633 5169; x_wconf 82' lang='lat' dir='ltr'><strong>nativitas</strong></span> <span class='ocrx_word' id='word_1_732' title='bbox 1666 5113 1994 5173; x_wconf 63' lang='lat' dir='ltr'><strong>nutomodo</strong></span> <span class='ocrx_word' id='word_1_733' title='bbox 2024 5127 2176 5180; x_wconf 82' lang='lat' dir='ltr'><strong>passa</strong></span> 
     </span>
    </p>
   </div>
   <div class='ocr_carea' id='block_1_98' title="bbox 629 5201 2177 5271">
    <p class='ocr_par' dir='ltr' id='par_1_98' title="bbox 629 5201 2177 5271">
     <span class='ocr_line' id='line_1_98' title="bbox 629 5201 2177 5271; baseline -0.008 -5"><span class='ocrx_word' id='word_1_734' title='bbox 629 5227 709 5266; x_wconf 81' lang='lat' dir='ltr'><strong>est</strong></span> <span class='ocrx_word' id='word_1_735' title='bbox 737 5213 1009 5265; x_wconf 84' lang='lat' dir='ltr'><strong>admittere</strong></span> <span class='ocrx_word' id='word_1_736' title='bbox 1039 5208 1089 5259; x_wconf 91' lang='lat' dir='ltr'><strong>in</strong></span> <span class='ocrx_word' id='word_1_737' title='bbox 1127 5203 1572 5271; x_wconf 82' lang='lat' dir='ltr'><strong>sempiternitate?</strong></span> <span class='ocrx_word' id='word_1_738' title='bbox 1601 5201 1691 5270; x_wconf 83' lang='lat' dir='ltr'><strong>qui</strong></span> <span class='ocrx_word' id='word_1_739' title='bbox 1735 5201 1778 5256; x_wconf 85' lang='lat' dir='ltr'><strong>si</strong></span> <span class='ocrx_word' id='word_1_740' title='bbox 1823 5204 2177 5269; x_wconf 77' lang='lat' dir='ltr'><strong>sempiternus</strong></span> 
     </span>
    </p>
   </div>
   <div class='ocr_carea' id='block_1_99' title="bbox 635 5292 2179 5368">
    <p class='ocr_par' dir='ltr' id='par_1_99' title="bbox 635 5292 2179 5368">
     <span class='ocr_line' id='line_1_99' title="bbox 635 5292 2179 5368; baseline -0.008 -14"><span class='ocrx_word' id='word_1_741' title='bbox 635 5319 734 5355; x_wconf 82' lang='lat' dir='ltr'><strong>una</strong></span> <span class='ocrx_word' id='word_1_742' title='bbox 769 5316 885 5352; x_wconf 87' lang='lat' dir='ltr'><strong>cum</strong></span> <span class='ocrx_word' id='word_1_743' title='bbox 926 5299 1077 5351; x_wconf 75' lang='lat' dir='ltr'><strong>Patre</strong></span> <span class='ocrx_word' id='word_1_744' title='bbox 1107 5302 1250 5368; x_wconf 72' lang='lat' dir='ltr'><strong>erat,</strong></span> <span class='ocrx_word' id='word_1_745' title='bbox 1277 5301 1425 5346; x_wconf 87' lang='lat' dir='ltr'><strong>natus</strong></span> <span class='ocrx_word' id='word_1_746' title='bbox 1457 5307 1559 5345; x_wconf 90' lang='lat' dir='ltr'><strong>non</strong></span> <span class='ocrx_word' id='word_1_747' title='bbox 1587 5302 1700 5354; x_wconf 88' lang='lat' dir='ltr'><strong>est;</strong></span> <span class='ocrx_word' id='word_1_748' title='bbox 1730 5292 1773 5342; x_wconf 92' lang='lat' dir='ltr'><strong>si</strong></span> <span class='ocrx_word' id='word_1_749' title='bbox 1803 5301 1983 5344; x_wconf 84' lang='lat' dir='ltr'><strong>autem</strong></span> <span class='ocrx_word' id='word_1_750' title='bbox 2013 5299 2179 5356; x_wconf 71' lang='lat' dir='ltr'><strong>natus</strong></span> 
     </span>
    </p>
   </div>
   <div class='ocr_carea' id='block_1_100' title="bbox 636 5380 2179 5455">
    <p class='ocr_par' dir='ltr' id='par_1_100' title="bbox 636 5380 2179 5455">
     <span class='ocr_line' id='line_1_100' title="bbox 636 5380 2179 5455; baseline -0.008 -9"><span class='ocrx_word' id='word_1_751' title='bbox 636 5405 740 5455; x_wconf 66' lang='lat' dir='ltr'><strong>t‘al,</strong></span> <span class='ocrx_word' id='word_1_752' title='bbox 795 5391 1143 5454; x_wconf 81' lang='lat' dir='ltr'><strong>sempiternus</strong></span> <span class='ocrx_word' id='word_1_753' title='bbox 1189 5398 1306 5441; x_wconf 54' lang='lat' dir='ltr'><strong>esse</strong></span> <span class='ocrx_word' id='word_1_754' title='bbox 1355 5398 1456 5436; x_wconf 90' lang='lat' dir='ltr'><strong>non</strong></span> <span class='ocrx_word' id='word_1_755' title='bbox 1503 5392 1713 5450; x_wconf 79' lang='lat' dir='ltr'><strong>potest,</strong></span> <span class='ocrx_word' id='word_1_756' title='bbox 1761 5380 1885 5435; x_wconf 88' lang='lat' dir='ltr'><strong>dum</strong></span> <span class='ocrx_word' id='word_1_757' title='bbox 1933 5381 2179 5434; x_wconf 78' lang='lat' dir='ltr'><strong>nativitas</strong></span> 
     </span>
    </p>
   </div>
   <div class='ocr_carea' id='block_1_101' title="bbox 593 5475 1443 5549">
    <p class='ocr_par' dir='ltr' id='par_1_101' title="bbox 593 5475 1443 5549">
     <span class='ocr_line' id='line_1_101' title="bbox 593 5475 1443 5549; baseline -0.014 -13"><span class='ocrx_word' id='word_1_758' title='bbox 593 5481 596 5485; x_wconf 74' lang='grc'><strong>’</strong></span> <span class='ocrx_word' id='word_1_759' title='bbox 640 5493 897 5549; x_wconf 81' lang='lat' dir='ltr'><strong>posterior</strong></span> <span class='ocrx_word' id='word_1_760' title='bbox 919 5483 984 5529; x_wconf 74' lang='lat' dir='ltr'><strong>sit</strong></span> <span class='ocrx_word' id='word_1_761' title='bbox 1009 5475 1443 5544; x_wconf 85' lang='lat' dir='ltr'><strong>sempiternitatc.</strong></span> 
     </span>
    </p>
   </div>
   <div class='ocr_carea' id='block_1_102' title="bbox 718 5560 2184 5629">
    <p class='ocr_par' dir='ltr' id='par_1_102' title="bbox 718 5560 2184 5629">
     <span class='ocr_line' id='line_1_102' title="bbox 718 5560 2184 5629; baseline -0.005 -8"><span class='ocrx_word' id='word_1_762' title='bbox 718 5569 1026 5621; x_wconf 58' lang='lat' dir='ltr'><strong>dtlmnmits.</strong></span> <span class='ocrx_word' id='word_1_763' title='bbox 1075 5567 1116 5617; x_wconf 82' lang='grc'>0</span> <span class='ocrx_word' id='word_1_764' title='bbox 1161 5566 1326 5616; x_wconf 72' lang='lat' dir='ltr'><strong>inanis</strong></span> <span class='ocrx_word' id='word_1_765' title='bbox 1376 5562 1648 5626; x_wconf 81' lang='lat' dir='ltr'><strong>machina,</strong></span> <span class='ocrx_word' id='word_1_766' title='bbox 1677 5561 1739 5613; x_wconf 83' lang='lat' dir='ltr'><strong>de</strong></span> <span class='ocrx_word' id='word_1_767' title='bbox 1782 5561 1950 5629; x_wconf 81' lang='lat' dir='ltr'><strong>ligno,</strong></span> <span class='ocrx_word' id='word_1_768' title='bbox 1984 5560 2101 5614; x_wconf 72' lang='lat' dir='ltr'><strong>leno</strong></span> <span class='ocrx_word' id='word_1_769' title='bbox 2133 5571 2184 5615; x_wconf 78' lang='lat' dir='ltr'><strong>et</strong></span> 
     </span>
    </p>
   </div>
   <div class='ocr_carea' id='block_1_103' title="bbox 2282 5005 3787 5083">
    <p class='ocr_par' dir='ltr' id='par_1_103' title="bbox 2282 5005 3787 5083">
     <span class='ocr_line' id='line_1_103' title="bbox 2282 5005 3787 5083; baseline -0.011 -11"><span class='ocrx_word' id='word_1_770' title='bbox 2282 5019 2557 5083; x_wconf 87' lang='lat' dir='ltr'><strong>stramine,</strong></span> <span class='ocrx_word' id='word_1_771' title='bbox 2590 5016 2642 5068; x_wconf 84' lang='lat' dir='ltr'><strong>in</strong></span> <span class='ocrx_word' id='word_1_772' title='bbox 2668 5015 2846 5068; x_wconf 83' lang='lat' dir='ltr'><strong>arenis</strong></span> <span class='ocrx_word' id='word_1_773' title='bbox 2874 5014 3153 5076; x_wconf 52' lang='lat' dir='ltr'><strong>aediﬁcata,</strong></span> <span class='ocrx_word' id='word_1_774' title='bbox 3175 5013 3323 5082; x_wconf 85' lang='lat' dir='ltr'><strong>cujus</strong></span> <span class='ocrx_word' id='word_1_775' title='bbox 3345 5014 3397 5065; x_wconf 89' lang='lat' dir='ltr'><strong>in</strong></span> <span class='ocrx_word' id='word_1_776' title='bbox 3419 5012 3646 5080; x_wconf 82' lang='lat' dir='ltr'><strong>proximo</strong></span> <span class='ocrx_word' id='word_1_777' title='bbox 3671 5005 3787 5057; x_wconf 68' lang='lat' dir='ltr'><strong>adest</strong></span> 
     </span>
    </p>
   </div>
   <div class='ocr_carea' id='block_1_104' title="bbox 2280 5101 3784 5165">
    <p class='ocr_par' dir='ltr' id='par_1_104' title="bbox 2280 5101 3784 5165">
     <span class='ocr_line' id='line_1_104' title="bbox 2280 5101 3784 5165; baseline -0.008 -5"><span class='ocrx_word' id='word_1_778' title='bbox 2280 5106 2432 5165; x_wconf 75' lang='lat' dir='ltr'><strong>ruina</strong></span> <span class='ocrx_word' id='word_1_779' title='bbox 2459 5115 2518 5161; x_wconf 77' lang='lat' dir='ltr'><strong>et</strong></span> <span class='ocrx_word' id='word_1_780' title='bbox 2546 5104 2870 5159; x_wconf 83' lang='lat' dir='ltr'><strong>incendium!</strong></span> <span class='ocrx_word' id='word_1_781' title='bbox 2904 5103 2999 5157; x_wconf 85' lang='lat' dir='ltr'><strong>ilic</strong></span> <span class='ocrx_word' id='word_1_782' title='bbox 3042 5101 3110 5154; x_wconf 84' lang='lat' dir='ltr'><strong>ad</strong></span> <span class='ocrx_word' id='word_1_783' title='bbox 3149 5110 3297 5154; x_wconf 83' lang='lat' dir='ltr'><strong>tuum</strong></span> <span class='ocrx_word' id='word_1_784' title='bbox 3326 5102 3521 5154; x_wconf 81' lang='lat' dir='ltr'><strong>malum</strong></span> <span class='ocrx_word' id='word_1_785' title='bbox 3550 5106 3784 5164; x_wconf 63' lang='lat' dir='ltr'><strong>argumen-</strong></span> 
     </span>
    </p>
   </div>
   <div class='ocr_carea' id='block_1_105' title="bbox 2286 5186 3785 5260">
    <p class='ocr_par' dir='ltr' id='par_1_105' title="bbox 2286 5186 3785 5260">
     <span class='ocr_line' id='line_1_105' title="bbox 2286 5186 3785 5260; baseline -0.015 -8"><span class='ocrx_word' id='word_1_786' title='bbox 2286 5213 2392 5254; x_wconf 90' lang='lat' dir='ltr'><strong>tum</strong></span> <span class='ocrx_word' id='word_1_787' title='bbox 2419 5213 2639 5253; x_wconf 71' lang='lat' dir='ltr'><strong>necesse</strong></span> <span class='ocrx_word' id='word_1_788' title='bbox 2666 5207 2747 5251; x_wconf 86' lang='lat' dir='ltr'><strong>est</strong></span> <span class='ocrx_word' id='word_1_789' title='bbox 2773 5208 2828 5250; x_wconf 91' lang='lat' dir='ltr'><strong>ut</strong></span> <span class='ocrx_word' id='word_1_790' title='bbox 2853 5207 3035 5249; x_wconf 77' lang='lat' dir='ltr'><strong>contra</strong></span> <span class='ocrx_word' id='word_1_791' title='bbox 3075 5207 3126 5247; x_wconf 84' lang='lat' dir='ltr'><strong>te</strong></span> <span class='ocrx_word' id='word_1_792' title='bbox 3157 5193 3418 5260; x_wconf 73' lang='lat' dir='ltr'><strong>proforam</strong></span> <span class='ocrx_word' id='word_1_793' title='bbox 3459 5203 3592 5246; x_wconf 77' lang='lat' dir='ltr'><strong>verre</strong></span> <span class='ocrx_word' id='word_1_794' title='bbox 3619 5186 3785 5251; x_wconf 77' lang='lat' dir='ltr'><strong>sapien-</strong></span> 
     </span>
    </p>
   </div>
   <div class='ocr_carea' id='block_1_106' title="bbox 2286 5272 3781 5350">
    <p class='ocr_par' dir='ltr' id='par_1_106' title="bbox 2286 5272 3781 5350">
     <span class='ocr_line' id='line_1_106' title="bbox 2286 5272 3781 5350; baseline -0.013 -8"><span class='ocrx_word' id='word_1_795' title='bbox 2286 5292 2370 5342; x_wconf 75' lang='lat' dir='ltr'><strong>tia:</strong></span> <span class='ocrx_word' id='word_1_796' title='bbox 2402 5288 2758 5342; x_wconf 83' lang='lat' dir='ltr'><strong>interdictum.</strong></span> <span class='ocrx_word' id='word_1_797' title='bbox 2810 5288 2983 5350; x_wconf 80' lang='lat' dir='ltr'><strong>Quare</strong></span> <span class='ocrx_word' id='word_1_798' title='bbox 3015 5300 3116 5335; x_wconf 84' lang='lat' dir='ltr'><strong>non</strong></span> <span class='ocrx_word' id='word_1_799' title='bbox 3159 5285 3216 5334; x_wconf 79' lang='lat' dir='ltr'><strong>ﬁt</strong></span> <span class='ocrx_word' id='word_1_800' title='bbox 3258 5283 3602 5350; x_wconf 72' lang='lat' dir='ltr'><strong>sempiternos</strong></span> <span class='ocrx_word' id='word_1_801' title='bbox 3636 5272 3781 5326; x_wconf 76' lang='lat' dir='ltr'><strong>Filius.</strong></span> 
     </span>
    </p>
   </div>
   <div class='ocr_carea' id='block_1_107' title="bbox 2284 5359 3782 5450">
    <p class='ocr_par' dir='ltr' id='par_1_107' title="bbox 2284 5359 3782 5450">
     <span class='ocr_line' id='line_1_107' title="bbox 2284 5359 3782 5450; baseline -0.02 -14"><span class='ocrx_word' id='word_1_802' title='bbox 2284 5383 2436 5450; x_wconf 79' lang='lat' dir='ltr'><strong>cujus</strong></span> <span class='ocrx_word' id='word_1_803' title='bbox 2473 5381 2720 5437; x_wconf 78' lang='lat' dir='ltr'><strong>nativitas</strong></span> <span class='ocrx_word' id='word_1_804' title='bbox 2759 5379 2904 5431; x_wconf 68' lang='lat' dir='ltr'><strong>nullo</strong></span> <span class='ocrx_word' id='word_1_805' title='bbox 2941 5377 3097 5428; x_wconf 83' lang='lat' dir='ltr'><strong>modo</strong></span> <span class='ocrx_word' id='word_1_806' title='bbox 3125 5373 3420 5428; x_wconf 74' lang='lat' dir='ltr'><strong>excluditur</strong></span> <span class='ocrx_word' id='word_1_807' title='bbox 3447 5385 3476 5426; x_wconf 80' lang='grc' dir='ltr'><strong>ι</strong></span> <span class='ocrx_word' id='word_1_808' title='bbox 3503 5359 3782 5431; x_wconf 80' lang='lat' dir='ltr'><strong>sempiterni-</strong></span> 
     </span>
    </p>
   </div>
   <div class='ocr_carea' id='block_1_108' title="bbox 2287 5457 3780 5537">
    <p class='ocr_par' dir='ltr' id='par_1_108' title="bbox 2287 5457 3780 5537">
     <span class='ocr_line' id='line_1_108' title="bbox 2287 5457 3780 5537; baseline -0.012 -10"><span class='ocrx_word' id='word_1_809' title='bbox 2287 5475 2426 5527; x_wconf 72' lang='lat' dir='ltr'><strong>tate?</strong></span> <span class='ocrx_word' id='word_1_810' title='bbox 2457 5473 2561 5527; x_wconf 88' lang='lat' dir='ltr'><strong>Sed</strong></span> <span class='ocrx_word' id='word_1_811' title='bbox 2589 5473 2692 5524; x_wconf 87' lang='lat' dir='ltr'><strong>inm</strong></span> <span class='ocrx_word' id='word_1_812' title='bbox 2725 5473 2806 5524; x_wconf 87' lang='lat' dir='ltr'><strong>bic</strong></span> <span class='ocrx_word' id='word_1_813' title='bbox 2837 5473 2920 5537; x_wconf 86' lang='lat' dir='ltr'><strong>qui</strong></span> <span class='ocrx_word' id='word_1_814' title='bbox 2951 5478 3071 5521; x_wconf 86' lang='lat' dir='ltr'><strong>ante</strong></span> <span class='ocrx_word' id='word_1_815' title='bbox 3103 5481 3258 5520; x_wconf 83' lang='lat' dir='ltr'><strong>omne</strong></span> <span class='ocrx_word' id='word_1_816' title='bbox 3283 5469 3500 5519; x_wconf 86' lang='lat' dir='ltr'><strong>omnino</strong></span> <span class='ocrx_word' id='word_1_817' title='bbox 3521 5457 3780 5533; x_wconf 71' lang='lat' dir='ltr'><strong>principium</strong></span> 
     </span>
    </p>
   </div>
   <div class='ocr_carea' id='block_1_109' title="bbox 2283 5546 3782 5627">
    <p class='ocr_par' dir='ltr' id='par_1_109' title="bbox 2283 5546 3782 5627">
     <span class='ocr_line' id='line_1_109' title="bbox 2283 5546 3782 5627; baseline -0.008 -11"><span class='ocrx_word' id='word_1_818' title='bbox 2283 5564 2388 5627; x_wconf 84' lang='lat' dir='ltr'><strong>jam</strong></span> <span class='ocrx_word' id='word_1_819' title='bbox 2423 5572 2572 5614; x_wconf 83' lang='lat' dir='ltr'><strong>natus</strong></span> <span class='ocrx_word' id='word_1_820' title='bbox 2618 5561 2802 5624; x_wconf 78' lang='lat' dir='ltr'><strong>fuerat,</strong></span> <span class='ocrx_word' id='word_1_821' title='bbox 2830 5560 2992 5627; x_wconf 70' lang='lat' dir='ltr'><strong>ipsius</strong></span> <span class='ocrx_word' id='word_1_822' title='bbox 3039 5568 3120 5611; x_wconf 84' lang='lat' dir='ltr'><strong>est</strong></span> <span class='ocrx_word' id='word_1_823' title='bbox 3164 5571 3262 5610; x_wconf 88' lang='lat' dir='ltr'><strong>una</strong></span> <span class='ocrx_word' id='word_1_824' title='bbox 3313 5571 3432 5610; x_wconf 85' lang='lat' dir='ltr'><strong>cum</strong></span> <span class='ocrx_word' id='word_1_825' title='bbox 3467 5555 3606 5606; x_wconf 80' lang='lat' dir='ltr'><strong>Patre</strong></span> <span class='ocrx_word' id='word_1_826' title='bbox 3631 5546 3782 5604; x_wconf 60' lang='lat' dir='ltr'><strong>sett&#39;t’i&#39;</strong></span> 
     </span>
    </p>
   </div>
  </div>
