3856 6222
74 183 176 235 Si}?

1320 176 1399 230 DE
1440 175 1806 230 ΤΙΠΝΙΤΛΤΕ
1848 175 1973 227 LIB.
2018 173 2066 225 V.

3200 175 3300 228 9.70

75 300 339 360 lentius,
379 300 501 355 dum
550 298 616 353 de
664 299 988 363 sempiterno
1033 293 1388 362 sempiternus
1437 292 1643 360 genitus
1676 293 1720 348 Δ
1750 292 1944 356 genuit.
1996 288 2108 340 Non
2142 287 2232 338 tibi
2266 286 2469 340 videtur
2506 287 2624 354 quia
2679 294 2956 354 utrumque
2983 299 3077 339 eos
3105 299 3133 338 a
3162 299 3292 339 seru-

77 391 256 444 l’uerit.
291 389 395 444 Sed
416 390 552 443 dicis
576 391 704 442 mihi
731 406 743 441 :
767 387 1021 442 Nativitas
1049 384 1309 452 posterior
1337 392 1419 436 est
1442 398 1468 434 a
1495 381 1643 449 geni-

79 493 191 534 tore
223 497 351 533 suo.
395 479 599 533 Revera
639 480 788 548 quasi
833 478 974 545 prius
1015 484 1300 542 conceptus
1328 473 1393 526 de
1423 471 1644 532 semine,

79 579 168 622 aut
214 571 527 638 coagulatus
573 570 624 621 in
675 578 875 629 ventre,
910 574 963 619 et
1009 579 1173 632 usque
1217 563 1282 615 ad
1323 571 1644 629 postremum

81 663 475 714 incrementum
518 660 764 713 nativitas
813 658 926 724 ejus
966 655 1223 709 accedens
1255 650 1562 719 profecerit,
1594 655 1647 700 ct

83 751 242 822 252
288 752 371 805 sic
411 751 621 804 tandem
660 749 940 816 aliquando
981 757 1133 799 natus
1173 744 1345 796 fuerit.
1394 740 1546 794 Absit
1578 751 1644 790 ne

87 846 204 895 huic
255 842 522 895 nativitati
563 839 753 907 aliquid
802 845 1166 905 comparetur,
1211 834 1344 885 sicut
1389 830 1643 895 scriptum

86 941 167 987 est
191 951 205 984 :
231 932 624 986 Generationem
647 939 810 980 autem
838 929 942 990 eius
964 927 1075 993 quis
1098 922 1343 976 enarrabit
1366 919 1502 988 (Act.
1532 931 1644 978 vrtt,

88 1025 184 1085 35;
217 1019 353 1073 1εαὶ.
382 1035 490 1084 uti,
514 1018 606 1086 8)?
634 1017 875 1085 Nunquid
906 1016 1079 1077 Pater,
1114 1012 1201 1080 qui
1232 1026 1353 1063 vere
1385 1011 1567 1076 genuit
1594 1005 1645 1057 in

90 1116 396 1180 passionem
451 1111 676 1178 aliquam
733 1108 944 1171 incidit,
987 1116 1076 1158 aut
1123 1105 1174 1156 in
1225 1103 1334 1169 ipsa
1377 1099 1650 1153 nativitate

92 1206 201 1257 Filii
247 1206 335 1257 sui
384 1204 754 1256 detrimentum
809 1197 1089 1252 sustinuit?
1131 1195 1314 1257 Absit,
1362 1192 1484 1244 dum
1536 1189 1650 1242 haec

91 1295 370 1362 generatio
418 1293 649 1354 omnino,
673 1300 730 1342 ut
771 1289 1013 1355 superius
1059 1285 1191 1347 dixi,
1217 1298 1319 1335 non
1352 1287 1646 1332 enarretur.

97 1385 341 1452 Denique
371 1381 437 1436 de
457 1381 556 1434 hoc
583 1382 627 1442 si
663 1388 812 1448 potes
840 1385 1022 1432 contra
1048 1375 1276 1429 divinam
1306 1371 1648 1438 Scripturam,

94 1490 243 1536 erra;
306 1474 434 1527 dum
494 1474 602 1541 ipsa
653 1470 809 1524 modo
853 1469 996 1522 dicat
1051 1481 1293 1527 manum,
1343 1463 1554 1526 Filium,
1601 1470 1654 1514 et

95 1567 394 1628 dexteram,
421 1575 474 1618 et
520 1563 785 1617 brachium
825 1570 920 1614 :et
961 1561 1118 1613 modo
1167 1558 1397 1611 Verbum
1449 1555 1517 1609 de
1559 1569 1652 1607 ore

1741 380 2050 447 piternitate
2074 380 2376 446 impugnat?
2403 376 2509 443 Cur
2533 392 2660 446 ergo
2679 378 2783 446 jam
2813 392 2914 430 non
2940 386 3020 434 cst
3048 376 3161 430 hate
3182 377 3308 431 talis

1753 467 2007 534 professio
2035 478 2205 518 vestra
2231 484 2244 517 :
2271 479 2436 519 novus
2484 467 2659 529 Pater,
2693 482 2858 519 novus
2885 477 2935 520 et
2967 464 3177 520 Filius?
3223 466 3301 519 in.

1749 558 1874 622 cipit
1922 561 2091 618 Pater,
2128 556 2309 622 incipit
2354 565 2410 608 et
2455 555 2652 608 Filius?
2685 556 2749 608 Et
2795 557 3010 610 excluso
3059 558 3212 610 Patre
3249 570 3304 610 et

1753 647 1886 699 Filio
1915 647 1981 698 ab
2009 662 2106 697 una
2154 645 2592 712 sempiternitate,
2622 661 2802 713 qurero
2830 661 2857 698 a
2889 649 3038 700 vobis
3075 647 3158 700 cui
3193 647 3302 702 Deo

1752 737 1884 789 haue
1931 735 2400 802 sempiternitatem
2431 736 2745 788 sset-ibatis?
2773 737 2890 803 quia
2924 737 3131 791 Patrem
3162 736 3302 789 dici-

1752 828 1816 878 tis
1857 827 2002 878 tarde
2042 835 2260 881 et.sero
2305 826 2570 893 genuisse,
2603 840 2656 880 et
2697 826 2879 880 Filium
2926 843 3092 896 nuper
3120 836 3298 880 natum

1751 915 1932 968 fuisse.
1964 915 2100 982 Ergo
2143 909 2298 969 ambo
2326 930 2355 968 a
2393 916 2811 985 sentpiternitate
2854 919 3050 972 exclusi
3080 933 3197 972 esse
3224 919 3301 971 vi-

1750 1005 1962 1057 dentur.
2003 1004 2289 1056 Considera
2321 989 2444 1072 ergo
2474 1021 2575 1058 non
2604 1022 2758 1074 posse
2788 1008 2890 1061 diei
2920 1010 3297 1075 sempiternum

1752 1098 1958 1151 Patrem
1989 1099 2100 1151 sine
2131 1099 2284 1164 Filio,
2310 1100 2432 1152 dum
2466 1104 2628 1169 magis
2656 1080 3008 1172 sempiternus
3043 1108 3111 1159 sit
3143 1107 3298 1159 Patet-

1749 1205 1868 1243 cum
1915 1205 2011 1244 suo
2051 1190 2364 1260 Filio:quia
2411 1210 2511 1247 non
2567 1205 2736 1263 potest
2777 1209 2977 1252 tantum
3025 1200 3108 1253 ltic
3149 1200 3298 1253 Pater

1752 1280 1851 1333 dici
1878 1281 1990 1334 sine
2018 1296 2116 1334 suo
2145 1283 2293 1336 Filio.

1825 1369 2127 1424 Ilwreticus.
2168 1371 2318 1437 Quod
2349 1375 2580 1440 sensisti,
2625 1376 2690 1428 de
2734 1391 2889 1430 sensu
2931 1386 3020 1430 tuo
3059 1380 3300 1444 attulisti,

1755 1469 1808 1512 et
1836 1460 1960 1513 nihil
1990 1461 2056 1514 de
2097 1464 2408 1516 auctorhate
2455 1478 2618 1518 sacrae
2659 1464 2944 1534 Scriptor-re
2988 1468 3114 1519 mihi
3155 1469 3304 1522 satis-

1746 1552 1924 1605 tecisri
1954 1570 1965 1605 :
1995 1552 2143 1606 Unde
2188 1554 2268 1607 vel
2318 1570 2480 1609 unum
2533 1559 2892 1611 tantumtnodt
2938 1559 3173 1624 proferas
3213 1577 3304 1628 pro

99 1656 306 1719 Patris;
338 1655 496 1708 modo
523 1670 588 1707 ex
621 1664 770 1706 utero
798 1661 919 1705 ante
943 1650 1239 1709 Luciferum
1265 1647 1496 1715 genitum
1528 1643 1644 1714 (Ps.
1681 1634 1725 1692 Β
1753 1646 1928 1698 multis
1970 1645 2237 1712 pertinens
2284 1646 2350 1699 ad
2400 1648 2499 1700 hoc
2545 1651 2841 1718 exemplum
2874 1654 3101 1720 postulo,
3133 1663 3188 1706 nt
3216 1669 3304 1706 su-

97 1763 199 1809 cu,
227 1747 328 1815 '5);
357 1755 412 1799 et
457 1744 612 1798 modo
660 1745 709 1796 in
752 1744 904 1797 Patre
952 1755 1100 1796 esse:
1143 1747 1195 1792 et
1241 1738 1399 1791 modo
1443 1735 1590 1804 quasi
1619 1749 1649 1787 a

101 1841 257 1892 Patre
283 1839 460 1891 exisse
481 1846 534 1891 et
558 1837 795 1898 venisse;
821 1845 871 1889 et
897 1835 1053 1888 modo
1077 1833 1127 1885 in
1155 1831 1269 1883 sinu
1301 1829 1470 1882 Patris
1499 1840 1647 1888 esse;

99 1939 152 1985 ct
176 1930 343 1983 modo
369 1927 503 1995 apud
551 1929 750 1980 Patrem
779 1937 919 1988 erat;
952 1935 1003 1977 et
1032 1922 1188 1974 modo
1217 1921 1266 1972 iu
1299 1918 1450 1972 Patre
1492 1925 1574 1970 est
1600 1925 1652 1965 et

102 2031 245 2084 erat;
280 2031 335 2075 et
362 2021 516 2072 modo
551 2019 704 2072 Pater
743 2017 794 2070 in
833 2015 988 2077 Filio,
1015 2023 1068 2068 et
1098 2013 1260 2066 Filius
1289 2010 1340 2064 in
1370 2010 1522 2062 Patre
1549 2017 1648 2060 est.

104 2114 394 2168 Considera
418 2112 461 2164 si
491 2110 555 2163 ad
586 2112 697 2162 ltzec
728 2105 1011 2163 tuultii‘arie
1039 2106 1175 2157 dicta
1205 2103 1378 2168 aliqua
1411 2099 1654 2152 nativitas

106 2202 434 2266 uenerationi
474 2199 590 2252 Filii
622 2198 709 2251 Dei
741 2196 929 2265 poterit
955 2192 1247 2261 comparari
1279 2191 1355 2243 vel
1383 2187 1654 2242 enarrari?

106 2293 227 2344 dum
262 2290 350 2344 hic
379 2290 464 2358 qui
491 2298 612 2341 ante
639 2287 826 2341 sarcula
860 2281 1340 2350 incomparabiliter
1369 2288 1520 2348 natus
1544 2277 1653 2344 jam

111 2385 298 2448 fuerat,
325 2383 588 2454 quomodo
619 2389 844 2435 et-nunc
871 2380 923 2432 in
953 2378 1070 2430 sinu
1099 2377 1268 2429 Patris
1294 2373 1412 2427 est?
1440 2381 1530 2424 aut
1568 2371 1655 2438 qui

109 2491 135 2528 a
164 2475 324 2530 Patre
356 2475 516 2529 exivit
555 2484 608 2527 et
649 2473 811 2534 venit,
839 2468 1114 2539 quomodo
1149 2480 1358 2532 semper
1406 2465 1456 2514 in
1497 2462 1657 2514 Patre

116 2566 207 2620 init
229 2575 284 2620 et
303 2566 414 2619 est?
437 2575 527 2618 aut
547 2566 631 2633 qui
658 2576 862 2624 manus,
883 2561 967 2613 vel
992 2558 1229 2620 dextera,
1251 2558 1368 2608 sive
1385 2552 1654 2611 brachium

115 2638 606 2725 esse‘signilicatur,
633 2667 810 2722 quaero
839 2665 866 2704 a
900 2661 980 2716 te,
1001 2664 1035 2702 ο
1063 2646 1327 2710 lia-retice,
1361 2651 1417 2696 ut
1439 2656 1658 2696 enarres

118 2751 377 2815 quomodo
403 2764 432 2802 a
459 2749 611 2805 Patre
656 2747 865 2814 genitus
909 2744 1091 2807 fuerit;
1133 2756 1252 2796 cum
1294 2749 1349 2795 et
1381 2739 1657 2808 sapientia,

119 2850 169 2894 et
197 2839 363 2893 virtus
411 2839 520 2897 Dei,
552 2838 721 2890 Patris
766 2837 836 2888 sit
872 2849 902 2888 a
943 2833 1115 2887 divina
1169 2831 1437 2898 Scriptura
1480 2828 1661 2895 utique

122 2931 405 2998 appellatus
438 2929 519 2981 vel
564 2924 898 2980 nominatus?
925 2925 1027 2977 Aut
1054 2921 1141 2991 qui
1181 2937 1245 2976 ex
1277 2931 1426 2974 utero
1454 2920 1662 2988 genitus

124 3032 217 3083 est,
245 3021 512 3089 quomodo
541 3028 594 3071 et
631 3017 697 3070 de
725 3031 817 3070 ore
845 3015 1015 3068 Patris
1047 3013 1274 3069 Verbum
1303 3012 1461 3065 exivit
1492 3020 1546 3064 et
1571 3025 1660 3062 ve-

128 3107 226 3162 nit!
272 3111 375 3162 Ant
417 3106 680 3176 quomodo
726 3105 880 3158 Pater
923 3105 974 3156 iit
1024 3102 1158 3156 Filio
1201 3110 1301 3164 est,
1333 3111 1386 3155 et
1417 3100 1582 3154 Filius
1613 3102 1663 3152 in

130 3195 272 3250 Patre
296 3198 412 3251 est?
454 3196 611 3249 Vides
653 3195 771 3261 quia
802 3210 904 3247 non
933 3202 1210 3246 enarratur
1249 3191 1362 3245 haec
1388 3193 1496 3244 sola
1531 3191 1666 3244 nali-

130 3288 270 3339 vitas.
308 3286 599 3351 Quaerenda
630 3295 707 3339 est
736 3287 911 3352 potius
952 3283 1239 3337 secundum
1285 3281 1662 3348 professionem

135 3375 512 3445 Scripturarum
549 3392 703 3444 quam
729 3374 1006 3444 judicanda
1038 3377 1120 3427 vel
1161 3373 1509 3426 discutienda.
1539 3373 1665 3438 Qua:

133 3469 360 3532 quamvis
398 3465 764 3520 inenarrabilis
804 3467 894 3529 sit,
928 3474 1099 3519 tamen
1144 3464 1432 3518 secundum
1465 3464 1668 3531 proles-

137 3558 324 3612 sionem
351 3560 537 3628 synodi
570 3557 934 3621 Ariminensis,
966 3556 1267 3624 ignorabilis
1297 3564 1550 3608 creatura:
1578 3555 1663 3607 sit.

137 3647 294 3711 Quare
324 3659 474 3702 natus
509 3664 613 3700 non
651 3647 808 3701 fuerit
845 3661 970 3701 vere
1005 3647 1071 3700 de
1116 3643 1305 3699 Patre:
1331 3647 1467 3713 quod
1511 3645 1664 3710 absit,

139 3739 248 3790 dum
302 3751 473 3793 certus
528 3739 627 3790 sim
681 3730 818 3806 quod
876 3746 1028 3790 natus
1079 3738 1170 3811 sit.
1203 3736 1304 3790 Sed
1347 3736 1396 3788 ἱιι
1441 3750 1505 3790 eo
1542 3750 1669 3788 sane

140 3826 309 3894 ignoro
339 3828 776 3896 quemadmodum
808 3827 875 3880 de
917 3826 1022 3880 Deo
1053 3827 1206 3879 Patre
1244 3827 1450 3894 genitus
1481 3825 1664 3885 fuerit;

141 3918 256 3986 quia
282 3919 348 3972 de
385 3917 734 3971 inaestimabili
783 3918 969 3979 Patre,
1007 3917 1388 3969 intestimabilis
1428 3925 1509 3968 est
1545 3930 1669 3968 vere

143 4010 217 4074 qui
247 4011 309 4062 ab
335 4025 397 4062 eo
421 4009 626 4075 genitus
650 4018 750 4080 est.
775 4008 876 4062 Sed
905 4007 1036 4060 dicis
1063 4007 1188 4060 mihi
1214 4024 1226 4059 :
1252 4006 1467 4071 lncoepit
1485 4004 1666 4065 Filius,

145 4102 250 4162 quia
273 4109 425 4151 natus
443 4108 555 4161 est;
586 4106 641 4151 et
657 4113 686 4150 e
705 4108 887 4151 contra
909 4096 1028 4150 audi
1056 4114 1068 4148 :
1095 4097 1229 4163 Ergo
1258 4096 1472 4162 increpit
1499 4104 1550 4146 et
1577 4094 1672 4145 Pa-

145 4200 234 4257 ter,
258 4194 381 4257 quia
405 4193 599 4260 genuit.
634 4190 687 4244 Si
719 4190 932 4257 inempit
961 4188 1147 4253 Filius,
1174 4188 1385 4255 incaepit
1412 4195 1465 4239 et
1493 4187 1666 4239 Pater.

147 4280 269 4348 l-lrgo
305 4282 775 4349 sempiternitatem
826 4278 981 4341 hanc,
1011 4295 1165 4347 quam
1195 4278 1510 4331 anteriorem
1539 4279 1672 4330 nali-

149 4371 290 4425 vitate
320 4372 434 4425 Filii
484 4371 645 4424 fuisse
683 4372 898 4436 asseris,
929 4372 1010 4423 cui
1050 4371 1256 4422 tandem
1299 4369 1557 4422 ascribis?
1586 4369 1672 4421 Ait

148 4461 409 4514 hereticus
434 4478 447 4513 :
473 4459 612 4514 Patri
645 4469 867 4513 tantum.
1401 4467 1404 4469 “

208 4553 525 4604 Athanasius.
577 4552 641 4603 Et
667 4566 760 4604 cur
791 4551 1097 4618 prarjttdicas
1125 4549 1206 4601 ei?
1237 4549 1421 4615 Utique
1448 4563 1488 4600 su
1516 4547 1668 4616 243

150 4659 297 4709 nuper
322 4646 516 4713 genuit,
541 4646 894 4713 sempiternus
921 4658 1038 4697 esse
1062 4657 1162 4695 non
1193 4651 1379 4708 potest.
1405 4641 1549 4707 Elige
1577 4638 1667 4691 tibi

148 4739 353 4802 alterum
380 4740 447 4789 de
475 4738 713 4798 duobus;
753 4745 841 4788 aut
878 4748 984 4786 una
1011 4742 1093 4787 est
1119 4748 1296 4787 eorum
1341 4728 1670 4798 sempiterni-

151 4835 218 4876 tas
238 4838 324 4878 aut
352 4842 448 4877 una
481 4827 779 4893 posteritas.
831 4823 1102 4876 Postremo
1143 4821 1264 4889 quid
1311 4829 1507 4872 tantum
1535 4817 1668 4871 Filio

153 4913 376 4979 imputas,
401 4914 546 4981 quasi
573 4912 858 4981 aliquando
886 4925 987 4963 non
1015 4908 1206 4963 fuerit?
1231 4923 1348 4960 cum
1382 4908 1478 4960 hoc
1504 4906 1667 4970 magis

148 5000 380 5056 debeatur
406 4993 542 5055 Patri
567 5001 843 5070 deputari;
879 5014 1032 5068 quem
1073 5009 1125 5052 tu
1155 5003 1358 5051 Patrem
1390 4995 1664 5065 aliquando

153 5099 416 5150 secundum
461 5095 840 5164 professionem
899 5102 1036 5145 tuam
1085 5106 1186 5144 non
1235 5091 1392 5142 fuisse
1434 5087 1659 5142 testaris.

156 5181 321 5252 Utique
347 5203 530 5240 revera
569 5187 612 5239 si
644 5185 827 5237 Filium
861 5185 1098 5236 nativitas
1146 5182 1414 5249 impedivit
1438 5195 1501 5232 ne
1529 5192 1663 5230 sem-

157 5274 365 5337 piternus
411 5285 568 5338 esset,
602 5290 756 5344 quem
800 5274 946 5327 tarde
992 5281 1080 5326 aut
1123 5288 1240 5327 sero
1287 5282 1459 5324 natum
1513 5269 1666 5322 fuisse

155 5367 352 5429 asseris,
384 5381 600 5420 necesse
644 5375 724 5417 est
751 5372 806 5417 ut
832 5373 884 5416 et
910 5363 1130 5433 genitori
1177 5363 1413 5415 nativilas
1445 5358 1559 5412 Filii
1589 5360 1665 5411 sui

158 5449 555 5522 impedimentum
581 5455 836 5518 attulerit,
867 5471 930 5508 nc
959 5457 1307 5522 sempiternus
1334 5454 1399 5505 sit
1431 5452 1470 5503 si
1504 5465 1664 5516 nuper

1749 1737 1955 1802 periura
1981 1735 2117 1788 dicta
2151 1746 2234 1788 tua
2265 1739 2467 1804 possint
2492 1738 2612 1805 jure
2645 1741 2879 1806 legitimo
2907 1743 3228 1795 confirmari.

1819 1825 2142 1877 Athanasius.
2176 1828 2321 1878 Audi'
2356 1827 2816 1895 psalmograpltum
2864 1841 3099 1885 sanctum
3143 1835 3302 1888 David

1749 1916 1968 1981 dixisse,
1999 1917 2102 1968 imo
2150 1916 2340 1969 Filium
2372 1917 2461 1969 Dei
2496 1932 2589 1984 per
2630 1917 2792 1972 David
2831 1920 2894 1972 ad
2927 1920 3096 1975 Patris
3124 1938 3307 1988 perso-

1752 2025 1871 2062 nam
1904 2010 2178 2063 retulissc:
2207 2009 2269 2062 Et
2299 2026 2388 2080 ego
2428 2028 2620 2079 semper
2661 2023 2839 2076 tecum,
2875 2016 3074 2067 tenuisti
3103 2033 3307 2069 omnum

1753 2105 2008 2156 dexteram
2049 2120 2210 2155 meum
2239 2102 2352 2171 (Ps.
2383 2119 2547 2168 Lxxtt,
2578 2102 2687 2170 23),
2720 2116 2822 2159 etc.
2873 2105 2963 2158 Vel
3011 2107 3180 2177 ipsum
3211 2109 3310 2161 Pa-

1755 2204 1888 2246 trem
1925 2193 1987 2245 :td
2031 2193 2381 2261 Iegislatorem
2405 2192 2616 2262 Moysen
2643 2193 2761 2246 audi
2789 2194 3052 2247 dicentem
3079 2197 3144 2258 de
3172 2213 3311 2249 sem-

1758 2287 1964 2352 piteruo
1993 2286 2139 2337 unito
2168 2284 2378 2339 nomine
2405 2284 2677 2338 Trinitatis
2702 2301 2714 2336 :
2743 2283 2849 2354 Ego
2874 2286 3121 2338 Dominus
3155 2287 3311 2348 Deus,

1756 2374 1850 2426 hoc
1876 2385 1952 2427 est
1976 2391 2154 2426 nomen
2183 2387 2365 2435 meum,
2391 2376 2681 2428 memoriale
2708 2377 3063 2444 sempiternum
3093 2377 3144 2428 in
3167 2393 3314 2444 gene-

1757 2468 1975 2520 rationes
1997 2477 2045 2520 et
2066 2469 2407 2536 generationes
2439 2466 2630 2535 (Exod.
2676 2482 2755 2528 ιιι,
2789 2459 2900 2535 15).
2951 2465 3097 2532 Quttd
3127 2467 3232 2519 alio
3263 2467 3313 2519 in

1762 2561 1880 2612 loco
1928 2559 2066 2612 idem
2113 2559 2225 2624 ipse
2275 2557 2406 2610 Filio
2449 2572 2546 2610 suo
2591 2556 2786 2610 dictum
2831 2557 3090 2623 ostendit,
3122 2556 3173 2610 id
3209 2568 3313 2622 esr,

1763 2650 1963 2703 Nomen
1992 2665 2156 2701 meum
2183 2658 2252 2702 est
2281 2653 2333 2701 tn
2359 2649 2447 2700 illo
2476 2647 2666 2717 (Exod.
2690 2664 2836 2715 mu,
2863 2649 2974 2716 2|).
2999 2649 3090 2703 Vel
3118 2651 3314 2704 dictum

1760 2740 1946 2805 accipe
1976 2760 1987 2790 :
2023 2738 2132 2808 Ego
2162 2739 2407 2792 Dominus
2445 2738 2600 2804 Deus,
2646 2740 2733 2809 qui
2768 2756 2886 2792 voco
2924 2757 3104 2792 nomen
3151 2750 3312 2803 tuum,

1763 2833 1901 2886 Deus
1921 2831 2088 2885 Israel
2112 2830 2265 2899 (Isai.
2295 2848 2414 2895 xcv,
2445 2829 2519 2902 5).
2553 2831 2655 2887 Sed
2684 2844 2734 2885 et
2765 2834 2875 2900 ipse
2904 2842 3179 2887 attestatus
3205 2846 3314 2887 est:

1772 2922 1881 2991 Ego
1922 2924 2028 2976 veni
2069 2924 2121 2975 in
2157 2924 2355 2976 nomine
2393 2921 2563 2976 Patris
2591 2925 2705 2988 mei,
2736 2934 2780 2976 et
2819 2941 2896 2977 me
2941 2942 3038 2978 non
3069 2928 3318 2995 recepistis

1767 3013 1944 3083 (Joan.
1975 3029 2023 3076 v,
2057 3014 2170 3079 45).
2202 3013 2330 3067 Nam
2373 3024 2425 3066 et
2456 3011 2612 3068 David
2640 3015 2832 3068 clamat
2858 3016 3076 3071 dicens:
3104 3016 3319 3070 Benedi-

1766 3115 1876 3155 ctus
1916 3105 2005 3173 qui
2031 3104 2159 3156 venit
2201 3105 2255 3155 in
2298 3104 2501 3157 nomine
2551 3104 2753 3158 Domini
2793 3106 2958 3175 (I’sal.
3001 3123 3158 3170 cxvu,
3200 3109 3316 3174 9.9).

1767 3195 2003 3261 Denique
2029 3196 2095 3248 de
2122 3195 2221 3248 hoc
2250 3196 2363 3261 ipso
2389 3197 2508 3248 audi
2533 3197 2831 3265 loquentem
2859 3198 3134 3252 Dominum
3158 3215 3316 3267 supra

1765 3298 1956 3350 corpus
1987 3283 2165 3337 Lazari
2193 3301 2204 3336 :
2235 3282 2404 3347 nam,
2433 3285 2641 3337 sciebant
2667 3288 2787 3353 quia
2833 3303 3029 3355 semper
3059 3297 3134 3340 nte
3172 3291 3318 3341 audis

1769 3373 1945 3444 (Joan.
1967 3382 2038 3437 ιι,
2066 3374 2173 3444 ﬂ).
2205 3375 2304 3440 Qui
2336 3375 2379 3428 si
2407 3390 2617 3440 semper
2644 3376 2694 3429 in
2722 3376 2876 3433 Patre
2901 3387 2987 3432 aut
3017 3377 3174 3448 2M
3199 3395 3317 3431 cum

1767 3465 1944 3518 Patre'
1969 3481 2070 3516 non
2121 3466 2321 3528 fuisset,
2355 3467 2794 3534 quemadmodum
2826 3484 2944 3521 eum
2974 3483 3183 3536 semper
3222 3481 3321 3521 au—

1768 3557 1948 3621 disset,
1981 3558 2022 3608 si
2051 3571 2166 3608 cum
2201 3556 2309 3609 Deo
2338 3556 2494 3610 Patre
2521 3571 2732 3624 semper
2760 3558 2933 3610 uniter
2971 3574 3071 3610 non
3105 3540 3318 3613 fuisset?
3382 3624 3388 3630 κ

1774 3646 1922 3699 llnde
1964 3646 2082 3714 quia
2133 3659 2342 3712 semper
2387 3647 2522 3713 apud
2568 3643 2772 3700 Patrem
2825 3647 2937 3711 fuit,
2965 3658 3016 3700 et
3055 3664 3317 3715 nttuquam

1771 3737 1886 3790 sine
1912 3752 1975 3790 eo
2006 3736 2120 3799 fuit,
2149 3752 2359 3803 semper
2398 3753 2516 3789 eum
2549 3737 2704 3791 Pater
2751 3739 2974 3792 audivit.
3023 3740 3177 3794 Vides
3206 3741 3320 3792 uni-

1773 3838 1879 3881 tum
1926 3843 2113 3881 nomen
2150 3843 2267 3882 esse
2310 3829 2720 3895 sempiternum,
2749 3832 2884 3898 quod
2918 3833 2968 3884 in
2999 3834 3188 3887 virtute
3231 3847 3322 3885 sa-

1773 3921 1980 3988 pientius
2012 3921 2181 3972 uniter
2209 3922 2467 3982 consistit,
2498 3929 2552 3972 ut
2577 3923 2715 3991 quod
2746 3939 2933 3977 nomen
2965 3924 3133 3978 Patris
3162 3936 3240 3979 est
3269 3927 3318 3978 in

1774 4023 1953 4062 natura
2001 4010 2306 4073 divinit:tli~‘,
2337 4012 2608 4076 sapientia:
2637 4024 2688 4065 et
2719 4015 2946 4078 virtutis,
2980 4017 3114 4068 idem
3149 4018 3317 4083 ipsum

1773 4103 1843 4153 sit
1873 4102 1921 4152 in
1953 4113 2133 4152 namra
2163 4115 2351 4152 nomen
2380 4111 2426 4153 et
2464 4099 2597 4153 Filii.
2633 4101 2720 4153 Vel
2757 4105 3064 4170 Apostolum
3097 4109 3214 4159 audi
3253 4110 3318 4160 ad

1776 4193 1888 4244 hac
1933 4191 2190 4242 dicentem
2217 4206 2229 4242 :
2258 4189 2320 4241 Et
2349 4191 2649 4257 sempiterna
2677 4193 2788 4256 eius
2827 4196 2982 4245 virtus
3011 4205 3056 4247 et
3086 4198 3321 4250 ditinitas

1775 4280 1946 4348 (Rom.
1981 4296 2019 4342 l,
2046 4278 2158 4345 20).
2191 4279 2316 4344 Quae
2341 4280 2729 4345 setnpiternitas
2752 4283 2865 4335 sive
2892 4283 3140 4338 divinitas
3162 4287 3324 4340 Filius

1772 4373 1886 4437 ejus
1926 4380 2025 4424 e.t.
2057 4370 2202 4434 Quod
2231 4370 2333 4421 alin
2373 4370 2423 4421 in
2469 4370 2584 4422 loco
2633 4369 2744 4436 ipse
2787 4379 2890 4422 tam
2933 4374 3204 4429 evidenter
3232 4379 3324 4430 ah-

1772 4462 1959 4527 solvit,
1999 4458 2262 4511 Christum
2316 4458 2407 4510 Dei
2460 4458 2700 4510 virtutem
2749 4469 2803 4513 et
2848 4460 2936 4514 Dei
2991 4467 3322 4529 sapientiam.

1770 4547 2132 4618 Nunquidnam
2185 4547 2340 4598 Pater
2384 4544 2478 4596 fuit
2525 4545 2811 4610 aliquando
2873 4551 2986 4602 sine
3030 4553 3222 4606 virtute
3269 4566 3322 4609 et

1769 4638 2020 4708 Sapientia
2068 4650 2194 4693 sua,
2240 4634 2505 4693 inuri-tice.
2557 4641 2611 4683 ut
2653 4634 2768 4687 sine
2811 4636 2943 4688 Filio
2989 4655 3084 4691 Suo
3112 4658 3138 4692 a
3174 4645 3320 4697 vobis

1769 4742 1884 4780 esse
1930 4722 2164 4777 dicatur?
2205 4722 2405 4772 Absita
2437 4721 2608 4785 nobis,
2641 4724 2759 4775 dum
2811 4727 3003 4794 ubique
3051 4730 3317 4795 Scriptura

1771 4819 1860 4870 tibi
1883 4813 2212 4883 apertissime
2254 4813 2509 4872 declarat,
2541 4829 2749 4880 semper
2777 4816 2936 4868 fuisse
2967 4821 3170 4874 Patrem
3200 4809 3319 4876 cum

1771 4905 1919 4966 Filio,
1954 4902 2138 4955 Filium
2166 4915 2285 4952 cum
2331 4901 2502 4954 Patre.
2545 4902 2650 4954 Cur
2692 4920 2792 4956 non
2822 4921 3068 4972 expertus
3095 4927 3168 4973 es,
3199 4928 3320 4966 san-

1772 5005 1910 5049 ctum
1941 4990 2102 5044 David
2129 4989 2374 5041 eduxisse
2397 4990 2447 5041 in
2474 5007 2640 5060 pugna
2671 4993 2894 5059 gladium
2918 4997 3080 5051 Golize
3107 5000 3156 5066 (Ι
3192 5003 3319 5072 Reg.

1769 5097 1894 5143 χνιι,
1924 5079 2051 5146 51)?
2080 5078 2229 5142 cujus
2260 5092 2352 5129 nos
2377 5080 2458 5131 usi
2487 5083 2717 5135 veritatis
2746 5087 3006 5151 exemplo,
3037 5091 3233 5154 placuit
3262 5107 3319 5146 ut

1769 5175 1833 5226 de
1876 5177 2051 5224 VCSlTO
2101 5169 2152 5217 ill
2205 5179 2297 5216 VOS
2342 5169 2517 5233 gladio
2564 5174 2977 5239 tritintpheintts,
3021 5180 3156 5232 sicut
3206 5183 3319 5247 ipse

1771 5271 1989 5317 testatus
2037 5266 2116 5311 est
2149 5270 2164 5306 :
2196 5252 2408 5308 Gladius
2460 5276 2629 5312 earum
2669 5264 2815 5316 intret
2862 5268 2913 5318 in
2957 5285 3042 5321 cor
3093 5273 3318 5338 ipsorum

1773 5351 1942 5418 (“0"
1975 5362 2151 5405 xm"
2179 5341 2290 5430 mf
2335 5345 2562 5414 ¹δ““¹“τ¹ςν
2589 5355 2704 5417 sui”
2753 5358 2888 5422 (ιιιιιά
2919 5359 3138 5426 derogns
3163 5363 3315 5430 Filio.

1777 5446 1873 5496 hoc
1917 5442 2083 5509 ipsum
2140 5429 2323 5485 adiutis
