3856 6222
593 305 624 355 (οἶ
633 307 652 353 ’⁸
678 317 689 355 ι

594 413 967 479 coligrmsione
1016 409 1079 460 ab
1121 421 1218 459 una
1263 407 1678 476 scmpiternitate
1722 403 1892 458 Patris
1931 412 1984 458 et
2028 403 2143 458 Filii
2174 412 2219 466 Α
2249 415 2329 458 ret
2357 421 2459 459 non
2489 417 2599 459 erat
2638 409 2808 473 Pater,
2838 411 2929 465 sed
2962 421 3071 467 erat
3100 416 3437 484 omnipotens
3476 416 3653 472 Deus.
3687 418 3805 471 Preti

596 502 792 554 uxr-lusi
838 500 1070 559 inissent,
1100 505 1153 550 et
1196 497 1635 565 compellerentur
1671 494 1737 547 ab
1772 493 1884 561 ipsa
1922 507 2146 545 censura

597 591 851 652 veritatis,
881 586 1049 638 visum
1099 595 1179 639 est
1224 586 1325 640 illis
1364 596 1421 640 ut
1466 588 1514 639 in
1560 584 1789 638 medium
1831 583 2146 652 proferrent,

596 694 710 742 qua:
764 677 903 742 prius
951 675 1156 729 occulte
1206 675 1638 742 blaspltemabant
1684 674 1923 727 dicentes
1968 692 1982 725 :
2028 674 2149 726 Erat

598 768 751 819 l‘ater
797 764 1074 830 aliquando
1123 764 1237 817 sine
1282 765 1434 817 Filio.
1482 763 1535 816 Si
1575 764 1713 816 enim
1764 762 1947 816 fuisset
1996 760 2151 815 Pater

595 855 877 922 aliquando
916 856 1030 910 sine
1076 857 1229 920 Filio,
1265 871 1527 925 numquam
1569 868 1782 923 prorsus
1824 868 2150 921 pra-sumens

598 948 880 1001 iudicasset
901 964 994 1015 per
1022 949 1324 1016 prOpItetam
1361 966 1371 999 :
1410 948 1472 999 Et
1497 964 1588 1017 ego
1616 963 1811 1014 semper
1841 956 2002 998 tecum
2028 944 2146 1015 (Ps.

600 1052 758 1102 txxtt,
792 1036 905 1104 25).
949 1037 1049 1094 Setl
1078 1037 1139 1088 ad
1171 1037 1283 1088 lnec
1316 1037 1541 1102 piscator
1571 1034 1890 1102 evangelista
1920 1035 2150 1087 .loanwes

597 1127 821 1179 dilectus
840 1141 867 1178 a
895 1125 1003 1178 Deo
1024 1134 1242 1176 testatus
1263 1130 1343 1176 est
1367 1140 1378 1175 :
1406 1121 1469 1175 In
1493 1121 1756 1179 Principio
1779 1131 1882 1174 erat
1913 1120 2149 1185 Verbum,

597 1229 643 1271 ct
677 1218 890 1271 Verbum
916 1223 1019 1268 crat
1044 1214 1177 1278 apud
1203 1213 1384 1278 Deum,
1411 1223 1455 1266 et
1483 1213 1613 1266 Deus
1643 1221 1748 1264 erat
1775 1211 2012 1263 Verbum.
2043 1198 2152 1262 Hoc

596 1318 704 1361 erat
733 1309 780 1360 in
812 1306 1056 1374 principio
1083 1303 1222 1372 apud
1255 1302 1435 1356 Deum.
1490 1302 1672 1354 Omnia
1702 1318 1790 1370 per
1821 1300 1985 1369 ipsum
2016 1305 2151 1366 facta

599 1408 732 1457 sunt,
764 1406 807 1449 et
832 1395 938 1448 sine
972 1393 1081 1461 ipso
1108 1393 1296 1461 factum
1332 1400 1405 1444 est
1432 1390 1556 1442 niltil
1596 1388 1773 1459 (Joan.
1798 1403 1836 1448 t.
1868 1386 1939 1456 1).
1968 1378 2153 1447 Consi-

598 1489 722 1538 dera
751 1486 868 1551 quia
900 1494 1108 1550 semper
1140 1490 1255 1535 erat
1299 1479 1435 1547 apud
1468 1478 1627 1533 Deum
1660 1476 1866 1531 Patrem
1903 1477 2038 1530 Deus
2068 1476 2154 1530 Fi-

600 1575 718 1635 lius.
749 1588 840 1640 per
864 1586 1018 1640 quem
1049 1586 1205 1625 omne
1233 1572 1449 1624 omnino
1476 1569 1786 1638 principium
1825 1568 2016 1623 factum
2046 1578 2148 1622 est.

600 1661 749 1717 Unde
770 1662 876 1730 jam
900 1662 1130 1730 oportuit
1150 1677 1246 1715 nos
1269 1661 1530 1729 paulisper
1551 1659 1615 1713 ad
1640 1659 1800 1713 stulta
1826 1658 1964 1712 dicta
1991 1657 2153 1712 stulte

1853 289 2070 345 non."
2110 290 2474 347 'I‘APSENSIS
3724 302 3809 355 ea:
3838 289 3839 355 ῐ

2251 494 2425 548 nefas!
2471 494 2583 550 lucc
2626 512 2720 551 vos
2761 509 2864 555 tam
2914 510 3111 557 temere
3138 506 3205 559 de
3236 506 3345 559 Deo
3372 506 3540 560 Patre
3581 508 3839 559 sentirem

2248 598 2374 650 ergo
2423 587 2539 641 sine
2588 586 2771 653 dubio,
2796 600 2852 643 ut
2884 592 3052 658 .dieis,
3092 595 3134 646 si
3187 596 3554 665 onmipotentl
3610 597 3718 651 Deo
3754 597 3839 650 dri

2249 674 2408 745 246
2435 679 2634 732 recenti
2656 680 2820 757 bonor
2848 681 3014 737 Patris
3038 685 3277 750 accessit,
3302 688 3447 755 prius
3471 686 3810 756 imperfectus

2251 764 2414 819 luisse
2436 766 2716 837 detegitur.
2761 770 2827 824 Et
2852 772 2895 826 si
2923 775 3293 844 omnipotenti,
3325 786 3594 847 tanquam
3624 776 3807 833 homini
3838 780 3839 785 ‘

2250 855 2422 923 egenti
2453 871 2547 924 per
2571 859 2807 914 ordinem
2852 862 3078 932 dignitas
3104 866 3291 930 crevit,
3324 869 3475 937 prius
3497 868 3619 936 jam
3649 884 3805 924 omni-

2252 954 2440 1010 puteus
2477 961 2580 999 non
2620 947 2779 1003 fuisse
2807 954 3142 1019 cognoscitur
3164 972 3178 1009 :
3199 956 3320 1024 quia
3346 956 3433 1009 cui
3462 958 3653 1013 honor
3676 972 3805 1014 acce-

2250 1032 2346 1096 dit,
2365 1034 2488 1089 dum
2511 1053 2677 1105 usque
2692 1041 2757 1092 ad
2774 1056 3033 1096 summum
3055 1046 3272 1113 gradum
3295 1048 3639 1115 pervenerit,
3653 1048 3805 1102 adhuc

2253 1124 2476 1183 inferior
2508 1132 2575 1184 ab
2617 1149 2683 1183 eo
2707 1150 2825 1189 esse
2854 1136 3086 1202 videbit;
3115 1140 3233 1193 etsi
3267 1143 3606 1207 pervenerit,
3637 1144 3805 1197 motio:

2236 1216 2435 1285 incipit
2460 1234 2576 1273 esse
2601 1220 2651 1273 iu
2678 1224 2981 1290 novissimo,
3009 1242 3164 1296 quam
3193 1229 3363 1284 fuerat
3386 1229 3440 1283 in
3465 1231 3677 1300 primo,
3698 1234 3805 1287 dum

2252 1310 2643 1402 deltumilitate
2672 1331 2837 1387 usque
2875 1318 2939 1372 ad
2968 1335 3231 1376 summum
3263 1324 3451 1402 fastigii
3482 1328 3706 1380 culmen
3731 1343 3805 1380 ar-

2253 1401 2423 1454 cedat.
2472 1403 2573 1457 Sed
2622 1403 2736 1459 lta'c
2783 1417 2839 1461 ut
2884 1409 3187 1476 erubescas,
3217 1401 3514 1469 secundum
3564 1430 3655 1470 tna
3684 1418 3804 1471 dicta

2252 1490 2559 1556 referimus;
2592 1493 2715 1546 dum
2756 1497 2921 1565 magis
2960 1501 3292 1569 omnipotens
3332 1503 3496 1559 Pater
3526 1522 3654 1561 esse
3682 1510 3804 1563 inre-

2256 1581 2445 1645 niatur,
2464 1582 2659 1638 cuiilla
2688 1594 2825 1638 tanta
2852 1601 3070 1643 censura
3094 1593 3497 1663 omnipotentiae
3529 1610 3655 1653 sese
3678 1602 3803 1668 prius

2253 1669 2578 1736 submiserit,
2608 1682 2664 1726 ut
2692 1673 2946 1730 honorent
2976 1693 3141 1747 nuper
3170 1696 3264 1750 per
3292 1682 3432 1737 hunc
3473 1687 3705 1753 gradum
3727 1704 3803 1756 pa-

601 1756 940 1820 rcSpmntvrc,
976 1767 1033 1807 ut
1062 1755 1143 1808 vvl
1172 1756 1247 1808 sic
1275 1754 1341 1808 de
1381 1768 1473 1831 sua
1502 1753 1724 1807 stultitia
1772 1751 1956 1806 revicti
1996 1762 2152 1823 atque
2184 1774 2228 1834 Β
2256 1760 2389 1813 terni
2418 1764 2647 1818 nominis
2669 1778 2980 1823 assumeret.
3013 1770 3177 1825 Porro
3219 1772 3431 1843 lnngnm
3476 1751 3565 1831 est
3594 1788 3699 1832 tam
3726 1751 3800 1834 diu

598 1840 801 1896 confusi
823 1844 1214 1897 erubescerent.
1251 1842 1442 1910 Utique
1471 1843 1515 1897 si
1542 1851 1657 1896 erat
1684 1841 1841 1895 Pater
1870 1851 2151 1911 antequam

596 1938 873 1997 generaret
904 1929 1112 1995 Filium,
1145 1932 1258 1984 sine
1285 1930 1445 1984 dubio
1475 1945 1579 1984 non
1623 1939 1738 1984 erat
1766 1929 1945 1995 Pater,
1976 1931 2018 1983 si
2050 1946 2155 1985 non

599 2018 823 2073 habebat
848 2016 1059 2071 Filium.
1091 2019 1191 2074 Sed
1221 2034 1288 2074 ne
1315 2019 1397 2074 vel
1428 2019 1527 2075 hoc
1557 2027 1878 2087 przesumant
1906 2018 2154 2087 blasphe-

600 2114 834 2172 m‘antes;
881 2118 997 2162 erat
1053 2107 1216 2163 Filius
1272 2117 1550 2176 antequam
1607 2107 2062 2176 nasceretur,qui
2108 2107 2153 2162 si

603 2198 763 2270 255
810 2207 962 2253 natus
1006 2213 1110 2251 non
1154 2198 1342 2265 iuerat,
1372 2196 1642 2253 evidenter
1677 2209 1780 2251 non
1825 2204 1941 2251 erat
1969 2195 2154 2252 Filius.

598 2288 800 2352 Stulte,
831 2287 955 2356 quid
1001 2302 1127 2355 ergo
1169 2295 1378 2355 oportet
1419 2286 1628 2341 dicere?
1669 2284 1815 2354 Elige
1853 2284 1946 2338 tibi
1995 2298 2153 2338 unum

598 2376 667 2430 de
694 2375 901 2431 duobus
938 2376 1062 2445 quid
1091 2375 1307 2428 confuse
1334 2374 1596 2443 designes.
1650 2374 1786 2427 Ante
1815 2369 2028 2434 Filium,
2058 2369 2155 2424 Pa-

602 2478 735 2522 trem
775 2483 892 2523 esse
932 2468 1398 2547 prottuntias.‘Aut
1436 2469 1481 2520 si
1528 2474 1641 2520 erat
1681 2462 1840 2518 Pater
1872 2471 2153 2531 antequam

599 2571 877 2626 generaret
925 2559 1133 2634 Filium,
1160 2568 1251 2613 aut
1292 2568 1407 2612 erat
1434 2557 1600 2615 Pater
1624 2555 1712 2625 qui
1748 2555 1857 2622 jam
1900 2566 2031 2607 Vere
2063 2566 2157 2621 ge—

600 2656 787 2703 nuetat
828 2648 1039 2703 Filium.
1098 2648 1186 2702 Vel
1236 2647 1335 2703 hoc
1381 2644 1646 2716 signiﬁcas
1684 2660 1698 2698 :
1738 2643 1797 2697 Si
1843 2650 1959 2697 erat
1989 2640 2156 2695 Filius

591 2749 879 2807 antequam
910 2748 1234 2802 nasceretur,
1256 2748 1345 2792 aut
1367 2748 1481 2792 erat
1502 2744 1658 2789 natus
1684 2726 1871 2799 Filius,
1895 2731 2019 2802 quia
2041 2730 2152 2799 jam

600 2843 726 2883 vere
763 2838 915 2881 natus
950 2826 1120 2883 fuerat
1154 2829 1223 2885 de
1247 2826 1432 2894 Patre,
1459 2826 1595 2882 sicut
1622 2826 1877 2894 scriptum
1907 2830 1988 2876 est
2012 2836 2026 2876 :
2053 2818 2154 2883 Qui

599 2930 727 2985 erat,
759 2927 805 2972 et
831 2920 917 2987 qui
946 2928 1039 2983 est,
1059 2928 1105 2973 et
1149 2918 1236 2987 qui
1276 2926 1511 2972 venturus
1549 2927 1621 2971 est
1644 2918 1824 2985 (Apoc.
1858 2927 1896 2975 ι.
1928 2911 2006 2981 4).
2058 2907 2151 2963 Vel

599 3010 699 3063 hoc
724 3026 736 3061 :
761 3007 825 3061 In
860 3008 1104 3077 principio
1149 3017 1254 3062 erat
1308 3007 1523 3061 Verbum
1560 3005 1748 3076 (Joan.
1776 3020 1827 3067 -ιδ
1862 3001 1945 3071 ι).
1992 2999 2153 3054 Vides

600 3100 718 3167 quia
762 3114 971 3167 semper
1014 3099 1109 3153 fuit
1156 3099 1317 3154 Filius
1358 3113 1478 3155 eum
1523 3098 1696 3163 Patre,
1724 3099 1813 3167 qui
1841 3106 1939 3161 est,
1971 3106 2026 3149 et
2064 3087 2223 3177 quin

588 3199 731 3253 erat,
761 3198 813 3243 et
855 3188 943 3257 qui
984 3198 1237 3242 venturus
1283 3197 1387 3242 est.
1431 3188 1531 3255 Qui
1579 3188 1699 3241 ideo
1744 3201 1850 3240 non
1900 3184 2150 3254 intelligis

600 3279 730 3342 hoc,
765 3279 986 3346 Ariane,
1032 3280 1153 3346 quia
1199 3288 1304 3355 tota
1349 3278 1474 3334 [alea
1526 3278 1818 3334 introdueis
1854 3295 1869 3332 :
1904 3286 1963 3331 ut
2001 3278 2149 3332 dicas

588 3368 808 3422 Patrem
856 3370 944 3441 qui
988 3384 1097 3422 non
1133 3377 1410 3436 genuerat,
1436 3379 1491 3423 et
1537 3368 1779 3423 nomines
1824 3368 2033 3433 Filium,
2060 3370 2147 3438 qui

600 3461 821 3514 necdum
852 3460 1019 3513 fuerat
1048 3471 1219 3513 natus.
1252 3460 1404 3529 Rogo
1438 3460 1483 3513 si
1514 3460 1667 3514 Pater
1694 3469 1830 3523 erat,
1858 3470 1913 3513 ut
1934 3473 2150 3513 asseve-

586 3564 710 3612 sras,
741 3551 829 3617 qui
859 3564 961 3602 non
990 3559 1262 3616 genuerat,
1290 3559 1340 3603 et
1374 3549 1538 3604 Filius
1562 3558 1695 3611 erat,
1726 3551 1813 3618 qui
1843 3563 1951 3619 non
1979 3548 2149 3602 fuerat

601 3625 854 3693 natns'de
890 3639 1073 3709 Patre,
1103 3654 1285 3709 quer
1323 3655 1354 3692 a
1391 3649 1444 3693 te
1479 3624 1605 3708 quid
1648 3649 1774 3693 tunc
1819 3639 2047 3693 fuerint?
2074 3638 2149 3692 Ne

601 3730 736 3785 forte
761 3731 924 3792 dicas,
953 3732 1111 3784 anibo
1157 3731 1394 3798 ingeniti,
1425 3730 1563 3799 quod
1591 3726 1751 3785 absit.
1782 3729 1918 3785 Vere
1956 3730 2151 3784 advero

600 3834 689 3875 sus
715 3822 903 3890 dogma
931 3820 1217 3886 iniquitatis
1247 3830 1457 3885 vestrae,
1481 3835 1575 3887 pro
1604 3820 1700 3874 hac
1724 3820 2007 3883 sententia,
2031 3819 2149 3889 Spi-

588 3913 732 3964 ritus
763 3910 1060 3979 principalis
1082 3925 1175 3978 per
1204 3917 1442 3963 sanctum
1471 3909 1703 3985 Moysen)
1732 3919 1878 3983 recte
1890 3908 2149 3964 deuotans

602 3999 941 4071 comparavit,
961 4003 1143 4056 dicens
1166 4025 1178 4054 ;
1204 4001 1408 4055 Inimici
1427 4018 1592 4054 autem
1617 4005 1777 4056 nostri
1790 4003 2047 4057 insensati.
2074 4001 2150 4056 De

605 4092 749 4143 pinea
776 4094 906 4143 enim
926 4085 1259 4166 Sodomorum
1287 4092 1401 4144 vitis
1428 4105 1599 4143 eorum
1619 4129 1638 4156 ,
1662 4101 1707 4143 et
1737 4105 1962 4161 propago
1974 4106 2149 4145 eorum

602 4195 665 4233 es
694 4179 992 4233 Gomorrlte.
1022 4179 1127 4233 Uva
1149 4196 1320 4233 eorum
1340 4197 1430 4234 una
1451 4181 1602 4249 (ollis,
1618 4191 1663 4233 et
1689 4181 1862 4235 botrits
1874 4197 2047 4235 eorum
2060 4182 2149 4235 bo-

602 4281 708 4357 ttjtqs
732 4272 1088 4323 amaritudinis
1105 4286 1121 4323 :
1137 4272 1213 4322 ira
1244 4274 1517 4323 draconum
1540 4271 1707 4323 vitiant
1729 4286 1901 4325 eorum
1929 4280 1975 4324 et
2007 4272 2152 4339 furor

603 4363 839 4428 cupidum
860 4358 1157 4413 insanabilis
1172 4360 1345 4429 (Deut.
1365 4375 1527 4423 χχχιι,
1543 4361 1654 4428 31).
1671 4360 1822 4415 Unde
1842 4357 1961 4429 quia
1984 4362 2151 4437 mani-

523 4449 531 4457 ’
601 4451 733 4504 feste
758 4464 945 4503 verum
993 4450 1198 4503 Patrem
1247 4450 1648 4517 sempiternum,
1679 4463 1836 4503 verus
1866 4449 2027 4503 Filius
2060 4450 2151 4505 dco

604 4541 777 4593 claret
798 4540 1171 4605 Sempiternus,
1195 4540 1282 4607 qui
1312 4541 1377 4592 de
1402 4554 1467 4593 eo
1484 4547 1637 4592 natus
1666 4538 1834 4592 fuerat
1857 4556 1869 4589 :
1894 4548 1949 4592 et
1970 4554 2149 4593 \erum

597 4628 793 4681 Filium
825 4630 1220 4696 sempiternum,
1252 4644 1405 4693 verus
1436 4631 1586 4681 Pater
1609 4629 1935 4683 demonstrat
1959 4630 2151 4698 sempi-

603 4727 803 4780 ternus,
831 4720 916 4787 qui
943 4734 1063 4773 eum
1093 4728 1377 4787 genuerat;
1409 4734 1470 4773 ac
1497 4724 1592 4787 per
1619 4719 1716 4774 boc
1748 4720 1829 4787 (ut
1859 4720 1992 4789 dixi)
2016 4720 2153 4775 sicut

548 4876 549 4879 η
604 4822 757 4862 verus
785 4808 956 4875 Pater,
991 4809 1078 4877 qui
1106 4809 1172 4863 de
1198 4812 1479 4878 semetipso
1518 4820 1773 4879 genuerat
1804 4811 2015 4878 Filium,
2047 4826 2150 4866 una

602 4914 722 4950 cum
750 4912 815 4950 eo
840 4894 955 4952 ιιι-αῖ
977 4912 1186 4965 semper
1213 4910 1333 4952 ante
1374 4902 1566 4952 omnia‘
1592 4902 1846 4965 anterior,
1877 4901 1954 4955 sic
1979 4911 2032 4956 et
2062 4916 2149 4956 ve-

528 4995 531 5000 ‘
603 5002 697 5041 rus
744 4980 931 5052 Filius,
960 4990 1046 5055 qui
1080 4991 1187 5058 jam
1229 4990 1648 5043 inenarrabiliter
1690 5000 1840 5045 natus
1880 4990 2053 5046 fuerat
2082 4991 2150 5048 de

602 5078 781 5142 Patre,
812 5092 911 5129 una
941 5094 1058 5133 cum
1089 5096 1151 5132 eo
1182 5078 1278 5133 fuit
1304 5094 1514 5148 semper
1540 5091 1662 5134 ante
1691 5082 1865 5134 omnia
1896 5083 2145 5136 anterior.

607 5172 728 5226 llmc
751 5179 850 5233 est,
884 5171 1188 5237 inquamuin
1218 5172 1295 5225 bis
1323 5172 1558 5225 anterior
1586 5173 2001 5239 sempiternitas,
2032 5189 2150 5241 quae

604 5275 725 5313 ante
751 5276 903 5314 onme
928 5259 1140 5313 omnino
1167 5262 1473 5330 principium
1506 5261 1603 5315 fuit
1626 5272 1678 5315 et
1703 5274 1835 5316 erat.
1864 5263 1986 5319 Ideo
2016 5280 2150 5317 nun-

604 5367 761 5415 quam
794 5353 942 5405 Pater
983 5352 1098 5405 sine
1128 5350 1277 5412 Filio.
1307 5355 1424 5421 quia
1467 5369 1678 5423 semper
1708 5353 1870 5409 Filius
1901 5355 1996 5409 luit
2026 5371 2147 5411 cum

503 5476 508 5482 ι
606 5443 779 5503 Patre,
809 5444 928 5495 dum
972 5446 1113 5498 nullo
1154 5444 1309 5498 modo
1349 5453 1519 5515 potest
1565 5446 1719 5500 Pater
1761 5445 1845 5500 hic
1889 5448 1989 5502 dici
2035 5450 2151 5502 sine

604 5534 759 5587 Filio.
778 5536 945 5599 Super
966 5537 1099 5591 banc
1121 5546 1313 5591 lautam
1339 5540 1568 5592 veritatis
1596 5539 1953 5606 probationem
1972 5540 2142 5595 adhuc

609 5624 797 5690 adiecit
824 5626 1067 5691 iniquitas
1092 5644 1270 5682 eorum
1313 5630 1568 5684 dicendo:
1596 5630 1885 5701 Antequam
1925 5646 2145 5701 genera-

2255 1860 2423 1903 c.ecas
2451 1866 2634 1906 eorum
2677 1856 2728 1908 in
2772 1872 2929 1912 unum
2978 1861 3234 1928 replicare
3273 1864 3557 1933 caligines.
3590 1869 3799 1924 Audiam

2254 1936 2430 2011 itaque
2459 1950 2690 1997 nostram
2723 1960 2899 2001 veram
2943 1957 3000 2003 et
3036 1950 3359 2021 immobilem
3384 1968 3577 2011 vocent
3608 1960 3797 2015 confes-

2253 2025 2424 2082 sionis
2469 2029 2636 2095 Quem
2669 2032 2956 2102 ignorando
2981 2038 3393 2107 omnipotentem
3438 2047 3612 2100 Deum
3640 2054 3799 2102 testati

2252 2117 2401 2183 estis,
2429 2133 2524 2172 nos
2571 2120 2739 2189 ipsum
2786 2123 2992 2180 Patrem
3037 2143 3157 2184 esse
3199 2132 3544 2190 defendimus
3578 2155 3592 2189 :
3627 2149 3680 2191 et
3719 2154 3797 2193 cur

2252 2208 2664 2274 omnipOtentem
2698 2211 2903 2268 Patrem
2933 2224 3051 2271 esse
3070 2220 3414 2287 pradicamus
3435 2227 3795 2289 ostendimus;

2253 2297 2374 2365 quia
2402 2300 2814 2368 omnipotentem
2843 2305 3026 2373 Deum,
3054 2310 3223 2379 qualis
3253 2314 3364 2381 ipse
3389 2327 3473 2370 est
3515 2318 3572 2371 in
3609 2328 3793 2383 natura.

2254 2390 2413 2443 talem
2456 2392 2635 2458 genuit
2666 2392 2853 2449 Filium
2875 2437 2889 2463 ,
2920 2398 3053 2452 sicut
3084 2399 3136 2454 in
3167 2401 3454 2470 Srripturis
3490 2419 3705 2464 cautem
3730 2412 3795 2464 in.

2253 2480 2532 2535 venimus:
2560 2480 2659 2548 Qui
2683 2492 2776 2554 est,
2796 2495 2845 2540 et
2872 2490 2960 2554 qui
2978 2489 3094 2558 fuit,
3126 2500 3175 2543 et
3204 2494 3293 2562 qui
3317 2505 3563 2551 uenturus
3599 2508 3672 2552 est
3706 2515 3795 2553 ost-

2252 2570 2479 2639 nipotens
2511 2570 2648 2627 Deus
2678 2573 2857 2645 (Apoc.
2885 2592 2923 2641 ι,
2951 2578 3220 2647 4).'\'ides
3240 2584 3665 2653 omnipotentem
3692 2604 3794 2645 esse

2255 2661 2347 2716 Dei
2392 2662 2582 2717 Filium
2623 2664 2673 2719 in
2717 2680 2921 2729 natura.
2971 2670 3107 2725 sicut
3150 2681 3205 2726 et
3244 2673 3479 2731 Patrem.
3532 2680 3658 2735 Ideo
3684 2683 3793 2736 nihil

2254 2766 2423 2821 nuper
2446 2755 2691 2821 accessit,
2723 2756 2775 2811 in
2804 2760 2946 2813 unita
2976 2761 3247 2831 divinitate
3275 2768 3620 2836 sempiterna:
3640 2775 3791 2826 omni-

2253 2845 2524 2913 potentiae,
2550 2846 2691 2902 Patri
2730 2859 2784 2905 et
2825 2851 2977 2907 Filio.
3025 2854 3167 2910 Sane
3192 2870 3294 2912 nec
3317 2862 3668 2931 omnipotenti
3702 2864 3793 2919 Deo

2252 2945 2438 2991 sancto
2480 2938 2694 3007 Spiritui
2721 2942 2916 3011 aliquid
2957 2941 3249 3003 accessisse
3289 2952 3652 3021 cognoscitur,
3678 2969 3790 3023 quo-

2254 3027 2397 3080 niam
2420 3027 2486 3083 de
2511 3030 2653 3082 unita
2675 3031 3069 3101 omnipotentiae
3089 3037 3381 3094 substantia
3408 3050 3517 3107 est;
3547 3045 3667 3112 quia
3696 3048 3791 3098 bam

2253 3117 2399 3171 unita
2421 3128 2607 3173 natura
2636 3134 2737 3176 nec
2762 3134 3098 3192 augmentum
3129 3126 3363 3195 aliquod,
3394 3146 3495 3187 nec
3520 3133 3788 3189 detrimen-

2256 3217 2365 3263 tum
2397 3212 2608 3278 patitur.
2659 3212 2810 3268 Disce
2856 3215 2925 3267 ita
2970 3218 3411 3284 quemadmodum
3450 3223 3642 3278 debeat
3686 3234 3789 3278 tuus

2248 3315 2400 3354 error
2449 3302 2669 3357 absolvi.
2730 3303 2920 3375 Utique
2968 3308 3360 3375 sempiternitas
3418 3313 3587 3369 Patris
3643 3313 3786 3371 Filius

2214 3392 2366 3458 ~ejus
2412 3401 2525 3459 est,
2555 3392 2675 3456 quia
2726 3397 2792 3448 de
2842 3396 2956 3463 ipso
3006 3398 3430 3457 inenarrabiliter
3473 3415 3599 3458 ante
3646 3418 3786 3458 omne

2247 3480 2465 3534 onmino
2513 3482 2823 3551 principium
2853 3495 3007 3542 natus
3035 3498 3114 3542 est
3139 3507 3155 3544 :
3180 3499 3235 3545 et
3258 3492 3651 3562 sempiternitss
3679 3494 3782 3548 Filii

2250 3573 2408 3628 Pater
2432 3575 2546 3643 ejus
2590 3585 2691 3639 est,
2718 3579 2839 3645 qu‘a
2881 3579 2993 3645 ipse
3036 3595 3156 3636 eum
3202 3591 3327 3637 ante
3370 3595 3561 3671 cutt’cta
3605 3586 3780 3639 sarcula

2249 3664 2563 3719 saeculorum
2586 3667 3066 3737 incomparabiliter
3088 3673 3299 3741 genuit:
3328 3674 3441 3729 sive
3455 3664 3779 3748 Empiterni-

2251 3768 2331 3813 tas
2358 3758 2583 3826 Spiritus
2628 3762 2898 3829 paracleti,
2933 3763 3075 3817 unita
3105 3764 3276 3819 deitas
3302 3764 3416 3833 ejus
3443 3777 3524 3822 est
3552 3781 3665 3822 cum
3691 3766 3777 3821 Pa-

2250 3855 2331 3903 tre
2359 3858 2413 3902 et
2443 3849 2593 3914 Filio,
2619 3865 2736 3917 qua!
2778 3850 2910 3905 facta
2958 3867 3061 3906 non
3091 3862 3191 3921 est,
3224 3855 3359 3909 sicut
3389 3854 3552 3911 Filius
3582 3865 3779 3910 testatus

2249 3946 2333 3993 est
2358 3940 2424 3993 de
2446 3955 2513 3994 eo
2533 3956 2548 3993 :
2571 3941 2613 3993 Α
2644 3939 2794 3995 Patre
2821 3943 3043 4011 procedit
3068 3942 3243 4016 (Joan.
3272 3961 3356 4010 xv,
3382 3944 3497 4016 εδ),
3524 3957 3574 4002 et
3602 3948 3662 4000 de
3685 3962 3777 3998 utro

2248 4030 2459 4099 accipiet
2485 4030 2663 4097 (Joan.
2690 4045 2795 4092 nn,
2825 4030 2937 4092 Η).
2961 4031 3063 4086 Sed
3091 4043 3146 4087 et
3168 4034 3323 4089 Pater
3348 4035 3461 4089 hac
3488 4037 3622 4090 dicta
3650 4049 3777 4089 como

2251 4120 2439 4189 probat
2481 4136 2571 4187 per
2618 4126 2959 4191 prOpbetatu,
2985 4123 3165 4178 dicens
3196 4140 3211 4180 :
3240 4124 3465 4194 Spiritus
3500 4144 3531 4179 a
3560 4143 3635 4178 me
3674 4140 3770 4196 pro-

2250 4210 2383 4263 cedit
2411 4208 2562 4279 (lsai.
2606 4226 2729 4273 μή,
2766 4211 2875 4281 16).
2926 4212 2990 4266 Et
3023 4213 3128 4265 alio
3164 4214 3215 4266 in
3253 4214 3699 4281 loculi/fundam
3722 4215 3775 4263 de

2253 4298 2451 4369 Spiritu
2484 4316 2591 4353 nteo
2631 4300 2781 4368 super
2806 4318 3002 4355 omnem
3031 4318 3234 4356 carnem
3260 4303 3417 4373 (Jocl,
3443 4304 3618 4375 ".28).
3643 4304 3770 4370 Quod

2252 4392 2304 4445 in
2330 4390 2642 4446 Pentecoste
2672 4396 2724 4446 in
2754 4395 3021 4460 apostolos
3069 4396 3259 4451 factum
3302 4395 3499 4461 fuisse,
3529 4396 3770 4463 Scriptura

2182 4484 2427 4558 Ddivipa
2478 4492 2716 4537 testatur.
2763 4483 2892 4538 Nam
2942 4485 3081 4538 sicut
3128 4485 3280 4540 Pater
3324 4487 3557 4541 declarat
3609 4486 3767 4540 Filium

2256 4588 2407 4628 suum
2440 4573 2489 4626 in
2521 4572 2716 4628 dt-i'ate
2736 4589 2851 4639 sua,
2884 4572 3038 4647 247
3066 4577 3310 4643 quoniam
3342 4577 3480 4631 Dens
3508 4590 3654 4631 verus
3677 4583 3767 4626 est“

2255 4664 2323 4718 ita
2362 4674 2416 4719 et
2454 4657 2624 4717 Filius
2661 4664 2989 4720 demonstrat
3026 4665 3232 4720 Patrem
3278 4667 3329 4720 in
3367 4666 3645 4722 substantia
3671 4674 3765 4719 sua.

2254 4757 2499 4825 quoniam
2540 4756 2674 4809 Deus
2701 4770 2856 4811 verus
2882 4764 2964 4811 est
2987 4774 2999 4808 :
3023 4757 3099 4811 sic
3131 4767 3184 4811 et
3214 4755 3445 4827 Spiritus
3467 4768 3668 4812 sanctus
3702 4767 3766 4805 re—

2256 4846 2396 4902 velat
2422 4845 2629 4900 Patrem
2657 4853 2713 4900 et
2749 4844 2957 4910 Filium,
2986 4848 3037 4902 in
3076 4847 3219 4902 unita
3262 4857 3451 4904 natura
3485 4861 3578 4902 sua
3602 4853 3765 4898 aeterna

2254 4936 2501 5007 quoniam
2550 4938 2689 4992 Deus
2730 4951 2884 4993 verus
2926 4946 3028 4992 est.
3068 4937 3190 4993 llaec
3234 4946 3347 5002 est,
3379 4939 3617 5005 inquam,
3648 4932 3765 4986 unita

2256 5027 2589 5096 omnipotens
2633 5027 2952 5097 sempiterna
3000 5027 3250 5093 Trinitas,
3272 5027 3357 5083 cui
3398 5029 3469 5083 de
3515 5024 3692 5083 recenti
3724 5022 3763 5072 in

2255 5117 2451 5172 deitate
2481 5104 2619 5172 nulla
2647 5119 2870 5173 accessit
2896 5117 3142 5187 dignitas.

2326 5236 2627 5290 Hmreticus.
2662 5238 2927 5308 Interrogo
2955 5249 3026 5306 te,
3051 5240 3307 5309 reSpondc
3337 5240 3464 5294 milii
3498 5258 3512 5295 :
3539 5239 3641 5295 Non
3662 5246 3764 5299 ιντο

2257 5328 2523 5384 mutabilis
2545 5371 2561 5396 ,
2604 5330 2687 5385 vel
2713 5330 3072 5386 convertibilis
3099 5342 3180 5387 est
3209 5333 3320 5388 tunc
3348 5332 3493 5388 unita
3517 5327 3761 5385 substantia

2254 5420 2520 5475 Trinitatis
2535 5420 2559 5474 τ

2325 5537 2651 5591 Athanasius.
2700 5536 2833 5590 Audi
2875 5535 3067 5605 itaque.
3101 5537 3365 5606 Scriptum
3403 5546 3485 5593 est
3517 5556 3530 5592 :
3560 5536 3653 5607 Ego
3673 5546 3760 5584 sm

2255 5627 2425 5695 Deus,
2457 5640 2502 5683 et
2530 5645 2626 5683 non
2658 5638 3009 5717 sum'mutatus
3047 5628 3296 5698 (Maiam.
3334 5646 3408 5697 ttt,
3438 5632 3518 5699 6).
3558 5626 3639 5683 Vel
3660 5638 3737 5694 pro
