3856 6222
66 337 160 390 2τ3

1313 332 1395 384 DE
1435 326 1802 383 TRINITATE
1847 324 1969 377 LIB.
2017 323 2073 374 γ.

3184 321 3314 382 ἳῚιη

59 461 249 520 poetam
275 455 340 508 ad
365 455 492 511 haec
517 457 783 510 dicentem
812 471 824 504 :
852 451 1071 505 Mutobis
1097 468 1182 506 eos
1210 460 1255 504 ct
1278 451 1623 509 mutabuntur,
1659 454 1700 505 Λ
1733 460 1959 512 opertum
1989 452 2062 497 εει
2101 442 2430 512 Evangelia"!
2477 448 2731 502 ηοιιναιπν
2759 439 2812 491 ίη
2852 437 2931 490 hil
2960 443 3044 507 qui
3079 434 3286 509 ρινέὶιηι

57 559 102 598 tu
124 556 284 598 autem
313 547 459 598 idem
496 547 607 608 ipse
627 560 706 608 es,
744 554 791 596 et
814 544 937 596 anni
968 544 1036 596 tui
1063 560 1163 596 non
1191 543 1421 604 deﬁcient
1452 539 1622 610 (Psal.

57 653 117 692 Cl.
141 636 247 703 28).
288 637 420 690 Sive
465 636 582 690 tale
611 634 808 688 dictum
847 637 1063 701 accipe:
1100 634 1208 706 Ego
1239 651 1350 688 sum
1383 635 1518 687 Deus
1539 675 1552 695 ,
1582 642 1628 686 et

57 743 142 778 non
170 728 409 780 demutor
456 725 721 794 (Hatach.
751 742 827 793 nt,
857 727 934 796 6).
983 725 1117 780 Vere
1163 727 1440 780 manifeste
1472 724 1569 792 ipsi
1598 738 1627 778 a

57 815 252 868 diabolo
281 816 566 870 immutati
598 827 720 870 sunt
744 855 758 880 ,
789 815 877 884 qui
904 815 1054 881 hanc
1082 815 1410 870 divinitatem
1436 815 1629 883 sempi-

58 915 205 959 ternas
231 905 535 962 Trinitatis
580 900 649 960 in'
678 886 1043 985 confessittne,
1076 917 1280 960 mutare
1319 901 1582 961 conantur
1613 922 1625 957 :

56 997 172 1049 sicut
198 996 509 1066 Apostolus
539 997 737 1052 indicat
768 1015 780 1051 :
813 977 916 1061 Qui
956 999 1338 1052 immutaverunt
1376 999 1631 1051 ueritatem
1670 1005 1675 1009 ‘

61 1084 136 1138 Dei
161 1088 211 1140 in
239 1090 604 1151 mendacium,
630 1099 678 1142 et
707 1089 979 1143 servierunt
1011 1098 1253 1143 creatura:
1288 1089 1452 1155 potius
1478 1101 1630 1158 quam

57 1178 285 1242 Creatori,
302 1179 398 1246 qui
422 1191 507 1234 est
524 1179 666 1233 Deus
681 1181 962 1234 benedictus
982 1180 1034 1232 in
1055 1169 1241 1234 stvcula
1266 1180 1437 1250 (Rom.
1459 1196 1496 1244 t,
1513 1178 1625 1248 25).

57 1268 275 1338 Intelligo
303 1269 504 1336 itaque
531 1285 631 1325 nec
670 1271 1053 1326 incrementum
1070 1313 1100 1332 μ
1119 1286 1217 1325 nec
1253 1272 1627 1325 detrimentum

57 1360 203 1414 ullum
252 1374 422 1428 posse
470 1361 740 1417 sustinere
807 1362 942 1417 hanc
996 1362 1383 1419 immutabilem
1430 1365 1627 1419 unitam

58 1450 440 1515 p’enitudinem
470 1452 785 1506 substantia».
807 1453 1100 1508 Trinitatis.

120 1540 430 1597 Hernicus.
461 1544 635 1614 Rogo,
667 1546 708 1598 si
741 1546 882 1598 unita
913 1556 995 1600 est
1021 1546 1311 1601 substantia
1341 1544 1630 1601 divinitatis

57 1633 230 1700 Patris,
251 1645 310 1691 et
339 1637 498 1702 Filii,
519 1647 577 1691 et
603 1638 770 1693 sancti
788 1639 1034 1708 Spiritus,
1057 1637 1124 1694 de
1147 1639 1458 1694 auctoritate
1483 1639 1631 1695 Scri-

56 1735 312 1792 pturarum
342 1727 488 1794 mihi
517 1727 709 1784 indica.

1729 545 1800 588 est
1837 543 2064 603 opertum
2086 573 2101 596 ,
2137 534 2191 586 in
2229 532 2406 601 quibus
2449 531 2583 584 Deus
2628 529 2800 583 sa’culi
2836 527 2985 600 hujus
3025 535 3287 584 ezcttcavit

1731 613 1914 678 mentes
1935 623 2220 691 inﬁdelium
2237 663 2251 684 ,
2276 633 2331 674 ut
2357 638 2460 674 non
2484 620 2674 691 fulgeat
2699 618 3002 674 illuminatio
3027 619 3289 691 Evangelii

1730 715 1907 787 gloria!
1931 713 2119 768 Christi
2146 711 2195 784 (Ι
2206 713 2229 767 Ι
2246 711 2365 767 Cor.
2391 727 2463 775 tv,
2479 714 2557 781 5).

1805 802 2106 858 (hereticus.
2141 803 2269 867 Quae
2294 811 2375 858 est
2400 804 2568 873 imago
2599 801 2691 857 Dei
2717 801 2997 858 invisibilis
3021 802 3209 868 Patris,
3237 816 3290 860 et

1733 894 1878 957 Filii,
1902 895 1968 949 de
1996 896 2308 948 auctoritate
2342 893 2466 948 mihi
2499 893 2686 947 indica.

1803 985 2131 1040 Athanasius.
2159 985 2282 1041 Scio
2309 986 2428 1054 quia
2460 985 2692 1040 difﬁcilis
2719 983 2897 1060 exitus
2925 995 3008 1042 est
3033 986 3116 1054 hic
3146 987 3292 1056 igno-

1732 1077 1970 1131 rantibus
1997 1077 2048 1131 in
2075 1076 2398 1130 absolvenda
2423 1116 2438 1141 ,
2487 1077 2579 1131 sed
2621 1091 2717 1130 nos
2749 1085 2960 1146 oportet
2989 1092 3199 1148 semper
3224 1079 3290 1132 ad

1733 1166 2061 1220 coruscantis
2093 1166 2240 1220 Pauli
2284 1166 2551 1234 eloquium
2600 1165 2802 1220 intento
2830 1168 2994 1223 corde
3030 1170 3289 1236 aspicere,

1731 1255 1958 1312 dicentis
1998 1272 2015 1309 :
2061 1253 2171 1310 Nos
2218 1271 2386 1309 omnes
2420 1255 2639 1308 revelata
2677 1255 2805 1325 facie
2837 1255 3051 1327 gloriam
3089 1256 3293 1311 Ι)οηῖἱηί

1731 1349 2050 1415 speculantes
2084 1346 2136 1398 in
2170 1347 2395 1400 eamdem
2419 1347 2681 1415 imaginem
2705 1346 3039 1414 reformantur
3065 1362 3100 1399 α
3129 1347 3293 1415 gloria

1731 1440 1785 1493 in
1827 1436 2066 1512 gloriam,
2108 1438 2236 1490 sicut
2277 1436 2553 1512 a"Domini
2578 1436 2772 1508 Spiritu
2810 1435 2894 1510 (11
2919 1436 3034 1492 Cor.
3067 1454 3145 1504 ιιι,
3175 1438 3288 1508 i8).

1732 1529 2023 1585 Considera
2047 1510 2103 1583 in
2134 1543 2233 1582 una
2268 1510 2496 1596 imagine
2520 1529 2959 1597 quemadmodum
2991 1546 3145 1583 unam
3178 1531 3293 1600 glo-

1733 1622 1866 1677 riam
1900 1633 1980 1677 ter
2007 1620 2323 1691 designavit,
2351 1618 2400 1674 id
2426 1627 2510 1674 est
2539 1620 2757 1692 gloriam
2790 1622 3013 1686 Domini,
3041 1637 3067 1676 a
3098 1622 3291 1692 gloria,

1734 1712 1785 1765 in
1829 1712 2050 1780 gloriam
2077 1752 2092 1778 ,
2138 1713 2273 1766 sicut
2306 1714 2348 1766 a‘
2377 1698 2582 1766 Domin'i
2628 1711 2844 1779 Spiritu.
2902 1711 3083 1767 Nonne
3128 1720 3321 1771 utest.

115 1791 456 1870 Athanasius.
501 1817 639 1872 Audi
668 1817 923 1887 Spiritum
950 1829 1187 1873 sanctum
1220 1834 1313 1888 per
1340 1816 1626 1875 leremiam

1739 1804 1906 1873 imago
1952 1804 2044 1858 Dei
2092 1801 2265 1888 Patris
2312 1803 2362 1857 in
2411 1791 2620 1871 gloria,
2664 1802 2741 1858 sic
2787 1801 2974 1858 eadem
3020 1802 3130 1872 ipsa
3175 1802 3293 1857 talis

57 1908 358 1973 prophetam
415 1917 743 1979 testantem,
792 1911 874 1964 vel
923 1911 1029 1964 imo
1075 1910 1355 1964 ltmreticos
1386 1925 1479 1979 per
1517 1910 1630 1963 haec

59 1997 382 2052 auctoritatis
410 1998 538 2067 jura
570 2000 930 2070 increpantem
964 2017 978 2055 :
1011 2000 1176 2062 Super
1201 2011 1392 2054 montes
1422 2004 1564 2070 accip
1585 2010 1633 2054 te

61 2087 336 2155 planctum,
379 2099 432 2142 et
467 2105 617 2157 super
646 2093 847 2144 semitas
873 2091 1054 2144 deserti
1080 2091 1363 2153 lucturum,
1395 2092 1513 2161 quia
1544 2092 1632 2143 de-

62 2182 296 2245 fecerunt,
326 2196 389 2234 eo
419 2182 561 2250 quod
591 2198 692 2238 non
718 2181 816 2235 sint
845 2181 1092 2247 homines,
1126 2199 1226 2236 non
1252 2183 1518 2236 audierunt
1547 2199 1632 2236 vo-

61 2285 152 2323 cent
177 2273 507 2329 substantiis.
540 2273 584 2326 A
603 2269 848 2328 volatibus
867 2275 978 2329 caeli
1000 2291 1158 2343 usque
1184 2276 1252 2327 ad
1281 2291 1461 2343 pecora
1497 2273 1627 2344 (Jer.

65 2375 127 2426 ts,
161 2363 270 2434 10).
318 2363 392 2419 Et
419 2364 501 2419 sic
527 2376 839 2434 prosecmus
867 2376 948 2421 est
981 2384 993 2420 :
1028 2367 1153 2432 Quis
1178 2369 1330 2435 homo
1357 2369 1560 2430 sapiens
1587 2378 1632 2420 et

64 2450 334 2522 intelligens
373 2454 490 2509 haec
535 2453 733 2523 (Ibid.,
761 2454 885 2525 12)?
929 2454 1055 2521 ilic,
1087 2466 1144 2509 ut
1191 2444 1410 2526 intelligi
1455 2456 1631 2520 datur.

66 2553 258 2600 montes
302 2554 362 2601 et
409 2546 577 2602 colles
620 2547 671 2602 in
701 2548 945 2616 superbia
973 2549 1097 2603 elati
1122 2587 1137 2611 ,
1187 2556 1476 2613 potestates
1506 2556 1632 2602 sunt

69 2633 209 2700 hujus
259 2637 473 2692 mundi.
526 2637 593 2692 Et
629 2639 834 2694 semita
860 2637 1058 2694 deserti
1083 2681 1099 2705 ,
1139 2638 1305 2694 .ludtei
1352 2648 1513 2706 sunt,
1544 2640 1632 2707 qui

73 2736 265 2790 semper
282 2735 534 2780 errantes
555 2722 822 2781 Christum
857 2711 1018 2782 Deum
1055 2743 1258 2795 verum,
1285 2728 1351 2782 de
1380 2727 1632 2783 substan-

75 2812 134 2864 tia
165 2811 335 2891 Patris
364 2825 494 2870 ante
537 2821 725 2872 cuncta
763 2816 956 2872 saeula
986 2827 1203 2885 natum,
1236 2834 1338 2873 non
1368 2833 1632 2888 cognove-

78 2913 207 2958 runt.
249 2905 506 2964 Volatilia
546 2918 719 2964 autem
751 2910 873 2965 caeli
904 2912 1138 2966 haeretici
1163 2923 1340 2987 sunt,
1370 2913 1459 2987 qui
1489 2913 1634 2968 omni

80 3006 220 3047 vento
244 2996 506 3052 doctrina
538 2999 642 3053 huc
669 3009 824 3069 atque
854 3001 976 3055 illuc
997 3041 1011 3066 ,
1042 3004 1177 3055 sicut
1207 3015 1333 3056 aves
1358 3002 1636 3069 circumfe-

82 3093 270 3145 runtur.
297 3096 354 3142 et
385 3089 587 3141 unitam
612 3088 868 3155 jussionis
900 3104 1109 3156 vocem,
1141 3100 1299 3156 atque
1330 3106 1486 3144 unam
1515 3091 1635 3145 sub-

1734 1894 1907 1964 imago
1935 1907 2014 1951 est
2054 1877 2239 1967 gloi-ia:
2283 1896 2446 1951 Filii?
2489 1898 2628 1950 sicut
2657 1897 2828 1950 sancti
2868 1895 3095 1964 Spiritus
3121 1895 3293 1966 imago

1731 1987 1913 2057 gloriae
1938 1988 2125 2044 eadem
2158 1990 2267 2058 ipsa
2295 1997 2348 2044 et
2376 1997 2516 2043 tanta
2550 1989 2632 2046 vel
2664 1988 2783 2042 talis
2807 1997 2908 2042 est.

1806 2076 2110 2134 ereticus.
2157 2079 2375 2134 Declara
2409 2070 2535 2134 mihi
2561 2079 2654 2145 ,"si
2695 2079 2860 2133 divisa
2901 2087 2983 2134 est
3011 2079 3122 2134 lrrc
3151 2094 3253 2133 una
3274 2120 3288 2142 ,

1733 2180 1892 2238 a'que
1920 2170 2105 2224 eadem
2140 2171 2252 2238 ipsa
2279 2171 2568 2226 substantia
2603 2171 2795 2233 Patris,
2837 2169 2952 2224 Filii
2984 2179 3036 2224 et
3065 2169 3292 2239 Spiritus
3363 2241 3367 2250 l

1733 2260 1924 2318 sancti.
1943 2274 2020 2323 an
2052 2258 2299 2327 indivisa,
2329 2271 2418 2314 aut
2442 2262 2517 2316 sic
2544 2269 2762 2316 extensa
2789 2269 2872 2316 est
2897 2263 2946 2316 in
2978 2261 3218 2316 invicem.

1805 2349 2134 2407 Athanasius.
2193 2350 2355 2423 2&9
2401 2350 2447 2405 Ο
2489 2350 2820 2421 experientia
2878 2351 3105 2406 hominis
3136 2391 3152 2416 ,
3204 2351 3290 2418 qui

1734 2441 1967 2513 seipsnm
1997 2457 2102 2499 non
2147 2445 2423 2513 intelligit!
2471 2444 2661 2514 Utique
2689 2444 2777 2499 ubi
2807 2444 3048 2499 indicasti
3080 2445 3293 2499 unitatis

1734 2533 2138 2611 plenitudinem,
2169 2534 2479 2589 substantiae
2503 2549 2690 2588 nomen
2714 2535 2996 2590 indivisum
3024 2536 3078 2588 in
3106 2535 3294 2590 eodem

1735 2625 2115 2680 demonstrasti
2145 2626 2400 2680 nomine?
2445 2625 2680 2695 Adeque
2709 2641 2890 2680 rursus
2925 2626 2978 2678 in
3009 2625 3296 2694 repetendo

1733 2717 1876 2788 quod
1914 2717 2244 2784 distinxisti,
2295 2718 2669 2787 proprietatem
2722 2717 3029 2773 earumdem
3075 2717 3295 2786 singulis

1736 2809 1982 2878 personis
2007 2808 2185 2863 inesse
2217 2807 2908 2882 demonstrastiablemento
2934 2809 3052 2877 quia
3083 2806 3298 2861 inenar-‘

1736 2899 1922 2955 rabilis
1945 2909 2068 2954 sunt
2090 2913 2207 2968 qua:
2226 2899 2471 2962 dicimus,
2494 2914 2610 2967 quae
2630 2897 2848 2953 omnino
2865 2899 3128 2953 credenda
3150 2907 3292 2952 sunt.

1734 2991 1850 3046 Non
1882 3002 2059 3045 tamen
2091 2990 2311 3045 facultas
2337 2991 2457 3045 data
2483 2999 2565 3045 est
2592 2999 2648 3044 ut
2674 2990 2739 3044 ad
2770 2991 3020 3059 liquidum
3049 2991 3153 3043 sint
3183 2989 3294 3044 Itast:

1736 3096 1766 3136 a
1796 3082 1950 3136 nobis
1986 3081 2319 3136 discutienda
2354 3099 2368 3136 :
2399 3081 2648 3150 quoniam
2677 3081 2790 3151 ipsa
2820 3094 3149 3136 sacrosancta
3179 3082 3293 3135 Tri-

85 3175 312 3231 stantiam
343 3178 517 3233 Patris
541 3223 556 3246 ,
588 3189 642 3233 et
673 3179 811 3242 Filii,
840 3188 897 3235 ει
934 3182 1101 3236 sancti
1123 3180 1352 3248 δνῑιιῑωε
1381 3196 1499 3237 esse
1529 3197 1634 3238 non
1662 3171 1708 3234 C
1741 3175 1879 3228 nitas
1909 3172 2032 3229 sciri
2060 3188 2118 3229 se
2150 3180 2351 3228 tantum
2386 3172 2586 3238 voluit,
2623 3187 2730 3224 non
2765 3181 2938 3226 tamen
2965 3174 3202 3240 permisit
3227 3174 3293 3227 de

86 3267 409 3324 conﬁtentur.
440 3270 644 3325 Pecora
670 3271 890 3341 adaeque
916 3273 1143 3342 gentiles
1167 3282 1320 3339 sunt,
1349 3274 1438 3344 qui
1468 3273 1634 3329 Deum

89 3353 320 3415 lectorem
345 3375 504 3419 suum
543 3375 649 3415 non
693 3371 1076 3432 cognOveruut.
1106 3363 1245 3418 Vere
1273 3378 1431 3419 nemo
1459 3380 1523 3418 ex
1552 3365 1637 3417 bis

89 3444 404 3504 arbitrantius
432 3459 516 3504 est
557 3449 807 3518 sapiens,
855 3451 944 3518 qui
983 3466 1088 3506 non
1136 3451 1434 3521 intelligunt
1477 3451 1637 3523 ω

96 3533 210 3589 hanc
237 3537 436 3594 unitum
457 3553 580 3594 esse
605 3539 734 3594 usiae
761 3541 1107 3595 substantiam
1132 3541 1426 3601 Trinitatis.
1451 3543 1545 3596 Vel
1568 3543 1633 3596 ad

94 3623 190 3679 haec
224 3626 458 3699 iutellige
495 3630 808 3699 prophetam
839 3631 1155 3686 clamantem
1189 3648 1202 3684 :
1238 3623 1362 3699 Quis
1394 3633 1544 3686 stabit
1581 3633 1634 3686 in

95 3714 346 3770 substantia
386 3716 624 3784 Domini,
667 3728 713 3773 et
753 3720 933 3774 videbit
978 3719 1193 3774 Verbum
1230 3724 1342 3791 ejus
1387 3710 1629 3791 ‘(Jerenn

95 3817 224 3869 mn,
256 3806 377 3876 18)?
405 3807 570 3863 Plane
599 3809 719 3876 quis
744 3810 1024 3862 hominum
1052 3811 1224 3879 potuit
1251 3819 1395 3866 stare
1431 3813 1482 3865 in
1509 3811 1632 3864 sub-

98 3897 264 3949 stantia
290 3898 502 3954 Domini
525 3910 579 3954 et
597 3900 781 3954 videre
809 3899 1064 3967 Verbum,
1089 3901 1139 3954 id
1163 3911 1245 3955 est
1271 3901 1461 3956 Filium
1485 3902 1631 3971 ejus?

98 3984 212 4039 sicut
237 3987 347 4054 ipse
371 3989 499 4042 dicit
532 4006 545 4040 :
577 3989 744 4041 Nemo
784 3989 906 4041 sidit
953 3987 1160 4042 Patrem
1198 3991 1299 4043 nisi
1345 3990 1544 4057 Filius,
1587 4003 1632 4044 et

98 4090 219 4129 nemo
255 4081 346 4130 scit
387 4077 606 4141 Filium,
642 4078 738 4130 nisi
779 4077 932 4130 Pater
981 4077 1131 4148 (Luc.
1157 4095 1188 4132 ι
1214 4118 1230 4143 ,
1259 4079 1372 4151 22).
1404 4078 1498 4136 Vel
1531 4082 1633 4136 tale

98 4162 268 4219 dictum
295 4168 474 4235 awipe
505 4185 518 4219 :
549 4167 648 4232 Qui
684 4182 762 4219 me
795 4166 949 4231 videt,
986 4169 1115 4220 videt
1148 4178 1194 4221 et
1225 4167 1630 4241 Patremmeum

99 4251 250 4321 (locu.
280 4272 383 4323 xtv,
418 4257 498 4323 9).
541 4258 670 4309 Nam
701 4256 766 4311 de
797 4271 1019 4320 persona
1058 4257 1324 4326 Paracliti,
1350 4259 1486 4312 idem
1519 4261 1632 4326 ipse

101 4343 260 4401 elistus
284 4358 366 4404 est
393 4365 408 4400 :
440 4347 666 4415 Spiritus
706 4346 788 4399 ubi
832 4348 935 4399 vult
972 4349 1195 4416 aspirct,
1238 4359 1281 4401 et
1317 4366 1483 4402 vocem
1521 4354 1629 4421 ejus

101 4437 256 4503 audis,
279 4449 325 4493 et
363 4440 522 4493 nescis
551 4438 688 4492 unde
723 4439 888 4491 ueniat
909 4478 925 4503 ,
963 4448 1048 4490 aut
1085 4456 1184 4505 quo
1226 4441 1377 4494 vadat
1405 4456 1425 4495 :
1447 4443 1518 4494 sic
1555 4452 1626 4494 est

1740 3266 2016 3320 divinitate
2044 3279 2136 3318 sua
2169 3264 2381 3333 proprie
2407 3258 2656 3317 dimniri:
2687 3261 2824 3316 nde
2862 3277 2968 3316 non
3002 3272 3084 3316 est
3116 3261 3290 3316 divina

1737 3354 2030 3408 substantia
2059 3353 2246 3416 divisa,
2274 3359 2366 3405 aut
2393 3352 2733 3416 extensa,vel
2752 3361 2991 3418 protensa
3018 3353 3070 3407 in
3087 3351 3290 3422 aliquo,

1736 3446 1820 3499 vel
1849 3445 2027 3499 excisa
2075 3443 2127 3498 in
2166 3441 2421 3510 partibus,
2461 3442 2553 3496 sed
2589 3456 2686 3496 nec
2713 3441 3031 3497 derivationi
3067 3443 3292 3514 alicujus

1735 3536 1810 3589 rei
1841 3544 2203 3603 comparatur:
2233 3535 2353 3602 quia
2395 3533 2568 3601 liquor
2604 3547 2707 3586 non
2748 3541 2832 3588 est
2867 3533 2920 3587 in
2967 3533 3065 3588 hac
3103 3543 3288 3591 natura

1737 3628 1910 3692 plane,
1941 3622 2034 3678 sed
2073 3637 2172 3677 nec
2195 3622 2427 3676 dcﬂuxio
2464 3622 2723 3690 quaedam,
2753 3625 2875 3693 quia
2916 3623 3091 3679 nullus
3127 3626 3289 3681 detri-
3361 3659 3363 3663 -

1737 3725 1992 3780 mentum,
2023 3714 2109 3767 vei
2162 3727 2501 3782 augmentum
2539 3714 2784 3780 sustinet,
2833 3718 3126 3784 praesertim
3169 3732 3290 3772 cum

1737 3804 2106 3858 inenarrabilis
2145 3802 2213 3857 sit
2251 3803 2362 3856 huic
2394 3803 2665 3870 plenitudo
2703 3804 3012 3858 substantiae
3052 3805 3288 3862 indiviste

1733 3897 2027 3958 Trinitatis,
2056 3887 2196 3951 sicut
2226 3895 2337 3962 ipse
2371 3894 2508 3949 Deus
2534 3895 2626 3949 Dei
2658 3894 2820 3950 Filius
2848 3896 3071 3950 indicat:
3101 3897 3208 3969 Ego
3237 3893 3292 3953 in

1735 3985 1908 4051 Putre,
1937 3996 1981 4039 et
2000 3984 2156 4038 Pater
2180 3985 2233 4037 in
2253 4000 2328 4037 me
2349 3981 2526 4054 (Joan.
2559 3999 2671 4050 stv,
2701 3985 2811 4056 il).
2840 3987 2943 4042 Sed
2975 3998 3030 4043 et
3056 3991 3288 4060 Spiritus

1733 4085 1946 4130 sanctus
1977 4076 2027 4128 in
2058 4074 2234 4142 Patre,
2265 4085 2319 4129 et
2340 4075 2392 4128 in
2425 4074 2579 4140 Filio,
2602 4085 2657 4129 et
2683 4076 2735 4129 in
2763 4091 2820 4130 se
2850 4079 3146 4134 consistens
3171 4093 3285 4146 est;

1731 4170 1867 4223 sicut
1893 4168 2122 4223 Joannes
2155 4167 2481 4237 evangelista
2511 4168 2561 4221 in
2598 4165 2835 4235 Epistola
2862 4185 2956 4224 sua
2995 4178 3099 4223 tam
3136 4172 3288 4226 abso-

1731 4261 1839 4313 lute
1863 4268 2112 4313 testatur:
2148 4258 2212 4311 Et
2237 4270 2334 4312 tres
2363 4275 2518 4312 unum
2545 4267 2662 4311 sunt
2687 4255 2741 4329 (Ι
2759 4257 2914 4313 Joan.
2947 4275 3003 4324 ν,
3031 4262 3106 4330 7).
3128 4263 3296 4332 1³01⁵1⁵0,

1731 4350 1915 4418 utquid
1943 4365 2103 4402 unum
2127 4349 2338 4415 dicitur,
2366 4349 2413 4403 si
2441 4348 2635 4416 aliquid
2662 4349 2731 4403 de
2763 4352 2916 4406 eoin
2958 4347 3134 4421 partes
3159 4355 3289 4408 divi-

1731 4442 1908 4496 ditur?
1937 4451 1991 4496 et
2021 4441 2205 4510 utquid
2235 4456 2398 4495 unum
2425 4440 2620 4496 dicitur
2653 4441 2698 4496 si
2723 4440 2938 4498 diverse
2969 4444 3095 4513 quid
3125 4447 3291 4501 senti-

102 4528 239 4582 osutis
260 4531 343 4597 qui
375 4540 523 4584 natus
553 4539 624 4584 est
662 4544 726 4582 ea:
761 4544 892 4596 aqua
924 4538 971 4583 et
1008 4530 1208 4595 Spiritu
1241 4541 1412 4584 sancto
1454 4530 1629 4600 (Joan.
1661 4521 1710 4579 D
1737 4546 1819 4588 tur
1853 4535 1920 4588 de
1948 4533 2050 4589 eo?
2078 4541 2134 4588 et
2161 4533 2448 4602 quomodo,
2471 4549 2503 4585 ο
2525 4533 2793 4599 Ιιετθιίοε,
2823 4544 2932 4590 tres
2956 4551 3116 4591 unum
3144 4549 3288 4603 sunt,

103 4633 165 4686 ut,
185 4607 254 4689 8).
281 4622 566 4679 Considera
594 4637 752 4676 tutam
781 4637 903 4677 esse
933 4622 1252 4676 invisibilem
1283 4624 1630 4678 substantiam
1662 4608 1667 4613 ’

103 4708 366 4771 Trinitatis.
394 4715 502 4772 Sed
529 4713 596 4770 ad
637 4718 753 4770 haec
782 4714 974 4784 adjecit
1002 4731 1015 4768 :
1047 4715 1106 4769 Si
1145 4718 1393 4770 stetissent
1426 4718 1479 4768 in
1516 4716 1636 4769 sub-

104 4807 263 4857 stantia
285 4824 428 4871 mea,
465 4803 751 4860 auertissem
781 4822 863 4860 eos
901 4823 932 4860 a
968 4807 1149 4860 studiis
1190 4823 1364 4860 eorum
1406 4809 1633 4876 pessimis

109 4888 216 4955 (λετ.
247 4910 363 4949 um
388 4935 404 4959 ,
431 4896 547 4965 22).
596 4895 691 4950 Vel
719 4897 819 4950 hoc
853 4913 864 4947 :
900 4896 1192 4950 Substantia
1231 4913 1342 4949 mea
1364 4937 1382 4963 ,
1416 4898 1631 4950 dulcedo

106 4993 195 5032 mea
231 4994 297 5037 est
341 4984 503 5053 (Sap.
540 5000 648 5053 ut,
693 4985 810 5053 21).
853 4986 1065 5040 Necnon
1106 5002 1121 5039 :
1160 4987 1259 5050 Qui
1284 4997 1356 5041 est
1395 4987 1634 5054 splendor

108 5067 271 5138 gloria,
304 5083 349 5128 et
375 5075 544 5144 imago
579 5076 869 5129 substantia:
907 5078 1015 5145 ejus
1053 5076 1238 5145 (Hebr.
1274 5093 1313 5141 ι,
1341 5078 1552 5147 5).'Setl
1581 5088 1636 5133 et

109 5157 206 5225 hoc,
227 5165 359 5233 quod
399 5165 691 5220 secundum
719 5168 1089 5220 auctoritatem
1127 5169 1246 5235 jure
1283 5158 1485 5237 Optimo
1511 5183 1635 5223 cen-
1681 5160 1687 5171 “

108 5259 224 5305 Ietur
249 5270 260 5305 :
286 5255 489 5309 Candor
508 5263 581 5309 est
605 5257 738 5308 enim
768 5256 896 5310 lucis
924 5265 1142 5321 (τίεν-κω,
1177 5267 1224 5310 et
1248 5259 1506 5324 speculum
1528 5259 1635 5312 sine

109 5342 271 5396 macula
288 5343 384 5399 Dei
403 5329 706 5417 majestatis,
734 5355 781 5399 et
814 5347 980 5417 imago
1012 5348 1248 5402 bonitatis
1275 5349 1432 5418 ipsius
1451 5388 1467 5412 ,
1493 5347 1628 5402 Deus

112 5425 244 5486 Filius
277 5436 562 5506 (Sap.vtt,
589 5437 706 5508 26).
747 5438 908 5492 Vides
956 5455 1114 5493 unam
1152 5454 1273 5494 esse
1312 5440 1628 5494 invisibilem

112 5519 352 5591 imaginem
378 5529 688 5584 substantia:
715 5531 896 5599 gloria:
927 5531 1198 5584 bonitatis.
1233 5531 1467 5600 Denique
1498 5532 1630 5585 Pauo

112 5607 194 5664 lum
224 5624 507 5685 apostolum
547 5635 645 5690 pro
687 5623 1052 5690 increpatione
1097 5622 1468 5678 haereticorum
1503 5625 1629 5680 audi

113 5694 400 5776 loquentem,
431 5719 486 5767 ct
515 5712 648 5768 hanc
676 5713 954 5782 imaginem
987 5714 1343 5770 declarantem
1388 5734 1397 5766 :
1441 5715 1545 5770 Sed
1587 5717 1630 5768 si

1737 4629 1779 4680 si
1811 4627 1976 4680 divisa
2009 4627 2090 4681 vel
2126 4626 2302 4680 excisa
2341 4626 2392 4680 in
2444 4625 2526 4680 his
2567 4625 2858 4682 substantia
2899 4631 3016 4684 est?
3043 4640 3135 4685 aut
3161 4648 3290 4702 quo-

1738 4717 1896 4770 modo
1920 4731 2080 4770 unum
2103 4728 2247 4781 sunt,
2274 4717 2319 4771 si
2339 4716 2474 4771 alter
2493 4715 2642 4770 alteri
2673 4718 3030 4786 praeponitur?
3048 4729 3139 4774 aut
3161 4738 3293 4793 quo-

1737 4811 1894 4862 modo
1929 4818 2037 4864 tres
2066 4824 2228 4862 unum
2269 4819 2413 4875 sunt,
2461 4809 2504 4862 si
2534 4807 2757 4863 diversa:
2787 4809 2838 4864 in
2884 4811 2962 4864 his
2992 4810 3292 4868 divinitates

1735 4901 1893 4954 sunt?
1924 4900 2192 4968 quomodo
2222 4914 2382 4952 unum
2425 4909 2568 4964 sunt,
2604 4899 2645 4952 si
2685 4915 2790 4953 non
2828 4909 2912 4955 est
2951 4901 3003 4954 itt
3038 4903 3118 4955 his
3147 4906 3292 4958 unita

1735 4990 2057 5057 sempiterna
2095 4979 2369 5058 plenitudo
2396 4989 2720 5045 divinitatis?
2749 4991 3004 5044 Praeterea
3033 4992 3157 5046 dum
3189 5009 3290 5048 una

1736 5080 2012 5148 plenitudo
2039 5079 2235 5133 nullam
2259 5072 2477 5132 omnino
2499 5079 2689 5133 habeat
2720 5081 2769 5134 in
2794 5091 2942 5147 parte
2962 5081 3134 5150 aliqua
3159 5084 3292 5138 divi-

1736 5172 1966 5234 sionem,
1997 5171 2123 5224 dum
2153 5172 2296 5225 unita
2330 5171 2600 5240 plenitudo
2627 5171 2916 5226 divinitatis
2939 5173 2989 5227 in
3021 5184 3166 5242 parte
3195 5180 3291 5229 mi-

1739 5250 1838 5316 nor
1864 5262 1949 5316 vel
1981 5262 2150 5330 major
2178 5261 2280 5316 dici
2305 5275 2406 5314 non
2431 5261 2629 5329 possit?
2653 5260 2908 5317 Similiter
2927 5272 2980 5318 et
3009 5266 3296 5332 Apostolus

1737 5353 1965 5406 indicat:
1994 5351 2119 5418 Quis
2140 5353 2270 5406 enim
2298 5352 2389 5405 scit
2416 5352 2674 5404 hominum
2694 5368 2805 5420 qua:
2832 5353 2883 5406 in
2904 5355 3014 5421 ipso
3042 5364 3172 5419 sunt,
3195 5358 3292 5409 nisi

1730 5445 1938 5510 spiritus
1963 5445 2050 5511 qui
2073 5445 2128 5498 in
2155 5446 2264 5513 ipso
2303 5445 2413 5497 est?
2460 5440 2545 5496 Ita
2586 5453 2633 5497 et
2663 5459 2777 5511 quae
2798 5446 2851 5497 in
2883 5445 2987 5499 Deo
3008 5456 3121 5499 sunt
3148 5463 3289 5501 nemo

1730 5535 1978 5604 cognovit,
2013 5533 2129 5587 nisi!
2153 5533 2372 5603 Spiritus
2415 5531 2529 5587 Dei.
2567 5532 2677 5586 Nos
2715 5543 2878 5586 autem
2921 5552 3022 5587 non
3063 5537 3292 5604 spiritum

1733 5627 1883 5695 hujus
1921 5625 2096 5677 mundi
2121 5624 2425 5686 accepimus,
2459 5625 2545 5688 sed
2581 5623 2830 5690 Spiritum
2860 5625 2944 5693 qui
2972 5642 3034 5678 ex
3064 5624 3167 5678 Deo
3195 5638 3287 5692 est,

1732 5727 1787 5769 ut
1815 5717 2032 5768 sciamus
2057 5731 2169 5774 qua:
2197 5731 2228 5767 a
2250 5708 2358 5768 Deo
2389 5715 2577 5768 donata
2598 5722 2710 5768 sunt
2743 5716 2903 5781 nubit,
2928 5732 3038 5778 qua:
3059 5726 3104 5771 et
3128 5719 3287 5784 loqui«
