3856 6222
566 318 670 372 275

1869 322 2094 377 νιςιιιιιι
2135 322 2217 375 ΤΑ
2229 320 2490 377 ινδιιαεςιδ
3685 327 3769 378 276

565 451 677 486 mur
703 433 754 504 (1
783 433 900 488 Cor.
933 449 990 496 ll,
1021 434 1127 504 Η).
1151 433 1299 488 Scito
1325 434 1548 500 proprim
1576 434 1811 487 veritat's
1837 449 2122 502 argumen-
2149 441 2194 495 Α
2226 433 2308 487 bis
2340 445 2622 495 terrarum,
2667 435 2808 488 velut
2850 436 3169 491 stillicidium
3216 435 3524 506 deputatum
3564 445 3669 498 est,
3698 447 3770 487 aut

563 536 674 578 tum
703 526 1040 579 indiscretum
1074 541 1193 578 esse
1234 525 1457 593 positum
1497 541 1589 593 per
1620 527 1719 580 hoc
1756 527 2112 580 testimonium

563 617 629 668 de
662 616 873 668 homine
916 625 968 667 et
1003 616 1186 682 spiritu
1216 615 1305 682 qui
1346 615 1396 667 in
1448 615 1564 681 ipso
1605 625 1706 678 est,
1742 626 1789 668 et
1823 615 1889 668 de
1927 616 2037 668 Deo
2064 627 2119 671 et

561 707 760 775 Spiritu
788 710 873 777 qui
905 708 970 765 de
995 708 1108 775 ipso
1128 719 1230 761 est.
1257 708 1402 762 Sicut
1429 708 1567 761 idem
1595 710 1705 776 ipse
1731 708 1980 776 magister
1998 723 2119 776 gen-

564 799 718 861 tium,
749 799 908 867 25o
935 808 986 851 et
1018 798 1118 851 fide
1143 806 1195 850 et
1232 799 1449 854 veritate
1486 798 1634 852 nobis
1656 809 1876 854 testatus
1903 810 2004 864 est,
2036 803 2116 852 di-

563 904 721 946 cens:
757 890 978 959 Spiritus
994 890 1125 941 enim
1149 889 1240 942 Dei
1268 893 1434 942 omnia
1463 894 1916 972 scmtatur,‘etiam
1945 895 2119 946 altitu-

564 981 706 1034 dines
738 981 829 1033 Dei
852 979 906 1047 (I
929 980 1046 1032 Cor.
1080 996 1137 1045 ιι,
1172 980 1278 1049 10).
1311 981 1408 1047 Qui
1445 984 1487 1033 si
1518 981 1681 1035 altera
1711 992 1894 1036 natura
1934 998 1963 1038 a
2004 984 2117 1038 Deo

563 1082 708 1128 esset
741 1072 970 1143 Spiritus
1016 1084 1262 1136 sanctus,
1299 1072 1741 1141 quemadmodum
1788 1074 2112 1130 divinitatem

564 1163 857 1218 altitudinis
870 1163 963 1217 Dei
992 1172 1195 1232 poterat
1217 1173 1455 1216 scrutans
1474 1174 1773 1230 penetrare,
1788 1167 1868 1218 Vel
1892 1167 2082 1221 inuniri
2095 1171 2118 1221 ἲ

562 1262 655 1308 aut
678 1254 942 1323 quomodo
971 1252 1025 1306 in
1052 1267 1110 1306 ea
1133 1261 1272 1306 esset
1293 1261 1345 1305 et
1372 1252 1424 1304 in
1449 1266 1566 1306 sese
1590 1264 1751 1316 esset,
1780 1255 1904 1308 dum
1931 1265 2117 1310 natura

564 1345 661 1402 Dei
691 1345 902 1400 diversa
935 1355 1133 1420 natura:
1161 1346 1385 1413 propriae
1409 1360 1513 1398 non
1544 1355 1721 1412 posset
1749 1347 1907 1412 uniri,
1933 1357 1983 1401 et
2004 1350 2119 1401 alti-

562 1439 774 1494 tudines
803 1438 917 1506 ejus
946 1446 1190 1489 scrutans
1228 1446 1525 1503 penetrare,
1565 1447 1620 1490 ut
1648 1438 1761 1490 dixi
1786 1456 1799 1503 ;
1839 1450 1891 1492 et
1921 1441 1972 1492 in
2004 1441 2115 1508 ipsa

562 1543 682 1584 esse
703 1535 793 1582 aut
819 1528 873 1580 in
895 1540 952 1580 se
982 1540 1120 1590 esse,
1152 1526 1232 1580 vel
1264 1527 1397 1580 uniri
1427 1527 1476 1580 in
1501 1543 1617 1581 sese
1653 1530 1984 1595 naturaliter,
2017 1531 2120 1586 hoc

562 1625 645 1673 est
669 1615 888 1670 dealiter
920 1616 970 1668 in
1016 1615 1236 1668 invicem
1269 1614 1578 1681 consistere,
1611 1617 1712 1670 nisi
1751 1619 1870 1686 quia
1903 1622 1968 1674 de
2005 1621 2115 1687 ipsa

562 1710 705 1764 unita
735 1718 921 1764 natura
954 1708 1243 1762 divinitatis
1271 1708 1387 1761 est?
1411 1723 1528 1761 nam
1560 1717 1613 1762 et
1642 1710 1740 1765 hoc
1771 1711 2006 1778 Apostoli
2035 1723 2117 1768 est

2215 526 2354 579 sicut
2379 541 2564 591 spuma
2599 527 2835 592 gracilis,
2876 537 2965 580 aut
2994 542 3080 580 ros
3104 528 3245 596 quod
3278 536 3401 581 ante
3442 527 3690 580 lucanum
3717 527 3772 578 de

2218 618 2354 670 coelo
2381 618 2674 680 descendit,
2701 618 2836 671 sicut
2873 619 3128 687 scriptum
3160 629 3240 674 est
3263 635 3279 673 :
3308 617 3409 684 Qui
3435 621 3661 672 continrt
3683 621 3769 669 cir-

2217 710 2409 760 cuitum
2452 717 2617 772 terrm,
2646 718 2694 761 et
2740 725 2821 760 eos
2865 709 2950 777 qui
2977 709 3204 762 habitant
3234 713 3285 763 in
3328 726 3390 762 ea
3419 711 3549 762 sicut
3580 710 3772 762 locusta

2219 796 2372 866 (Isai.
2405 813 2491 863 xL,
2521 797 2636 864 εἳ).
2668 797 2882 852 Necnon
2909 815 2922 850 :
2959 798 3059 864 Qui
3088 815 3287 852 mensus
3316 809 3389 853 est
3417 817 3573 852 nianu
3600 815 3771 867 aqua

2218 904 2266 942 et
2302 890 2480 941 calum
2521 889 2715 956 palmo,
2761 897 2808 940 et
2852 891 3141 941 universam
3192 900 3377 942 terram
3415 892 3593 943 clausa
3635 906 3772 942 tum

2219 982 2405 1056 (Ibid,
2441 982 2552 1054 12).
2581 986 2644 1038 Et
2671 999 2888 1038 rursus:
2918 983 3112 1038 Caelum
3132 986 3252 1038 mihi
3278 987 3485 1039 thronus
3519 997 3620 1049 est,
3654 998 3771 1040 terra

2218 1085 2385 1127 autem
2414 1075 2688 1128 scabellum
2712 1077 2895 1145 pedum
2919 1093 3144 1130 meorum
3176 1077 3327 1144 (lsai.
3360 1094 3499 1145 LXVI,
3537 1080 3616 1148 1).
3645 1077 3770 1132 Con-

2219 1165 2390 1219 sidera
2444 1162 3028 1234 incdmprehensihilem
3087 1182 3206 1220 esse
3277 1168 3434 1222 unita
3490 1169 3774 1224 divinitats

2219 1258 2376 1327 251
2407 1256 2678 1324 virtutem,
2713 1266 2770 1310 ut
2807 1257 3023 1320 ccelum,
3052 1258 3191 1327 quod
3238 1260 3413 1327 palmo
3454 1265 3765 1322 continetur,

2218 1346 2357 1399 idem
2384 1353 2438 1399 et
2466 1347 2690 1399 thronus
2714 1345 2828 1414 ejus
2858 1347 2927 1400 sit
2953 1363 2966 1398 :
3003 1357 3057 1401 et
3085 1358 3250 1411 terra,
3278 1364 3393 1416 qum
3417 1351 3617 1418 pugillo
3647 1366 3765 1403 eon-

2219 1434 2467 1499 cluditur,
2500 1449 2685 1489 rursus
2710 1437 3000 1488 scabellum
3031 1437 3220 1504 pedum
3251 1439 3368 1505 ejus
3396 1442 3485 1501 sit,
3517 1440 3640 1493 dum
3665 1440 3766 1491 uni-

2220 1524 2443 1577 versitas
2469 1525 2588 1578 caeli
2621 1525 2796 1590 palmo
2825 1524 3111 1589 detinetur,
3151 1537 3204 1580 et
3245 1527 3485 1582 universa
3518 1540 3655 1582 terra
3686 1546 3768 1596 pu-

2219 1614 2344 1681 gillo
2388 1613 2751 1677 concluditur;
2782 1617 2920 1682 quod
2975 1625 3030 1669 et
3080 1618 3324 1680 thronus,
3390 1626 3446 1672 et
3490 1620 3764 1673 scabelluni

2222 1705 2409 1772 pedum
2436 1705 2549 1773 ejus
2576 1706 2674 1758 sit:
2701 1706 2839 1760 sicut
2863 1715 2917 1762 et
2941 1708 3196 1776 scriptum
3237 1718 3352 1763 est:
3375 1709 3468 1763 Cui
3495 1713 3668 1765 omnis
3691 1727 3764 1764 or-

559 1802 758 1856 dictum
787 1819 800 1855 :
834 1800 933 1864 Qui
956 1809 1121 1853 autent
1143 1815 1194 1853 se
1211 1801 1468 1871 conjungit
1497 1800 1626 1866 Deo,
1661 1819 1790 1858 unus
1816 1807 2024 1874 spiritus
2047 1818 2117 1859 est
2149 1783 2194 1841 Β
2222 1797 2302 1850 δῖε
2326 1804 2586 1850 terrarum
2613 1808 2857 1866 umquam
2894 1809 3219 1855 momentum
3250 1810 3460 1857 statera:
3488 1805 3763 1856 animatus

559 1890 614 1963 (Ι
643 1890 762 1947 Cor.
788 1906 859 1954 vr,
892 1891 1003 1959 t7).
1031 1889 1186 1942 Vides
1219 1890 1555 1944 indiscretam
1580 1907 1698 1957 esse
1730 1895 1863 1947 hanc
1891 1895 2119 1962 plenitu-

512 1967 519 1979 “
558 1982 737 2036 dinem
779 1981 970 2034 divinae
1019 1979 1311 2043 Trinitatis,
1345 1981 1438 2034 sed
1484 1991 1535 2036 et
1568 1981 1759 2051 ubique
1798 1995 2113 2052 praesentem

557 2089 676 2130 esse
708 2077 840 2128 hanc
867 2072 1245 2141 plenitudinem
1266 2074 1456 2128 divina:
1481 2074 1772 2138 Trinitatis,
1801 2093 1915 2144 qua:
1940 2080 2114 2130 omnia

555 2165 745 2233 implet
793 2165 1013 2218 interius
1054 2172 1107 2217 et
1146 2165 1401 2228 exterius,
1443 2179 1471 2216 a
1514 2167 1818 2220 summitate
1861 2167 2114 2223 caelorum

555 2249 724 2327 lisque
750 2256 815 2309 ad
846 2254 1172 2324 profundum
1207 2254 1511 2317 inferorum,
1545 2256 1679 2308 sicut
1722 2258 1834 2326 ipse
1864 2256 2116 2311 Dominus

553 2363 652 2418 per
681 2347 990 2416 prothetam
1021 2354 1268 2399 testatur:
1298 2345 1406 2418 Ego
1426 2361 1538 2398 sum
1568 2345 1814 2400 Dominus
1843 2346 2000 2412 Deus,
2031 2351 2117 2418 qui

553 2441 740 2510 impleo
770 2439 947 2493 coelum
968 2449 1012 2490 et
1039 2447 1242 2504 terram,
1273 2446 1319 2490 et
1338 2439 1506 2490 omnia
1525 2453 1635 2498 qua
1655 2438 1706 2489 in
1729 2439 1800 2490 eis
1820 2449 1937 2492 sunt
1962 2438 2114 2507 (lsai.

551 2545 699 2595 suv,
742 2529 855 2597 24).
899 2528 1154 2583 Similiter
1182 2537 1236 2581 et
1284 2536 1505 2581 sanctus
1537 2527 1796 2582 Jcremias
1822 2528 1886 2582 de
1919 2543 1983 2583 eo
2015 2545 2114 2583 una

553 2637 673 2674 cum
706 2620 973 2687 prophetis
1003 2619 1195 2673 indicat
1221 2636 1233 2671 :
1269 2617 1331 2672 Si
1356 2618 1628 2670 abscondat
1664 2635 1719 2671 se
1745 2619 1893 2672 homo
1923 2620 1973 2672 in
1996 2621 2116 2676 abs-

553 2715 751 2779 consis,
801 2728 966 2765 nonne
991 2727 1081 2782 ego
1111 2711 1278 2764 videbo
1309 2703 1457 2763 eum?
1487 2708 1737 2779 Nunquid
1758 2719 1864 2764 ‘non
1901 2729 1989 2782 ego
2019 2729 2118 2768 cae-

554 2806 728 2858 tumet
750 2812 932 2856 terram
958 2802 1142 2871 impleo
1155 2803 1178 2853 ?
1191 2801 1313 2853 dicit
1329 2797 1572 2852 Doniinus
1595 2799 1806 2870 (Jerem.
1834 2818 1983 2871 XXIII,
1999 2803 2113 2873 24).

554 2894 649 2949 Vel
683 2895 781 2946 hoc
811 2893 983 2946 uniter
1023 2893 1072 2944 in
1108 2892 1367 2944 Trinitate
1413 2891 1611 2944 dictum
1643 2878 1855 2959 accipe:
1893 2894 2117 2954 Quoribo

553 3002 585 3037 ιι
617 2985 816 3054 Spiritu
843 2993 951 3048 tuo,
983 2992 1070 3035 aut
1098 2999 1195 3051 quo
1224 2999 1253 3034 a
1298 2982 1426 3050 [acie
1454 2990 1538 3032 tua
1568 2983 1800 3051 fugiam?
1835 2983 1897 3036 Si
1943 3001 2118 3045 ascen-

553 3080 675 3129 dero
702 3077 752 3128 in
773 3077 970 3137 caelum,
996 3085 1048 3130 tu
1074 3074 1182 3126 illic
1202 3091 1272 3134 es,
1295 3083 1342 3126 et
1368 3073 1413 3126 si
1433 3073 1736 3126 descendere
1763 3075 1813 3125 in
1843 3075 2116 3142 infernum,

2217 1898 2300 1942 est
2328 1889 2482 1959 (Sap.
2511 1905 2581 1953 xi,
2604 1889 2717 1958 25).
2736 1893 2812 1944 Ac
2834 1905 2926 1958 per
2953 1891 3054 1945 lroc
3075 1892 3317 1946 universa
3356 1895 3558 1961 implet,
3587 1904 3642 1948 et
3658 1909 3761 1946 om-

2217 1984 2302 2034 nia
2329 1982 2564 2035 continet
2591 1982 2818 2037 interius
2847 1991 2901 2037 et
2927 1984 3184 2050 exterius,
3218 1993 3277 2038 ut
3313 1985 3508 2054 ubique
3547 1999 3762 2051 praem

2217 2081 2297 2125 est
2329 2072 2441 2125 haec
2470 2069 2755 2126 indiscreta
2786 2074 3106 2142 sempiterna
3129 2074 3381 2138 Trinitas,
3411 2077 3493 2128 cui
3524 2086 3603 2130 est
3640 2075 3762 2128 invi-

2217 2163 2387 2216 sibilis
2411 2163 2685 2231 plenitudo
2705 2164 3014 2220 divinitatis.
3044 2165 3196 2222 Unde
3216 2184 3284 2221 ne
3307 2170 3478 2222 malus
3497 2169 3760 2237 interpres,

2216 2254 2284 2307 de
2301 2253 2663 2321 superioribus
2685 2255 2840 2308 dictis
2860 2257 3137 2333 materiam
3157 2256 3382 2326 accipiat
3404 2257 3760 2315 calumniandi.

2218 2342 2336 2395 ideo
2359 2343 2470 2410 ipsa
2493 2342 2726 2398 breviter
2747 2344 3026 2409 reserabo:
3057 2359 3123 2400 eo
3147 2347 3286 2415 quod
3316 2348 3615 2416 frequenter
3640 2348 3762 2400 indi-

2215 2432 2328 2484 cavi
2354 2446 2507 2484 unam
2524 2432 2896 2500 substantiam,
2924 2435 3008 2489 vel
3028 2436 3228 2489 unitam
3251 2436 3594 2513 divinitatem,
3618 2436 3760 2491 unius

2217 2522 2314 2583 Dei,
2341 2533 2606 2587 naturam,
2636 2535 2725 2577 aut
2764 2525 2981 2579 unitatis
3012 2538 3295 2581 naturam:
3323 2529 3438 2584 sive
3469 2531 3584 2594 hoc,
3616 2544 3760 2584 unum

2216 2612 2426 2667 dvitatis
2466 2628 2681 2676 nomen,
2726 2620 2780 2667 et
2811 2615 2964 2668 unius
3003 2615 3302 2672 divinitatis
3361 2635 3577 2685 nomen,
3620 2621 3761 2674 unius

2217 2709 2420 2777 natura:
2447 2717 2666 2769 nomen,
2700 2712 2754 2757 et
2797 2706 3002 2758 unitum
3034 2705 3327 2761 divinitatis
3357 2709 3657 2764 substantia
3686 2724 3747 2762 no

2219 2813 2361 2850 men.
2389 2797 2513 2850 Hzec
2543 2799 2808 2863 universa,
2841 2807 2895 2851 ιιι
2931 2808 3108 2853 certus
3145 2801 3219 2853 sis
3245 2802 3333 2870 qui
3372 2802 3522 2872 legis,
3559 2803 3623 2856 ad
3661 2801 3741 2854 nni

2217 2894 2329 2938 tum
2381 2886 2723 2954 plenitudinis
2759 2887 3050 2942 divinitatis
3088 2904 3281 2943 nomen
3324 2890 3513 2955 Patris,
3553 2899 3606 2946 et
3634 2891 3757 2958 Filii,

2220 2987 2277 3028 et
2305 2961 2474 3031 sancti
2504 2977 2754 3046 Spiritus,
2783 2989 2835 3034 et
2863 2980 3029 3034 solius
3053 2982 3248 3035 divina:
3270 2983 3540 3039 Trinitatis
3562 2972 3760 3047 nomat.

2219 3076 2273 3119 et
2301 3068 2469 3120 solum
2501 3069 2598 3121 hoc
2619 3069 2995 3137 omnipotentis
3017 3070 3322 3124 substantia:
3341 3073 3538 3126 unitum
3563 3087 3759 3136 nomen,

552 3177 609 3220 tu
637 3166 759 3222 ades
785 3164 909 3218 illic.
942 3133 1004 3218 Si
1043 3180 1358 3229 assumpsero
1406 3179 1594 3229 pennas
1623 3179 1761 3216 meas
1788 3133 1907 3216 ante
1935 3165 2114 3229 lucem,
2144 3133 2188 3192 C
2223 3174 2427 3213 necnon
2461 3172 2513 3214 et
2542 3167 2705 3213 "unum
2769 3159 2964 3214 bonum
3003 3161 3296 3216 divinitatis
3343 3179 3554 3218 nomen.
3592 3164 3760 3218 Nonne

553 3270 601 3315 et
643 3259 929 3322 habitavero
963 3257 1016 3308 in
1039 3285 1043 3289 ι
1063 3256 1292 3308 extremis
1323 3257 1478 3307 maris
1499 3270 1519 3307 :
1549 3255 1730 3307 etenim
1767 3254 1888 3307 inde
1937 3271 2117 3308 manus

553 3365 639 3408 tua
655 3353 862 3406 deducet
876 3366 973 3414 me,
988 3357 1033 3402 et
1051 3349 1231 3401 tenebit
1246 3364 1323 3400 me
1338 3348 1544 3401 dextera
1565 3356 1651 3400 tua
1672 3346 1841 3418 (Psal.
1862 3361 2114 3410 cxxxvm,

546 3447 631 3512 '7).
666 3444 846 3512 Itaque
867 3440 1002 3510 quod
1034 3439 1203 3495 dixit:
1240 3438 1352 3504 Quo
1381 3438 1461 3491 ibo
1480 3455 1526 3509 ba
1549 3437 1748 3504 Spin'tu
1777 3446 1884 3502 tuo,
1913 3445 2001 3488 aut
2022 3452 2120 3501 quo

554 3553 589 3590 α
615 3535 744 3603 facie
773 3542 863 3587 tua
903 3532 1134 3602 fugiam?
1154 3527 1597 3597 Psalmngrapbus
1621 3527 1875 3594 Spiritum
1920 3527 2121 3592 princi-

554 3626 750 3694 palem,
783 3623 871 3692 qui
901 3636 928 3674 a
959 3620 1116 3674 Patre
1161 3618 1415 3687 procedit,
1439 3605 1760 3670 declaravit.
1784 3614 1990 3669 Faciem
2022 3629 2114 3667 au-

553 3723 662 3769 tem
704 3711 868 3780 ipsius
920 3709 1090 3770 Patris
1131 3707 1319 3762 Filium
1376 3707 1760 3759 demonstravit
1814 3705 2111 3759 manifesw.

553 3802 683 3871 Quis
711 3810 880 3871 potest
918 3811 1041 3855 ante
1075 3799 1272 3854 unitam
1312 3796 1559 3851 deitatem
1591 3793 1868 3848 Trinitatis
1897 3793 1951 3847 in
1976 3795 2115 3848 coelo

551 3902 646 3947 aut
667 3894 720 3947 in
749 3893 955 3947 inferno
983 3905 1041 3945 se
1063 3891 1327 3955 occultare
1355 3887 1437 3940 vel
1467 3885 1682 3954 fugere?
1709 3884 1792 3938 cui
1822 3883 1996 3938 omnis
2019 3899 2112 3937 or-

2223 3249 2336 3303 hazc
2356 3250 2598 3316 superius
2622 3250 2760 3304 dicta
2777 3249 2840 3303 ad
2862 3251 3187 3305 enuntiatam
3215 3253 3539 3309 divinitatem
3562 3255 3760 3308 unitatis

2225 3336 2595 3404 usize'Patris,
2644 3348 2699 3394 et
2741 3341 2880 3404 Filii,
2925 3353 2978 3396 et
3019 3343 3187 3396 sancti
3229 3342 3454 3413 Spiritus
3503 3345 3759 3400 manifesta

2224 3432 2408 3488 video?
2440 3433 2563 3486 Haec
2593 3434 2748 3507 retuli
2777 3449 2842 3488 ne
2871 3435 3028 3489 aliter
3065 3452 3222 3506 quam
3253 3438 3390 3492 dicta
3417 3451 3537 3494 sunt
3569 3441 3758 3508 accipe-

2225 3540 2334 3588 res,
2364 3532 2417 3580 et
2444 3526 2736 3594 simplicem
2773 3540 2987 3582 sensum
3021 3528 3072 3581 in
3113 3528 3362 3596 ambiguo
3402 3539 3756 3598 retorquens:

2219 3614 2344 3667 dum
2372 3629 2531 3668 omne
2553 3615 2773 3680 dictum,
2802 3615 2868 3669 ad
2894 3630 3109 3671 sensum
3132 3616 3357 3672 dicentis
3381 3616 3736 3686 requirendum

2220 3714 2274 3759 et
2304 3718 2407 3758 non
2435 3705 2500 3759 ad
2521 3705 2734 3759 stultam
2759 3707 3082 3762 voluntatem
3106 3708 3516 3778 uniuscujusque
3537 3708 3756 3765 haretici

2221 3791 2638 3868 investigandum
2667 3799 2754 3852 sit.
2857 3795 2859 3797 ’

553 4002 3747 4030 ww

1565 4058 2027 4168 LIBER
2114 4057 2763 4170 SEXTUS.

1204 4227 1291 4286 De
1322 4222 1725 4285 Beatitudine
1752 4219 1912 4299 ﬁdei,
1948 4225 2000 4277 et
2031 4216 2103 4277 de
2129 4220 2597 4296 Proscriptione
2624 4231 2798 4287 recte
2821 4226 3113 4304 pessima.

539 4456 541 4458 η
619 4393 778 4463 252
811 4387 1112 4441 Hcereticus.
1147 4384 1314 4439 Posco
1343 4399 1372 4437 a
1403 4393 1474 4450 te,
1502 4383 1568 4437 de
1591 4383 1739 4436 unito
1765 4381 1981 4436 deitatis
2010 4398 2108 4435 no-

553 4478 693 4537 mine
719 4474 1002 4534 multifarie
1030 4475 1226 4528 dictum
1261 4483 1317 4526 ut
1362 4471 1648 4526 identidem
1681 4479 1912 4539 repetas,
1944 4482 1998 4524 et
2027 4473 2108 4526 sic

2209 4384 2376 4437 Deum
2409 4395 2609 4439 tantum
2639 4388 2892 4473 convenit
2935 4390 3208 4459 proﬁteri?
3229 4395 3330 4449 nisi
3359 4399 3501 4464 prius
3527 4398 3747 4453 credatur

2215 4485 2272 4531 et
2301 4477 2347 4530 is
2376 4478 2467 4545 qui
2492 4477 2560 4531 de
2590 4478 2734 4532 unita
2763 4488 2949 4535 natura
2975 4481 3066 4548 sit,
3094 4493 3148 4537 et
3175 4485 3226 4536 in
3258 4486 3358 4539 hoc
3397 4489 3746 4555 persona-ejus

550 4574 618 4628 de
638 4568 940 4625 nominibus
967 4563 1378 4634 personarumin
1402 4563 1771 4632 prosequendo
1790 4561 2103 4629 distinguas.
2136 4587 2185 4646 ι)
2210 4567 2588 4634 distinguatur,
2617 4570 2704 4635 qui
2738 4583 2835 4626 nec
2862 4567 3045 4637 Pater,
3080 4583 3179 4627 nec
3215 4575 3401 4637 Filius,
3435 4589 3514 4631 est
3542 4580 3621 4631 hic
3647 4578 3746 4646 Spi-

621 4659 919 4726 Responsio.
976 4657 1127 4710 Disce
1166 4655 1305 4722 prius
1352 4654 1404 4706 in
1440 4651 1686 4720 ambiguo
1715 4663 1835 4704 esse
1882 4649 2104 4719 positam

549 4752 690 4806 hanc
715 4759 856 4803 tuam
887 4745 1173 4800 secundam
1204 4745 1688 4810 interrogationem.
1719 4742 1903 4795 Nonne
1932 4743 2105 4796 unitas

472 4823 475 4827 1
551 4839 694 4894 nullo
715 4838 870 4892 modo
899 4837 1092 4904 patitur
1113 4834 1322 4888 unionis
1344 4847 1622 4900 personam
1645 4833 1696 4884 in
1717 4831 2104 4887 confessionem

549 4926 844 4997 introduci?
873 4925 995 4978 dum
1030 4923 1241 4976 unitatis
1277 4935 1479 4976 naturae
1509 4936 1704 4974 nomen
1733 4921 1785 4974 in
1819 4923 1985 4976 tribus
2022 4923 2105 4978 his

549 5018 794 5087 personis
818 5015 922 5068 sit:
952 5026 1006 5069 et
1035 5023 1142 5066 tres
1174 5013 1252 5065 ha:
1281 5025 1519 5079 persona:
1566 5009 1616 5062 in
1657 5010 1960 5064 nominibus
1989 5020 2105 5064 tan-

550 5127 660 5168 tum
693 5111 953 5181 distincta
1001 5111 1141 5162 sint:
1174 5108 1311 5160 unde
1350 5119 1452 5158 non
1485 5116 1658 5173 potest
1689 5105 1862 5157 uuittis
1895 5107 2102 5160 ostendi

549 5209 663 5262 sive
691 5202 952 5280 personis.
983 5201 1089 5254 Nec
1118 5208 1175 5253 ut
1195 5199 1324 5259 dixi,
1359 5199 1440 5254 hie
1485 5211 1723 5263 personat
1755 5198 1871 5262 sine
1897 5196 2110 5251 deitatis

551 5299 772 5350 unitate.
806 5290 1048 5358 Nunquid
1079 5290 1293 5356 potestis
1323 5287 1485 5340 Deum
1519 5295 1720 5339 tantum
1761 5287 1899 5339 sicut
1922 5294 2108 5354 gentes

551 5389 768 5442 confuse
793 5383 1090 5442 nominare,
1119 5395 1233 5447 qua:
1274 5390 1327 5432 et
1374 5379 1424 5430 in
1463 5378 1562 5430 hoc
1599 5378 1843 5445 ignorant
1870 5379 1951 5430 cui
1981 5393 2106 5445 pro-

552 5478 716 5540 priam
751 5487 1029 5540 personam
1062 5469 1286 5522 debeant
1328 5467 1628 5535 assignare?
1655 5467 1753 5532 Qui
1792 5467 2002 5532 genitor
2027 5479 2107 5519 est

554 5562 782 5630 nunquid
811 5569 1018 5630 oportet
1046 5560 1184 5611 hunc
1213 5557 1376 5609 Deum
1411 5565 1611 5608 tantum
1640 5567 1820 5622 putare
1845 5556 2060 5608 indicari
2085 5557 2107 5606 ἲ

553 5650 659 5704 Nisi
689 5654 737 5704 in
768 5654 865 5703 hoc
894 5663 1184 5718 cognoscas
1226 5646 1424 5698 uaitam
1456 5661 1736 5708 personam
1776 5646 1890 5712 ejus
1914 5646 2104 5698 distin.

555 5755 714 5811 guere
755 5744 806 5796 in
851 5743 1034 5797 Filium
1078 5742 1166 5810 qui
1203 5749 1356 5792 natus
1384 5739 1470 5790 sit.
1521 5736 1759 5806 Nunquid
1791 5737 1865 5790 sic
1891 5738 2107 5792 confuse

2211 4658 2342 4709 ritus
2371 4656 2621 4710 sanctus?
2650 4657 2980 4728 Quapropter
3005 4661 3200 4731 duplex
3229 4674 3312 4718 est
3355 4666 3508 4734 hujus
3535 4667 3742 4736 mysterii

2211 4749 2534 4814 intellectus,
2564 4750 2704 4803 Deus
2733 4749 2913 4814 Pater,
2941 4751 3078 4807 Deus
3107 4765 3157 4807 et
3177 4755 3364 4820 Filius,
3395 4757 3531 4812 Deus
3557 4770 3607 4812 et
3641 4773 3743 4811 san-

2208 4849 2329 4891 ctus
2349 4838 2597 4905 Spiritus.
2632 4837 2794 4892 Vides
2827 4836 3041 4896 unitatis
3071 4842 3322 4896 indicium
3365 4846 3419 4898 in
3464 4848 3619 4900 tribus
3644 4861 3743 4897 esse

2209 4928 2468 4996 personis,
2517 4937 2570 4978 et
2620 4937 2725 4980 tres
2779 4925 2872 4986 bas
2938 4941 3188 4997 personas
3235 4934 3538 4987 nominibus
3567 4945 3739 4986 tantum

2209 5033 2327 5074 esse
2355 5019 2613 5072 discretas
2642 5036 2654 5072 :
2687 5018 2828 5073 unde
2867 5033 2961 5076 nec
2986 5022 3158 5076 unitas
3188 5033 3362 5089 potest
3411 5025 3606 5078 ostendi
3644 5025 3740 5077 sine

2212 5109 2369 5179 253
2399 5108 2660 5176 personis,
2693 5122 2793 5162 nec
2825 5109 2902 5162 lim
2931 5122 3173 5174 persona!
3209 5112 3327 5164 sine
3365 5114 3512 5165 unito
3554 5114 3740 5165 nomine

2211 5199 2442 5252 deitatis.
2497 5199 2636 5252 Ecce
2673 5199 2778 5264 jam
2825 5197 2989 5253 babes
3029 5199 3231 5268 positos
3272 5213 3398 5254 ante
3439 5204 3613 5255 oculos
3641 5212 3740 5254 tuos

2213 5287 2490 5342 thesauros
2545 5287 2699 5349 lucis,
2753 5296 2807 5342 et
2886 5287 3137 5343 hesauros
3179 5289 3538 5343 tenebrarum.
3578 5290 3736 5343 Ubiubi

2211 5380 2400 5446 placet,
2432 5379 2638 5446 porrige
2666 5392 2874 5431 ιιιιιιιιιιιι
2903 5387 3068 5436 tuam.
3102 5378 3251 5432 Unde
3287 5395 3507 5433 necesse
3539 5392 3615 5432 est
3659 5394 3736 5430 nos

2206 5471 2314 5534 jam
2372 5457 2656 5532 terminum
2713 5470 3058 5535 immobilem,
3117 5473 3409 5523 secundum
3455 5472 3736 5539 evangelica

2213 5559 2408 5623 regula:
2430 5561 2943 5625 :equitateni,coutra
2969 5559 3145 5612 boues
3170 5560 3350 5627 figere,
3377 5572 3431 5613 et
3454 5577 3544 5628 per
3564 5560 3735 5612 hhran-

2213 5656 2319 5702 tem
2371 5649 2680 5714 sapientiam
2731 5649 2946 5701 limitem
2991 5650 3206 5716 justitiae
3261 5650 3460 5717 ubique
3515 5653 3735 5702 adversus

2213 5752 2399 5794 omnes
2451 5738 2681 5792 hazrcses
2728 5749 3066 5807 peragrantes
3118 5739 3407 5805 custodire,
3450 5750 3504 5793 ut
3554 5741 3732 5794 cwlitus
