3802 6246
127 293 207 346 θη

123 411 212 458 tunc
236 409 410 456 statuta
431 401 625 452 veritas
645 415 763 451 mox
792 400 924 449 viain
950 397 1075 448 lucis
1098 414 1124 447 a
1153 396 1385 449 tenebris
1406 393 1624 446 dividat.
1659 399 1710 449 Α

126 496 222 548 ll:ec
244 501 335 556 est,
360 491 594 559 inquam,
619 490 700 540 via
732 491 864 540 lueis
893 487 1039 554 cujus
1070 488 1120 538 in
1151 486 1488 539 conlessione
1515 499 1638 552 ape-

125 592 232 639 ritur
250 587 438 639 ostium
476 581 662 635 salutis
697 598 710 632 :
754 583 928 647 itaque
955 578 1041 644 qui
1091 579 1226 649 hanc
1258 577 1640 644 professionem

124 676 467 742 ingrediuntur,
499 671 877 725 beatitudinem
905 669 1018 736 ejus
1058 668 1439 735 adipiscuntur.
1475 666 1644 718 lleati-

123 766 226 818 tudo
247 764 292 817 ei
315 762 398 830 qtti
445 763 723 814 conlitetur
756 775 913 808 tnnnn
946 758 1104 809 Deum
1134 757 1339 810 Patrem
1372 764 1426 809 et
1455 753 1642 806 Filium

123 863 166 907 et
189 860 409 905 sanctum
441 851 718 918 Spiritum.
757 847 1031 900 Beatitudo
1059 847 1104 900 ei
1129 847 1217 916 qui
1249 847 1531 900 conﬁtetur
1559 859 1646 897 so-

125 943 212 994 lum
233 939 384 992 Deum
416 939 646 1004 Patrem,
679 947 731 989 et
773 936 984 1001 Filium,
1011 946 1064 990 et
1098 936 1351 1005 Spiritum
1382 946 1645 991 sanctum.

128 1029 368 1082 Iteatitudo
383 1027 430 1079 ei
452 1027 539 1093 qui
563 1025 844 1078 conﬁtetur
868 1041 1026 1078 unum
1049 1026 1461 1092 omnipotentem
1482 1024 1647 1078 Deum

131 1124 325 1178 I’atrem,
355 1126 406 1169 et
445 1115 660 1176 Filium,
689 1127 742 1169 et
781 1128 1016 1170 sanctum
1045 1116 1320 1185 Spiritum.
1375 1116 1650 1170 Beatitudo

124 1211 161 1259 ei
184 1207 262 1276 qui
290 1205 568 1259 conﬁtetur
606 1221 765 1257 untnn
800 1221 982 1258 verum
1016 1207 1177 1259 Deum
1209 1206 1442 1270 Patrem,
1476 1216 1529 1259 ct
1567 1205 1652 1259 Fi-

126 1303 252 1362 lutn,
282 1307 332 1352 et
358 1306 597 1352 sanctum
627 1299 903 1364 Spiritum.
941 1298 1214 1352 Beatitudo
1243 1299 1290 1352 ei
1314 1302 1399 1366 qui
1436 1300 1655 1353 conﬁte-

126 1407 195 1443 tar
220 1405 368 1443 unum
397 1389 558 1442 Deum
589 1404 851 1442 summum
887 1389 1112 1450 Patrem,
1143 1401 1194 1443 et
1226 1390 1436 1452 Filium,
1463 1399 1515 1443 et
1535 1405 1654 1442 san-

123 1493 243 1534 ctum
256 1479 524 1547 Spiritum.
553 1479 827 1532 Beatitudo
848 1481 894 1530 ei
913 1479 1000 1545 qui
1018 1479 1296 1532 conﬁtetur
1311 1495 1472 1532 unum
1492 1480 1653 1533 Deum

126 1574 293 1624 bonum
322 1569 551 1630 Patrem,
584 1579 637 1621 et
661 1569 869 1629 Filium,
893 1577 946 1621 et
976 1569 1229 1635 Spiritum
1248 1581 1490 1623 sanctum
1515 1585 1655 1651 sern-

127 1663 360 1726 piternum
386 1673 528 1712 esse.
559 1658 833 1712 Beatitudo
863 1659 910 1712 ei
939 1659 1025 1725 qui
1067 1659 1346 1714 conﬁtetur
1378 1660 1654 1713 indivisam

1306 286 1387 336 Ilii
1427 283 1665 336 TlilNlT.

1773 281 1788 331 ε
1832 279 1966 330 t.tn.-
2007 281 2078 330 \‘1.
3185 290 3274 340 εἷς

1823 391 2023 441 Idi-irco
2051 388 2136 458 qui
2163 389 2309 454 legis,
2340 396 2608 441 contestor
2637 401 2736 455 ego
2763 389 2921 440 hodie
2953 389 3043 441 tibi
3081 390 3275 449 CteIu-n,

1745 498 1796 540 et
1827 494 2042 542 terrain,
2073 495 2165 546 per
2212 479 2344 529 hanc
2388 479 2662 543 set-ipturze
2706 492 2838 529 mea:
2869 476 2985 528 lidei
3025 476 3283 528 catholica

1746 572 2128 642 prot'essionem
2157 584 2171 627 ;
2202 569 2338 629 quod
2380 565 2423 617 si
2458 581 2560 617 non
2588 581 2649 618 ex
2685 574 2794 617 toto
2821 565 2980 618 corde
3002 579 3114 616 eam
3142 561 3297 614 lueris

1746 673 2084 732 prosi'cutus,
2114 668 2204 710 aut
2240 658 2288 708 in
2324 656 2532 708 lastidio
2559 656 2716 708 animi
2761 653 3199 707 contemnendam
3233 664 3302 700 .ac

1753 751 2154 808 detractandam
2190 747 2383 801 habere
2411 746 2699 813 putaveris,
2731 747 2835 798 eris
2862 755 2915 797 tu
2946 744 3060 810 ipse
3099 757 3226 814 rens
3253 742 3302 790 in

1748 849 1835 900 die
1862 844 2071 912 iudicii,
2107 856 2226 894 cum
2259 841 2416 906 hujus
2444 839 2719 907 scriptura:
2741 835 3152 904 chirographum
3183 841 3306 886 ante

1751 936 1982 992 tribunal
2033 932 2239 987 Christi
2287 932 2338 984 in
2380 929 2742 984 testimonium
2781 928 2874 980 tibi
2915 927 3074 981 fuerit
3110 924 3304 978 reeita-

1751 1041 1860 1085 tum
1887 1045 1903 1092 ;
1931 1036 2022 1081 aut
2057 1025 2100 1077 si
2145 1026 2197 1077 in
2225 1021 2612 1108 maledichonis
2636 1019 2717 1073 via
2749 1017 3137 1076 haereticorum,
3170 1012 3308 1082 quod

1753 1135 1858 1174 non
1889 1127 2035 1184 opto,
2062 1117 2306 1168 inventus
2329 1112 2490 1166 lueris
2511 1126 2573 1163 ex
2603 1111 2780 1163 animo
2807 1109 3059 1170 sociatus,
3086 1121 3264 1174 quarm
3282 1119 3308 1153 ιι

1754 1219 1885 1265 teut
1917 1215 2222 1260 caveantur.
2270 1203 2391 1255 Ideo
2423 1202 2645 1254 inferius
2692 1201 2782 1253 tibi
2821 1199 3146 1276 recitabitur.
3192 1196 3311 1248 Ilzee

1754 1312 1858 1363 est,
1890 1301 2106 1367 inquam
2144 1295 2390 1363 fugienda
2415 1305 2571 1360 atque
2593 1286 2936 1360 praecavenda
2959 1291 3040 1341 via
3072 1288 3313 1341 tenebra~

1757 1410 1890 1454 rntn,
1922 1391 1974 1443 in
2011 1403 2110 1456 qna
2142 1397 2216 1440 tot
2261 1400 2451 1453 genera
2493 1383 2812 1449 serpentium
2849 1380 3079 1433 lubricos
3123 1378 3315 1441 habent

1756 1481 2045 1537 anfractus,
2070 1477 2323 1529 adversus
2364 1489 2496 1542 quos
2542 1474 2775 1541 oportuit
2818 1486 2914 1524 nt-s
2955 1480 3159 1522 scutum
3196 1463 3314 1519 ﬁdei

1758 1588 1850 1637 per
1881 1570 2091 1623 nomina
2132 1581 2254 1617 vera
2301 1580 2641 1631 personarum
2682 1563 2998 1614 conﬁtentes
3026 1560 3183 1628 255
3214 1555 3314 1608 cri-

1757 1643 1903 1728 εἶτα,
1938 1668 1994 1711 ιιι
2022 1657 2311 1710 secundum
2347 1655 2513 1719 ipsam
2546 1652 2909 1702 auctoritatem
2944 1665 3036 1701 eos
3067 1646 3318 1698 divinitus

125 1764 223 1802 esse
249 1747 592 1801 substantiam
637 1745 826 1812 Patris,
863 1756 915 1801 et
943 1748 1085 1813 Filii,
1115 1759 1167 1802 et
1198 1751 1367 1802 sancti
1401 1751 1648 1818 Spiritus.
1688 1741 1730 1798 Β
1754 1753 2068 1819 jac-utentur,
2110 1746 2248 1798 unde
2291 1751 2368 1795 tu-t
2396 1753 2450 1795 et
2488 1741 2608 1792 talia
2652 1737 2964 1807 proferenda
3005 1747 3123 1788 sunt.
3160 1734 3320 1786 [αι-ιη-

128 1839 375 1892 beatitudo
422 1837 471 1891 ei
520 1838 611 1906 qui
651 1838 780 1890 nihil
822 1837 1084 1892 addiderit
1127 1840 1209 1892 vel
1257 1841 1564 1893 diminuerit
1605 1842 1655 1893 in

125 1928 429 1981 confessione
455 1929 617 1982 unita:
648 1939 850 1981 natnrze
880 1930 1089 1982 deitatis
1130 1930 1320 1992 Patris,
1355 1941 1409 1986 et
1440 1932 1579 1997 Filii,
1608 1941 1660 1985 et

124 2021 270 2072 sancti
320 2021 565 2088 Spiritus.
624 2021 898 2073 [lentitudo
937 2021 984 2074 ei
1031 2023 1117 2089 qui
1159 2024 1443 2077 conﬁtetur
1482 2026 1658 2077 omnia

127 2111 242 2162 bona
269 2109 395 2163 facta
424 2108 586 2163 fuisse
617 2123 645 2161 a
674 2110 851 2173 Patre,
884 2119 937 2164 et
964 2111 1122 2174 Filio,
1149 2124 1199 2165 et
1227 2123 1412 2167 sancto
1439 2115 1657 2183 Spiritu.

129 2199 378 2253 lzeatitudo
396 2199 443 2254 ei
465 2201 553 2268 qui
578 2201 859 2254 conﬁtetur
883 2217 1037 2255 unam
1069 2204 1419 2271 aequalitatem
1446 2207 1495 2257 in
1523 2221 1662 2260 sem-

135 2290 317 2354 piterna
354 2290 680 2357 plenitu’dine
721 2291 933 2344 deitatis
970 2306 1089 2345 esse
1133 2292 1326 2358 Patris,
1359 2303 1412 2349 et
1442 2295 1582 2359 Filii,
1611 2306 1664 2348 et

130 2379 278 2432 sancti
307 2378 552 2447 Spiritus.
594 2378 870 2433 Beatitudo
913 2381 961 2434 ei
1000 2382 1089 2450 qui
1126 2383 1415 2438 secundum
1460 2385 1662 2454 singula

135 2470 325 2521 nomina
373 2468 670 2535 Trinitatis,
709 2470 759 2523 id
800 2480 881 2523 est
929 2469 1119 2537 Patris,
1151 2484 1203 2526 et
1235 2473 1370 2536 Filii,
1402 2483 1455 2528 et
1497 2476 1665 2528 sancti

127 2556 353 2622 Spiritus,
379 2558 619 2625 proprias
641 2558 723 2610 itis
752 2567 952 2611 tantum
980 2574 1236 2627 personas
1259 2561 1533 2616 distinctas
1547 2577 1665 2616 esse

128 2650 405 2705 conﬁtetur.
435 2651 615 2720 Itaque
647 2654 782 2705 idem
807 2655 921 2721 ipse
943 2653 1306 2725 replico,'quia
1329 2658 1668 2712 vehementer

129 2741 276 2794 timeo
303 2730 366 2796 ne
392 2742 609 2809 aliquod
635 2744 1008 2798 oﬁendicnlum
1039 2747 1210 2801 minus
1257 2747 1668 2817 intelligentibus

129 2835 391 2898 posuerim,
421 2833 558 2887 adeo
599 2848 695 2903 per
731 2835 1023 2902 apertiores
1071 2851 1346 2892 sermones
1392 2837 1507 2893 haec
1555 2839 1666 2908 ipsa

130 2922 254 2976 dicta
274 2923 447 2991 paucis
475 2938 751 2991 exponere
777 2925 1041 2980 desidero.
1070 2929 1177 2996 Ego
1199 2945 1360 2982 unum
1393 2931 1555 2984 Deum
1583 2932 1668 2985 tibi

130 3011 348 3077 inemini,
381 3015 581 3088 unitam
621 3015 872 3071 deitatem
906 3015 1098 3083 Patris,
1137 3029 1189 3073 et
1235 3020 1374 3086 Filii,
1418 3031 1472 3076 et
1497 3024 1666 3077 sancti

1762 1853 1936 1895 menta
1968 1838 2283 1906 stiiiitttal'za,
2313 1843 2435 1901 quot
2467 1842 2519 1885 et
2543 1832 2762 1885 vulnera
2796 1827 3078 1882 resceanda
3107 1844 3120 1878 :
3149 1841 3208 1879 ac
3232 1841 3321 1889 per

1767 1933 1866 1984 hoc
1900 1945 2003 1981 non
2036 1927 2132 1978 fuit
2159 1923 2536 1977 (llSSltltlllftlltltl
2570 1935 2728 1973 causa
2757 1918 3048 1979 mortifera,
3079 1916 3322 1984 quoniam

1763 2038 1866 2074 llnlt
1890 2026 2128 2087 poterant
2155 2031 2212 2067 ea
2247 2015 2390 2082 prius
2423 2028 2514 2079 per
2541 2009 2768 2064 fomenta
2803 2008 3047 2072 blandiri,
3081 2020 3130 2059 et
3168 2005 3235 2057 ita
3260 2004 3322 2055 ad

1770 2111 2033 2165 medelam
2077 2106 2261 2160 salutis
2291 2104 2562 2164 anciedere,
2598 2102 2696 2154 nisi
2726 2102 2973 2152 interiora
3015 2111 3201 2150 eorum
3233 2110 3322 2146 eu-

1767 2211 2033 2262 rurentur,
2071 2207 2124 2251 et
2157 2197 2440 2267 pelleretur
2484 2193 2821 2260 serpentinus
2862 2204 3071 2243 cancer.
3117 2187 3243 2239 [Nam
3280 2188 3322 2238 si

1768 2294 1932 2347 velint
1975 2288 2272 2344 severitatis
2314 2286 2456 2354 prius
2506 2285 2824 2338 ferramenta
2871 2282 3131 2347 recipere,
3173 2281 3324 2331 lacife

1769 2391 2015 2452 poterant
2040 2380 2104 2432 ad
2132 2376 2391 2432 medelam
2415 2375 2599 2429 srtlutis
2623 2373 2916 2441 pervenire.
2948 2371 3051 2426 Sed
3076 2371 3324 2439 quoniam

1767 2475 1994 2530 adhmsit
2038 2475 2087 2526 in
2138 2472 2244 2526 illis
2291 2469 2435 2523 radix
2485 2467 2720 2527 zizanize,
2762 2465 3066 2534 germinans
3108 2463 3157 2515 iu
3208 2462 3328 2515 felle

1773 2565 2159 2626 amaritudinis,
2210 2571 2489 2631 propterea
2538 2558 2783 2612 (lillidnnt
2831 2556 3048 2610 itttroire
3101 2556 3150 2607 in
3192 2555 3328 2606 viain

1770 2657 2122 2713 confessionis
2151 2654 2419 2714 salutaris,
2456 2651 2574 2719 quia
2615 2649 2728 2703 hare
2757 2649 2839 2700 via
2873 2648 3002 2701 lucis
3023 2645 3328 2715 scandalum

1772 2756 1854 2801 est
1884 2746 2011 2799 illis.
2037 2743 2190 2798 Unde
2212 2758 2263 2812 ο⁵
2291 2749 2422 2794 πίοι
2451 2754 2548 2792 nos
2576 2737 2859 2792 ostendere
2890 2738 2990 2801 eis,
3024 2751 3153 2804 quos
3169 2727 3330 2788 'edant

1773 2839 1873 2889 γίίῑι
1898 2850 2006 2887 sum
2038 2833 2241 2886 fruetus
2268 2829 2655 2885 maledictioni's
2685 2829 2918 2880 omnium
2952 2827 3087 2879 male
3111 2827 3330 2879 creden-

1775 2931 1923 2989 tium,
1967 2928 2105 2981 sicut
2134 2925 2388 2991 scriptum
2427 2933 2506 2975 est
2542 2939 2552 2973 :
2591 2920 2889 2973 .ll‘nlcdirtns
2921 2921 3079 2971 omnis
3109 2921 3192 2985 qui
3224 2935 3322 2969 non

1774 3018 2053 3074 obaudierit
2088 3017 2232 3068 verba
2264 3013 2377 3065 libri
2402 3013 2578 3083 hujus,
2607 3023 2659 3063 ut
2685 3011 2837 3080 facint
2881 3027 2939 3062 ea
2970 3013 3020 3063 in
3057 3009 3207 3062 corde
3240 3025 3331 3061 suo

131 3099 339 3168 Spiritus
363 3102 647 3157 declaravi.
683 3105 810 3158 item
833 3108 1246 3176 omnipotentem
1280 3110 1440 3164 Deum
1465 3112 1529 3164 ad
1553 3128 1668 3164 om-
1693 3091 1740 3153 c
1772 3111 1949 3178 (Deut.
1983 3126 2150 3174 xxvn,
2179 3108 2293 3176 26).
2328 3107 2635 3160 Maledictus
2657 3105 2751 3174 'qui
2787 3103 2979 3167 Patris,
3022 3112 3074 3155 ct
3099 3100 3237 3164 Filii,
3279 3113 3333 3154 et

131 3191 393 3257 nipotentis
419 3194 767 3248 substantiam
795 3197 1068 3250 Trinitatis
1100 3201 1387 3265 propalavi.
1424 3201 1553 3256 ltem
1584 3218 1668 3256 so-

133 3282 224 3335 lum
255 3283 434 3347 Deum,
466 3299 494 3337 a
523 3286 693 3340 solius
733 3297 919 3340 natura
955 3289 1114 3360 255
1141 3293 1509 3362 suprascripta!
1555 3280 1670 3347 Tri-

133 3374 290 3428 nitatis
324 3376 573 3430 iudicavi.
637 3377 923 3434 ldentidem
967 3398 1128 3435 unum
1157 3401 1340 3456 verum
1376 3388 1562 3451 Deum,
1604 3390 1667 3441 ad

133 3477 272 3517 unam
311 3481 488 3525 veram
531 3477 772 3522 naturam
806 3470 1096 3526 divinitatis
1126 3475 1313 3539 Patris,
1358 3487 1413 3531 et
1443 3478 1580 3542 Filii,
1612 3482 1664 3534 e't

133 3553 284 3606 sancti
306 3555 531 3621 Spiritus
558 3557 671 3611 hate
697 3559 834 3612 dicta
865 3564 1035 3615 retuli.
1068 3563 1172 3617 Aut
1204 3566 1253 3618 in
1285 3583 1386 3633 quo
1407 3583 1669 3622 summum

136 3643 305 3711 Deum,
336 3647 399 3698 ad
447 3650 802 3704 summitatem
849 3652 1063 3708 deitatis
1103 3657 1292 3720 Patris,
1339 3670 1393 3712 et
1431 3661 1571 3724 Filii,
1619 3672 1674 3718 et

137 3737 289 3790 sancti
317 3737 545 3806 Spiritus
589 3742 876 3809 assignari.
912 3744 1036 3799 Sive
1062 3762 1220 3801 unum
1264 3750 1458 3804 bonum
1487 3753 1670 3816 Deum,

134 3826 191 3878 ad
225 3843 374 3881 unam
422 3829 708 3885 bonitatem
742 3845 943 3889 natura:
973 3837 1245 3899 Trinitatis
1286 3840 1671 3907 demonstravi.

134 3927 183 3970 et
208 3934 363 3972 unum
392 3919 556 3973 Deum
582 3921 646 3974 ad
675 3907 878 3976 unitarn
906 3924 1318 3982 dominationem
1351 3931 1562 3986 deitatis
1592 3951 1668 3987 re-

134 4007 309 4079 velari.
347 4009 452 4062 Seu
483 4009 535 4062 in
563 4024 669 4077 quo
697 4001 976 4066 indivisam
1008 4014 1318 4071 Trinitatem
1352 4035 1675 4076 memoratus

135 4111 264 4157 sum,
296 4097 360 4149 ad
387 4097 586 4150 unitam
615 4099 962 4154 substantiam
987 4104 1330 4170 plenitudinis
1353 4123 1536 4162 eorum
1562 4111 1689 4168 haec

99 4186 368 4255 praelatus
405 4200 544 4238 sum.
593 4187 652 4238 Et
692 4186 806 4241 ba'c
842 4190 1015 4243 omnia
1045 4208 1164 4261 qua:
1200 4197 1442 4263 superius
1472 4199 1673 4266 singula

134 4272 369 4337 indicari,
411 4275 477 4327 ad
519 4275 799 4330 indivisam
828 4278 1038 4334 deitatis
1077 4284 1550 4349 sempiternitatem
1581 4288 1676 4340 Pa-

134 4363 238 4429 tris,
268 4373 320 4417 et
350 4363 488 4429 Filii,
529 4374 585 4418 et
628 4367 797 4420 sancti
841 4369 1065 4434 Spiritus
1096 4373 1444 4427 manifestavi.
1480 4377 1554 4427 Ae
1583 4392 1676 4444 per

1772 3203 1938 3256 sancti
1969 3202 2196 3269 Spiritus
2237 3200 2435 3251 nnitam
2479 3200 2852 3263 sempiternam
2886 3194 3178 3246 dixinitatis
3208 3195 3334 3246 sub-

1771 3296 2018 3349 stantiam
2057 3308 2176 3346 esse
2216 3307 2319 3344 non
2352 3291 2653 3343 conﬁtetur.
2699 3288 2832 3351 Fiat,
2866 3287 2973 3340 ﬁat.
3026 3286 3334 3340 Maledictns

1772 3388 1860 3455 qni
1893 3386 2182 3450 secundum
2229 3379 2644 3448 trespcrsonas,
2680 3390 2787 3435 tres
2822 3379 3061 3433 diversas
3091 3380 3333 3432 substan-

1775 3482 1876 3532 tias
1902 3478 1952 3530 in
1990 3480 2070 3530 his
2111 3492 2230 3532 esse
2258 3480 2562 3530 conﬁtetur.
2601 3475 2736 3538 Fiat,
2777 3475 2886 3547 ﬁat.
2919 3473 3335 3540 Maledictusnni

1775 3571 1872 3622 tria
1903 3571 2155 3637 principia
2192 3569 2244 3621 in
2288 3570 2384 3621 hac
2411 3583 2596 3622 cnrtun
2625 3568 2822 3618 unitate
2859 3567 3178 3634 sempiterna
3201 3565 3332 3616 'det-

1775 3660 1899 3712 tatis
1929 3674 2046 3712 esse
2074 3658 2373 3712 conﬁtetur.
2409 3657 2542 3720 Fiat,
2573 3657 2680 3708 ﬁat.
2715 3655 3020 3710 lilal'edit-tns
3049 3657 3135 3724 qui
3170 3657 3338 3706 solum

1776 3765 1956 3802 verum
1991 3749 2158 3800 licunt
2188 3747 2420 3810 Patrem,
2453 3759 2506 3801 et
2546 3752 2871 3818 unigenitum
2906 3764 3085 3800 verum
3127 3747 3336 3806 Filium,

1776 3848 1832 3891 et
1860 3839 2069 3890 unicum
2112 3853 2291 3890 verum
2324 3838 2485 3890 Deum
2527 3839 2782 3907 Spiritum
2811 3848 3051 3892 Sanctum
3084 3852 3186 3888 non
3214 3850 3342 3888 e--n-

1778 3929 1976 3980 ﬁ'etur.
2009 3928 2140 3983 Fiat.
2177 3928 2286 3980 ﬁat.
2331 3928 2638 3982 lilaledictus
2669 3930 2756 3996 qui
2798 3929 3000 3981 unitum
3033 3943 3227 3980 nomen
3257 3942 3338 3978 se-

1777 4004 2010 4072 cundum
2068 4020 2319 4073 deitatem
2376 4021 2654 4073 Trinitatis
2706 4036 2823 4074 esse
2873 4035 2974 4071 non
3033 4019 3339 4072 conﬁtetur.

1780 4111 1917 4174 Fiat,
1967 4115 2075 4165 liat.
2120 4113 2428 4166 Maletlictus
2468 4115 2555 4180 qui
2600 4115 3345 4180 inconvertihi'etn,divinita-

1781 4212 1886 4255 tem
1943 4203 2055 4256 Filii
2090 4203 2204 4264 Dei,
2249 4203 2301 4255 id
2346 4215 2428 4256 est
2458 4201 2686 4257 Verbum
2737 4205 2851 4268 Dei,
2916 4205 2992 4257 sic
3041 4207 3089 4257 in
3131 4219 3344 4258 carnem

1797 4293 2109 4344 translatum
2143 4292 2223 4344 vel
2258 4303 2516 4345 mutatum
2553 4295 2847 4361 proﬁtetur,
2874 4304 2930 4347 ut
2954 4294 3054 4348 hoc
3083 4294 3346 4347 modode-

1789 4383 1990 4445 siverit,
2026 4393 2112 4434 aut
2140 4384 2378 4435 amiserit
2421 4385 2559 4451 quod
2593 4385 2701 4452 jam
2738 4385 2940 4451 pridem
2983 4393 3105 4462 ante
3142 4398 3347 4438 assunt-

134 4453 227 4506 hoc
249 4454 316 4507 de
346 4457 490 4508 unito
512 4458 726 4509 nomine
754 4458 990 4524 deitatis,
1032 4462 1319 4516 ninltil'arie
1351 4467 1590 4533 quamvis
1616 4469 1687 4521 sit
1718 4455 1765 4510 ι)
1794 4474 2024 4539 ptionem
2061 4473 2288 4525 hominis
2313 4474 2468 4526 fuerit
2501 4492 2513 4526 :
2553 4477 2849 4540 prmscrtitn
2873 4453 2993 4528 curn
3023 4476 3139 4528 talis
3168 4477 3217 4528 in
3252 4476 3348 4530 ho-

135 4541 320 4597 dictum
350 4559 444 4612 per
470 4547 704 4613 singulas
734 4563 1005 4616 personas,
1034 4552 1175 4616 quod
1223 4555 1470 4610 retuleris
1497 4558 1547 4610 in
1577 4560 1680 4612 Pa-

135 4641 227 4698 tre,
253 4635 356 4689 boc
387 4637 555 4702 ipsum
585 4646 639 4690 et
665 4640 968 4694 conﬁtearis
1001 4658 1217 4699 necesse
1249 4656 1331 4701 est
1359 4650 1532 4702 uniter
1554 4666 1673 4704 esse

135 4733 179 4775 et
207 4724 257 4776 in
286 4724 456 4791 Filio;
490 4726 654 4780 Deum
685 4729 753 4782 de
783 4731 910 4796 Deo,
951 4732 1128 4788 lumen
1158 4727 1234 4789 de.
1269 4737 1484 4801 lumine,
1518 4750 1681 4794 totum

136 4811 195 4867 tle
230 4824 363 4878 toto,
403 4826 458 4869 et
500 4828 666 4871 totum
707 4819 762 4871 in
792 4830 924 4884 toto,
975 4822 1266 4887 perfectum
1313 4822 1381 4881 de
1427 4830 1679 4896 perfecto,

137 4901 507 4964 plenitudinem
547 4905 614 4958 de
655 4906 999 4976 plenitudine,
1036 4905 1299 4979 integrum
1341 4917 1408 4971 de
1455 4919 1678 4986 integro,

137 4992 508 5058 sempiternum
531 4994 598 5048 de
618 4998 960 5064 sempiterno,
979 5003 1293 5070 sapientiam
1312 5007 1378 5059 de
1399 5009 1677 5078 sapientia,

136 5091 376 5137 rrtutem
420 5085 488 5138 de
514 5087 721 5150 virtute,
753 5105 912 5143 unum
960 5093 1027 5147 de
1069 5110 1173 5148 uno
1199 5106 1250 5150 et
1277 5113 1435 5152 unum
1469 5101 1519 5152 in
1556 5117 1680 5166 uno,

135 5185 307 5226 verum
328 5174 400 5227 de
420 5188 564 5237 vero,
596 5174 782 5231 Filium
807 5180 874 5233 de
905 5181 1060 5237 Patre
1092 5192 1269 5238 natum
1314 5202 1416 5240 non
1467 5189 1681 5254 factum,

135 5263 280 5315 unius
305 5261 620 5317 substantia
646 5281 766 5320 eum
813 5269 987 5324 Patre.
1035 5274 1140 5327 Sed
1182 5286 1236 5328 et
1271 5277 1520 5345 Spiritum
1565 5295 1684 5331 san-

133 5358 286 5410 ctum,
309 5351 406 5420 qui
437 5351 503 5405 de
526 5353 671 5406 unita
704 5355 960 5414 Trinitate
985 5363 1245 5428 consistit,
1282 5365 1444 5420 Deum
1478 5383 1681 5432 verum,

137 5447 293 5534 totum
335 5440 655 5526 perfectum,
688 5453 854 5500 totum
898 5451 1130 5518 plenum,
1166 5455 1448 5523 integrum,
1496 5463 1686 5525 sempi-

137 5532 352 5595 ternum,
389 5532 442 5584 in
486 5533 594 5598 ipsa
634 5536 892 5603 sapientia
923 5544 1167 5598 virtutem
1215 5548 1561 5614 prmscicntim
1596 5549 1689 5602 Pa-

140 5620 227 5675 tris
249 5631 302 5677 et
330 5621 451 5676 Filii
475 5624 875 5683 consistentem.

1789 4562 1931 4614 mine
1979 4564 2226 4629 praesenti
2254 4571 2530 4628 'tempore
2574 4563 2758 4629 fuerit,
2805 4575 2859 4617 et
2905 4564 2990 4628 sit,
3042 4565 3248 4632 qualem
3291 4580 3349 4617 sn

1787 4667 2004 4717 semper
2045 4664 2167 4704 ante
2195 4654 2615 4718 assumptionem
2658 4652 2888 4706 hominis
2918 4670 3018 4706 una
3050 4669 3169 4707 cum
3196 4653 3348 4707 Patre

1795 4745 1954 4796 fuisse
1994 4743 2338 4797 const'iverit.
2377 4743 2513 4807 Fiat,
2552 4744 2660 4799 ﬁat.
2694 4744 3000 4798 Maledictus
3041 4746 3127 4810 qui
3159 4744 3338 4798 indiviv

1790 4849 1899 4884 sam
1931 4834 2179 4886 deitatem
2212 4833 2408 4897 Patris,
2446 4843 2499 4887 et
2526 4834 2662 4898 Filii,
2697 4843 2750 4888 et
2777 4837 2947 4888 sancti
2991 4835 3216 4902 Spiritus
3246 4850 3348 4887 non

1790 4906 2100 4980 conﬁtetur.
2133 4923 2267 4986 Fiat,
2302 4923 2410 4977 ﬁat.
2445 4924 2753 4978 Maledietns
2777 4926 2863 4992 qui
2897 4934 3112 4992 promer
3138 4924 3232 4978 tria
3258 4942 3350 4976 nn-

1799 5014 1939 5064 mina
1988 5025 2350 5078 personarum,
2390 5023 2496 5066 tres
2535 5013 2681 5078 der-s,
2727 5022 2818 5065 aut
2859 5026 2964 5067 tres
3007 5014 3348 5075 substantias.

1797 5108 1887 5152 aut
1912 5110 2018 5152 tres
2044 5102 2265 5167 Spiritus
2295 5104 2598 5156 conﬁtetur.
2633 5103 2767 5166 Fiat,
2801 5103 2906 5156 ﬁat.
2934 5105 3241 5159 Maledictus
3261 5107 3347 5174 qui

1792 5191 2086 5244 secundum
2113 5192 2344 5261 singulas
2377 5211 2405 5258 ιι
2443 5209 2631 5246 rsonas
2674 5193 2773 5246 tria
2805 5195 3014 5247 nomina
3047 5203 3249 5248 tantum
3271 5198 3351 5249 di-

1793 5281 1982 5333 Stincta
2016 5281 2204 5344 Patris,
2240 5295 2292 5336 et
2324 5283 2462 5347 Filii,
2503 5295 2557 5337 et
2587 5284 2753 5337 sancti
2788 5263 3016 5351 Spiritus
3059 5299 3163 5345 non
3192 5287 3353 5356 256

1794 5372 2098 5426 conﬁtetur.
2141 5373 2276 5435 Fiat,
2327 5374 2435 5426 ﬁat.
2479 5373 2809 5436 Maledictus,
2858 5375 2944 5441 qui
2986 5383 3202 5444 propter
3242 5379 3352 5436 ,tria
3406 5400 3411 5414 ·

1792 5461 2003 5513 nomina
2036 5475 2405 5528 personarum,
2435 5472 2488 5515 et
2519 5463 2719 5515 unitam
2747 5463 3126 5530 plenitudinem
3157 5461 3349 5518 divini-

1792 5553 1912 5603 tatis
1961 5551 2458 5621 incomparabilem,
2508 5555 2791 5622 trigonium
2829 5555 2909 5606 vel
2956 5564 3099 5610 certe
3129 5564 3350 5626 tetrago-

1792 5642 1936 5696 nium
1980 5627 2146 5708 Patri,
2189 5654 2241 5698 et
2273 5644 2425 5710 Filio,
2469 5654 2523 5700 et
2563 5654 2748 5701 sancto
2793 5645 3010 5716 Spiritui
3046 5656 3345 5716 comparat;
