3802 6246
441 231 543 285 279

1713 233 1932 289 VlGlLll
1971 233 2336 292 TAPSENSIS

3563 253 3653 307 ἲΩο

441 349 533 396 aut
553 342 652 398 tria
678 344 848 414 capita
878 346 930 399 in
959 360 1017 402 se
1044 345 1364 400 cohaerentia
1391 345 1472 412 (ut
1493 345 1790 414 philosophi
1821 345 2001 399 dicere
2029 348 2078 404 Α
2109 345 2245 410 Fiat,
2278 350 2385 400 tiat.
2431 348 2741 406 Maledictus
2769 353 2857 422 qui
2903 354 3168 410 hominem
3209 373 3334 414 vere
3372 376 3529 430 quem
3575 381 3654 418 as.

442 435 856 502 consueverunt)
882 450 901 498 ;
940 444 1030 487 aut
1059 448 1215 489 unam
1249 449 1530 504 personam
1555 448 1676 491 esse
1704 435 2003 503 profitetur.

445 521 584 589 Fiat,
607 522 714 576 ﬁat.
751 522 1070 579 laiedictus
1094 524 1181 592 qui
1214 539 1370 577 unam
1411 539 1689 591 personam
1728 523 1922 587 Patris,
1952 532 2008 577 et

445 617 586 683 Filii,
617 627 671 676 et
694 615 926 686 Spiritus
967 621 1137 675 sancti
1173 621 1479 676 conﬁtetur.
1515 621 1650 683 Fiat,
1694 620 1801 674 ﬁat.
1849 621 2008 675 Male-

443 707 720 774 dictusqei
759 721 914 774 quem
951 706 1143 763 Filium
1180 711 1326 775 dicit,
1363 711 1499 765 hunc
1528 711 1770 764 eumdem
1814 720 1867 765 et
1897 710 2007 763 Pa-

443 806 578 851 trem
605 796 825 852 confuse
853 796 1115 867 designat.
1139 800 1275 864 Fiat,
1323 801 1434 854 ﬁat.
1463 799 1772 854 Maledictus
1796 799 1888 868 qui
1916 815 2008 869 pa-

448 893 584 940 trem
614 892 818 953 natum,
848 895 938 941 aut
963 887 1315 952 incarnatum,
1347 899 1436 942 aut
1459 904 1670 956 passum
1700 904 1819 943 esse
1837 890 2006 944 conﬁ-

446 985 610 1031 tetur.
660 978 798 1042 Fiat,
843 980 958 1047 ﬁat.
999 981 1304 1036 Maledictus
1330 982 1416 1048 qui
1452 982 1875 1036 inenarrabiliter
1920 981 2008 1035 Fi-

461 1067 588 1120 lium
638 1084 762 1123 vere
807 1073 1042 1138 genitum
1082 1072 1148 1126 de
1186 1072 1475 1128 substantia
1514 1073 1684 1127 Patris
1739 1087 1857 1128 esse
1900 1089 2004 1128 non

453 1159 756 1213 conﬁtetur.
802 1160 937 1226 Fiat,
971 1161 1078 1214 ﬁat.
1125 1161 1450 1225 Maledictus,
1480 1163 1569 1230 qui
1602 1162 1736 1217 hanc
1767 1165 2008 1216 nativita-

447 1259 554 1302 tem
596 1249 1088 1318 incomparabilem,
1135 1250 1351 1314 factam,
1397 1261 1488 1304 aut
1515 1261 1742 1305 creatam
1772 1253 1854 1306 vel
1883 1268 2010 1308 con-

409 1367 411 1369 ι
445 1334 611 1389 ditam
640 1351 760 1391 esse
787 1338 1084 1392 conﬁtetur.
1136 1338 1270 1406 Fiat,
1308 1339 1420 1393 ﬁat.
1457 1340 1763 1394 Maledictus
1789 1341 1878 1410 qui
1916 1343 2009 1395 ad-

446 1439 636 1481 versus
678 1427 810 1481 hanc
860 1428 1283 1484 inaestimabilem
1324 1430 1719 1498 generationem
1767 1433 2002 1499 deitatis,

446 1517 674 1585 aliquam
701 1519 766 1570 de
792 1520 986 1572 factura
1013 1518 1127 1587 ejus
1154 1521 1438 1574 crediderit
1467 1522 1678 1587 prottrie
1711 1523 1760 1574 in
1797 1521 2007 1576 confes-

447 1607 650 1662 sionem
682 1609 873 1665 afferre
905 1611 1052 1664 vobis
1081 1614 1550 1680 comparationem.
1581 1613 1716 1679 Fiat,
1758 1614 1866 1668 ﬁat.
1899 1616 2008 1670 Ma-

2109 439 2340 506 sumpsit
2366 453 2573 506 passum
2613 456 2733 496 esse
2763 460 2866 498 non
2903 450 3205 504 conﬁtetar.
3239 451 3375 518 Fiat,
3409 453 3516 506 ﬁat.
3548 454 3648 508 Ita»

2108 526 2332 581 ledictus
2359 529 2450 598 quj
2476 529 2615 585 hunc
2644 535 2810 588 tntum
2837 534 3125 602 hominem,
3164 538 3216 594 id
3245 550 3329 595 est
3352 544 3582 597 animam
3605 556 3655 598 et

2107 632 2302 686 corpus
2330 620 2468 688 quod
2503 625 2813 692 assumpsit,
2845 625 3021 679 denuo
3057 640 3383 698 assumptum
3415 633 3498 687 vel
3523 632 3654 688 libo.

2108 717 2301 772 ratum,
2349 719 2487 779 post,
2524 713 2680 767 tertia
2726 715 2813 768 die
2854 730 2883 768 a
2922 718 3146 772 mortuis
3173 723 3524 776 resurrexisse
3554 737 3652 776 non

2107 800 2410 855 conﬁtetur.
2441 802 2580 870 Fiat,
2605 803 2714 859 ﬁat.
2747 806 3059 863 Maledictus
3079 810 3168 877 qui
3195 811 3652 882 incomparabilem

2108 890 2356 945 deitatem
2387 892 2660 949 Trinitatis
2704 899 2916 964 preprie
2956 899 3021 953 ad
3073 900 3300 956 hominis
3341 903 3654 959 lineamenta

2107 996 2227 1037 esse
2253 985 2566 1065 conﬁtetur;
2593 987 2718 1041 dum
2746 991 3000 1058 scriptum
3025 992 3351 1050 inveniamus
3382 994 3499 1066 (III
3530 995 3652 1066 Reg.

2109 1087 2221 1138 vtu,
2250 1072 2362 1141 23),
2388 1077 2506 1143 quia
2550 1091 2656 1130 non
2695 1079 2762 1131 sit
2791 1079 2861 1132 illi
2899 1080 3093 1135 similis
3130 1083 3406 1152 quisquam
3438 1085 3577 1141 Deus
3604 1086 3654 1140 in

2109 1164 2245 1218 cmlo
2273 1179 2503 1231 sursum,
2533 1182 2703 1236 neque
2733 1169 2784 1222 in
2817 1179 2955 1224 terra
2979 1170 3247 1226 deorsum.
3279 1174 3416 1241 Fiat,
3447 1178 3556 1229 ﬁat.

2253 1305 2276 1358 1
2285 1315 2383 1360 tem
2409 1308 2470 1360 de
2498 1310 2650 1362 uariis
2677 1306 2936 1380 generibus
2959 1311 3203 1366 librorum
3237 1323 3311 1367 est
3336 1331 3518 1370 sermo.

2183 1425 2271 1479 Vat
2301 1427 2451 1482 vobis
2476 1429 2566 1498 qui
2602 1429 2825 1498 primam'
2865 1431 3021 1502 ﬁdem
3053 1433 3304 1502 baptismi
3335 1436 3551 1491 cmlitus
3583 1439 3655 1492 in-

2108 1515 2345 1571 stitutam
2375 1519 2573 1573 irritam
2609 1521 2800 1588 facitis,
2829 1532 2884 1576 et
2913 1523 3261 1579 instrumenta
3299 1526 3558 1583 libertatis
3581 1542 3655 1583 se-

2110 1610 2211 1662 mel
2236 1623 2484 1664 concessa
2507 1612 2940 1680 periterationem
2965 1615 3259 1670 inﬁrmatis.
3292 1617 3428 1684 Fiat,
3444 1618 3550 1673 ﬁat.
3573 1619 3658 1673 Va:

446 1699 669 1754 lcdictus
696 1702 786 1770 qtti
815 1718 994 1757 verum
1031 1704 1217 1757 Filium
1252 1704 1346 1758 Dei
1391 1719 1459 1758 ex
1503 1707 1770 1760 voluntate
1800 1715 1998 1761 tantum

2122 1698 2254 1752 robis
2270 1700 2357 1767 qui
2384 1700 2546 1768 lapsis
2566 1703 2936 1768 paenitentibus
2950 1705 3154 1759 veniam
3181 1706 3515 1761 tribuendam
3540 1723 3654 1763 esse

448 1790 573 1843 dicit
620 1807 760 1856 esse,
802 1804 854 1847 et
894 1809 996 1846 non
1047 1796 1220 1862 potius
1261 1795 1328 1849 de
1363 1796 1656 1850 nativitate.
1705 1797 1842 1862 Fiat,
1892 1798 1999 1851 ﬁat.

449 1882 756 1938 Maledicms
785 1887 872 1953 qui
898 1886 1026 1940 dicit
1055 1906 1066 1938 ε
1103 1887 1225 1941 Erat
1261 1896 1467 1956 tempus
1494 1890 1707 1958 quando
1739 1906 1842 1945 non
1890 1900 2006 1946 erat

2107 1804 2211 1843 non
2241 1790 2474 1845 creditis.
2501 1785 2635 1855 Fiat,
2669 1793 2776 1848 ﬁat.
2808 1795 2968 1865 258
2998 1795 3088 1850 Vae
3110 1797 3262 1850 vobis
3283 1799 3370 1866 qui
3397 1798 3586 1865 Patris,
3614 1808 3659 1854 et

2107 1881 2249 1951 Filii,
2278 1891 2333 1936 et
2347 1884 2514 1937 sancti
2537 1884 2763 1952 Spiritus
2786 1899 2941 1940 unatu
2976 1901 3256 1955 personam
3279 1884 3584 1951 defenditis.
3615 1901 3660 1945 rt

451 1973 632 2027 Filius.
677 1975 809 2039 Fiat,
843 1976 952 2030 ﬁat.
994 1977 1305 2033 Maledictus
1347 1980 1436 2047 qui
1477 1979 1610 2033 hanc
1638 1981 1731 2035 Dei
1761 1982 2006 2036 nativita-
2105 1990 2211 2030 non
2243 1984 2373 2042 tres,
2404 1977 2692 2031 secundum
2719 1979 2829 2046 ipsa
2853 1980 3065 2034 nomina
3087 1981 3352 2036 veritatis.
3386 1982 3520 2046 Fiat,
3549 1982 3651 2035 ﬁat.

451 2076 554 2118 tem
579 2080 647 2121 ex
677 2067 833 2122 nullis
858 2068 1189 2124 exstantibus
1212 2069 1518 2137 phantasma
1558 2086 1676 2126 esse
1699 2073 2002 2140 conﬁtetur,

450 2158 589 2225 quod
620 2158 792 2214 Graeci
822 2161 886 2230 ἐξῆ
901 2162 989 2213 οὐκ
1018 2157 1168 2216 ὄντων
1198 2161 1486 2231 appellant.
1522 2163 1659 2228 Fiat,
1701 2163 1810 2218 ﬁat.
1841 2163 2006 2219 Male-

451 2249 626 2302 dictus
653 2250 740 2319 qui
771 2249 1099 2305 divinitatem
1131 2251 1246 2305 Filii
1280 2252 1371 2306 Dei
1412 2253 1543 2306 dicit
1571 2251 1779 2308 initium
1813 2255 2010 2309 habere

450 2341 518 2394 de
549 2351 806 2408 tempore,
841 2349 1014 2395 ortum
1046 2355 1112 2396 ex
1143 2342 1327 2407 nihilo,
1372 2358 1564 2397 nomen
1593 2344 1741 2411 quasi
1779 2343 2010 2410 adoptio-

452 2430 535 2484 nis
564 2431 856 2485 accessisse
885 2446 1054 2500 nuper
1075 2446 1140 2486 ex
1171 2433 1357 2490 altero.
1393 2431 1526 2497 Fiat,
1559 2432 1666 2487 ﬁat.
1702 2433 2011 2488 Maledictus

455 2518 546 2588 qui
591 2534 752 2574 unum
784 2519 852 2574 de
883 2535 1006 2584 uno,
1035 2520 1224 2575 Filium
1262 2521 1326 2574 de
1353 2520 1509 2577 Patre
1536 2537 1658 2575 vere
1689 2531 1866 2576 natum
1907 2539 2010 2577 non

454 2608 754 2665 conﬁtetur.
798 2610 936 2675 Fiat,
981 2610 1090 2664 ﬁat.
1141 2612 1448 2666 Maledictus
1483 2612 1571 2674 qui
1614 2612 2014 2681 impassibiliter

454 2696 650 2751 Filium
699 2707 877 2753 natum
924 2699 989 2754 de
1027 2700 1183 2756 Patre
1222 2716 1327 2756 non
1376 2702 1679 2756 conﬁtetur.
1729 2702 1866 2766 Fiat,
1899 2702 2008 2756 ﬁat.

454 2785 767 2841 Maledictus
793 2787 881 2856 qui
920 2788 1048 2843 dicit
1078 2806 1091 2842 :
1121 2789 1242 2843 Fuit
1287 2791 1572 2859 aliquando
1601 2782 1756 2846 Pater
1784 2792 1902 2847 sine
1932 2792 2017 2848 Fi-

459 2877 553 2930 lio.
587 2877 724 2942 Fiat,
766 2877 876 2932 ﬁat.
923 2879 1234 2935 Maledictus
1263 2884 1350 2951 qui
1395 2896 1499 2935 non
1552 2883 1852 2946 conﬁtetur,
1894 2896 2018 2940 ante

457 2980 618 3020 omne
639 2966 857 3020 omnino
889 2968 1224 3037 principium.
1255 2970 1335 3022 vel
1369 2970 1575 3024 initium
1617 2984 1829 3040 semper
1859 2971 2019 3025 fuisse

2109 2068 2200 2122 Vae
2229 2069 2377 2123 vobis
2406 2070 2493 2138 qui
2523 2070 2590 2124 de
2619 2069 2717 2124 hac
2739 2072 2883 2126 unita
2919 2072 3318 2141 incomparabili
3340 2073 3659 2141 plenitudine

2108 2159 2302 2214 divinae
2346 2141 2620 2216 Trinitatis
2666 2162 3053 2230 extensionem,
3095 2164 3178 2219 vel
3210 2165 3555 2224 excisionem.
3585 2166 3659 2217 vel

2111 2250 2502 2319 protensionem
2535 2252 2763 2320 aliquam
2794 2252 2845 2306 in
2891 2253 2972 2307 his
3009 2268 3127 2308 esse
3155 2253 3494 2320 proﬁtemini.
3531 2253 3657 2316 Fiat,

2112 2339 2221 2392 ﬁat.
2249 2338 2338 2392 Vae
2366 2340 2514 2394 vobis
2535 2340 2622 2408 qui
2644 2341 2711 2394 de
2736 2340 2834 2394 hac
2855 2341 3000 2396 unita
3033 2342 3359 2410 plenitudine
3385 2343 3574 2406 Patris,
3609 2353 3656 2395 et

2112 2432 2254 2498 Filii,
2309 2431 2476 2486 sancti
2516 2431 2746 2500 Spiritus
2784 2433 3166 2487 derivationem
3211 2443 3266 2488 et
3310 2433 3656 2488 deﬁuxionem

2113 2523 2340 2592 aliquam
2373 2524 2424 2577 itt
2467 2520 2561 2578 his
2591 2539 2710 2578 esse
2744 2524 3044 2579 defenditis.
3079 2523 3213 2589 Fiat,
3246 2524 3357 2577 ﬁat.
3398 2523 3489 2578 Vm
3518 2523 3656 2577 vobis

2114 2613 2202 2682 qtti
2232 2614 2284 2666 in
2310 2615 2451 2667 unita
2476 2613 2751 2668 divinitate
2780 2613 3053 2669 Trinitatis
3089 2628 3242 2667 unam
3272 2613 3655 2682 prascientiam

2116 2702 2238 2761 esse
2269 2707 2491 2776 negatis.
2521 2706 2658 2774 Fiat,
2697 2707 2806 2761 ﬁat.
2840 2706 2928 2761 Va:
2954 2706 3108 2763 vobis
3147 2708 3235 2776 qui
3275 2707 3370 2761 Dei
3401 2707 3586 2761 Filium
3611 2709 3658 2758 in

2118 2799 2231 2866 ipsa
2259 2799 2588 2869 praescientia
2618 2813 2720 2867 qua
2745 2799 2901 2853 Pater
2927 2808 3006 2853 est
3039 2814 3158 2854 esse
3185 2799 3420 2868 negatis;
3443 2807 3499 2854 ut
3526 2800 3658 2854 dietn

2118 2900 2173 2945 et
2204 2891 2387 2944 horam
2415 2891 2600 2958 judicii
2630 2891 2841 2960 quando
2863 2891 3097 2945 futurum
3127 2892 3213 2955 sit,
3253 2906 3372 2945 eum
3399 2893 3661 2961 ignorasse

2121 2979 2339 3032 dicatis:
2365 2979 2487 3033 dum
2516 2981 2626 3047 ipse
2655 2979 2720 3034 de
2745 2995 2803 3035 se
2831 2981 3184 3034 testimonium
3213 2981 3356 3048 prius
3384 2981 3659 3049 perhibue-

458 3051 653 3108 Filium
677 3069 797 3109 cum
829 3054 1006 3110 Patre.
1040 3056 1174 3121 Fiat,
1207 3056 1316 3110 ﬁat.
1342 3058 1648 3113 Maledicttts
1668 3061 1755 3126 qui
1783 3059 1894 3112 haec
1921 3062 2019 3114 tria
2046 3049 2091 3110 C
2124 3073 2192 3125 νει
2218 3071 2282 3124 ad
2319 3071 2549 3137 patrem,
2589 3071 2641 3125 ίη
2678 3075 2968 3126 centesimo
3009 3079 3197 3124 οριπο
3224 3071 3431 3126 decimo
3467 3072 3662 3139 ρεειωο

460 3146 696 3210 nomina,
739 3145 791 3200 id
829 3155 911 3201 est
941 3148 1132 3213 Patris,
1161 3159 1216 3204 et
1240 3148 1384 3213 Filii,
1422 3158 1472 3203 et
1501 3151 1668 3203 sancti
1704 3148 1929 3217 Spiritus
1964 3151 2016 3204 in

459 3250 618 3289 unam
646 3236 974 3290 tantummdo
998 3238 1167 3290 Patris
1191 3253 1472 3306 personam
1500 3253 1618 3293 esse
1638 3241 1937 3307 conﬁtetur,
1967 3251 2022 3296 et

461 3341 565 3380 non
610 3338 716 3380 tres
756 3327 1044 3382 secundum
1089 3328 1200 3397 ipsa
1247 3330 1612 3387 nominszera
1648 3344 2016 3397 personarum.

462 3417 598 3480 Fiat,
641 3417 748 3471 ﬁat.
798 3408 1108 3474 Maledictus
1149 3421 1236 3489 qui
1288 3421 1639 3475 immortalem
1688 3422 2018 3475 divinitatem

463 3508 578 3563 Filii
623 3508 714 3563 Dei
750 3523 870 3564 esse
898 3524 1000 3563 non
1039 3510 1342 3564 conﬁtetur.
1378 3510 1513 3576 Fiat,
1557 3513 1664 3564 ﬁat.
1709 3511 2021 3566 Maledictus

463 3600 552 3668 qui
595 3599 663 3653 de
702 3604 1026 3668 sempiterno
1071 3600 1203 3654 Filio
1250 3601 1341 3655 Dei
1383 3601 1682 3654 dicitzﬂon
1713 3601 1871 3672 257
1910 3610 2022 3654 erat

463 3700 743 3760 antequam
791 3692 856 3745 de
897 3692 1055 3744 Maria
1107 3701 1432 3745 nasceretur.
1481 3691 1612 3755 Fiat,
1649 3692 1756 3746 ﬁat.
1807 3692 2023 3746 Maledi-

463 3791 582 3835 ctus
620 3781 709 3850 qui
738 3784 937 3835 unitam
975 3781 1227 3836 deitatem
1265 3782 1455 3848 Patris,
1499 3790 1552 3835 et
1581 3781 1721 3845 Filii,
1760 3791 1815 3835 et
1853 3771 2020 3836 san‘cti

463 3877 717 3944 Spiritus,
751 3891 815 3929 ex
845 3876 1065 3929 caritate
1095 3873 1395 3928 concordia:
1432 3883 1634 3927 tantum
1665 3889 1783 3928 esse
1814 3875 2023 3941 proﬁte-

466 3974 570 4030 tur,
601 3976 653 4019 et
694 3981 796 4018 non
839 3966 1004 4033 magis
1035 3979 1132 4032 per
1166 3964 1301 4016 hanc
1333 3963 1500 4030 ipsam
1546 3964 1743 4016 unitam
1773 3964 2022 4017 divinita-

466 4063 591 4108 tem.
637 4055 774 4121 Fiat,
826 4055 933 4108 ﬁat.
988 4055 1296 4109 Maledictus
1320 4053 1407 4123 qui
1445 4054 1640 4106 unitam
1679 4055 1927 4108 deitatem
1971 4057 2020 4108 itt

467 4155 574 4197 tres
603 4144 696 4196 ltas
729 4159 980 4210 personas
1005 4159 1123 4198 esse
1152 4160 1252 4197 non
1276 4146 1580 4198 conlitetur.
1609 4143 1742 4206 Fiat,
1777 4145 1887 4199 ﬁat.
1914 4145 2023 4196 Ma-

468 4233 690 4288 ledictus
722 4233 810 4301 qui
852 4235 1103 4286 unitatem
1138 4234 1484 4300 plenitudinis
1523 4232 1713 4285 divinae
1753 4233 2026 4286 Trinitatis

466 4322 746 4377 indivisam
778 4337 898 4377 esse
926 4338 1028 4376 non
1060 4323 1364 4376 conﬁtetur.
1405 4323 1538 4390 Fiat,
1572 4323 1682 4376 ﬁat.
1718 4323 2025 4377 Maledic'tus

468 4414 553 4480 qui
600 4412 798 4465 unitam
843 4412 1220 4477 sempiternam
1263 4411 1594 4464 divinitatem
1637 4413 2028 4479 inettmparalti-
2055 4401 2099 4457 ῐ)

470 4503 572 4555 lem
603 4501 785 4554 Patris.
824 4509 877 4553 et
918 4501 1058 4565 Filii,
1101 4510 1155 4552 et
1204 4500 1370 4552 sancti
1398 4500 1624 4566 Spiritus
1673 4516 1776 4552 non
1805 4502 2025 4553 conﬁte-

468 4601 572 4646 tur.
608 4591 742 4655 Fiat,
790 4591 898 4645 ﬁat.
947 4591 1257 4645 Maledictus
1293 4591 1379 4659 qui
1422 4591 1676 4643 adversus
1703 4592 1933 4660 vigorem
1974 4604 2027 4645 et

471 4697 748 4738 censuram
777 4683 967 4736 divina:
996 4682 1282 4750 Scriptura:
1313 4683 1452 4734 hunc
1495 4695 1675 4733 verum
1712 4681 1872 4735 Deum
1905 4681 2023 4748 Spi-

473 4775 628 4825 ritum
660 4771 1000 4834 Paraclitum,
1032 4771 1261 4833 Patrem,
1296 4781 1386 4824 aut
1419 4770 1632 4830 Filium,
1666 4771 1749 4823 vel
1781 4779 1924 4823 certe
1949 4771 2027 4823 fa-

473 4878 676 4917 cturam
706 4863 1143 4929 usurpatdebere
1185 4863 1448 4917 conﬁteri.
1497 4863 1633 4926 Fiat,
1677 4863 1788 4915 ﬁat.
1820 4862 2029 4934 Maledi-

474 4965 588 5008 etus
618 4953 703 5021 qui
733 4952 917 5005 Filium
943 4951 1056 5014 Dei,
1088 4951 1250 5003 Deum
1284 4968 1492 5017 verum,
1525 4951 1795 5006 hominem
1827 4953 1892 5006 de
1921 4953 2028 5005 Ma-

475 5047 550 5099 ria
579 5043 795 5112 Virgine
820 5057 987 5111 nuper
1014 5041 1368 5107 assumpsisse
1396 5057 1492 5109 pro
1523 5051 1702 5095 nostra
1730 5042 1898 5095 salute
1925 5057 2028 5094 non

473 5135 775 5190 conﬁtetur.
811 5131 947 5195 Fiat,
979 5131 1086 5184 ﬁat.
1122 5129 1435 5184 Maledictus
1468 5132 1557 5197 qui
1594 5132 1684 5185 Dei
1716 5130 1906 5184 Filium
1939 5130 2034 5184 ho-

476 5227 672 5277 minem
714 5220 1078 5275 tantummodo
1118 5222 1413 5273 solitarium
1464 5221 1545 5272 vel
1586 5234 1772 5288 purum
1805 5230 2034 5275 tantum-

478 5313 638 5366 modo
673 5311 978 5366 conﬁtetur.
1032 5308 1171 5374 Fiat,
1231 5310 1342 5361 ﬁat.
1390 5308 1704 5362 Maledictus
1739 5312 1826 5378 qui
1869 5311 2030 5363 Deum

480 5407 571 5461 Dei
607 5404 794 5458 Filium
839 5403 1243 5471 sempiternum,
1288 5404 1354 5457 de
1393 5404 1759 5470 assumptione
1805 5403 2034 5456 hominis

479 5513 648 5566 nuper
691 5498 790 5549 hoc
832 5495 1148 5564 principium
1193 5493 1389 5547 habere
1426 5493 1689 5561 assignat.
1738 5491 1870 5554 Fiat,
1919 5492 2032 5544 ﬁat.

483 5587 786 5646 Maledictus
814 5586 903 5658 qui
924 5586 1172 5645 deitatem
1199 5583 1315 5653 ejus
1350 5598 1554 5651 passam
1590 5597 1710 5638 esse
1732 5582 2031 5638 conﬁtetur.

2121 3161 2302 3216 dicens
2327 3177 2341 3214 :
2370 3160 2454 3215 Me
2474 3172 2878 3230 exspectaverunt
2899 3171 3178 3232 peccatores
3205 3172 3259 3214 ut
3287 3164 3548 3230 perderent
3567 3179 3660 3225 me,

2120 3255 2404 3307 testimonia
2432 3263 2597 3307 autem
2619 3265 2706 3308 tua
2740 3270 2840 3306 non
2878 3253 3262 3317 intellexerunt;
3288 3254 3512 3306 omnium
3547 3269 3660 3306 con-

2121 3347 2504 3398 summationem
2527 3345 2650 3410 vidi,
2675 3354 2720 3397 et
2753 3344 2921 3412 ﬁnem.
2952 3342 3112 3398 Vides
3141 3357 3288 3410 ergo,
3321 3357 3425 3396 non
3465 3349 3660 3395 tantum

2121 3449 2271 3489 suum
2300 3435 2462 3500 diem,
2493 3443 2584 3488 aut
2609 3433 2791 3488 horam
2810 3434 2994 3502 judicii
3035 3432 3203 3497 scire,
3221 3433 3312 3487 sed
3338 3441 3393 3487 et
3430 3435 3660 3488 omnium

2123 3529 2433 3583 saeculorum
2473 3527 2976 3580 consummationem
3005 3533 3188 3593 postea
3229 3523 3545 3578 futurorum.
3579 3522 3662 3576 Va:

2125 3620 2276 3673 vobis
2308 3619 2395 3685 qui
2422 3617 2613 3672 Filium
2646 3617 2734 3670 Dei
2761 3615 2829 3669 de
2868 3614 3026 3668 Maria
3055 3612 3269 3683 Virgine
3299 3613 3432 3667 nihil
3460 3627 3659 3666 assum-

2124 3712 2295 3779 psisse
2321 3709 2559 3764 creditis.
2599 3708 2734 3771 Fiat,
2762 3706 2873 3762 ﬁat.
2908 3706 2997 3760 Vae
3027 3704 3175 3760 vobis
3221 3705 3308 3774 qui
3354 3703 3541 3758 Filium
3580 3703 3661 3757 Dei

2123 3802 2469 3857 mediatorem
2508 3799 2601 3853 Dei
2633 3807 2688 3853 et
2714 3798 2986 3852 hominum
3028 3810 3134 3849 non
3162 3795 3507 3848 conﬁtemini.
3533 3792 3660 3852 Fiat,

2124 3892 2235 3947 ﬁat.
2260 3893 2350 3947 Va:
2375 3892 2526 3946 vobis
2554 3891 2641 3959 qui
2670 3891 2831 3951 falsos
2857 3887 3140 3955 prophetas
3160 3895 3250 3939 aut
3277 3886 3435 3940 falsos
3458 3893 3662 3952 aposto-

2128 3986 2206 4037 los
2236 3984 2286 4036 in
2335 3981 2700 4036 auctoritatem
2744 3978 3004 4047 accipitis.
3052 3976 3144 4030 Vas
3183 3976 3333 4029 vobis
3359 3975 3451 4044 qui
3493 3973 3663 4043 gravia

2125 4083 2340 4145 peccata
2369 4073 2666 4137 admittitis,
2695 4080 2747 4127 et
2769 4071 3024 4126 adversus
3066 4067 3432 4122 auctoritatem
3462 4076 3664 4134 aposto-

2126 4171 2295 4223 lorum
2325 4167 2534 4235 nuptias
2562 4165 2821 4220 secundas
2845 4163 3127 4218 damnatis.
3155 4161 3293 4225 Fiat,
3323 4160 3432 4214 ﬁat.
3464 4161 3558 4212 Va:
3579 4174 3665 4210 vo-

2126 4261 2208 4315 bis
2234 4261 2320 4327 qui
2353 4267 2623 4327 peccatum
2666 4268 2756 4311 aut
2785 4267 3006 4311 mortem
3039 4254 3201 4309 Deum
3228 4255 3422 4309 fecisse
3458 4252 3667 4308 ascribi.

2131 4351 2216 4401 tis.
2249 4348 2381 4412 Fiat,
2411 4349 2517 4401 ﬁat.
2550 4348 2640 4400 Vae
2673 4347 2822 4400 vobis
2850 4350 2937 4414 qui
2969 4345 3108 4399 hunc
3149 4342 3402 4398 mundum
3429 4359 3458 4396 a
3486 4353 3666 4398 semet-

2132 4444 2248 4510 ipso
2272 4455 2482 4508 semper
2519 4449 2841 4493 coaeternum
2873 4437 2980 4512 Deo
3019 4437 3179 4492 fuisse
3217 4437 3500 4500 ascribitis,
3531 4443 3616 4488 aut
3641 4449 3667 4484 a

2133 4533 2248 4585 Deo
2290 4530 2483 4583 factum
2530 4543 2647 4582 esse
2684 4527 2906 4596 negatis.
2936 4524 3072 4591 Fiat,
3113 4525 3218 4578 ﬁat.
3273 4525 3363 4578 Vas
3404 4525 3555 4578 vobis
3589 4523 3666 4591 qui

2129 4621 2381 4674 mundum
2417 4635 2482 4672 ex
2523 4619 2692 4686 aliqua
2737 4616 3028 4685 subjacenti
3078 4615 3294 4669 materia
3327 4615 3520 4668 factum
3563 4626 3669 4668 esse

2131 4709 2433 4763 defenditis.
2474 4707 2610 4769 Fiat,
2643 4708 2749 4757 ﬁat.
2775 4706 2867 4760 νω
2905 4705 3053 4758 vobis
3079 4705 3166 4773 qui
3194 4719 3297 4757 non
3328 4719 3421 4768 per
3452 4706 3587 4757 hunc
3605 4702 3670 4753 fa-

2133 4810 2334 4854 ctorem
2374 4798 2540 4852 Deum
2572 4798 2801 4859 Patrem,
2847 4805 2902 4848 et
2942 4794 3153 4856 Filium,
3189 4803 3240 4847 et
3274 4793 3527 4861 Spiritum
3561 4805 3670 4844 san-

2135 4900 2274 4944 ctum
2300 4899 2488 4943 cuncta
2519 4903 2634 4956 qua:
2667 4888 2715 4939 in
2749 4885 2899 4940 cmlis
2933 4892 3124 4939 suntet
3148 4883 3198 4936 in
3231 4892 3392 4945 terra,
3423 4882 3474 4937 id
3503 4890 3581 4936 est
3606 4879 3671 4932 vi-

2132 4981 2303 5036 sibilia
2326 4994 2378 5035 et
2409 4979 2706 5044 invisibilia,
2729 4978 2862 5032 facta
2887 4991 3006 5031 esse
3033 4973 3264 5030 creditis.

2141 5121 2420 5178 Idemidem
2447 5122 2528 5174 hic
2553 5131 2727 5172 contra
2754 5120 2948 5171 diuersa
2983 5118 3243 5186 mortifera
3278 5132 3468 5169 reuma
3507 5117 3672 5166 draco-

2383 5207 2508 5244 num
2527 5203 2569 5243 et
2591 5193 2824 5259 aspidunt
2848 5198 2918 5240 est
2943 5198 3114 5240 nostra
3136 5187 3444 5256 congressio.

2205 5311 2369 5381 259
2399 5310 2453 5365 Si
2485 5309 2600 5377 quis
2639 5308 2921 5363 conﬁtetur
2965 5308 3204 5375 angelum
3244 5306 3588 5371 apostaticum
3627 5301 3672 5353 in

2139 5411 2321 5453 natura
2355 5414 2456 5468 qua
2484 5399 2651 5453 laetus
2679 5407 2782 5462 est,
2816 5414 2918 5451 non
2953 5413 2980 5450 a
3015 5397 3125 5451 Deo
3162 5383 3563 5454 iactuminisse,
3589 5389 3672 5443 sed

2141 5506 2170 5544 a
2195 5505 2254 5545 se
2283 5505 2420 5553 esse.
2467 5499 2522 5544 ut
2561 5490 2649 5544 det
2687 5489 2761 5542 illi
2804 5490 3178 5554 sempiternum
3209 5500 3325 5539 cum
3359 5485 3465 5538 Deo
3499 5478 3675 5552 princi-

2144 5584 2310 5651 pium,
2343 5581 2620 5634 anathema
2646 5579 2742 5633 illi.
2770 5579 2825 5634 Si
2851 5578 2968 5646 quis
2991 5576 3274 5633 conﬁtetur
3300 5575 3544 5645 angelum
3564 5585 3675 5640 apo-
