3856 6222
76 285 188 336 281

1297 277 1379 329 DE
1416 275 1782 329 TRINITATE
1820 276 1943 331 LIB.
1988 277 2095 332 Vll.

3184 280 3292 334 ‘28’2

75 398 319 450 anticum
347 397 395 446 in
429 393 564 446 mala
598 401 782 446 natura
802 407 832 446 a
864 391 972 445 Deo
1001 389 1196 445 factum
1229 391 1412 454 fuisse,
1442 399 1492 444 et
1524 405 1627 442 non
1657 391 1703 448 Α
1734 389 1785 441 in
1813 390 2155 456 conspicabili
2188 392 2403 442 materia
2437 391 2578 445 visus
2611 390 2789 456 fuerit,
2839 391 3046 459 ignoras
3077 391 3127 445 in
3157 407 3292 460 prm-

73 488 274 544 diaerit
298 502 414 540 eum
441 501 471 538 a
498 485 782 552 semetipso
802 484 1069 538 voluntate
1090 497 1182 536 sua
1208 483 1402 536 malum
1429 496 1628 536 conce-

74 580 248 649 pisse,
276 577 550 631 anathema
578 576 674 630 illi.
722 575 776 631 Si
807 575 921 644 quis
948 574 1228 630 conﬁtetur
1254 574 1497 642 angelum
1529 573 1626 627 Sa-

77 679 227 722 tanae
252 666 494 722 mundum
524 666 733 732 fecisse,
766 666 902 735 quod
928 665 1085 729 absit,
1105 675 1162 720 et
1183 680 1286 717 non
1305 663 1626 730 iudicaverit

74 773 244 812 omne
265 765 528 826 peccatum
557 753 666 824 per‘
697 758 865 824 ipsum
900 756 1236 810 adiuventum
1283 753 1473 818 fuisse,
1502 769 1627 806 ana-

80 849 260 903 thema
289 848 381 902 illi.
403 847 459 904 Si
491 848 614 917 quis
635 846 914 901 conﬁtetur
944 845 1080 914 quod
1112 845 1248 899 Deus
1270 844 1496 898 animam
1529 845 1630 898 ho-

77 938 244 990 minis
270 945 466 990 tantum
514 936 717 1000 fecerit,
765 943 819 990 et
841 936 1061 991 Satanas
1088 935 1134 988 ei
1176 947 1367 1000 corpus
1397 934 1626 1002 plasma-

78 1031 244 1091 verit,
282 1028 420 1097 quod
459 1027 618 1091 absit,
665 1026 941 1080 anathema
980 1025 1076 1077 illi.
1124 1023 1180 1078 Si
1207 1027 1323 1089 quis
1349 1023 1631 1077 conﬁtetur

76 1119 285 1172 animas
314 1119 602 1184 hominum,
653 1120 704 1173 in
749 1118 1078 1172 revnlutione
1115 1130 1298 1169 rursus
1330 1115 1382 1170 in
1411 1116 1627 1180 mundo,

77 1219 182 1260 aut
209 1209 254 1261 in
280 1208 595 1272 hominibus,
634 1219 722 1262 aut
748 1209 799 1262 in
829 1207 1136 1280 pecudibus,
1167 1217 1256 1261 aut
1286 1209 1336 1261 in
1369 1209 1632 1276 serpenti-

77 1297 196 1350 bus
221 1298 420 1359 reret-ti,
461 1299 741 1352 anathema
785 1299 880 1351 illi.
929 1297 984 1354 Si
1013 1300 1131 1366 quis
1154 1299 1435 1352 conﬁtetur
1461 1295 1631 1352 homio

80 1404 214 1441 nem
242 1389 288 1442 in
319 1390 490 1442 anima
525 1398 721 1444 tantum
763 1389 812 1441 iu
842 1389 980 1442 diem
1021 1389 1203 1457 judicii
1235 1403 1528 1458 resurgere,
1576 1397 1632 1443 et

78 1494 198 1532 non
229 1495 337 1532 cum
361 1494 602 1546 corpore,
648 1479 1088 1548 quemadmodum
1121 1479 1260 1532 Deus
1289 1481 1437 1534 lllum
1483 1479 1627 1545 fecit,

79 1570 360 1623 anathema
408 1570 499 1623 illi.
555 1569 609 1624 Si
655 1570 770 1636 quis
812 1570 1092 1623 conﬁtetur
1132 1567 1319 1624 Filium
1348 1570 1438 1624 Dei
1482 1571 1628 1639 quasi

79 1660 412 1724 phantasma,
461 1659 538 1712 sic
584 1659 634 1711 in
667 1656 878 1713 homine
905 1657 1088 1713 visum.
1122 1658 1301 1725 fuisse,
1349 1660 1628 1713 anathema

78 1750 188 1803 illi.
217 1750 264 1804 Si
283 1751 394 1818 quis
420 1749 699 1803 conﬁtetur
721 1765 903 1802 verum
934 1750 1226 1816 hominem,
1251 1765 1405 1819 quem
1429 1765 1632 1804 assum-
1667 1735 1705 1793 Β

79 1843 216 1909 psit,
239 1857 338 1893 non
359 1856 481 1896 vere
510 1843 875 1905 manducasse,
898 1853 984 1894 aut
1013 1841 1228 1904 bibisse,
1257 1852 1346 1895 aut
1374 1842 1634 1911 lacryma—

76 1943 197 1984 tum
231 1931 403 1992 fuisse.
435 1940 486 1984 et
512 1932 818 1999 sanguinem
845 1933 1084 1994 udasse,
1122 1939 1176 1985 et
1205 1944 1415 2000 passum
1444 1931 1629 1998 fuisse,

75 2032 132 2076 et
162 2024 535 2084 resurrexisse,
561 2029 616 2075 et
645 2023 696 2074 in
725 2021 875 2076 ctelis
903 2021 967 2074 ad
998 2021 1266 2074 dexteram
1305 2020 1472 2074 Patris
1497 2035 1629 2075 con-

74 2113 307 2177 sedisse,
336 2113 611 2167 anathema
643 2113 734 2166 illi.
784 2113 839 2167 Si
874 2114 992 2181 quis
1021 2113 1300 2166 conﬁtetur
1328 2112 1512 2165 Filium
1539 2112 1628 2166 Dei

77 2203 228 2257 sicut
245 2217 425 2271 aquam
456 2217 553 2272 per
578 2202 821 2266 ﬁstulam,
845 2203 918 2255 sic
941 2217 1032 2270 per
1055 2216 1248 2269 corpus
1262 2202 1436 2256 Maria;
1457 2214 1634 2256 trans-

78 2294 215 2346 itum
267 2293 469 2353 tecisse,
513 2300 605 2343 aut
652 2292 778 2344 nihil
808 2291 874 2344 de
902 2306 961 2345 ea
994 2294 1342 2360 assumpsisse
1384 2292 1626 2358 afﬁrmet,

80 2383 358 2434 anathema
389 2382 482 2434 illi.
512 2380 565 2434 Si
593 2382 711 2448 quis
733 2380 1014 2433 conﬁtetur
1037 2381 1240 2434 animas
1265 2380 1534 2434 hominum
1565 2384 1632 2436 de

80 2472 294 2541 propria
314 2470 601 2526 substantia
630 2471 720 2524 Dei
744 2486 882 2533 esse,
911 2470 1050 2538 quod
1078 2471 1234 2536 absit,
1266 2478 1324 2523 ut
1346 2485 1442 2524 nec
1470 2471 1632 2526 laetas

82 2576 175 2615 eas
205 2575 235 2613 a
268 2561 368 2614 Deo
391 2559 649 2623 afﬁrmet;
679 2559 888 2627 etquod
917 2559 1263 2612 substantiam
1283 2573 1430 2612 suam
1457 2557 1632 2614 facere

82 2653 206 2721 quis
238 2661 420 2720 potest,
452 2651 728 2704 anathema
758 2650 852 2706 illi.
899 2649 956 2704 Si
985 2651 1102 2718 quis
1126 2651 1408 2706 conﬁtetur
1430 2652 1632 2706 animas

87 2743 356 2797 hominum
398 2755 610 2809 semper
648 2754 765 2794 cum
797 2739 905 2796 Deo
945 2740 1126 2805 fuisse,
1175 2749 1231 2795 ut
1274 2751 1498 2796 attentas
1541 2757 1633 2797 cas

85 2832 330 2899 assignet,
353 2840 407 2885 et
434 2845 530 2884 nec
559 2830 722 2883 laetas
754 2844 851 2883 nec
881 2829 990 2885 ﬁeri
1013 2845 1102 2885 eas
1133 2844 1289 2899 posse
1314 2832 1481 2897 dicat;
1509 2833 1630 2888 dum

86 2926 330 2992 scriptum
355 2924 455 2978 sit:
486 2923 586 2986 Qui
609 2923 722 2991 fecit
750 2923 884 2990 quod
910 2931 982 2974 est
1008 2938 1039 2974 a
1060 2923 1203 2991 foris,
1223 2924 1336 2988 fecit
1363 2934 1408 2978 et
1431 2925 1483 2977 id
1501 2925 1632 2993 quod

87 3016 221 3066 tutu
241 3023 329 3076 est,
358 3015 639 3067 anathema
667 3011 762 3064 illi.
795 3011 850 3067 Si
881 3013 1000 3080 quis
1027 3011 1228 3066 Novum
1258 3023 1312 3068 et
1345 3015 1503 3070 Vetus
1532 3016 1632 3070 Te-

1733 483 2098 547 ligurationem
2121 482 2299 548 operis
2329 484 2581 550 assumpti
2614 483 2862 545 lmmiuis,
2893 482 3003 536 sive
3032 481 3190 536 futuri
3208 484 3294 551 ju-

1729 572 1851 625 dicii
1878 573 1989 627 hmc
2016 582 2198 627 cuncta
2232 574 2282 625 in
2305 587 2371 627 eo
2397 582 2721 642 prmostensa
2749 573 2931 638 fuisse,
2957 582 3010 627 et
3035 588 3142 628 non
3162 586 3292 627 sane

1731 663 2011 717 invisibilis
2041 678 2168 732 pura
2200 659 2389 729 deitas,
2413 665 2550 719 sicut
2578 674 2789 716 cautum
2818 674 2899 718 est
2932 683 2942 716 :
2973 664 3098 717 Hice
3121 664 3289 716 omnia

1730 755 1783 806 in
1809 755 1974 823 ﬁgura
1995 755 2131 823 facta
2151 764 2268 807 sunt
2295 755 2452 807 nostri
2475 755 2526 822 (Ι
2558 753 2674 807 Cor.
2706 770 2758 816 κ,
2784 752 2842 822 (ἰ)
2879 771 2890 804 :
2926 753 3008 806 sin
3037 767 3186 814 vero,
3213 768 3290 806 re-

1731 844 1932 913 sponde
1964 844 2088 896 niihi
2121 844 2242 912 quia
2286 844 2334 895 in
2362 844 2550 912 angelo
2573 844 2718 896 visus
2747 852 2850 908 est,
2883 843 3117 912 nunquid
3147 841 3290 895 divl-

1731 939 1869 990 nitas
1890 938 2004 1006 ejus
2029 937 2240 1006 proprie
2262 937 2493 1006 angelica
2518 936 2630 989 est?
2656 935 2892 1003 Autquia
2914 935 2968 988 in
2996 934 3289 988 certamine

1730 1030 2064 1082 colluctantis
2093 1030 2231 1082 sicut
2259 1028 2420 1082 homo
2452 1028 2709 1095 palpatus,
2744 1028 2824 1080 vel
2855 1027 2994 1080 visus
3020 1036 3122 1091 est,
3151 1041 3286 1078 nun-

1729 1116 1855 1184 quid
1888 1127 2074 1170 natura
2106 1116 2195 1169 Dei
2224 1116 2370 1184 quasi
2418 1123 2604 1168 natura
2634 1115 2861 1167 hominis
2889 1114 3164 1181 palpabilis
3193 1121 3288 1166 aut

1731 1205 1954 1260 visibilis
1973 1206 2088 1260 est?
2116 1207 2219 1260 Aut
2244 1207 2362 1274 quia
2386 1206 2437 1258 in
2463 1205 2595 1259 rubo
2619 1215 2676 1258 ut
2702 1205 2838 1273 ignis
2867 1205 3006 1278 visus
3027 1213 3127 1266 est,
3152 1219 3287 1256 nun-

1729 1297 1852 1364 quid
1882 1296 2169 1358 substaptia
2195 1295 2309 1362 ejus
2337 1295 2455 1347 talis
2481 1294 2599 1347 est?
2623 1295 2727 1350 Aut
2753 1295 2874 1363 quia
2907 1293 3212 1362 frequenter
3232 1293 3284 1344 in

1728 1387 1884 1443 variis
1910 1387 2184 1455 speciebus
2226 1388 2368 1440 visus
2414 1395 2512 1451 est,
2564 1385 2794 1455 nunquid
2838 1385 2913 1438 sic
2942 1392 2997 1438 et
3038 1383 3276 1437 diversas

1730 1480 2040 1545 permixtas,
2074 1479 2188 1530 sive
2213 1487 2490 1530 concretas
2521 1485 2732 1530 naturas
2759 1477 2809 1528 in
2842 1476 3130 1542 semetipso
3154 1488 3286 1527 con-

1732 1567 1898 1621 tinet?
1924 1568 2045 1620 dunt
2068 1568 2212 1620 unita
2244 1567 2412 1620 deitas
2441 1566 2722 1620 indiscreta
2769 1567 2856 1628 sit,
2903 1565 3286 1632 invisibilisque

1733 1659 1850 1726 ejus
1881 1661 2145 1726 majostas.
2181 1660 2357 1727 Itaque
2405 1659 2637 1726 intellige
2665 1674 2782 1710 eum
2831 1659 2880 1709 in
2919 1658 3115 1723 angelis
3144 1657 3286 1709 visus

1733 1759 1836 1814 est,
1863 1753 2074 1803 nuntius
2103 1749 2269 1802 Patris
2301 1758 2654 1816 prmostensus
2690 1757 2789 1802 est.
2823 1747 2945 1801 Sive
2975 1747 3024 1800 iu
3053 1746 3286 1805 homine.

1733 1841 1854 1909 quia
1882 1841 1950 1895 de
1981 1841 2139 1893 Maria
2191 1841 2394 1908 virgine
2436 1854 2602 1908 nuper
2630 1848 2784 1893 natus
2809 1848 2924 1901 est;
2972 1839 3055 1890 vel
3089 1838 3139 1890 in
3171 1838 3287 1905 igne

1735 1935 1935 2001 utique,
1981 1932 2098 2001 quia
2125 1931 2378 2000 judicium
2407 1946 2474 1984 ex
2502 1945 2567 1984 eo
2597 1929 2825 1983 futurum
2854 1936 2958 1992 est,
2990 1929 3113 1981 dum
3154 1928 3288 1980 scri-

1734 2035 1879 2094 ptum
1907 2023 1993 2087 sit,
2021 2024 2140 2092 quia
2168 2023 2338 2092 magni
2369 2013 2567 2075 consilii
2591 2021 2796 2088 angelus
2817 2031 2898 2073 est
2924 2018 3076 2088 (Isai.
3098 2033 3167 2082 ta,
3195 2017 3284 2085 5):

1733 2127 1788 2170 et
1834 2115 1886 2168 in
1929 2114 2141 2166 homine
2187 2113 2445 2166 mediator
2471 2111 2775 2164 Emmanuel
2806 2119 2960 2162 natus
2997 2109 3092 2171 sit;
3143 2117 3196 2159 et
3235 2107 3288 2159 in

1733 2207 1852 2273 igne
1873 2205 2019 2275 quasi
2035 2203 2289 2259 conﬂatur
2312 2202 2422 2256 auri
2453 2210 2506 2256 et
2531 2201 2754 2269 argenti,
2775 2210 2832 2254 ut
2857 2200 3094 2254 cordium
3115 2198 3286 2265 justo-

1733 2311 1851 2350 rum
1882 2296 2134 2364 probator
2161 2293 2252 2347 sit.
2281 2292 2588 2359 Quanquam
2621 2299 2673 2344 et
2702 2291 2752 2343 in
2782 2289 2863 2342 his
2903 2288 3178 2356 speciebus
3202 2301 3286 2339 as~

1732 2386 1978 2454 sumptis,
2010 2382 2277 2450 quomodo
2308 2381 2492 2445 voluit,
2523 2382 2664 2434 visus
2688 2379 2776 2442 sit,
2809 2389 2985 2433 tamen
3015 2379 3064 2431 ltt
3091 2377 3286 2430 deitate

1734 2475 1872 2528 idem
1902 2473 2017 2542 ipse
2044 2471 2326 2527 invisibilis
2353 2477 2457 2534 est,
2485 2469 2654 2535 qualis
2683 2482 2894 2535 semper
2913 2466 3048 2534 apud
3073 2467 3283 2518 Patrem

1735 2563 1831 2618 luit
1867 2573 1922 2618 et
1957 2571 2058 2618 est.
2092 2563 2283 2616 Procul
2321 2561 2482 2614 dubio
2526 2561 2638 2615 lucc
2680 2569 2864 2614 cuncta
2912 2567 3036 2612 tum:
3072 2560 3207 2612 Deus
3236 2558 3286 2611 in

1739 2659 1958 2726 ﬁguram
1991 2655 2219 2709 hominis
2270 2667 2540 2723 operatur,
2595 2655 2715 2724 quia
2752 2669 2885 2720 Opus
2927 2642 3082 2708 futuri
3135 2655 3185 2707 in
3214 2670 3280 2719 eo

1728 2751 1838 2820 jam
1871 2749 2376 2820 praeosteudebatur,
2422 2749 2556 2818 quod
2591 2749 2703 2816 ipse
2733 2747 2951 2801 absolvit
2977 2748 3162 2801 dicens
3188 2765 3200 2800 :
3228 2748 3287 2800 Si

1732 2842 1856 2895 mihi
1889 2858 1989 2894 non
2029 2841 2254 2905 creditis,
2300 2842 2378 2894 vel
2415 2840 2646 2908 aperibus
2690 2840 2905 2902 credite,
2952 2840 3072 2907 quia
3110 2853 3200 2907 ego
3235 2839 3286 2889 in

1737 2929 1891 2984 Patre
1920 2940 1965 2984 et
1988 2929 2145 2982 Pater
2165 2931 2218 2983 in
2254 2946 2334 2983 me
2360 2938 2431 2982 est
2463 2927 2639 2994 (Joan.
2669 2944 2720 2994 ι,
2754 2928 2866 2994 58).
2913 2927 3097 2981 Nonne
3125 2927 3286 2978 mira-

1736 3021 1860 3074 bilia
1890 3020 2030 3075 Deus
2060 3034 2292 3088 presens
2320 3019 2659 3086 operabatur,
2688 3028 2742 3072 et
2767 3033 2926 3086 opera
2953 3031 3045 3071 sua
3074 3034 3166 3085 per
3193 3017 3290 3070 ho-

90 3114 399 3159 stamentutn
442 3102 791 3172 blasphemat,
830 3102 1107 3157 anathema
1147 3104 1243 3157 illi.
1276 3105 1332 3160 Si
1365 3108 1482 3174 quis
1513 3122 1632 3160 san-
1661 3085 1706 3146 (ἶ
1740 3113 1932 3166 minem
1955 3085 2088 3166 facta
2119 3085 2570 3180 agnoscebantur?
2615 3119 2668 3164 et
2710 3085 2812 3164 non
2847 3095 3018 3163 tamen
3047 3109 3212 3163 deitas
3235 3110 3286 3162 in

93 3208 198 3251 etos
228 3195 571 3265 patriarchas,
616 3203 705 3248 aut
748 3195 1051 3264 prophetas,
1095 3204 1187 3249 aut
1223 3197 1511 3264 apostolos,
1542 3211 1632 3264 aut

93 3296 340 3355 martyres
365 3285 716 3353 blasphemat,
744 3285 1023 3338 anathema
1058 3285 1152 3338 illi.
1203 3284 1258 3339 Si
1303 3287 1419 3355 quis
1464 3289 1632 3342 solem

97 3385 178 3429 aut
201 3377 353 3446 κο
381 3376 578 3440 lunam,
618 3376 697 3429 vel
731 3375 1092 3442 hujuscemodi
1141 3378 1395 3430 facturam
1424 3378 1628 3442 adorat,

96 3473 359 3522 anathema
390 3466 484 3521 illi.
515 3468 570 3520 Si
603 3467 718 3532 quis
743 3474 932 3534 praeter
960 3481 1120 3520 unum
1155 3466 1317 3519 Deum
1349 3483 1556 3532 verum,
1581 3469 1632 3522 id

98 3568 172 3608 εει
203 3556 425 3621 Patrem,
455 3565 507 3610 et
529 3556 735 3617 Filium,
764 3565 818 3609 et
844 3566 1081 3610 sanctum
1107 3556 1380 3624 Spiritum,
1409 3559 1631 3612 alterum

100 3645 272 3710 Deum,
315 3645 438 3699 dum
471 3659 574 3698 non
604 3645 672 3698 sit
699 3646 915 3699 omnino
944 3647 1076 3698 alter
1108 3645 1266 3711 Deus,
1307 3647 1630 3702 adorandum

99 3737 385 3804 crediderit,
412 3736 689 3790 anathema
718 3735 814 3789 illi.
859 3737 911 3791 Si
943 3737 1059 3804 quis
1085 3738 1152 3791 de
1186 3737 1406 3792 indivisa
1438 3739 1629 3792 immu-

100 3825 335 3893 tabilique
381 3825 704 3894 plenitudine
752 3828 1090 3894 sempiternae
1135 3826 1424 3881 divinitatis
1466 3830 1626 3882 dicit:

103 3914 352 3970 notabilis
393 3926 447 3971 et
493 3917 850 3970 convertibilis
898 3925 980 3992 est
1031 3929 1214 3971 natura
1245 3917 1386 3983 Filii,
1432 3928 1489 3973 ut
1533 3919 1632 3975 hoc

101 4007 240 4059 modo
267 4008 484 4062 desierit
509 4023 627 4061 esse
663 4007 798 4076 quod
824 4009 929 4076 jam
959 4009 1159 4074 pridem
1199 4010 1384 4076 fuerat,
1414 4011 1634 4064 anathe-

100 4111 172 4148 ma
192 4085 280 4151 illi.
311 4099 442 4152 Dum
475 4098 664 4151 dicitur
687 4098 812 4150 mihi
841 4098 979 4163 quod
1021 4099 1306 4153 multifarie
1331 4114 1359 4150 a
1391 4099 1633 4152 Patribus

1738 3219 1804 3257 eo
1833 3203 2128 3265 videbatur,
2169 3201 2306 3256 sicut
2332 3201 2500 3255 dixit:
2528 3201 2624 3266 Qui
2654 3217 2732 3253 me
2759 3201 2908 3264 videt,
2954 3201 3084 3252 videt
3114 3207 3159 3252 et
3185 3198 3286 3250 Pa-

1743 3304 1867 3348 trem
1891 3309 2075 3346 meum.
2105 3291 2260 3345 Vides
2280 3293 2400 3359 quia
2431 3293 2590 3344 Deum
2615 3299 2670 3343 ut
2692 3301 2768 3344 est
2799 3306 2928 3357 pure
2951 3304 3104 3343 nemo
3130 3289 3286 3359 261

1743 3383 1875 3434 vidit
1921 3396 2173 3450 unquam,
2213 3395 2245 3432 ο
2276 3380 2549 3434 hit-retice?
2599 3379 2776 3446 Itaque
2817 3379 2858 3431 si
2901 3393 3014 3447 qua:
3059 3378 3289 3432 haereses

1737 3484 1860 3525 sunt
1885 3489 2002 3541 qua:
2030 3487 2127 3526 nos
2168 3472 2350 3532 latent,
2383 3471 2476 3525 sed
2517 3482 2713 3539 etquae
2755 3471 2941 3523 futura:
2970 3478 3122 3534 sunt,
3171 3484 3289 3535 qua:

1735 3565 1989 3616 adversus
2018 3563 2171 3616 [idem
2217 3562 2412 3629 regula:
2455 3562 2791 3628 evangelicae,
2838 3569 2891 3613 et
2921 3560 3172 3628 Ecclesiae
3201 3573 3290 3612 ca-

1739 3652 1949 3704 tholica:
1995 3660 2118 3705 sunt
2167 3652 2356 3705 futurae
2397 3651 2675 3704 anathema
2710 3650 3016 3702 habeantur.
3066 3649 3120 3702 Si
3171 3649 3288 3716 quis

1738 3751 1919 3794 eontra
1962 3741 2296 3793 traditionem
2323 3740 2558 3806 canonis,
2595 3739 2959 3792 lia-reticorum
2989 3737 3288 3805 apocrypha

1735 3847 1853 3898 qua:
1885 3832 2116 3885 Ecclesia
2161 3832 2417 3885 catholica
2464 3832 2677 3883 omnino
2724 3845 2826 3882 non
2876 3830 3080 3897 recipit,
3132 3844 3289 3896 super

1737 3921 1849 3974 hznc
1879 3937 2188 3990 prmponere
2213 3923 2296 3975 vel
2319 3921 2601 3976 defendere
2625 3922 2868 3984 voluerit,
2891 3922 3166 3973 anatliema
3197 3920 3284 3972 sit.

1738 4011 1874 4076 Fiat,
1905 4010 2013 4064 ﬁat.

998 4222 1472 4332 LIBER
1545 4224 2382 4335 SEPTIMUS.

453 4418 466 4430 α
531 4385 621 4445 De
663 4385 1045 4460 professione
1083 4384 1308 4460 regula:
1348 4383 1685 4456 catholicas,
1729 4405 1866 4446 cum
1911 4388 2332 4465 increpatione
2379 4387 2827 4449 hereticorum.

161 4526 373 4595 Propter
407 4525 544 4590 quod
587 4525 971 4593 impensissime
1020 4521 1242 4579 obsecro
1290 4527 1627 4583 sublimitatis
1655 4533 1979 4597 Domnibus
2018 4531 2263 4600 gentibus
2295 4531 2566 4599 premium
2608 4530 2730 4583 vitm
2771 4539 2983 4583 interna:
3025 4531 3287 4598 promitti-

103 4617 313 4683 gloriam,
371 4629 424 4671 ut
453 4617 665 4685 elonges
706 4632 733 4667 a
763 4617 1008 4669 sensibus
1056 4617 1248 4670 nostris
1298 4619 1409 4672 haec
1457 4621 1630 4673 eradi-

105 4707 243 4758 cauda
268 4720 426 4774 atque
451 4704 803 4760 comburenda
843 4707 1039 4759 semina
1085 4707 1324 4772 zizanim,
1375 4720 1428 4763 et
1456 4725 1626 4778 quan-

109 4802 194 4846 tum
215 4795 568 4850 distatoriens
589 4795 654 4848 ab
683 4809 894 4857 occasu,
926 4804 1127 4850 tantum
1157 4800 1370 4852 recedat
1399 4814 1427 4851 a
1453 4801 1626 4855 cordi-

108 4884 188 4938 bus
211 4889 398 4942 nostris
428 4887 540 4940 haec
567 4888 616 4940 in
648 4888 904 4954 superiori
935 4888 1067 4941 libro
1098 4892 1398 4960 praescripta
1422 4907 1451 4944 a
1475 4891 1626 4946 nobis

109 4975 368 5032 adulterina
387 4977 754 5032 hmreticnrum
773 4977 1055 5032 confessio.
1084 4980 1232 5034 Unde
1259 4991 1383 5048 puto
1411 4983 1501 5036 hic.
1517 4983 1624 5050 jam

110 5068 271 5121 nullam
309 5071 622 5139 ignorantia:
669 5070 831 5123 fuisse
873 5070 1179 5125 derelictam
1228 5075 1625 5128 excusationem

114 5155 221 5210 inter
249 5161 380 5214 viam
420 5161 552 5214 lucis
593 5169 647 5214 et
691 5161 828 5213 viam
873 5161 1229 5216 tenebrarum.
1271 5165 1410 5232 Ergo
1451 5165 1628 5220 ubiubi

114 5246 251 5307 placet
294 5251 531 5320 quisquis
579 5265 638 5304 es
687 5250 1045 5319 proﬁciscere.
1093 5253 1230 5308 Sane
1287 5269 1389 5307 non
1443 5271 1629 5310 sumus

120 5340 254 5392 aemuli
280 5343 326 5396 in
357 5351 690 5398 sacramento
717 5342 893 5396 divino
915 5343 1164 5408 celando;
1197 5343 1288 5397 sed
1319 5346 1486 5415 magis
1508 5345 1627 5399 hor-

119 5431 254 5483 tamur
280 5444 333 5486 ut
377 5437 429 5489 in
463 5433 598 5486 viam
629 5433 1014 5488 benedictionis
1055 5437 1228 5489 uniter
1274 5436 1628 5506 ingredientes

122 5513 418 5577 inveniamur.
467 5523 617 5578 Unde
645 5524 792 5591 prius
824 5523 975 5585 nobis
1005 5525 1230 5577 maxima
1261 5540 1384 5578 cura
1416 5528 1508 5578 luit
1533 5526 1626 5578 do-

123 5609 235 5662 tcndi
261 5613 318 5669 de
354 5626 460 5670 tam
503 5613 798 5670 admirabili
843 5616 1108 5684 regalique
1150 5617 1387 5692 decqeto,
1439 5616 1491 5670 iu
1522 5632 1626 5687 quo

1739 4631 1840 4684 tur,
1872 4622 2081 4674 dicente
2106 4621 2366 4674 Domino:
2403 4621 2589 4673 Euntes
2627 4621 2873 4686 baptizata
2909 4637 3079 4674 omnes
3121 4635 3288 4691 gentes

1734 4713 1784 4764 in
1816 4712 2014 4764 nomine
2045 4710 2215 4762 Patris
2235 4752 2250 4777 ,
2302 4720 2348 4764 et
2382 4708 2528 4777 Filii,
2561 4720 2606 4761 et
2637 4711 2859 4779 Spiritus
2884 4712 3046 4762 sancti
3077 4711 3284 4780 (Matth.

1735 4817 1922 4867 xxvm,
1948 4803 2055 4871 i9).
2087 4802 2223 4856 Vere
2253 4817 2352 4870 ego
2382 4803 2432 4854 in
2461 4802 2560 4854 hoc
2580 4803 2707 4854 satis
2736 4802 2990 4867 admiror,
3024 4810 3077 4855 et
3107 4802 3155 4854 in
3179 4813 3288 4855 stu-

1735 4911 1863 4962 pore
1893 4895 2088 4949 meutis
2115 4895 2312 4948 diutius
2345 4897 2574 4948 intentus
2605 4892 2849 4946 collaudo
2890 4902 3086 4946 tantam
3114 4908 3289 4946 sacra-

1734 4987 1952 5038 tiSsimm
1980 4983 2250 5037 Trinitatis
2279 4983 2500 5052 gloriam
2527 4984 2575 5035 in
2594 4983 2868 5035 duodecim
2901 4983 3101 5048 penitus
3127 4985 3287 5053 262

1733 5075 1910 5128 verbis
1939 5075 2335 5127 distinctionum
2369 5075 2448 5127 vel
2480 5073 2698 5142 syllabis
2729 5071 2960 5126 breviter
3003 5072 3163 5126 fuisse
3192 5091 3287 5126 ex-

1736 5165 1982 5232 positam.
2037 5163 2169 5217 Vere
2204 5165 2255 5216 in
2286 5164 2385 5216 hoc
2411 5163 2586 5216 edicto
2616 5163 2816 5214 nuitutn
2847 5161 3054 5215 deitatis
3095 5176 3284 5214 nomen

1737 5253 1906 5306 Patris
1935 5262 1988 5306 et
2015 5253 2151 5319 Filii,
2176 5264 2228 5306 et
2248 5253 2476 5320 Spiritus
2504 5252 2668 5305 sancti
2687 5261 2808 5304 ante
2837 5251 3161 5320 praemissum
3184 5263 3286 5306 est.

1736 5344 1872 5397 Vere
1905 5346 1954 5397 in
1987 5344 2083 5397 hac
2114 5343 2466 5397 sacratissima
2498 5341 2757 5395 Trinitate
2789 5342 2999 5394 nomina
3027 5342 3078 5394 in
3108 5357 3291 5411 perso-

1733 5436 1816 5489 nis
1847 5445 2048 5490 tautum
2077 5436 2320 5489 distincta
2344 5443 2485 5488 sunt.
2515 5435 2651 5487 Vere
2678 5449 2775 5487 nec
2803 5434 2907 5495 lex,
2933 5448 3029 5488 nec
3055 5435 3283 5502 propho-
3378 5479 3379 5482 η

1737 5537 1800 5578 ta:
1831 5536 1934 5577 tam
1981 5526 2226 5579 absolute
2255 5525 2355 5579 hoc
2385 5538 2634 5579 arcanum
2666 5525 2972 5593 mysterium
3021 5525 3286 5578 revelave-

1733 5627 1875 5670 runt.
1905 5617 2038 5671 Vere
2066 5632 2223 5682 super
2250 5632 2460 5672 omnem
2481 5615 2883 5672 custodiendam
2912 5615 3164 5672 divinitus
3181 5617 3288 5671 dis-
