3856 6222
559 402 663 455 283
680 417 689 429 ‘

1847 386 2064 441 \‘lGlLll
2106 383 2468 439 TAPSl-iNSIS
3687 391 3770 441 εςι

556 512 871 582 positionem
937 510 1034 562 hoc
1095 507 1320 559 maxime
1363 501 1763 557 custodiendum
1809 511 1905 552 est.
1980 501 2116 552 νιιτε

2248 494 2477 546 iistratnr
2499 509 2674 548 sermo
2691 497 2987 561 sapientiae,
3022 497 3134 550 sive
3156 496 3373 550 verbum
3399 497 3661 554 scienter,
3683 502 3774 549 sive

557 618 714 669 super
733 603 831 656 hoc
859 615 958 652 non
985 607 1064 651 est
1087 596 1223 664 quod
1255 594 1372 646 addi
1390 639 1403 660 ,
1430 603 1481 646 et
1511 593 1576 645 ab
1599 595 1697 645 hoc
1723 607 1828 644 non
1854 600 1934 643 est
1958 590 2096 658 quod

556 695 718 745 minui
751 691 929 758 possit.
978 688 1112 740 Vere
1159 687 1210 739 in
1242 686 1342 738 hoc.
1369 686 1564 738 donum
1612 683 1852 750 baptismi
1898 697 2092 749 prince-

558 795 702 849 ptum
730 780 921 832 addere
951 777 1030 831 vel
1065 777 1302 829 minuere
1332 775 1695 842 blasphemum
1730 783 1828 826 est.

628 869 985 938 Interrogatio.
1028 867 1082 920 Si
1125 867 1236 920 ha-c
1263 867 1336 920 sic
1382 881 1440 919 se
1485 867 1695 926 habent,
1729 874 1784 916 ut
1813 865 1876 916 de
1920 864 2098 931 regula

558 962 945 1027 scripturarum
973 957 1101 1010 mihi
1121 955 1378 1020 declares,
1411 954 1790 1022 impensissime
1815 953 2065 1004 obsecro.

633 1046 930 1112 Responsio.
983 1046 1127 1101 Scito
1152 1047 1296 1112 prius
1324 1045 1372 1096 in
1405 1045 1498 1094 hac
1528 1039 1809 1106 Scriptura:
1840 1043 2098 1095 sententia

557 1143 920 1202 argumentum
951 1134 1068 1188 ﬁdei
1098 1149 1214 1185 esse
1239 1131 1551 1200 expositum,
1593 1147 1712 1184 cum
1743 1133 2103 1200 increpatione

557 1227 801 1279 nocturni
831 1225 1302 1293 superseminautis
1340 1223 1612 1275 zizaniam.
1645 1223 1688 1275 0
1717 1225 1866 1289 plena
1899 1226 2114 1292 praesti-

559 1318 659 1386 giis
703 1320 916 1371 obsessa
960 1332 1107 1370 mens
1152 1315 1517 1367 hatreticnruzn
1557 1330 1584 1366 a
1627 1316 1870 1369 diabolo!
1915 1316 2022 1369 Cur
2061 1317 2111 1370 in

561 1408 775 1461 nomine
805 1409 988 1470 Patris,
1039 1416 1090 1459 et
1118 1406 1256 1470 Filii,
1306 1415 1354 1458 et
1383 1406 1548 1457 sancti
1575 1406 1801 1472 Spiritus
1851 1409 2109 1474 baptizas,

562 1510 612 1552 et
643 1502 837 1552 unitam
890 1498 1139 1551 deitatem
1184 1497 1549 1563 blasphemas?
1598 1510 1692 1549 cur
1736 1498 1951 1549 nomina
2001 1510 2116 1550 tan-

563 1597 672 1641 tum
722 1587 925 1647 Patris,
972 1598 1026 1640 et
1069 1586 1217 1650 Filii,
1269 1596 1321 1640 et
1350 1589 1510 1638 sancti
1553 1587 1778 1656 Spiritus
1821 1589 2113 1651 confiteris,

564 1688 616 1729 et
645 1677 843 1730 unitum
872 1693 1062 1730 nomen
1111 1676 1396 1730 divinitatis
1422 1677 1686 1741 :ibnegas?
1724 1692 1818 1732 cur
1858 1677 2120 1730 indicatur

567 1765 762 1826 unitas,
785 1766 827 1816 si
857 1765 907 1816 in
936 1765 1107 1826 Patre,
1130 1776 1180 1817 et
1205 1765 1358 1827 Filio,
1390 1775 1441 1817 et
1469 1775 1650 1818 sancto
1673 1765 1870 1831 Spiritu
1903 1780 2007 1818 non
2038 1776 2120 1819 est

2220 587 2367 645 tides.
2387 588 2498 639 sive
2517 588 2682 654 gratia
2701 589 3004 654 sanitatum,
3025 605 3116 642 seu
3135 593 3374 658 operatio
3393 593 3678 656 virtutum,
3698 607 3774 644 seu

2215 677 2511 743 prophetia,
2544 692 2634 731 seu
2667 681 2929 745 separatio
2954 682 3233 748 spirituum
3252 722 3266 745 ,
3295 684 3393 736 nisi
3433 686 3690 750 quoniam
3716 687 3771 732 di-

2217 769 2358 820 unita
2390 769 2718 836 plenitudine
2748 773 2861 823 est?
2890 773 3204 840 hypocrita},
3245 774 3436 827 discite
3463 787 3628 825 unam
3666 789 3768 825 esse

2214 858 2579 922 operationem
2609 860 2658 912 in
2691 870 2879 912 natura
2910 861 3100 922 Patris,
3123 861 3349 924 etFilii,
3377 875 3430 915 et
3456 862 3634 915 saneti
3660 865 3765 928 Spi-

2215 946 2366 1011 ritus,
2416 947 2540 1000 dum
2591 965 2748 1015 opera
2791 965 2906 1018 quin
2951 961 3203 1016 operatur
3244 951 3417 1013 Pater,
3463 953 3579 1018 ipsa
3627 967 3772 1018 oper:

2219 1039 2394 1091 uniter
2413 1039 2846 1094 demonstrentur
2871 1056 2989 1096 esse
3014 1051 3068 1095 et
3087 1041 3222 1104 Filii,
3254 1051 3308 1094 et
3335 1045 3500 1094 sancti
3526 1042 3770 1107 Spiritus.

2219 1128 2286 1179 Ita
2315 1137 2370 1181 et
2397 1130 2558 1182 Filius
2587 1130 2724 1198 quod
2755 1139 3022 1197 Operatur,
3063 1132 3176 1183 haec
3207 1131 3318 1198 ipsa
3349 1146 3508 1192 opera
3547 1130 3771 1182 referan-

2220 1226 2305 1269 tur
2336 1220 2400 1268 ail
2428 1219 2662 1284 Patrem,
2709 1230 2761 1272 et
2783 1221 2846 1271 ad
2877 1221 3222 1286 principalem
3255 1221 3535 1287 Spiritum.
3592 1220 3775 1272 Eadem

2205 1315 2277 1359 et
2304 1307 2534 1372 Spiritus
2564 1308 2853 1361 Paraclitus
2891 1311 3158 1388 quonlodo
3193 1319 3465 1374 operatur,
3519 1310 3638 1360 hinc
3682 1309 3777 1370 ipsa

2218 1409 2380 1463 opera
2414 1398 2589 1449 uniter
2618 1397 2959 1452 declarentur
2985 1412 3103 1452 esse
3129 1405 3184 1450 et
3219 1397 3409 1460 Patris,
3445 1409 3497 1450 et
3529 1399 3671 1450 Filii.
3705 1397 3775 1446 \‘i-

2219 1487 2314 1540 des
2341 1490 2537 1540 unitam
2566 1503 2685 1544 esse
2715 1489 3019 1543 eorumdem
3059 1489 3421 1558 operationem
3468 1491 3517 1540 in
3554 1506 3660 1541 una
3701 1506 3779 1540 m-

2230 1586 2345 1630 tura
2377 1579 2618 1632 deitatis?

2292 1663 2654 1735 Intermgatio.
2701 1668 2846 1735 Rogo
2898 1679 2956 1721 ut
3003 1667 3114 1722 lucc
3161 1668 3298 1721 dicta
3355 1667 3422 1719 de
3474 1666 3778 1719 auctoritate

2223 1754 2393 1807 adhuc
2425 1755 2814 1821 Si-riptttrarum
2846 1757 2972 1809 mihi
3003 1757 3286 1810 edisseras.

567 1869 668 1905 una
699 1864 860 1922 atque
881 1853 1061 1923 eadem
1101 1854 1210 1920 ipsa
1240 1853 1456 1921 a'qualis
1494 1854 1764 1920 plenitudo
1795 1853 2116 1907 divinitatis"?

2295 1845 2589 1909 Responsio.
2620 1846 2830 1908 Quieso,
2856 1846 2963 1911 jam
2997 1845 3204 1912 quoties
3233 1844 3326 1896 tibi
3357 1843 3645 1896 indicatum
3676 1852 3774 1893 cSt:

566 1959 664 1997 cur
689 1945 753 1996 ad
788 1954 1020 1996 nostrum
1064 1943 1386 1996 intellectum
1413 1944 1570 1995 Pater
1613 1943 1868 2010 signiﬁcat
1911 1944 1977 1995 de
2005 1945 2124 1995 uni-

540 2091 549 2102 ,
567 2037 742 2102 genito
760 2035 890 2088 Filio
911 2048 1006 2087 suo
1031 2051 1044 2086 :
1066 2032 1143 2086 Ex
1158 2043 1297 2085 utero
1314 2045 1429 2089 ante
1446 2034 1710 2101 luciferum
1724 2035 1872 2101 genui
1893 2035 1969 2100 te(
1981 2033 2118 2087 Psul.

569 2119 677 2181 cis.
700 2129 776 2194 5),
800 2126 842 2178 si
877 2139 970 2187 vos
995 2124 1320 2177 divinitatem
1347 2122 1464 2176 Filii
1495 2122 1585 2175 Dei
1613 2131 1866 2187 creatam,
1896 2124 1974 2176 vel
1999 2138 2125 2177 cen-

569 2217 756 2282 ditam,
787 2226 877 2269 aut
907 2215 1173 2268 fundatam
1195 2228 1312 2267 esse
1342 2212 1645 2266 testamini?
1669 2227 1764 2266 cur
1786 2229 1919 2266 unus
1944 2215 1995 2266 in
2022 2228 2126 2266 uno

572 2316 673 2371 est,
702 2307 746 2357 si
776 2305 937 2359 divisa
976 2314 1162 2358 natura
1205 2303 1320 2356 est?
1357 2317 1450 2356 cur
1472 2318 1565 2371 ego
1601 2313 1647 2354 et
1677 2301 1831 2354 Pater
1857 2320 2014 2355 unum
2042 2320 2128 2356 su-

575 2412 686 2447 inus
717 2394 896 2462 (Joan.
926 2409 978 2458 ι,
1010 2393 1120 2460 30),
1171 2393 1216 2446 si
1251 2407 1353 2446 non
1396 2401 1477 2445 est
1524 2392 1578 2444 in
1607 2392 1699 2445 bis
1718 2407 1819 2447 una
1856 2393 2021 2446 virtus
2047 2408 2130 2446 sa-

575 2484 790 2553 pientite
817 2491 871 2536 et
893 2481 1218 2537 divinitatis?
1241 2497 1337 2536 cur
1361 2483 1531 2533 omnia
1560 2498 1670 2534 mea
1696 2491 1782 2534 tua
1809 2493 1942 2546 sunt,
1972 2493 2018 2535 et
2043 2493 2130 2536 tua

577 2592 687 2628 mea
709 2585 823 2628 sunt
839 2573 1012 2644 (Joan.
1037 2590 1165 2642 xvn,
1192 2575 1302 2645 {0),
1319 2574 1362 2627 si
1380 2589 1482 2628 non
1508 2583 1590 2628 est
1611 2575 1663 2627 in
1694 2575 1774 2628 his
1804 2589 1906 2628 una
1937 2575 2128 2642 deitas,

578 2666 692 2719 sive
722 2680 821 2716 una
850 2665 1087 2733 Operatio
1116 2663 1368 2716 factum?
1413 2677 1508 2717 cur
1535 2678 1716 2716 verum
1765 2663 1971 2717 Patrem
2017 2664 2133 2716 bla-

579 2753 890 2818 sphematis,
934 2756 1053 2806 cum
1103 2753 1290 2807 Filium
1332 2752 1446 2820 ejus
1489 2768 1672 2806 verum
1721 2761 1977 2806 creaturis
2023 2769 2135 2807 sum

587 2845 904 2911 comparatis
930 2843 953 2895 ?
979 2858 1072 2898 cur
1096 2842 1210 2911 ipse
1235 2843 1431 2898 clamat
1451 2859 1470 2896 :
1498 2843 1603 2914 Ego
1625 2845 1678 2897 in
1711 2845 1882 2908 Patre,
1913 2855 1956 2897 et
1984 2845 2138 2899 Pater

583 2937 638 2987 in
669 2950 745 2986 me
763 2932 938 3002 (Joan.
965 2950 1073 2998 stv,
1105 2936 1192 3003 ll)
1236 2935 1283 2989 si
1311 2935 1518 2990 diversa
1547 2938 1630 2990 vel
1655 2937 1831 2990 excisa
1860 2936 1910 2989 in
1943 2936 2024 2988 his
2048 2953 2140 2988 na-

549 3034 702 3093 tura
728 3021 842 3075 est?
890 3039 983 3076 cur
1025 3024 1112 3092 qui
1159 3039 1238 3076 me
1264 3024 1415 3087 uidet,
1455 3024 1585 3077 videt
1637 3035 1684 3076 et
1731 3023 1931 3077 Patrem
1977 3043 2140 3078 meum

587 3110 774 3180 (Ibid.,
806 3109 861 3178 9)
911 3110 1127 3188 indicat,
1169 3112 1213 3165 si
1256 3125 1364 3164 non
1391 3121 1472 3165 est
1512 3114 1561 3165 in
1609 3112 1690 3165 bis
1717 3129 1815 3167 una
1861 3114 2142 3169 invisibilis

2228 1931 2326 1995 Ite,
2360 1933 2610 2000 baptizate
2635 1949 2803 1984 omnes
2824 1944 2989 2001 gentes
3018 1936 3070 1985 in
3101 1937 3299 1986 nomine
3328 1933 3518 1998 Patris,
3550 1945 3599 1987 et
3641 1931 3771 1992 Filii,

2226 2032 2271 2073 et
2292 2024 2463 2073 sancti
2486 2022 2710 2089 Spiritus
2731 2021 2940 2089 (Matth.
2977 2038 3156 2083 xxviii,
3185 2023 3309 2092 i9)?
3340 2025 3443 2076 Aut
3465 2026 3510 2076 si
3539 2025 3653 2076 haec
3673 2039 3779 2075 con-

2229 2114 2532 2167 tradii'enda
2575 2115 2849 2168 existimas
2870 2157 2885 2180 ,
2923 2131 2988 2169 eo
3014 2118 3150 2182 quod
3184 2117 3236 2170 in
3279 2134 3440 2171 unum
3471 2120 3671 2172 donum
3699 2118 3775 2169 ha-

2229 2205 2410 2271 ptismi
2437 2205 2774 2272 operationes
2801 2207 3235 2261 nominedeitaiis
3264 2208 3441 2264 uniter
3468 2210 3520 2262 in
3533 2209 3778 2263 Trinitate

2231 2310 2334 2348 non
2357 2297 2746 2361 contineantur,
2764 2312 2856 2351 cur
2884 2307 2938 2352 tu
2967 2299 3066 2353 hoc
3086 2301 3301 2354 nomine
3324 2300 3538 2354 deitatis
3560 2300 3773 2358 sublato.

2232 2384 2424 2449 Patris,
2459 2383 2618 2455 265.
2645 2395 2698 2440 et
2728 2385 2867 2450 Filii,
2899 2396 2952 2441 et
2974 2390 3138 2442 sancti
3169 2387 3420 2458 Spiritus,
3452 2390 3689 2457 baptizas
3709 2390 3780 2438 di-

2234 2469 2404 2529 cetitlo
2430 2493 2444 2531 :
2472 2477 2677 2546 Baptiso
2708 2488 2753 2529 te
2795 2480 2846 2530 in
2879 2479 3051 2542 Patre,
3092 2489 3137 2533 et
3167 2481 3220 2532 in
3259 2477 3422 2545 Filio,
3469 2491 3514 2534 et
3545 2482 3601 2534 in
3629 2489 3783 2532 sancto

2235 2567 2454 2638 Spiritu,
2480 2579 2526 2620 et
2558 2570 2737 2621 nonin
2767 2586 2866 2622 uno
2896 2572 3130 2624 nomine?
3178 2570 3246 2626 Ut
3286 2571 3389 2626 hoc
3431 2572 3591 2625 modo
3640 2570 3782 2622 artiﬁ-

2238 2663 2379 2713 ciose
2429 2660 2628 2711 unitum
2676 2675 2868 2713 nomen
2917 2650 3111 2715 eorum‘
3153 2661 3313 2716 tacite
3355 2663 3409 2715 in
3459 2661 3658 2715 deitate
3699 2673 3785 2711 non

2239 2750 2534 2813 nominare,
2564 2750 2642 2802 vel
2673 2749 2956 2814 abnegare,
3002 2750 3096 2805 sed
3124 2759 3179 2805 et
3220 2752 3436 2806 nomina
3465 2752 3518 2806 in
3565 2751 3786 2818 personis

2241 2841 2605 2893 tantummodo
2644 2854 2829 2893 eormn
2875 2839 3008 2893 velis
3049 2841 3338 2908 assignare.
3367 2839 3498 2905 Quia
3525 2840 3570 2892 si
3594 2842 3670 2892 sic
3693 2847 3788 2890 erat

2240 2928 2611 2982 celebrandum
2637 2928 2919 2996 baptisma,
2941 2929 3248 2984 obtinuerat
3275 2929 3595 2983 Arianorum
3623 2942 3786 2981 asser-

2245 3019 2346 3082 tio,
2373 3017 2461 3086 qui
2490 3022 2570 3071 sic
2596 3019 2850 3079 sentiunt,
2875 3028 2931 3071 ut
2956 3019 3042 3072 ubi
3068 3020 3284 3072 nomina
3316 3019 3368 3073 in
3400 3017 3642 3086 personis
3672 3016 3787 3070 indi-

2247 3117 2388 3173 cant,
2424 3109 2494 3162 ibi
2525 3109 2679 3162 simul
2710 3124 2828 3162 eum
2859 3109 2989 3175 ipsis
3015 3109 3340 3175 nominibus,
3385 3118 3440 3164 et
3468 3107 3697 3178 singulas
3723 3107 3787 3156 vel

590 3200 764 3267 imago
789 3184 1287 3254 naturaeveritatis?
1314 3215 1408 3253 cur
1433 3199 1634 3269 legitis:
1669 3201 1882 3256 Senate
1902 3205 2143 3256 unitatem
2173 3184 2218 3244 (ἶ
2251 3199 2486 3251 diversas
2514 3199 2834 3253 substantias
2859 3213 2980 3252 esse
3008 3200 3369 3267 pronuntient,
3401 3207 3458 3252 ut
3479 3197 3724 3252 unitatem
3747 3195 3789 3245 in

595 3288 820 3359 Spiritus
839 3291 894 3342 in
911 3292 1108 3343 sint:qu
1127 3292 1262 3356 pacis
1290 3290 1505 3360 (Ephes.
1531 3291 1694 3362 μηδ),
1723 3294 1766 3346 si
1793 3309 1911 3347 eum
1941 3293 2006 3347 de
2035 3294 2142 3361 ipsa

595 3383 741 3436 unita
770 3382 966 3436 deitate
991 3381 1184 3446 Patris,
1210 3394 1262 3436 et
1295 3383 1410 3437 Filii
1441 3399 1559 3438 esse
1586 3400 1689 3437 non
1735 3386 2009 3452 accipitis?
2053 3401 2146 3440 cur

597 3472 770 3540 legitis
801 3471 906 3526 Vas
932 3473 1208 3526 electionis
1235 3473 1432 3526 dixisse
1464 3490 1477 3525 :
1509 3473 1694 3528 O‘mnes
1720 3492 1876 3527 unum
1896 3476 2147 3546 Spiritum

597 3566 876 3630 potuimus
906 3563 958 3631 (l
990 3563 1106 3619 Cor.
1140 3580 1212 3630 tv,
1240 3565 1354 3634 l3),
1383 3565 1424 3618 si
1445 3579 1562 3619 eum
1585 3580 1678 3618 vos
1700 3565 1935 3621 delenita
1963 3578 2148 3622 natura

597 3654 939 3709 discernitis?
982 3668 1075 3707 cur
1122 3655 1204 3707 hic
1246 3655 1530 3710 advocatus
1569 3655 1797 3723 Spiritus
1841 3659 2076 3711 veritatis
2118 3673 2148 3710 a

601 3745 713 3798 Deo
741 3745 893 3798 Patre
921 3743 1161 3813 procedit
1186 3747 1423 3808 etvenit,
1460 3745 1505 3797 si
1534 3759 1626 3798 vos
1654 3731 1771 3799 eum
1804 3746 1855 3798 in
1893 3747 1992 3799 alia
2022 3748 2150 3800 sub-

601 3834 794 3888 stantia
823 3835 979 3904 263
1008 3848 1127 3888 esse
1155 3833 1423 3887 asseritis?
1462 3850 1557 3887 cur
1585 3834 1685 3888 hoc
1712 3836 1910 3888 unitum
1958 3851 2148 3890 nomen

601 3918 892 3979 divinitatis
915 3923 1194 3988 celebrari,
1219 3933 1272 3978 et
1293 3923 1629 3977 lionoriticari
1657 3923 1920 3978 invenitur
1948 3925 1999 3977 in
2023 3939 2152 3993 gen-

604 4014 764 4078 tibus,
797 4013 842 4067 si
874 4015 924 4067 in
955 4014 1069 4082 ipso
1105 4015 1318 4068 nomine
1345 4014 1620 4068 Trinitatis
1659 4014 1949 4080 baptismus
1979 4017 2153 4069 uniter

606 4119 710 4157 non
728 4104 1024 4158 celebratur
1036 4103 1356 4157 divinitatis?
1374 4118 1467 4157 cur
1477 4102 1601 4156 Tres
1621 4119 1777 4156 unum
1794 4115 1909 4156 sunt
1929 4102 1980 4174 (I
1994 4107 2150 4158 toan.

604 4209 659 4258 v,
691 4195 746 4264 7)
777 4194 1027 4248 Joannem
1056 4193 1434 4263 evangelistam
1460 4179 1651 4247 dixisse
1679 4194 1868 4262 legitis,
1905 4195 1950 4248 si
1977 4195 2155 4247 diver-

605 4277 932 4338 sas'naturas
959 4285 1010 4337 in
1041 4285 1277 4351 personis
1303 4297 1432 4349 esse
1449 4283 1719 4352 accipitis?
1742 4300 1837 4337 cur
1861 4299 2022 4337 unum
2055 4285 2156 4338 do-

607 4390 733 4427 num
754 4374 995 4441 baptismi
1012 4374 1295 4428 secundum
1313 4375 1503 4443 stylum
1529 4374 1811 4443 Scriptura
1826 4389 1943 4430 esse
1957 4376 2151 4442 dicitis,

534 4507 538 4514 .
607 4466 650 4518 si
676 4465 1037 4532 discrepantes
1069 4474 1282 4518 naturas
1309 4467 1361 4518 in
1394 4465 1562 4531 Patre,
1610 4476 1664 4521 et
1687 4467 1840 4528 Filio,
1882 4476 1936 4519 et
1975 4480 2156 4522 sancto

2251 3288 2535 3341 concordia
2583 3296 2786 3340 tantum
2837 3288 3074 3342 caritatis
3105 3303 3225 3343 esse
3265 3290 3557 3358 assignent,
3606 3297 3661 3341 et
3702 3299 3789 3337 non

2249 3380 2421 3448 potius
2463 3380 2514 3431 in
2541 3379 3044 3457 unita-plenitudine
3090 3379 3401 3433 divinitatis.
3453 3379 3520 3432 Et
3546 3378 3670 3447 quid
3698 3390 3790 3428 am-

2252 3471 2391 3539 plius
2414 3471 2479 3524 ad
2509 3470 2659 3524 haec?
2689 3477 2746 3523 ut
2771 3469 2956 3523 unitati
2987 3471 3102 3532 Dei,
3143 3468 3316 3522 Patris
3338 3484 3550 3531 nomen,
3594 3464 3790 3522 et‘Fiiii,

2252 3571 2306 3614 et
2334 3563 2500 3614 sancti
2531 3561 2781 3628 Spiritus,
2817 3562 2969 3629 quasi
2998 3560 3301 3628 adoptivum
3330 3574 3499 3627 nuper
3523 3557 3790 3613 accessisse

2256 3655 2617 3722 proﬁteantur,
2649 3662 2707 3707 ut
2747 3654 2846 3708 hoc
2890 3668 3082 3708 nomen
3112 3653 3354 3706 videatur
3381 3667 3500 3708 esse
3526 3667 3592 3706 ex
3624 3648 3791 3709 nihilo,

2254 3754 2344 3798 aut
2373 3763 2437 3798 ex
2466 3747 2635 3799 altero
2665 3745 2748 3800 vel
2783 3753 3060 3815 tempore:
3085 3744 3222 3814 quod
3251 3745 3407 3798 absit.
3460 3743 3590 3796 Nam
3631 3756 3789 3795 verum

2255 3850 2448 3889 nomen
2473 3834 2683 3889 deitatis
2710 3834 2798 3888 ubi
2829 3837 3123 3899 nominant,
3161 3835 3225 3888 ad
3259 3850 3414 3888 unam
3445 3835 3790 3888 tantummodo

2255 3939 2534 3992 personam
2567 3922 2740 3978 Patris
2789 3926 2904 3978 haec
2931 3924 3155 3978 dicendo
3197 3925 3502 3992 ascribunt,
3551 3937 3606 3977 ut
3636 3933 3788 3976 ve'am

2258 4017 2506 4070 unitatem
2534 4014 2827 4069 divinitatis
2853 4016 3119 4081 dividant;
3153 4018 3240 4085 qui
3269 4015 3357 4070 ubi
3381 4017 3592 4070 nomina
3611 4024 3787 4068 tantum

2256 4106 2307 4159 in
2340 4107 2579 4173 personis
2604 4105 2858 4158 deberent
2889 4105 3210 4167 discernere,
3254 4106 3324 4160 ibi
3357 4108 3510 4160 simul
3541 4121 3655 4160 cum
3682 4104 3788 4172 ipsis

2258 4194 2557 4249 nominibus
2581 4203 2633 4248 et
2663 4203 2772 4249 tres
2794 4203 3007 4249 naturas
3021 4195 3256 4250 diversas
3276 4195 3605 4265 distinguunt
3629 4213 3641 4248 :
3664 4193 3783 4263 quod

2258 4287 2394 4341 absit
2424 4305 2450 4338 a
2482 4286 2670 4350 nobis,
2719 4302 2786 4339 ne
2830 4287 2982 4339 istam
3032 4287 3412 4354 blasphemiam
3457 4289 3785 4342 admittamus,

2257 4391 2376 4431 cum
2410 4392 2569 4430 unum
2599 4390 2791 4429 nomen
2816 4374 3027 4429 deitatis
3059 4376 3110 4427 in
3137 4375 3394 4429 Trinitate
3422 4377 3596 4429 uniter
3618 4375 3786 4426 dictum

2263 4469 2605 4536 accipiamus,
2658 4483 2752 4536 per
2797 4469 2950 4537 quod'
2971 4479 3024 4523 et
3071 4469 3434 4524 remissionem
3481 4479 3788 4539 peccatorum

609 4555 810 4622 Spiritu
841 4556 959 4609 esse
986 4555 1364 4622 praescribitis?
1390 4570 1484 4608 cur
1513 4556 1800 4610 secundum
1823 4559 2157 4612 traditionem
2185 4532 2235 4592 Β
2265 4532 2525 4624 baptismo
2545 4532 2797 4626 operante
2817 4532 3177 4625 suscepimus;
3207 4558 3416 4612 nomina
3443 4532 3571 4613 vero
3585 4568 3789 4612 tantum-

612 4647 928 4714 baptismnm
954 4645 1232 4699 celebratis
1261 4653 1316 4698 et
1352 4649 1404 4697 In
1433 4645 1766 4701 confeiisione
1795 4647 1994 4700 unitum
2023 4663 2164 4702 sem-

611 4737 875 4806 piternum
900 4751 1093 4788 nomen
1114 4727 1385 4789 Trinitatis
1404 4734 1806 4801 blaspliematis?
1835 4738 2158 4807 Hypocritae,

611 4824 879 4894 quomodo
900 4825 1156 4892 accipitis,
1182 4824 1280 4890 Qui
1294 4825 1512 4877 nascitur
1530 4841 1594 4878 ea:
1609 4825 1827 4892 Spiritu,
1843 4828 2067 4896 Spiritus
2091 4841 2162 4883 est

615 4917 795 4984 (Joan.
816 4914 983 4982 uno).
1007 4915 1052 4968 si
1072 4927 1123 4969 et
1142 4914 1369 4983 Spiritus
1395 4909 1678 4983 paraelitus
1694 4912 1831 4971 Deus
1860 4932 1977 4973 esse
2005 4935 2162 4988 nega-

612 5006 734 5060 tur?
756 5006 1061 5076 hypocritm,
1078 5005 1615 5073 quomodoiuSpiritu
1636 5001 1857 5061 adorare
1876 5019 2103 5076 oportet,
2117 5012 2161 5064 si

616 5096 753 5148 Deus
772 5097 996 5164 Spiritus
1016 5111 1133 5150 esse
1159 5096 1410 5164 negatur?
1435 5095 1742 5164 hypocrita,
1758 5110 1986 5162 quonam
2007 5100 2164 5152 modo

615 5189 901 5256 suscipitis,
929 5186 976 5238 Η
983 5202 1053 5239 aee
1070 5186 1240 5260 omnia
1267 5195 1503 5253 operatur
1525 5201 1653 5237 unus
1677 5194 1826 5254 atque
1847 5185 1979 5239 idem
1997 5185 2164 5255 Spiri-

616 5287 718 5341 tus,
742 5278 963 5329 dividens
986 5276 1250 5342 unicuique
1265 5275 1393 5327 sicut
1419 5277 1520 5328 vult
1538 5272 1594 5344 (I
1606 5275 1719 5328 Cor.
1739 5291 1828 5342 sit,
1849 5275 1958 5343 il),
1982 5277 2025 5329 si
2043 5292 2162 5331 eum

617 5367 685 5418 tle
709 5369 848 5418 unita
894 5364 1103 5418 deitatis
1143 5365 1450 5430 operatione
1491 5364 1806 5418 secernitis?
1854 5366 2162 5434 nypocritaz,

618 5455 882 5520 quomodo
902 5455 1135 5522 accipitis
1163 5454 1354 5507 dictum
1384 5454 1565 5519 fuisse,
1599 5451 1743 5506 Idem
1765 5453 2008 5520 Spiritus,
2035 5457 2166 5508 idem

621 5543 891 5607 Dominus,
909 5546 1036 5596 idem
1067 5553 1111 5597 et
1128 5542 1261 5596 Deus
1291 5540 1476 5612 (Ibid.,
1500 5544 1552 5605 4,
1571 5543 1625 5607 5.
1645 5541 1721 5612 6),
1749 5541 1794 5596 si
1818 5557 1942 5597 eum
1964 5556 2057 5596 vos
2087 5560 2169 5597 ve~

601 5649 738 5684 -rum
759 5632 919 5684 Deum
941 5634 1006 5687 de
1032 5647 1154 5686 vera
1177 5634 1317 5687 unita
1345 5643 1526 5686 natura
1551 5633 1602 5685 in
1625 5632 1870 5686 omnibus
1910 5625 2167 5687 mirabilia

622 5729 922 5787 operantem
937 5737 1039 5778 non
1054 5722 1345 5792 suscipitis?
1363 5724 1666 5792 hypocrita},
1703 5737 1795 5791 per
1809 5737 1963 5791 quem
1977 5725 2169 5781 submi-

2265 4647 2422 4700 modo
2451 4646 2650 4715 singula
2675 4649 2726 4699 in
2758 4647 3000 4716 personis
3025 4648 3254 4716 perfecte
3281 4649 3682 4718 distinguamus.
3704 4645 3789 4697 Bo-

2265 4751 2352 4804 go,
2385 4736 2470 4788 ubi
2500 4735 2766 4789 vinculum
2797 4736 2919 4790 ﬁdei
2967 4739 3234 4790 invenitur
3262 4739 3398 4806 apud
3446 4753 3559 4800 eos,
3605 4737 3646 4790 si
3682 4733 3783 4787 sub-

2266 4824 2475 4879 stantia:
2519 4825 2732 4878 unitatis
2779 4839 2968 4878 nomen
3013 4826 3064 4879 in
3111 4826 3371 4881 Trinitate
3416 4841 3519 4880 non
3579 4822 3788 4880 tenetur?

2267 4903 2413 4987 Rogo
2433 4919 2874 4988 quemadmodum
2903 4921 2953 4972 in
2979 4920 3198 4988 singulis
3219 4922 3458 4984 personis
3483 4919 3700 4988 singulas
3720 4914 3784 4964 vel

2265 5011 2506 5064 diversas
2537 5009 2890 5077 plenitudines
2913 5023 3032 5062 esse
3071 5009 3358 5072 aseribitis,
3400 5009 3524 5062 dum
3559 5009 3689 5060 unita
3714 5018 3788 5054 na-

2270 5110 2385 5153 tura
2429 5101 2500 5152 sit
2543 5100 2593 5152 in
2629 5098 2728 5152 hac
2759 5101 2868 5166 ipsa
2916 5099 3242 5166 plenitudine
3287 5099 3483 5152 divinae
3510 5084 3783 5152 Trinitatis?

2272 5190 2439 5257 Rogo,
2470 5188 2734 5256 quomodo
2757 5196 2865 5242 tres
2895 5203 3054 5242 unum
3083 5198 3227 5251 sunt,
3275 5189 3320 5241 si
3349 5189 3555 5242 diversa
3584 5189 3630 5240 in
3656 5184 3785 5236 utris-

2270 5294 2373 5348 que
2400 5285 2482 5330 cst
2507 5286 2689 5330 natura
2723 5277 3047 5332 divinitatis?
3075 5279 3239 5345 Rogo,
3271 5279 3694 5346 quemadmodum
3717 5287 3781 5324 se-

2273 5363 2569 5433 ptiformem
2600 5364 2737 5419 hunc
2762 5363 3014 5433 Spiritum
3060 5368 3352 5436 sapientiae,
3400 5376 3454 5421 et
3502 5367 3781 5421 intellectus.

2273 5454 2523 5521 Spiritum
2553 5453 2781 5518 Consilii,
2825 5465 2877 5508 et
2903 5456 3131 5518 virtutis,
3158 5457 3430 5521 'Spiritum
3475 5455 3712 5512 scientia,
3740 5457 3783 5501 et

2272 5545 2500 5613 pietatis,
2538 5543 2794 5611 Spiritum
2846 5544 3053 5598 timoris
3079 5544 3284 5598 Domini
3323 5545 3371 5596 in
3414 5559 3573 5596 manu
3603 5537 3782 5607 imposi-

2269 5635 2427 5688 tionis
2451 5634 2695 5687 chrisma:
2724 5632 2979 5701 consequi
3029 5642 3322 5697 merentur,
3363 5647 3518 5700 quem
3565 5633 3627 5684 de
3665 5628 3781 5681 unita

2269 5723 2596 5788 plenitudine
2614 5721 2901 5788 divinitatis
2924 5723 3217 5779 consistere
3247 5738 3350 5780 non
3373 5720 3678 5787 contuetur?
3700 5716 3781 5772 lio-
