3856 6222
95 397 200 452 985

1315 400 1392 456 ne:
1431 399 1800 459 T-RINITATE
1843 401 1968 456 LIB.
2014 402 2142 458 Vlll.

3226 409 3334 464 288

98 522 185 575 go,
224 520 336 560 non
368 506 574 575 legistis
599 507 894 575 apostolum
924 504 1135 560 Petrum
1167 507 1342 562 claves
1368 511 1518 578 regni
1559 525 1667 564 cte-
1699 514 1742 571 Α
1771 512 1942 568 adhuc.
1969 516 2101 568 nihil
2150 518 2202 570 t'e
2247 530 2546 574 commovet
2591 521 2658 574 de
2699 521 2778 575 his
2808 536 2924 589 qua:
2973 523 3215 590 superius
3243 539 3332 576 se-

100 598 270 650 lornm
301 596 617 660 habentem,
649 596 860 649 Ananiae
880 596 1074 650 dixisse
1098 611 1111 648 :
1137 596 1306 660 Quare
1326 597 1547 656 Satanas
1572 601 1668 651 im-

101 687 254 750 plevit
274 701 368 746 cor
397 697 541 738 tuum
561 687 630 738 ad
658 687 994 739 mentiendum
1016 686 1238 756 Spiritui
1263 691 1478 742 sancto?
1508 690 1568 742 Et
1594 689 1669 743 sic

103 786 422 846 prosecutus
449 778 608 847 265
628 785 711 830 est
732 794 746 830 :
767 775 884 830 Non
905 778 1139 831 mentitus
1165 793 1217 831 es
1241 777 1555 844 hominibus,
1580 782 1669 832 sed

102 866 231 930 Deo,
255 867 306 920 si
335 880 436 928 vos
465 881 586 921 eum
615 867 777 919 Deum
809 881 986 920 verum
1017 880 1137 920 esse
1158 866 1400 934 negatis?
1433 869 1601 936 llogo,
1622 870 1667 922 si

104 957 240 1011 Deus
267 971 384 1010 non
415 967 550 1021 erat,
581 967 639 1011 ut
658 957 854 1022 dicitis,
885 956 968 1009 hic
993 957 1270 1025 paraclitus
1299 956 1545 1025 Spiritus,
1575 974 1669 1013 cur

102 1049 198 1102 sibi
230 1057 441 1102 tantam
471 1050 838 1103 auctoritatem
868 1049 1218 1114 praesumebat
1252 1049 1316 1102 ad
1359 1049 1664 1118 discipulos,

103 1140 320 1197 dicens:
355 1141 638 1210 Segregate
677 1139 802 1191 mihi
829 1137 1072 1205 Paulum,
1116 1147 1162 1192 et
1196 1137 1504 1203 Barnabam,
1543 1156 1670 1208 quos

101 1230 229 1298 elegi
256 1232 310 1281 in
335 1244 471 1298 Opus
495 1229 757 1282 ministerii
785 1231 837 1281 in
865 1245 960 1296 quo
988 1229 1238 1296 assumpsi
1264 1243 1351 1282 eos
1389 1229 1523 1296 (Act.
1555 1245 1666 1291 xui,

102 1321 193 1390 2)?
228 1318 398 1373 Vides
423 1320 545 1387 quia
569 1320 708 1373 Deus
731 1327 815 1373 est
853 1319 947 1387 ‘qui
971 1319 1282 1387 segregavit,
1325 1330 1378 1372 et
1400 1322 1484 1386 qui
1509 1320 1670 1389 elegit

106 1413 157 1464 in
185 1424 321 1480 opus
360 1411 663 1474 ministerii,
715 1409 767 1462 in
808 1423 912 1478 quo
945 1418 999 1462 et
1027 1410 1310 1477 assumpsit
1351 1424 1463 1462 eos.
1498 1411 1666 1476 Rogo,

104 1503 554 1573 quemadmodum
584 1503 696 1556 hac
724 1502 866 1555 unita
899 1501 1166 1566 plenitudo
1188 1502 1379 1555 divina:
1397 1501 1671 1555 Trinitatis

107 1613 134 1649 ιι
164 1595 316 1649 vobis
344 1594 623 1659 dividitur,
667 1608 786 1647 cum
824 1592 1049 1645 nnus‘in
1081 1608 1203 1656 uno,
1249 1601 1338 1646 aut
1363 1600 1508 1646 certe
1536 1607 1669 1644 unus

106 1687 158 1739 in
187 1688 432 1755 utrisque
473 1686 765 1740 consistere
807 1685 944 1737 inter
980 1699 1038 1739 se
1080 1684 1451 1739 declarentur?
1498 1684 1664 1752 Rogo,

107 1777 194 1829 ubi
221 1792 330 1830 una
366 1777 503 1830 ﬁdes
533 1790 651 1830 esse
678 1775 992 1838 ostenditur,
1027 1774 1072 1827 si
1099 1775 1417 1844 sempiterna
1439 1775 1671 1829 Trinitas

1770 604 1999 657 cundum
2033 604 2322 674 Scriptnrze
2365 610 2716 664 rectissimam
2764 610 2954 666 lineam
2998 614 3063 667 ad
3091 612 3330 667 ordinem

1770 694 1863 746 tibi
1893 694 2175 763 diligenter
2204 699 2456 764 exposui,
2479 700 2675 767 optime
2705 702 3017 769 TheOphile,
3048 713 3103 758 ut
3134 717 3334 773 cogno-

1770 798 1887 838 scas
1917 785 2230 850 verborum,
2263 788 2328 841 de
2359 789 2552 856 quibus
2578 793 2683 856 jam
2717 793 2961 860 superius
2987 794 3224 848 eruditus
3249 809 3328 858 cs,

1770 877 2046 932 veritatem
2071 893 2087 933 :
2117 879 2207 934 Ait
2232 882 2694 951 psalmographus,
2723 883 2830 937 imo
2867 899 3136 955 praesagus
3163 884 3328 956 Spiri-

1771 975 1855 1018 tus
1889 982 1983 1034 per
2021 959 2484 1038 psalmographum
2513 988 2529 1025 :
2563 970 2726 1026 Verbo
2767 973 2969 1028 Domini
2995 975 3107 1030 cali
3143 975 3333 1043 ﬁrmati

1768 1067 1916 1123 sunt,
1939 1068 1986 1112 et
2016 1059 2216 1128 Spiritu
2257 1063 2360 1116 oris
2396 1065 2509 1134 ejus
2533 1065 2698 1118 omnis
2743 1064 2902 1118 virtus
2944 1082 3115 1119 eorum
3155 1063 3327 1135 (Psof.

1771 1165 1947 1215 χχιιι,
1977 1150 2054 1217 6).
2084 1151 2276 1220 Utique
2296 1153 2478 1208 dicens
2502 1154 2761 1222 Verbum,
2790 1155 2980 1210 Filium
3006 1156 3328 1211 declaravit:

1771 1240 2048 1296 Dominum
2079 1251 2254 1295 autem
2288 1243 2497 1297 Patrem
2526 1246 2640 1313 ejus
2677 1247 2956 1312 indicavit,
2997 1259 3050 1303 et
3077 1248 3328 1317 Spiritum

1769 1331 1877 1384 oris
1916 1332 2052 1396 eius,
2084 1333 2337 1400 Spiritum
2383 1335 2730 1403 principalem
2761 1352 2878 1392 esse
2917 1340 3325 1393 demonstravit.

1775 1420 1930 1474 Vides
1961 1435 2117 1488 quam
2161 1422 2394 1476 breviter
2432 1438 2526 1491 per
2565 1426 3251 1499 singulassignilipationes
3281 1432 3332 1482 in

1772 1510 2010 1572 personis
2041 1509 2216 1564 inesse
2255 1510 2537 1586 distinxit,
2558 1512 2606 1566 id
2639 1524 2719 1567 est
2769 1514 3031 1579 Verbum,
3063 1525 3115 1570 et
3156 1517 3332 1569 Domi-

1772 1615 1924 1662 num,
1946 1609 1997 1654 et
2019 1600 2303 1666 Spiritum;
2333 1613 2386 1656 et
2413 1604 2611 1657 unitam
2642 1591 3086 1672 uiperationem'in
3114 1607 3193 1659 his
3213 1622 3332 1661 esse

1770 1692 2035 1745 ostendit?
2063 1691 2190 1744 Nam
2221 1693 2266 1746 si
2309 1702 2360 1747 te
2399 1694 2572 1748 adlmc
2619 1697 2669 1749 in
2698 1698 2874 1765 aliquo
2910 1698 3226 1767 ambiguitas
3257 1708 3335 1752 te—

1773 1789 1892 1844 net,
1922 1781 2109 1834 eadem
2154 1783 2266 1848 ipsa
2313 1795 2517 1852 repeto.
2547 1784 2642 1838 Ubi
2690 1787 2849 1856 263
2885 1787 2986 1851 ait,
3026 1785 3187 1840 Verbo
3227 1787 3333 1841 Doo

108 1868 240 1934 apud
266 1883 368 1922 eos
398 1868 574 1921 uniter
613 1880 730 1921 esse
758 1881 862 1942 non
893 1865 1179 1933 accipitur?
1220 1865 1326 1918 Cur
1354 1865 1544 1933 legitis,
1587 1863 1668 1920 Ea:
1699 1871 1740 1929 Β
1770 1871 1923 1934 mini,
1951 1885 2052 1924 non
2080 1885 2268 1924 sonum
2297 1875 2441 1928 vocis
2475 1874 3015 1929 inconsubstautivum
3044 1891 3163 1931 esse
3192 1878 3334 1931 acci—

107 1963 234 2029 ipso,
265 1971 312 2014 et
336 1976 431 2030 per
456 1962 648 2030 ipsum,
679 1968 725 2013 et
751 1960 802 2012 in
831 1960 941 2028 ipso
965 1958 1141 2028 (Rom.
1166 1973 1239 2022 st,
1262 1956 1353 2026 35)
1383 1957 1426 2010 si
1454 1956 1666 2010 unitatis

109 2068 296 2106 nomen
323 2054 379 2105 in
412 2052 611 2105 deitate
638 2051 909 2105 Trinitatis
935 2048 1186 2112 dividitis‘,
1233 2055 1283 2103 et
1311 2047 1508 2100 unitam
1540 2061 1662 2117 ope-

108 2145 367 2196 rationem
411 2158 598 2196 eorum
631 2142 684 2196 in
716 2141 913 2195 factura
940 2155 1058 2195 esse
1085 2140 1323 2208 negatis?
1365 2140 1530 2206 Rogo,
1561 2154 1663 2193 non

109 2235 305 2303 legistis
334 2237 650 2303 Apostolum
693 2233 906 2300 dixisse,
953 2225 1201 2296 Ex'Dco,
1249 2248 1416 2284 coram
1440 2230 1568 2298 Deo,
1610 2232 1665 2283 in

111 2323 304 2378 Christo
326 2326 590 2393 loquimur
610 2323 692 2393 (Il
717 2323 836 2377 Cor.
861 2340 915 2388 ll,
946 2325 1054 2393 l7),
1084 2325 1134 2378 id
1158 2333 1239 2377 est
1262 2339 1326 2376 ex
1361 2323 1470 2376 Deo
1489 2323 1663 2388 Patre,

111 2425 160 2467 et
183 2429 362 2467 coram
398 2416 506 2469 Deo
551 2413 732 2468 sancto
758 2413 980 2482 Spiritu,
1033 2415 1085 2466 in
1134 2413 1346 2470 Christo
1391 2411 1524 2496 Filio
1575 2413 1666 2467 Dei

115 2505 472 2559 testiinonium
516 2503 901 2573 prmdicamus?
962 2504 1067 2557 Cur
1105 2503 1277 2572 legitis
1320 2503 1667 2570 historiogra-

115 2599 265 2665 phum
295 2593 541 2668 bloysem'
560 2576 838 2661 indicasse,
872 2596 940 2650 Et
965 2596 1093 2648 dixit
1112 2596 1271 2658 Deus,
1296 2604 1343 2649 et
1373 2593 1488 2665 fecit
1510 2593 1664 2656 Deus,

116 2698 158 2741 et
183 2689 436 2742 benedixit
466 2686 605 2741 Deus
631 2688 782 2758 (Gen.
817 2689 880 2756 ι),
911 2688 955 2740 si
991 2687 1091 2740 hoc
1115 2685 1262 2739 uuito
1293 2685 1506 2739 nomine
1535 2683 1668 2738 divi-

119 2779 290 2833 nitatis
320 2779 500 2833 uniter
521 2787 795 2848 operatum
827 2776 990 2832 fuisse
1021 2792 1122 2830 non
1147 2775 1417 2845 accipitis?

181 2872 538 2946 Interrogatio.
558 2874 739 2942 itaque
766 2872 1206 2941 quemadmodum
1236 2869 1524 2925 multifarie
1553 2871 1669 2924 uni-

121 2973 218 3017 tum
246 2980 440 3031 nomen
468 2965 740 3018 Trinitatis
771 2964 897 3017 mihi
930 2965 1098 3032 palam
1132 2950 1300 3017 fecisti
1327 2980 1339 3015 ε
1385 2965 1426 3016 si
1457 2977 1583 3032 ergo
1615 2970 1671 3014 et

121 3056 283 3107 omnia
318 3055 496 3108 uniter
525 3056 606 3108 sic
642 3054 694 3106 bi
732 3054 993 3117 iecerunt,
1031 3053 1141 3106 haec
1169 3052 1308 3106 diota
1337 3053 1403 3106 de
1441 3054 1671 3106 auctori-

125 3154 218 3198 tate
243 3155 298 3197 ut
322 3145 499 3199 adhuc
521 3146 639 3213 jure
668 3146 948 3198 conlirmes
975 3145 1204 3212 postulo.

1768 1965 1910 2031 pias,
1942 1978 2094 2031 quem
2135 1965 2180 2017 si
2223 1964 2426 2017 validus
2467 1969 2586 2033 quis
2629 1967 2867 2021 emiserit
2910 1968 2978 2022 de
3021 1969 3322 2031 montibus,

1764 2053 1904 2105 solet
1937 2066 2188 2106 reso-aare
2215 2052 2390 2106 echo:
2420 2054 2572 2121 cujus
2615 2064 2817 2110 tantum
2852 2057 2901 2109 in
2931 2057 3204 2124 phantasia
3235 2072 3333 2110 an-

1767 2143 1905 2196 ditus
1934 2150 2016 2196 est
2053 2145 2375 2210 resonantis,
2409 2145 2501 2198 sed
2537 2145 2708 2199 lactus
2740 2147 2938 2200 nullus.
2966 2147 3108 2202 Sane
3138 2147 3204 2201 de
3234 2148 3334 2201 hoc

1767 2235 1927 2286 verbo
1969 2234 2170 2287 Domini
2224 2236 2391 2288 nostri
2441 2228 2642 2304 Patris,
2674 2239 2760 2307 qui
2803 2249 2884 2294 est
2931 2241 3077 2293 salus
3121 2249 3331 2303 nostra,

1766 2323 1903 2376 sicut
1933 2322 2125 2391 ubique
2162 2323 2356 2377 divinae
2389 2323 2677 2392 Scriptura:
2713 2336 2990 2393 testantur,
3020 2329 3140 2398 quia
3174 2329 3334 2383 Filius

1769 2415 1860 2467 Dei
1901 2415 2036 2468 Deus
2075 2423 2158 2469 est
2190 2417 2596 2487 substantivus,
2643 2433 2734 2487 per
2777 2436 2932 2490 quem
2974 2422 3147 2474 omnia
3199 2420 3333 2474 facta

1763 2515 1908 2562 sunt.
1956 2508 2093 2575 Ergo
2138 2508 2261 2575 quia
2309 2509 2487 2562 dixit:
2529 2510 2688 2564 Verbo
2737 2511 2940 2586 Domini
2988 2513 3100 2565 σιειὶ
3144 2513 3335 2580 ﬁrmati

1766 2609 1911 2664 sunt,
1941 2610 1986 2652 et
2010 2598 2216 2677 Spiritu
2244 2602 2347 2654 oris
2385 2603 2497 2670 ejus
2538 2605 2700 2655 omnis
2739 2604 2898 2656 uirtus
2940 2620 3108 2656 eorum
3152 2603 3330 2673 (Psal.

1768 2706 1946 2755 χχιιι,
1973 2689 2062 2760 6),
2089 2705 2351 2760 cognosce
2396 2692 2496 2746 hoc
2530 2693 2756 2747 Verbum
2800 2694 3183 2750 substantivum
3227 2694 3339 2748 non‘

1768 2779 1979 2834 aliunde
2017 2796 2176 2850 quam
2217 2780 2285 2834 de
2328 2781 2486 2836 Patre
2525 2783 2737 2851 proprie
2778 2793 2958 2837 natum
2999 2784 3198 2838 luisse:
3238 2784 3331 2837 sed

1769 2880 1822 2924 et
1850 2869 2101 2938 Spiritum
2116 2866 2236 2924 'oris
2260 2871 2393 2938 ejus,
2422 2887 2542 2924 eum
2570 2872 2823 2940 Spiritum
2853 2873 3022 2936 dixit,
3051 2873 3141 2942 qui
3177 2873 3244 2928 de
3274 2890 3332 2928 se

1769 2960 1880 3031 ipsa
1911 2961 2054 3015 unita
2093 2962 2385 3016 substantia
2417 2964 2712 3032 processit,
2745 2963 2882 3018 sicut
2920 2957 3132 3017 can'tum
3179 2964 3329 3016 inve-

1769 3052 1964 3120 nimus,
1991 3067 2093 3106 non
2124 3069 2192 3107 ex
2222 3053 2320 3106 alia
2348 3063 2535 3106 natura
2566 3067 2719 3120 quam
2749 3053 2814 3107 de
2842 3053 2955 3120 ipsa
2982 3071 2992 3103 :
3027 3068 3088 3106 ac
3118 3068 3210 3120 per
3236 3055 3335 3106 hoc

1770 3142 1916 3197 unita
1942 3152 2025 3196 est
2052 3143 2243 3208 Patris,
2273 3143 2425 3206 Filii,
2454 3153 2507 3197 et
2537 3142 2765 3210 Spiritus
2792 3142 2962 3213 sancti
3002 3143 3293 3195 substantia
3319 3185 3334 3207 ,

185 3232 483 3302 Responsio.
518 3235 652 3288 Audi
692 3249 844 3288 nune
873 3250 1032 3287 unum
1076 3235 1141 3287 de
1170 3233 1347 3288 multis
1396 3233 1663 3300 pertinens
1693 3228 1739 3290 C
1769 3248 1924 3302 quam
1958 3232 2128 3288 ϐιωθί
2167 3233 2351 3308 dicunt
2379 3235 2569 3286 usiam.
2601 3232 2704 3287 Sed
2733 3243 2786 3288 et
2811 3233 2959 3287 unita
2997 3241 3076 3287 est
3101 3232 3336 3300 ejusdem

124 3326 723 3400 exemplumablemento
766 3334 881 3393 post
929 3325 1065 3379 hanc
1103 3334 1298 3379 tantam
1349 3324 1664 3382 satisfactio-

125 3427 262 3479 nem,
295 3416 570 3484 hucusque
599 3417 699 3470 erit
727 3415 845 3468 linis
887 3431 1065 3469 sermo
1102 3415 1349 3482 dicentis.
1395 3415 1449 3469 Si
1490 3426 1663 3468 tamen

1770 3325 2044 3379 Trinitatis
2072 3324 2311 3393 operatio
2342 3325 2396 3378 in
2426 3323 2648 3378 factura.

992 3570 1525 3676 LIBER
1625 3571 2474 3678 OCTAVUS.

1417 3710 1508 3769 De
1539 3708 1727 3774 Fidei
1754 3713 2014 3772 unitate.

1530 3825 1590 3858 AD
1608 3823 1916 3859 THEOPlllLUM.

185 3940 333 3996 Fides
357 3944 515 3998 unius
542 3942 850 3996 substantiae
879 3941 1149 3994 Trinitatis
1179 3940 1290 3994 btec
1320 3948 1430 4005 est,
1469 3939 1659 4002 Patris,

127 4039 173 4085 et
205 4032 345 4096 Filii,
377 4044 432 4088 et
474 4035 701 4102 Spiritus
746 4032 946 4100 sancti,
978 4033 1094 4087 sine
1141 4033 1291 4086 initio
1333 4043 1661 4098 temporum,

130 4135 268 4188 super
296 4139 506 4177 omnem
531 4140 742 4178 sensum
769 4136 822 4178 et
849 4115 1148 4178 sermonem
1174 4135 1224 4177 et
1255 4124 1494 4192 spiritum
1514 4163 1528 4187 ,
1563 4137 1662 4176 una

130 4212 295 4278 virtus,
320 4231 454 4268 unus
486 4216 623 4267 Deus
651 4234 663 4266 :
689 4215 791 4267 tria
820 4195 950 4267 vero
972 4215 1255 4275 vocabula,
1283 4230 1382 4266 una
1413 4223 1664 4282 potestas,

131 4305 344 4357 nascitur
385 4307 474 4359 liei
522 4304 748 4358 Verbum
797 4305 862 4357 de
909 4304 1069 4358 Maria
1116 4304 1362 4372 Virgine,
1400 4305 1666 4369 accipiens

132 4407 305 4459 corpus
334 4396 587 4450 animale.
609 4395 724 4449 Sed
754 4395 866 4463 ipse
895 4409 1083 4448 sensus
1109 4410 1214 4448 non
1252 4396 1558 4463 praecellens
1586 4405 1667 4448 est

135 4482 213 4536 Dei
241 4485 487 4541 Verbum.
517 4485 630 4540 Non
660 4485 1073 4554 comprehensus
1103 4493 1131 4537 a
1157 4501 1316 4539 carne
1346 4500 1538 4548 sermo,
1573 4486 1664 4539 sed

135 4573 179 4625 in
198 4590 346 4631 carne
373 4588 427 4632 et
453 4592 614 4646 super
641 4591 883 4641 carnem,
921 4577 1057 4630 sicut
1087 4577 1224 4629 Deus
1262 4580 1540 4642 praescius,
1578 4575 1671 4628 Del

136 4663 304 4730 virtus,
335 4667 426 4721 Dei
459 4669 674 4721 veritas.
709 4667 900 4721 Passus
943 4676 1118 4719 autem
1160 4665 1440 4718 lmmanam
1473 4665 1672 4730 passio-

137 4766 276 4806 actn:
308 4753 483 4809 Sermo
531 4756 622 4809 Dei
656 4754 1013 4822 impassibilis.
1055 4754 1121 4806 Et
1164 4756 1214 4807 in
1264 4745 1506 4822 passione
1551 4756 1670 4823 qui-

138 4842 243 4896 dem
271 4828 475 4913 corpus
515 4844 760 4907 moritur,
789 4853 846 4896 ut
873 4843 1102 4897 vivilicet
1139 4843 1516 4913 protoplastum
1535 4882 1549 4905 ,
1584 4842 1672 4911 qui

137 4933 374 4988 ceciderat
403 4950 502 5003 per
532 4933 962 4989 inobedientiam.
1011 4935 1163 5003 267
1195 4935 1238 4987 0
1287 4935 1462 4995 homo,
1506 4933 1674 4985 deita-

137 5028 228 5074 tem
252 5026 462 5092 qureris,
493 5026 734 5093 vitupero
764 5032 817 5077 te
842 5039 855 5075 :
889 5026 932 5076 si
964 5024 1158 5088 credis,
1190 5025 1328 5077 bene
1356 5022 1507 5077 facis.
1535 5023 1669 5077 Cre-

139 5113 247 5170 dere
272 5119 358 5172 tibi
384 5118 594 5187 jussnm
623 5126 734 5181 eet,
780 5132 882 5171 non
912 5117 1180 5170 discutere
1212 5118 1524 5184 permissum
1569 5127 1669 5170 est.

142 5201 187 5257 Si
212 5216 371 5261 autem
402 5209 647 5272 discutis,
678 5216 731 5260 et
770 5207 921 5269 dicis,
963 5207 1238 5271 Quomodo
1278 5206 1466 5259 Pater?
1501 5206 1568 5259 de
1597 5209 1674 5259 lu-

146 5297 266 5351 mine
305 5299 572 5364 excidisti;
604 5308 659 5352 et
684 5298 726 5351 si
771 5298 989 5363 dixeris,
1034 5297 1309 5363 Quomodo
1348 5297 1669 5350 Filius‘Loc-

145 5397 294 5441 curret
317 5391 407 5443 tibi
445 5404 624 5444 sermo
653 5389 1006 5456 prapheticus,
1033 5389 1213 5441 dicens
1239 5406 1250 5438 :
1284 5387 1670 5440 Genera‘tionem

149 5477 239 5539 eius
269 5483 369 5546 quis
404 5479 664 5533 enarrabit
715 5481 850 5549 (Act.
875 5495 992 5544 VIII,
1018 5477 1144 5548 55)?
1172 5479 1301 5533 Vide
1331 5495 1454 5548 ergo
1500 5494 1565 5533 ne
1602 5479 1671 5532 si-

149 5564 313 5618 militer
335 5568 548 5622 excidas
574 5583 601 5620 a
632 5569 864 5624 lumine:
897 5585 1052 5623 nemo
1079 5571 1217 5622 enim
1268 5571 1412 5622 novit
1458 5570 1667 5622 Patrem

154 5654 235 5706 nisi
263 5657 430 5726 Filius,
460 5675 635 5728 neque
667 5651 850 5714 Filiuin
883 5663 978 5715 nisi
1013 5665 1187 5715 l’atcr.
1229 5663 1328 5726 Qui
1371 5673 1475 5716 tres
1508 5666 1671 5716 virtu-

154 5749 218 5797 tes
243 5747 451 5817 inducit,
485 5760 596 5807 tres
645 5751 771 5808 deos
808 5755 1111 5810 conﬁtetar.
1141 5754 1453 5834 NDS'aUlClll
1501 5758 1641 5810 thdi

1767 3952 1883 3991 mus
1913 3946 2022 3992 tres
2068 3953 2344 4006 personas,
2393 3955 2550 3995 unam
2582 3941 2856 4000 deitatem.
2903 3943 3123 4010 Quando
3166 3951 3340 4018 autem

1767 4031 2124 4084 nominaveris
2175 4031 2419 4095 Patrem,
2460 4032 2723 4086 clarilicas
2764 4033 2991 4087 Filium:
3034 4042 3088 4088 et
3127 4035 3340 4102 Quando

1769 4125 2126 4178 nominave‘ris
2153 4124 2342 4178 Filium
2361 4163 2376 4187 ,
2402 4127 2593 4178 adoras
2622 4125 2855 4178 Patrem.
2884 4125 2939 4180 Si
2967 4126 3156 4178 iterum
3181 4142 3338 4179 uuam

1769 4227 2054 4282 personam
2077 4214 2353 4267 Trinitatis
2374 4214 2624 4280 dicimus,
2646 4215 2998 4283 judaizamus,
3023 4216 3144 4285 quia
3171 4215 3342 4271 Judrei

1775 4315 2245 4373 unam'personam
2278 4305 2489 4372 dicunt,
2515 4316 2570 4360 et
2594 4320 2751 4358 unum
2786 4305 2949 4358 Deum
2992 4305 3336 4360 confitentur.

1773 4395 1828 4450 Si
1861 4405 1968 4450 tres
2003 4397 2135 4450 deos
2161 4396 2478 4460 inducimus,
2503 4397 2703 4451 similes
2726 4411 2907 4450 sumus
2935 4398 3200 4466 gentibus.
3237 4397 3341 4452 Sed

1734 4521 1741 4550 ι
1774 4486 2091 4540 conﬁtemur
2120 4487 2328 4540 Patrem
2359 4489 2411 4539 in
2446 4488 2601 4550 Filio,
2628 4495 2683 4540 et
2714 4487 2898 4540 Filium
2942 4489 2993 4540 in
3022 4487 3177 4541 Patre
3218 4504 3339 4542 cum

1775 4574 1978 4643 Spiritu
2022 4587 2231 4630 sancto.
2262 4575 2378 4631 Non
2420 4586 2698 4646 separatur
2726 4580 2925 4642 unitas,
2958 4593 3062 4631 non
3094 4578 3343 4632 dividitur

1774 4667 1972 4732 deitas;
2022 4668 2160 4722 Deus
2181 4684 2244 4721 ex
2274 4668 2403 4733 Deo,
2438 4683 2541 4721 non
2568 4670 2673 4722 duo
2697 4669 2766 4721 dii
2793 4687 2806 4720 :
2839 4671 3005 4722 virtus
3031 4683 3096 4721 ex
3124 4669 3342 4732 virtute,

1774 4760 1867 4813 sed
1898 4775 1997 4813 una
2029 4759 2196 4812 virtus
2222 4776 2236 4811 :
2271 4759 2446 4812 lumen
2473 4759 2539 4813 de
2569 4760 2790 4823 lumine,
2819 4758 2911 4812 sed
2940 4774 3098 4812 unum
3127 4760 3300 4812 lumen
3327 4774 3346 4810 :

1775 4851 1972 4903 veritas
2007 4864 2068 4902 es
2113 4850 2358 4913 veritate,
2385 4848 2479 4903 sed
2518 4862 2623 4901 una
2661 4850 2896 4902 veritas:
2929 4849 3077 4903 teSIis
3120 4863 3223 4901 non
3262 4857 3348 4902 est

1775 4942 1968 4995 malum
1987 4983 2000 5006 ,
2030 4955 2130 4992 non
2158 4949 2322 5006 terra,
2348 4954 2448 4992 non
2478 4955 2642 5000 mare,
2669 4946 2772 4994 non
2807 4939 2891 4993 lux
2911 4985 2924 5008 ,
2949 4957 3050 4993 non
3084 4931 3336 5003 tenebrae,

1779 5050 1882 5087 non
1904 5034 2094 5102 angeli,
2122 5048 2288 5102 neque
2317 5033 2642 5099 archangeli,
2674 5047 2844 5097 neque
2866 5031 3145 5096 cherubin,
3173 5047 3344 5100 neque

1781 5126 2059 5194 seraphin,
2088 5124 2181 5179 sed
2206 5133 2322 5178 erat
2341 5133 2464 5178 ante
2493 5123 2802 5191 principium
2836 5123 2999 5176 Filius
3022 5138 3142 5176 cum
3166 5123 3344 5176 Patre.

1778 5218 1942 5271 Nemo
1963 5215 2231 5285 cognoscit
2255 5215 2644 5281 innascibilem,
2663 5216 2760 5267 nisi
2785 5215 2869 5282 qni
2893 5224 3047 5270 natus
3067 5224 3149 5269 est
3165 5216 3230 5267 ab
3247 5229 3340 5268 eo:

1779 5309 1877 5361 scit
1898 5309 2036 5360 unde
2054 5308 2125 5360 sit
2147 5315 2331 5370 natus;
2362 5321 2529 5373 neque
2557 5305 2861 5359 nascihilem
2889 5305 3075 5374 aliquis
3099 5308 3216 5370 scit,
3242 5306 3342 5359 nisi

1780 5399 1867 5467 qui
1892 5398 2090 5466 genuit.
2119 5397 2274 5450 Pater
2295 5396 2397 5448 scit
2417 5410 2572 5463 quem
2593 5395 2856 5464 genuerit,
2875 5395 3116 5472 similiter
3135 5394 3345 5462 genitus

1777 5489 2071 5555 genitorem
2093 5488 2214 5551 scit,
2247 5489 2416 5540 Patris
2445 5488 2723 5540 consilium
2743 5496 2792 5540 et
2812 5487 3084 5554 sapientia,
3117 5501 3216 5539 una
3237 5489 3345 5540 vir-

1779 5587 1962 5640 tmret
1992 5594 2092 5630 una
2121 5579 2314 5631 Deitas.
2346 5577 2682 5632 Nativitzitem
2713 5577 2828 5631 Filii
2857 5578 2944 5631 Dei
2972 5577 3198 5646 (inieris?
3229 5577 3353 5645 lege

1782 5670 2042 5735 propriam
2076 5671 2399 5722 nativitatem
2427 5685 2491 5722 cx
2520 5668 2718 5736 virgine
2750 5669 2938 5732 Maria;
2978 5669 3070 5723 scd
3100 5669 3343 5722 nativitas

1785 5759 1900 5812 Filii
1935 5759 2026 5814 Dci
2070 5769 2195 5813 ante
2227 5759 2573 5830 principium,
2615 5757 2750 5829 apud
2782 5758 2988 5813 Patrem
3032 5769 3127 5813 est.
3161 5755 3342 5812 Conli-
