3856 6222
535 319 638 375 287

1821 340 2043 394 \‘lGllJl
2083 342 2446 402 TAPSENSIS

3663 362 3751 412 2V3

537 447 651 489 teor
676 442 816 492 enim
841 457 1001 495 unum
1027 445 1415 510 innascibilem,
1436 458 1488 501 et
1515 462 1674 502 unum
1706 461 1903 504 uatum.
1925 452 2096 530 Conli-
2127 459 2173 519 Α
2207 456 2379 510 factus
2409 462 2608 528 carnis,
2639 462 2807 516 Patris
2830 466 3042 528 virtute,
3071 467 3170 521 hoc
3201 477 3284 521 est
3304 469 3465 522 Jesus
3490 470 3748 524 Christus.

533 533 646 578 tcor
675 528 884 585 Patrem
905 535 1342 604 omnipotentem,
1371 540 1486 592 sine
1512 540 1684 605 initio,
1705 542 1823 596 sine
1850 542 1973 606 line,
1998 528 2084 612 qui

529 619 704 670 oumia
725 627 888 684 tenet,
912 632 964 675 et
984 640 1011 675 a
1041 625 1182 677 nullo
1214 637 1449 691 leuetur;
1479 630 1654 682 omnia
1682 632 1958 698 gubernat,
1983 643 2033 686 et
2056 648 2084 685 a

528 705 675 758 nullo
691 709 1040 776 gubernatur;
1065 718 1242 770 Omnia
1276 718 1438 782 videt,
1467 719 1578 785 ipse
1608 722 1782 775 autem
1806 723 2083 776 invisibilis

521 805 624 849 cst.
649 798 915 854 Conliteor
937 804 1116 857 Jesum
1143 807 1410 861 Christum
1444 809 1631 862 Filium
1659 811 1774 876 Dei,
1797 829 1915 866 cum
1938 814 2081 866 omni
2123 838 2126 841 -

519 888 747 940 consilio
782 901 834 943 et
862 891 1054 955 virtute
1087 909 1316 963 paterna:
1345 901 1575 957 deitatis.
1607 902 1868 970 Quantam
1903 916 2078 960 autem

517 977 766 1032 virtutem
798 981 954 1037 habet
1002 986 1174 1053 Pater,
1219 1001 1414 1044 tantam
1449 994 1605 1048 habet
1646 1004 1700 1049 et
1745 996 1929 1049 Filius.
1963 996 2077 1052 Non

513 1064 827 1123 diminuitur
849 1076 1056 1139 genitus
1076 1075 1143 1130 ab
1162 1093 1225 1132 co
1250 1082 1335 1147 qui
1367 1091 1448 1134 est
1476 1083 1823 1138 innascibilis.
1851 1085 2079 1154 Spiritus

513 1170 728 1216 sanctus
757 1180 926 1233 neque
957 1181 1133 1232 natus,
1167 1187 1335 1240 neque
1364 1175 1718 1236 imiascibilis,
1748 1193 1851 1230 non
1885 1177 2072 1241 factus,

509 1263 682 1316 neque
713 1266 942 1310 creatus.
982 1257 1036 1312 Si
1075 1270 1251 1315 autem
1281 1262 1466 1318 dixero
1497 1277 1708 1330 natum,
1740 1268 1873 1321 duos
1910 1267 2076 1322 Filios

506 1348 682 1394 διιιιιιο
703 1358 764 1396 ex
787 1346 947 1415 263
977 1365 1080 1401 uno
1109 1350 1292 1416 Patre,
1317 1363 1370 1407 et
1402 1370 1506 1408 non
1535 1372 1695 1409 unum
1725 1372 1790 1412 ex
1822 1373 1946 1423 uno,
1982 1368 2075 1412 aut

505 1430 674 1483 solum
718 1449 780 1488 ex
825 1438 960 1490 solo.
993 1440 1096 1492 Aut
1124 1458 1258 1496 unus
1302 1443 1458 1498 Pater
1502 1461 1566 1500 ex
1608 1462 1712 1514 quo
1742 1450 1946 1512 omnia.
1983 1457 2074 1504 θυι

502 1535 636 1574 unus
664 1521 818 1578 Jesus
846 1525 1086 1583 Christus
1129 1548 1232 1604 per
1268 1550 1423 1602 quem
1455 1538 1653 1589 omnia.
1701 1539 1766 1592 Et
1806 1540 1849 1591 si
1881 1540 2071 1594 dixero

504 1608 900 1677 innascibilem,
929 1617 1034 1683 jam
1071 1635 1175 1673 non
1205 1638 1340 1676 unus
1369 1629 1523 1678 Pater
1552 1628 1889 1694 omnipotens
1918 1628 2070 1683 inna-

500 1702 728 1768 scibilis;
762 1707 852 1759 sed
898 1708 1029 1762 duos
1077 1712 1205 1766 deos
1236 1723 1429 1767 statuo.
1467 1716 1529 1768 Et
1570 1718 1611 1769 si
1658 1717 1848 1776 dixero,
1893 1718 2060 1773 factu-

494 1808 633 1858 ram,
667 1799 936 1864 gentiliter
963 1811 1143 1868 quer
1171 1820 1184 1857 :
1217 1815 1398 1872 gentes
1425 1806 1566 1860 enim
1591 1807 1850 1862 facturam
1877 1826 2064 1866 manus

493 1884 746 1949 adorant,
776 1898 828 1941 et
861 1905 962 1942 non
1006 1890 1256 1947 factorem
1296 1897 1417 1950 cceli
1455 1909 1509 1951 et
1548 1908 1725 1954 terrm.
1767 1899 1903 1966 Quid
1935 1916 2062 1971 ergo

491 1973 655 2026 habes
681 1974 925 2059 edicere?
954 1977 1298 2046 phantasma?
1320 1987 1473 2042 Absit
1497 2005 1508 2040 :
1534 1989 1786 2056 quoniam
1816 1991 2064 2059 blasphe-

489 2065 592 2116 mia
637 2067 867 2134 Spiritus
910 2073 1079 2125 sancti
1118 2089 1221 2126 non
1255 2076 1574 2130 remittetur.
1606 2079 1887 2145 Quomodo
1931 2096 2060 2150 ergo

485 2153 589 2206 duo
617 2155 753 2222 ligna
784 2159 1099 2225 conjuncta,
1135 2162 1294 2216 missa
1333 2163 1385 2217 in
1417 2163 1684 2220 fornacem
1726 2167 1883 2235 ignis,
1913 2178 1965 2222 et
1991 2169 2056 2224 de

484 2245 687 2301 duobus
719 2249 876 2317 lignis
920 2253 1162 2319 procedit
1192 2255 1405 2310 ﬂamma
1440 2259 1846 2327 inseparabilis;
1883 2261 1963 2316 sic
1991 2262 2058 2316 de

484 2336 656 2393 Patris
676 2351 730 2395 et
763 2341 878 2395 Filii
908 2344 1104 2400 virtute
1141 2347 1384 2414 procedit
1429 2349 1662 2421 Spiritus
1703 2362 1943 2419 sanctus,
1977 2354 2054 2422 ip-

481 2445 592 2485 sam
619 2433 864 2489 virtutem
888 2436 1100 2492 deitatis
1127 2439 1356 2505 habens;
1386 2444 1522 2496 sicut
1544 2444 1885 2500 beatissimus
1914 2447 2048 2500 Pau-

481 2523 562 2576 lus
592 2525 795 2592 posuit,
833 2525 1017 2582 dicens
1041 2534 1070 2581 :'
1090 2528 1345 2584 Hediator
1377 2531 1470 2586 Dei
1498 2544 1545 2587 et
1573 2534 1862 2602 Itaminum,
1897 2537 2047 2591 homo

477 2613 710 2670 Christus
737 2615 888 2671 Iesus
916 2618 966 2686 (1
1001 2618 1133 2675 Tim.
1159 2637 1225 2688 tt,
1253 2624 1330 2692 5).
1361 2622 1478 2677 Non
1528 2625 1667 2678 Deus
1711 2627 1800 2679 Dei
1847 2627 2053 2681 media-

479 2712 582 2769 tor,
612 2723 773 2762 unum
814 2710 955 2763 enim
982 2721 1065 2764 est
1107 2727 1275 2781 usque
1304 2714 1368 2767 ad
1401 2713 1752 2777 Trinitatem;
1778 2717 1873 2772 sed
1902 2719 2051 2771 acci-

477 2796 629 2862 piens
650 2813 846 2866 corpus
869 2801 938 2854 de
965 2803 1178 2871 virgine
1206 2803 1398 2872 Maria,
1433 2805 1662 2860 indueus
1685 2815 1921 2861 veterem
1954 2808 2050 2861 ho-

477 2891 672 2944 minem
692 2933 707 2957 ,
736 2894 824 2962 qui
855 2893 1128 2949 ceciderat
1157 2910 1249 2964 per
1294 2887 1710 2952 iuobedientiam
1737 2915 1750 2951 :
1785 2899 2047 2954 mediator

2196 546 2415 611 Quando
2439 561 2614 602 autem
2643 555 2928 621 assumpsit
2949 557 3239 622 apostolos,
3264 560 3404 610 sicut
3431 562 3748 629 evangelista

2193 644 2439 699 testatur,
2472 648 2523 692 et
2551 641 2790 694 ascendit
2815 643 2868 695 in
2899 654 3128 698 montem
3169 648 3476 709 excelsum,
3507 660 3562 702 et
3595 659 3748 702 trans-

2189 726 2435 793 ﬁguravit
2484 743 2544 784 se
2586 745 2764 786 coram
2809 733 2944 797 illis,
2985 744 3039 790 et
3075 751 3203 791 ecce
3249 738 3418 792 nubes
3475 740 3746 805 splendida

2186 818 2463 882 cooperuit
2489 833 2648 872 eum:
2684 836 2788 877 non
2827 837 2955 878 vero
2995 825 3327 892 splendidam
3371 829 3626 882 virtutem
3661 829 3746 882 Pa-

2187 906 2282 957 tris
2320 907 2585 970 ostendit,
2629 912 2767 964 sicut
2793 913 3005 980 quidam
3049 930 3143 984 per
3182 917 3486 985 rauiloquia
3526 920 3742 976 docent.

2182 996 2420 1051 dicentes
2447 1016 2457 1050 :
2491 1000 2767 1066 Quomodo
2797 1013 2903 1056 tres
2935 1019 3174 1070 persona:
3206 1007 3256 1058 in
3289 1022 3393 1059 una
3428 1010 3646 1064 virtute.
3675 1010 3740 1060 sic

2182 1089 2278 1141 tria
2310 1090 2592 1154 vocabula,
2623 1093 2714 1146 sed
2757 1109 2888 1147 unus
2937 1095 3091 1150 Deus.
3135 1097 3255 1149 Tria
3300 1099 3553 1152 vocabula
3597 1101 3740 1152 unius

2181 1180 2330 1232 Vocis
2369 1195 2561 1234 nomen
2594 1180 2782 1246 Patris,
2807 1195 2861 1238 et
2890 1185 3038 1248 Filii,
3067 1197 3119 1239 et
3156 1187 3385 1255 Spiritus
3417 1189 3608 1241 sancti.
3649 1189 3739 1241 lte-

2143 1319 2146 1322 .
2178 1283 2293 1320 rum
2327 1269 2401 1321 illi
2441 1271 2734 1325 dividentes
2773 1274 3019 1328 virtutem
3060 1285 3113 1329 et
3149 1277 3401 1331 deitatem
3439 1277 3732 1342 Trinitatis,

2177 1354 2396 1408 dicunt:
2427 1358 2572 1412 Sicut
2603 1360 2909 1428 imperator,
2941 1365 3222 1432 praefectus
3257 1376 3312 1418 et
3337 1381 3544 1420 comes.
3572 1367 3732 1420 Absit.

2175 1444 2288 1498 Non
2319 1447 2470 1500 trado
2494 1463 2592 1517 ego
2623 1451 2757 1504 hanc
2783 1453 3110 1521 doctrinam,
3139 1466 3228 1508 aut
3261 1458 3418 1509 istam
3451 1460 3730 1524 expositio-

2175 1551 2330 1598 nem,
2373 1539 2464 1592 sed
2508 1542 2672 1609 magis
2715 1543 3132 1599 anathematizo.
3160 1545 3432 1614 Seriptum
3477 1558 3558 1602 est
3596 1549 3730 1601 enim

2171 1628 2224 1683 in
2263 1629 2459 1683 divinis
2487 1634 2805 1700 prreceptis:
2843 1635 3072 1689 Visibih’a
3112 1638 3265 1708 hujus
3308 1640 3490 1692 mundi
3518 1641 3728 1692 invisibi-

2171 1719 2300 1772 libus
2341 1733 2697 1784 comparantur
2723 1725 2964 1793 (Ronm.
2991 1725 3110 1781 20h
3150 1727 3428 1784 Terreuus
3457 1730 3598 1783 enim
3638 1732 3728 1783 im-

2171 1820 2383 1877 perator
2411 1811 2480 1866 de
2518 1814 2688 1868 tribus
2729 1825 2964 1880 constat,
2999 1817 3092 1871 sed
3121 1833 3285 1872 unum
3316 1830 3398 1874 est
3433 1820 3724 1889 imperium.

2164 1903 2219 1958 Si
2249 1906 2560 1973 deposuerit
2596 1909 2839 1963 diadema
2869 1925 2897 1963 a
2927 1912 3099 1978 capite
3135 1926 3255 1976 suo,
3283 1913 3467 1968 Caesar
3489 1925 3599 1981 est,
3628 1915 3724 1968 non

2163 1991 2473 2061 imperator.
2501 1995 2653 2062 Quod
2693 2001 2736 2051 si
2766 1999 3072 2066 deposuerit
3103 2015 3425 2070 purpuram,
3453 2003 3720 2071 praefectus

2161 2095 2244 2140 est
2265 2087 2374 2156 jam
2413 2089 2494 2142 vir
2518 2090 2683 2145 solus.
2711 2091 2767 2144 Si
2803 2091 2892 2159 qui
2932 2091 3300 2160 blasphemant
3324 2093 3578 2162 Spiritum
3608 2109 3721 2146 sane

2159 2186 2331 2241 ctum,
2377 2196 2480 2234 non
2521 2190 2648 2235 sunt
2686 2183 3009 2250 Christiani,
3050 2185 3144 2239 sed
3187 2193 3317 2239 sunt
3357 2187 3497 2241 sicut
3539 2187 3717 2242 Judzi.

2160 2268 2290 2322 Nam
2319 2269 2488 2324 Judaei
2513 2287 2669 2325 unam
2702 2287 2982 2342 personam
3011 2274 3264 2340 adorant,
3297 2291 3397 2331 nos
3417 2288 3591 2333 autem
3619 2288 3716 2331 tres

2159 2375 2414 2427 personas
2438 2363 2771 2418 confitemur.
2797 2365 2942 2419 Sicut
2971 2367 3262 2436 imperator
3288 2379 3552 2426 terrenus.
3570 2371 3649 2424 sic
3669 2381 3714 2422 et

2161 2450 2394 2505 caelestis
2419 2467 2432 2504 :
2461 2450 2622 2507 homo
2649 2457 2699 2507 In
2731 2469 2994 2524 purpura,
3024 2467 3078 2511 et
3117 2474 3353 2530 purpura
3385 2462 3438 2513 in
3479 2459 3712 2518 homine:

2155 2555 2351 2594 corona
2390 2551 2568 2597 autem
2613 2546 2804 2613 capitis
2839 2548 3078 2602 continet
3124 2563 3415 2616 purpuram
3458 2558 3510 2603 et
3553 2549 3710 2603 homi-

2156 2648 2309 2696 nem,
2350 2634 2514 2705 369
2550 2651 2712 2691 unum
2761 2639 3040 2705 imperium
3084 2628 3316 2694 virtutis'
3338 2642 3604 2696 ostendit:
3641 2639 3710 2693 sic

2156 2723 2312 2778 Pater
2352 2726 2403 2778 in
2455 2725 2610 2790 Filio,
2651 2737 2706 2780 et
2743 2727 2909 2782 Filius
2947 2729 3000 2783 iu
3046 2729 3235 2796 Patre;
3275 2730 3506 2801 Spiritus
3545 2740 3708 2785 autent

2151 2821 2390 2880 sanctus,
2416 2816 2723 2884 conjunctio
2760 2815 2994 2906 deitatis,
3034 2820 3207 2873 virtus
3234 2829 3290 2874 et
3327 2822 3500 2876 unitas
3537 2820 3704 2875 Trini-

2154 2905 2298 2956 tatis.
2925 2905 2940 2913 ⁷

477 3014 3704 3041 mw

1517 3084 1983 3193 LIBER
2057 3085 2671 3193 NONUS.

1835 3248 2110 3311 Libellus
2149 3251 2357 3314 Fidei.
2399 3229 2402 3232 Δ

1898 3365 1960 3396 AD
1980 3364 2294 3400 τκῑονιιιιυκ.

543 3497 717 3555 Credo
742 3496 796 3552 in
829 3499 993 3554 Deum
1033 3499 1242 3554 Patrem
1283 3501 1700 3569 omnipotentem
1722 3543 1737 3564 ,
1763 3511 1818 3556 et
1856 3504 2043 3571 unige—
2070 3503 2116 3564 C
2149 3503 2308 3572 270
2333 3517 2452 3556 esse
2475 3501 2528 3555 in
2553 3502 2711 3556 cmlo.
2742 3500 2929 3556 Natum
2956 3501 3022 3555 de
3048 3500 3250 3569 Spiritu
3277 3510 3480 3568 sancto,
3512 3502 3576 3558 de
3597 3504 3692 3557 vir-

473 3593 640 3643 nitum
663 3588 842 3642 Jesum
874 3589 1144 3642 Christum
1179 3590 1506 3662 Salvatorem
1541 3601 1808 3658 nostrum,
1837 3581 1890 3645 et
1919 3591 2040 3660 Spi-

474 3681 630 3734 ritum
676 3689 914 3733 sanctum
954 3696 1114 3734 unum
1160 3677 1323 3735 Deum
1355 3697 1475 3736 esse
1505 3686 1780 3737 conliteor.
1817 3683 1929 3737 Non
1965 3685 2042 3739 sic

472 3787 632 3822 unum
663 3771 813 3836 quasi
836 3773 1164 3836 solitarium,
1196 3787 1366 3841 neque
1394 3773 1643 3826 eumdem
1672 3775 1763 3842 qui
1796 3775 1908 3842 ipse
1936 3775 2038 3828 sibi

472 3863 627 3917 Pater
655 3866 752 3927 sit,
783 3865 895 3932 ipse
922 3863 1120 3928 Filius;
1152 3865 1241 3917 δρα
1272 3865 1428 3918 Pater
1453 3881 1609 3919 verus
1634 3867 1820 3935 genuit
1846 3865 2039 3920 Filium

473 3968 683 4019 Verum,
716 3965 772 4008 ut
796 3965 912 4020 est,
947 3954 1112 4011 Deum
1139 3956 1204 4011 de
1235 3957 1362 4021 Deo,
1392 3957 1568 4011 lumen
1607 3957 1672 4010 de
1704 3957 1926 4021 lumine,
1960 3960 2038 4010 vi-

474 4050 578 4093 tam
615 4057 680 4093 cx
722 4042 858 4106 vita,
901 4042 1196 4110 perfectum
1237 4041 1303 4095 de
1349 4042 1604 4109 perfecto,
1649 4051 1815 4096 totum
1845 4057 1872 4094 a
1906 4052 2038 4106 toto,

472 4133 684 4200 plenum
709 4147 738 4186 a
771 4133 959 4199 pleno;
992 4149 1097 4187 non
1129 4144 1368 4188 creatum
1409 4135 1501 4188 sed
1541 4136 1808 4203 genitum;
1840 4152 1944 4190 non
1973 4153 2038 4192 ex

473 4223 658 4285 nihilo,
693 4223 784 4276 sed
822 4237 886 4277 ex
927 4223 1112 4286 Patre,
1143 4226 1300 4278 unius
1342 4226 1654 4279 substantia:
1695 4242 1817 4280 cum
1859 4228 2037 4283 Patro.

471 4317 536 4368 Et
574 4318 826 4384 Spiritttm
859 4326 1095 4370 sanctum
1125 4330 1305 4371 verum
1339 4319 1534 4381 Deum;
1570 4333 1671 4371 non
1701 4319 2032 4388 ingenilum,

469 4423 643 4474 neque
684 4409 947 4475 genitum;
983 4423 1085 4461 non
1130 4419 1366 4462 creatum
1400 4423 1496 4461 nec
1527 4403 1751 4471 factum,
1785 4411 1876 4462 sed
1913 4419 2037 4476 pr‘o-

471 4498 745 4552 t'cdeutcm
797 4500 965 4553 Patris
994 4511 1046 4553 et
1081 4500 1224 4563 Filii,
1266 4514 1479 4567 semper
1517 4501 1568 4552 in
1623 4499 1775 4554 Patre
1813 4510 1867 4554 et
1907 4501 2039 4555 Filio

472 4598 815 4640 cna-ternum.
852 4587 1021 4642 Unum
1055 4599 1228 4642 tamvn
1271 4588 1463 4650 Deum,
1492 4591 1582 4658 qui
1623 4604 1688 4642 ex
1725 4605 1828 4642 uno
1858 4589 2036 4654 Patre,

472 4689 524 4729 et
553 4689 716 4730 totum
757 4680 895 4747 quod
930 4678 1086 4733 Pater
1113 4681 1202 4734 sit.
1247 4679 1380 4734 Deus
1412 4691 1565 4733 natus
1590 4690 1671 4734 est
1703 4679 1868 4734 Filius
1896 4689 1953 4734 et
1984 4682 2036 4736 in

472 4771 626 4825 Patre
667 4783 834 4825 totum
881 4775 1017 4842 quod
1050 4783 1157 4834 eSt,
1187 4782 1351 4826 totum
1394 4773 1578 4841 genuit
1624 4771 1834 4826 Filium.
1877 4771 2036 4827 Pater

2143 3594 2268 3662 gine
2298 3593 2482 3647 Maria.
2517 3593 2748 3648 Verbum
2792 3607 2916 3648 caro
2947 3592 3174 3656 factum,
3215 3607 3324 3646 non
3367 3593 3537 3648 amisit
3563 3593 3690 3663 quod

2143 3687 2344 3751 fuerat,
2378 3682 2472 3737 sed
2503 3683 2666 3752 coepit
2714 3698 2834 3738 esse
2871 3683 3009 3751 quod
3042 3697 3146 3736 non
3200 3690 3339 3737 erat.
3370 3682 3481 3738 Non
3520 3683 3690 3737 demn-

2142 3783 2307 3827 tatum
2359 3774 2556 3837 Deum,
2604 3773 2696 3827 sed
2744 3782 3177 3841 permanentem,
3229 3773 3390 3826 etiam
3441 3773 3686 3828 hominem

2141 3871 2356 3924 natum;
2391 3877 2493 3915 non
2526 3864 2848 3929 putativum,
2869 3876 2973 3915 non
3003 3876 3243 3926 aereum,
3273 3863 3369 3917 sed
3393 3876 3686 3931 corporeum

2141 3967 2358 4007 sensum
2405 3959 2460 4006 et
2501 3952 2729 4005 animam
2795 3950 3123 4005 habentem:
3167 3952 3238 4004 ita
3298 3967 3482 4006 verum
3539 3953 3688 4005 homio

2146 4057 2300 4109 ncm,
2359 4049 2417 4095 ut
2477 4057 2659 4095 verum
2725 4040 2889 4095 Deum
2953 4041 3345 4110 intelligimus:
3400 4042 3468 4094 ita
3525 4055 3687 4095 verum

2143 4132 2338 4193 Deum,
2374 4138 2431 4185 ut
2469 4146 2652 4186 verum
2696 4129 2962 4184 hominem
3005 4130 3169 4184 fuisse
3211 4131 3358 4184 nullo
3412 4132 3564 4185 modo
3588 4145 3687 4183 am-

2142 4223 2369 4292 bigimus
2411 4221 2791 4275 confitendum.
2833 4219 2988 4274 Hunc
3025 4220 3271 4274 eumdem
3307 4219 3581 4274 Dominum
3610 4233 3688 4273 no-

2139 4322 2307 4368 strum
2359 4312 2548 4387 Jesum.
2597 4309 2862 4365 Christum
2903 4309 3224 4379 adimplesse
3265 4311 3435 4380 legem
3490 4319 3542 4365 et
3586 4305 3688 4379 pro-

2141 4407 2356 4474 phetas,
2397 4419 2610 4472 passum
2658 4405 2756 4458 sub
2802 4402 2990 4456 Pontio
3040 4403 3243 4468 Pilato,
3283 4403 3617 4465 crucifixum,
3644 4407 3687 4452 et

2141 4496 2435 4552 secundum
2458 4496 2756 4564 Scripturas
2779 4503 3044 4549 mortuum
3068 4503 3120 4548 et
3140 4498 3432 4562 sepultum,
3451 4504 3505 4549 et
3530 4508 3686 4548 secun-

2142 4587 2268 4643 dum
2307 4585 2614 4656 Scripturas
2651 4586 2804 4641 tertia
2832 4585 2920 4640 die
2960 4600 2990 4640 a
3039 4587 3266 4640 mortuis
3311 4585 3683 4641 resurrexisse:

2139 4688 2470 4749 assumptum
2494 4679 2547 4734 in
2573 4680 2748 4745 ctelis,
2779 4679 2967 4733 sedere
2988 4679 3050 4732 ad
3074 4679 3350 4733 dexteram
3377 4679 3556 4739 Patris,
3584 4678 3685 4732 inde

2139 4781 2423 4826 venturum
2459 4771 2700 4839 judicare
2743 4771 2891 4825 vivos
2933 4779 2987 4825 et
3023 4781 3266 4824 mortuos
3314 4781 3683 4840 exspectamus,

471 4861 659 4914 Filium
693 4877 950 4929 generans
981 4878 1081 4914 non
1117 4863 1331 4922 minuit.
1364 4878 1462 4916 nec
1485 4863 1660 4916 amisit
1690 4850 2036 4933 plenitudinis
2066 4865 2114 4925 ι)
2142 4866 2195 4919 in
2225 4865 2381 4934 hujus
2413 4876 2583 4919 morte
2608 4875 2660 4918 et
2689 4865 2947 4933 sanguine
2977 4864 3348 4918 remissionem
3379 4872 3684 4933 peccatorum

471 4967 578 5005 sua:
603 4953 874 5005 deitatem.
904 4954 1093 5006 Totum
1122 4964 1292 5007 autem
1323 4955 1463 5023 quod
1494 4954 1633 5008 Deus
1660 4955 1815 5010 Pater
1838 4966 1948 5024 est,
1983 4956 2048 5010 id

470 5057 588 5094 esse
621 5042 806 5094 Filium
836 5043 903 5095 ab
941 5059 1005 5098 co
1039 5053 1248 5107 natum,
1294 5045 1592 5098 certissime
1621 5053 1882 5109 tenentes,
1915 5061 2037 5101 eum

470 5134 668 5198 Spiritu
691 5143 872 5187 sancto
901 5151 1060 5187 unum
1091 5134 1252 5188 Deum
1283 5135 1518 5202 piissime
1547 5136 1884 5190 confitemur.
1911 5136 2039 5192 Cre-

471 5224 643 5276 dimus
674 5225 723 5276 in
756 5226 933 5279 Jesum
963 5227 1226 5280 Christum
1262 5226 1538 5280 Dominum
1572 5237 1812 5280 nostrum
1846 5228 2035 5283 Filium

475 5318 610 5378 eius,
647 5331 737 5383 per
767 5334 920 5384 quem
953 5322 1130 5372 omnia
1161 5329 1335 5372 creata
1381 5329 1534 5384 sunt,
1564 5334 1682 5387 qua:
1713 5320 1765 5372 iu
1796 5321 1946 5372 cmlis
1985 5331 2039 5375 ct

473 5420 591 5466 qum
622 5405 670 5455 in
698 5415 856 5470 terra,
883 5408 1107 5461 visibilia
1134 5419 1188 5462 et
1216 5410 1528 5474 invisibilia;
1561 5419 1777 5479 propter
1799 5417 2034 5464 nostram

475 5493 699 5546 salutem
726 5494 1062 5553 descendisse
1102 5497 1166 5551 de
1195 5500 1350 5563 cmlo,
1379 5499 1467 5569 qui
1508 5512 1774 5568 nunquam
1804 5497 2038 5553 desk-rat

2142 4957 2477 5010 consecuturi
2505 4974 2516 5008 :
2561 4955 2952 5010 resuscitandos
3005 4968 3104 5007 nos
3145 4955 3213 5007 ab
3236 4969 3306 5008 eo
3335 4955 3387 5008 in
3419 4954 3498 5008 his
3523 4964 3681 5018 oorpo-

2147 5047 2319 5109 ribus,
2351 5055 2405 5100 et
2433 5045 2485 5098 in
2517 5046 2702 5100 eadem
2732 5059 2892 5099 carne
2923 5045 2974 5098 in
3017 5059 3120 5112 qua
3163 5053 3322 5098 natus
3365 5053 3470 5106 est,
3502 5055 3681 5112 passus,

2145 5147 2199 5190 et
2235 5145 2498 5201 mortuus,
2530 5147 2584 5192 et
2623 5138 2944 5198 resurrexit,
2984 5137 3219 5189 animam
3264 5149 3384 5190 cum
3418 5133 3513 5187 hac
3546 5141 3680 5186 eam

2143 5231 2411 5297 accepturi
2456 5229 2523 5282 ab
2552 5245 2636 5293 eo,
2667 5237 2757 5281 aut
2795 5229 2954 5281 vitam
2986 5234 3243 5281 teternam
3281 5241 3378 5295 pro
3405 5225 3554 5279 bonis
3589 5235 3678 5276 tne-

2145 5321 2282 5385 ritis,
2306 5328 2396 5373 aut
2437 5323 2752 5375 sententiam
2777 5335 2871 5389 pro
2895 5319 3128 5389 peccatis
3147 5326 3404 5373 sternam
3429 5333 3440 5370 :
3469 5315 3563 5369 hoc
3588 5312 3676 5382 pla-

2146 5411 2276 5464 cuit.
2301 5413 2489 5466 Amen.
