3856 6222
116 280 215 331 289

1303 273 1430 328 ·ῐ)Ε
1474 273 1839 327 ΤΒΙΧΙΤΛΊἚ
1881 273 2004 327 Lm.
2052 272 2116 326 Χ.

1069 373 1544 542 me
1614 431 1827 538 DE
1841 373 2358 555 οιλιῖἱιῖ

1270 592 1610 674 Expositio
1647 593 1787 670 ﬁdei
1832 593 2168 655 catholicae.

1519 710 1576 742 AD
1607 707 1788 742 T.IEOPH
1810 709 1918 742 Ll'M.

180 824 418 879 Credere
453 821 698 891 iubemur
726 825 777 876 in
812 821 900 873 Del
931 818 1098 873 Patris
1127 819 1581 884 omnipotentiam,
1608 830 1662 872 et
1691 825 1737 880 Α
1770 819 1899 873 dicit
1924 838 1936 871 :
1966 819 2072 888 Ego
2097 836 2210 872 sum
2235 818 2379 886 panis
2404 819 2492 886 qui
2525 820 2587 873 de
2616 819 2738 872 calo
2775 822 3009 874 descendi
3038 820 3224 891 (least.
3255 838 3326 883 vt,

120 916 228 969 Filii
257 916 379 978 ejus
407 912 530 966 Jesu
582 912 800 974 Christi,
831 921 883 964 et
927 909 1152 977 Spiritus
1180 909 1346 961 saneti
1390 911 1664 962 indivisatu

119 1005 406 1072 quidemet
433 1002 838 1070 inseparahilem
876 1000 1201 1052 Trinitatem.
1256 997 1376 1052 ﬂre
1425 1001 1564 1051 enim
1613 1009 1666 1051 et

121 1096 390 1162 propltt‘lzl!
416 1094 742 1152 cecinerunt,
767 1101 816 1144 et
849 1091 1098 1143 Dominus
1120 1089 1353 1150 tradidit,
1388 1098 1669 1142 tenuerunt

119 1197 168 1237 et
192 1186 488 1236 docuerunt
526 1181 771 1250 apostoli.
821 1180 940 1233 llaec
970 1179 1259 1246 redemptio
1301 1181 1454 1250 271
1486 1181 1664 1232 mundi

121 1285 226 1335 est,
259 1277 376 1326 tunc
422 1273 552 1326 ﬁdes
585 1280 762 1324 nostra
802 1277 883 1322 est
915 1281 967 1321 et
997 1269 1124 1332 vita,
1155 1278 1210 1320 ut
1238 1270 1478 1321 traditam
1519 1270 1670 1321 nobis

123 1384 274 1419 unam
309 1367 679 1428 substantiam,
712 1373 819 1417 tres
850 1378 1098 1431 personas
1137 1361 1515 1425 subsistentes,
1549 1378 1666 1427 per-

123 1458 304 1522 fectas,
334 1457 582 1523 aequales,
603 1463 894 1509 coaeteruas
916 1453 1276 1513 conﬁteamur,
1300 1459 1350 1504 et
1375 1451 1577 1504 ﬁrmam
1611 1449 1670 1502 ﬁ-

125 1547 205 1600 dei
232 1547 621 1600 confessionem
653 1547 704 1596 in
750 1545 905 1596 ﬁnem
937 1555 1098 1605 usque
1128 1550 1397 1594 teneamus
1430 1539 1667 1592 illwsaut.

129 1635 184 1688 Et
213 1638 314 1689 hoc
352 1646 428 1689 est
471 1633 610 1702 quod
659 1633 827 1687 Graeci
867 1630 1134 1701 Ὁμούσιον
1171 1640 1358 1684 vocant
1391 1648 1404 1681 :
1434 1629 1484 1683 id
1533 1631 1695 1687 enim.

127 1727 261 1793 quod
295 1726 532 1779 subsistit
554 1740 655 1776 non
687 1721 842 1776 habet
869 1721 1097 1784 aliunde,
1123 1721 1214 1773 sed
1245 1736 1395 1774 suum
1419 1730 1472 1774 et
1505 1735 1534 1773 a
1555 1736 1672 1776 sese

127 1828 221 1870 est.
254 1815 457 1870 Caetera
489 1829 617 1867 vero
643 1829 759 1882 qtre
789 1822 926 1874 sunt,
961 1811 1096 1881 qttod
1142 1811 1352 1874 habent,
1400 1821 1669 1878 acceptum

130 1907 343 1959 habent.
375 1906 573 1958 Idcirco
591 1905 653 1956 ad
681 1905 874 1956 Mnsem
909 1902 1042 1954 Deus
1075 1901 1301 1969 loquitur
1323 1901 1505 1954 dicens
1530 1919 1541 1954 :
1565 1899 1674 1967 It'go

129 2013 234 2048 sum
265 1998 350 2061 qui
373 2013 478 2048 sum
514 1993 704 2064 (Exod.
731 2009 805 2053 III,
841 1994 950 2059 M).
986 1993 1045 2044 lit
1072 2007 1276 2044 rursum
1311 2009 1324 2044 :
1359 1990 1506 2044 Dices
1550 1992 1673 2058 ﬁliis

133 2085 334 2140 Israel:
365 2086 462 2152 Qui
509 2095 580 2138 est
613 2087 743 2136 misit
782 2100 876 2136 me.
909 2083 1069 2136 Erant
1095 2085 1272 2151 utique
1318 2090 1440 2136 tunc
1463 2085 1629 2152 angeli
1653 2122 1669 2144 ,

1768 908 1895 975 41),
1931 926 2033 962 non
2061 910 2201 963 cadit
2245 910 2296 962 iu
2325 925 2542 966 sensum
2573 919 2829 974 nostrum,
2866 922 2920 964 ut
2948 914 3095 979 panis
3125 914 3330 967 esurire

1768 1000 2049 1053 credatur:
2082 1000 2157 1052 sic
2195 1008 2250 1052 et
2291 1001 2357 1053 de
2396 1016 2585 1055 somno
2628 1000 2748 1070 ejus
2800 1003 3192 1070 intelligendum
3223 1015 3324 1058 est-

1771 1089 2030 1154 Quoniam
2055 1090 2192 1142 sicut
2225 1103 2316 1157 per
2344 1105 2610 1155 somnum,
2657 1093 2896 1158 corporis
2923 1095 3116 1145 veritas
3136 1109 3328 1162 cogno-

1769 1182 1965 1246 scitur,
1997 1180 2074 1234 sic
2099 1194 2190 1248 per
2217 1179 2342 1233 illud
2374 1182 2509 1249 quod
2558 1183 2734 1235 statim
2782 1184 2954 1236 ventis
2993 1193 3047 1235 et
3087 1184 3330 1236 [luctibus

1771 1272 2016 1338 imperat,
2040 1287 2160 1326 vera
2186 1272 2299 1339 ejus
2328 1273 2572 1326 divinitas
2594 1276 2935 1342 approbatur.
2960 1275 3088 1328 Nam
3116 1280 3330 1343 etquod

1771 1360 2030 1431 lacrymas
2058 1376 2216 1429 super
2241 1361 2496 1415 Lazarunt
2526 1363 2712 1428 fundit,
2742 1364 3126 1430 phantasmatis
3158 1367 3330 1434 suspi-

1771 1452 1853 1504 cio
1884 1453 2080 1503 tollitur
2107 1470 2118 1503 :
2150 1453 2397 1521 lacryma:
2427 1453 2567 1505 enim
2595 1453 2701 1506 veri
2731 1456 2969 1521 corporis
2998 1466 3122 1508 sunt
3144 1456 3330 1510 humo‘

1771 1557 1878 1595 res.
1902 1541 2030 1595 Cum
2057 1553 2231 1596 autem
2260 1544 2404 1605 dicit,
2434 1544 2641 1607 Lazare,
2668 1547 2746 1598 exi
2768 1550 2904 1614 foras
2923 1546 3098 1617 (Joan.
3124 1550 3330 1619 xu“),

1773 1642 1826 1686 et
1850 1635 2028 1686 statim
2060 1633 2149 1688 ille
2190 1635 2274 1701 qui
2298 1633 2408 1701 jam
2453 1634 2667 1700 fctcbat,
2699 1641 2971 1704 aperiente
2999 1653 3056 1690 se
3089 1647 3226 1692 terra
3259 1643 3332 1692 vi-

1772 1737 1868 1774 vus
1914 1722 2172 1791 emergit,
2204 1736 2405 1790 magna:
2447 1724 2562 1791 ejus
2611 1723 2900 1778 divinitatis
2945 1726 3194 1780 indicium
3229 1738 3331 1782 est.

1772 1810 1886 1864 .Iaut
1920 1811 2042 1864 illud
2075 1810 2212 1880 quod
2245 1814 2354 1875 ait,
2386 1811 2566 1865 Tristis
2604 1823 2676 1866 est
2718 1815 2887 1866 (mima
2921 1832 3026 1874 mea
3075 1834 3226 1886 usque
3265 1820 3331 1871 ad

1773 1911 1980 1954 mortem
2012 1901 2202 1971 (Marc.
2235 1918 2342 1966 xtv,
2375 1904 2482 1971 5t),
2523 1919 2585 1959 ex
2617 1903 2715 1958 hac
2743 1905 2849 1971 ipsa
2883 1906 3062 1960 Lazari
3105 1908 3332 1962 suscita-

1775 1992 1919 2044 tioiie
1964 1991 2188 2058 intelligi
2219 2001 2393 2058 potest
2435 1994 2700 2062 quomodo
2749 1994 2940 2047 debeat
2970 1996 3137 2064 accipi
3165 2015 3176 2047 :
3208 2001 3330 2065 quia

1779 2094 1883 2132 non
1916 2080 2096 2147 utique
2137 2081 2405 2133 metuebat
2435 2081 2681 2134 divinitas
2713 2094 2933 2135 mortem
2956 2119 2970 2146 ,
3005 2101 3120 2153 quae
3171 2087 3330 2140 verbo

135 2179 327 2241 throni,
351 2177 758 2238 dominationes,
784 2174 995 2237 ctelum,
1029 2183 1190 2238 terra,
1222 2172 1304 2227 vel
1352 2174 1535 2227 maria.
1569 2174 1671 2228 Sed
1710 2177 1752 2236 Β
1783 2176 2016 2222 mortuos
2044 2170 2350 2234 suscitabat,
2383 2172 2475 2225 sed
2507 2171 2796 2225 humanum
2841 2173 3086 2228 aﬁectum
3119 2188 3212 2243 per
3242 2178 3332 2229 tri-

135 2269 252 2336 quia
282 2269 362 2322 illa
391 2268 501 2322 sola
532 2277 610 2321 est
640 2267 828 2319 infecta
860 2275 1064 2331 natura,
1091 2276 1142 2319 et
1174 2264 1224 2318 in
1247 2265 1414 2320 tribus
1437 2267 1674 2331 personis

139 2359 304 2412 deitas
329 2372 424 2412 una
452 2356 710 2420 subsistit,
759 2356 955 2410 idcirco
995 2355 1070 2408 ait
1105 2373 1118 2408 :
1149 2352 1256 2423 Ego
1279 2370 1390 2407 sum
1417 2356 1502 2423 qui
1539 2372 1670 2408 sum.

140 2449 378 2518 Quisquis
399 2461 572 2503 autem
598 2460 703 2502 tres
732 2449 1048 2508 ὑποστάσεις
1073 2446 1222 2510 dicit,
1250 2446 1300 2500 id
1325 2456 1405 2501 est
1426 2457 1534 2501 tres
1553 2449 1676 2501 sub-

143 2541 370 2606 stantias,
399 2539 443 2592 is
471 2538 568 2590 sub
598 2537 810 2591 nomine
837 2537 1042 2605 pietatis
1073 2546 1177 2590 tres
1206 2545 1420 2589 naturas
1451 2548 1676 2594 COIIallII‘

146 2641 392 2682 asserere.
427 2627 490 2681 Et
511 2628 552 2681 si
582 2628 653 2682 ita
683 2639 784 2691 est,
808 2641 900 2680 cur
927 2628 994 2680 ab
1021 2625 1127 2679 Arii
1148 2627 1433 2694 parietibus
1461 2641 1674 2694 separe—

151 2733 281 2782 mur,
326 2718 535 2787 perﬁdia
565 2716 794 2786 copulati
820 2716 842 2768 ’ἒ
878 2716 966 2770 llle
988 2716 1125 2770 enim
1159 2717 1407 2784 gradibus
1433 2717 1676 2772 divinita-

152 2815 249 2859 tem
274 2807 472 2870 dividit,
504 2816 559 2862 et
583 2805 745 2862 Deum
778 2822 838 2860 ex
872 2806 1000 2873 Deo,
1032 2806 1080 2858 id
1109 2816 1191 2860 est
1216 2805 1258 2878 Ε
1261 2805 1406 2860 ilium
1429 2822 1493 2862 ex
1523 2810 1677 2862 Patre

152 2900 219 2954 ita
241 2902 532 2969 conﬁtetur,
557 2912 693 2957 utex
714 2901 822 2955 Deo
844 2903 1009 2956 factus
1033 2901 1120 2966 sit,
1149 2915 1254 2954 non
1280 2902 1345 2954 de
1369 2899 1477 2956 Deo
1501 2910 1676 2955 natus.

153 2992 242 3052 Qui
270 2992 313 3046 si
336 3002 480 3047 natus
504 2999 606 3056 est,
635 2991 788 3044 unius
816 2991 1124 3044 substantia:
1150 2997 1230 3043 est
1257 3006 1270 3041 :
1303 2990 1346 3044 si
1379 2989 1547 3044 factus
1572 3001 1674 3054 est,

153 3093 229 3132 vet
241 3097 300 3134 us
322 3081 447 3134 ﬁlius
470 3097 571 3135 non
601 3090 701 3135 est.
727 3079 850 3134 Etsi
879 3095 1035 3134 verus
1059 3078 1196 3132 ﬁlius
1225 3094 1328 3132 non
1352 3091 1452 3140 est,
1479 3095 1574 3132 nec
1590 3095 1679 3133 ve-

156 3184 237 3224 rus
260 3171 412 3224 Deus.
442 3172 544 3224 Aut
573 3169 618 3223 si
649 3184 804 3223 verus
823 3169 963 3224 Deus
987 3179 1088 3232 est,
1107 3179 1155 3222 et
1181 3169 1248 3222 de
1268 3167 1420 3222 Patre
1443 3185 1547 3222 non
1575 3177 1676 3235 est,

154 3261 251 3314 duo
296 3271 414 3316 sunt
445 3262 697 3314 habentes
726 3260 915 3329 singuli
944 3270 998 3314 et
1025 3262 1320 3315 voluntates
1341 3262 1600 3327 proprias,
1625 3269 1680 3315 et

158 3352 358 3418 imperia
386 3352 609 3406 diversa.
645 3350 747 3405 Sed
779 3351 1027 3404 Dominus
1066 3361 1244 3405 noster
1266 3351 1418 3405 Jesus
1436 3344 1704 3406 Christus

160 3442 205 3494 in
237 3443 508 3512 Evangelia
535 3457 634 3496 suo
664 3458 822 3495 unum
849 3459 910 3496 se
952 3457 1067 3496 cum
1118 3443 1303 3502 l’alre.
1333 3452 1386 3495 et
1429 3458 1490 3495 ex
1525 3443 1676 3497 Putre

1775 2259 1948 2312 stitias
1986 2261 2177 2312 animae
2205 2259 2490 2315 indicabat.
2521 2261 2661 2314 Crux
2695 2277 2876 2330 teque,
2910 2265 3118 2331 passio,
3158 2267 3332 2332 sepul-

1779 2357 1891 2399 tura
1912 2386 1927 2410 ,
1959 2361 2063 2401 nuo
2095 2349 2173 2402 vel
2205 2349 2372 2404 altero
2399 2349 2540 2402 dicto
2573 2349 2776 2403 Domini
2806 2351 3191 2419 discutiuntur,
3228 2369 3333 2420 quo

1782 2436 1955 2489 minus
1982 2437 2029 2489 ei
2061 2438 2367 2504 impotentia
2401 2438 2482 2490 vel
2533 2436 2808 2491 inﬁrmitas
2850 2443 3170 2508 ascribatur,
3213 2457 3332 2495 cum

1776 2525 1905 2578 dicit
1929 2527 1995 2578 ad
2022 2525 2234 2579 Judaeos
2257 2543 2272 2579 :
2301 2525 2493 2580 Solvite
2507 2523 2752 2594 templum
2778 2534 2872 2581 hoc
2911 2529 3114 2598 (utique
3139 2544 3334 2596 corpus

1778 2629 1930 2668 suum
1952 2614 2265 2684 dicebat),et
2293 2632 2387 2685 ego
2407 2617 2462 2668 in
2491 2617 2655 2669 triduo
2675 2617 3257 2687 suscitaboilludann.
3275 2635 3332 2684 II,

1781 2707 1890 2775 19).
1907 2708 2031 2760 Item
2061 2708 2134 2760 ait
2157 2725 2168 2758 :
2198 2705 2498 2761 Potestatem
2525 2707 2683 2760 habeo
2707 2719 2892 2773 pauere
2914 2710 3134 2761 animant
3151 2726 3332 2772 meam,

1779 2807 1827 2850 et
1847 2806 2138 2866 potestatem
2167 2799 2324 2851 habeo
2345 2800 2520 2852 iterum
2549 2815 2742 2852 sumere
2757 2801 2898 2852 illaut
2919 2801 2972 2869 (J
2980 2818 3098 2854 oan.
3129 2817 3184 2868 ι,
3217 2805 3330 2871 18).

1779 2886 1836 2942 Si
1867 2889 2105 2957 corporis
2133 2890 2213 2942 sui
2241 2891 2460 2943 suscitat
2492 2891 2768 2958 templum,
2795 2890 2840 2943 si
2871 2899 3103 2958 potestas
3129 2903 3212 2946 est
3243 2909 3332 2960 po—

1779 2980 1935 3035 nendi
1958 2981 2192 3035 animam
2215 2997 2309 3051 per
2333 2983 2653 3050 passionem,
2677 2992 2730 3036 et
2757 2984 2998 3037 sumendi
3029 2999 3125 3052 per
3149 2999 3330 3039 resur-

1779 3064 2091 3138 rectionem,
2115 3081 2290 3128 cesset
2318 3074 2370 3126 in
2401 3073 2610 3129 Christo
2651 3075 2968 3130 inﬁrmitatis
2998 3077 3180 3144 opinio
3200 3118 3215 3142 ,
3246 3078 3330 3130 ιιΙιὶ

1781 3173 1941 3219 tanta:
1973 3164 2246 3232 potestatis
2271 3163 2567 3217 sublimitas
2611 3164 2929 3244 declaratur.
2975 3167 3161 3219 Omnia
3204 3183 3332 3235 ergo

1779 3257 1866 3327 pie
1910 3256 2246 3325 intelligenda
2300 3264 2460 3309 sunt:
2493 3257 2668 3309 omnia
2717 3272 2843 3324 ergo
2891 3258 3183 3312 honoriﬁce
3225 3269 3330 3312 tra-

1779 3349 1970 3404 ctanda
1997 3359 2140 3403 sunt.
2181 3347 2469 3416 Utrumque
2496 3348 2546 3399 in
2575 3347 2794 3400 Domino
2823 3351 3180 3404 conﬁtendum
3210 3361 3329 3414 est;

1780 3448 1833 3493 et
1855 3437 2021 3494 l‘orma
2046 3437 2161 3501 Dei,
2190 3438 2241 3490 in
2268 3451 2368 3506 qua
2389 3451 2602 3506 semper
2624 3437 2746 3501 fuit;
2767 3449 2822 3491 ct
2843 3440 3005 3492 forma
3028 3442 3185 3504 servi,
3215 3459 3332 3510 qua:

159 3546 263 3587 esse
290 3543 518 3598 testatur,
550 3549 669 3587 cum
697 3532 855 3586 dicit:
884 3532 990 3604 Ego
1012 3549 1073 3585 ea
1092 3532 1192 3585 Deo
1212 3533 1340 3586 exivi
1364 3531 1538 3600 (Joan.
1571 3547 1679 3595 xvt.
1707 3537 1751 3598 C
1783 3541 1997 3599 accepta
2026 3539 2105 3585 est
2137 3541 2352 3599 propter
2384 3544 2587 3584 servos.
2629 3530 2920 3584 Credenda
2958 3543 3040 3586 est
3077 3542 3132 3587 et
3160 3536 3334 3601 passio

159 3621 259 3691 27).
288 3622 350 3676 Et
384 3638 588 3678 rursum
615 3641 626 3675 :
659 3622 770 3692 Ego
796 3623 848 3674 in
880 3621 1034 3675 Patre
1062 3633 1108 3675 et
1139 3621 1293 3676 Pater
1322 3624 1373 3675 in
1403 3641 1480 3676 me
1505 3623 1681 3691 (Joan.

162 3726 294 3779 xxtv,
324 3714 423 3784 10).
456 3713 584 3769 Item
609 3728 624 3765 :
649 3711 759 3783 Ego
780 3721 826 3766 et
847 3711 1003 3765 Pater
1030 3729 1184 3766 unum
1216 3730 1390 3768 sumus
1417 3714 1593 3782 (Juau.
1629 3733 1680 3781 x,

161 3802 260 3874 30).
290 3804 348 3858 Et
393 3805 487 3869 Qui
514 3820 592 3858 me
620 3805 769 3868 videt,
799 3805 927 3858 videt
955 3815 1000 3857 et
1035 3803 1234 3858 Patrem
1267 3806 1442 3874 (Joan.
1470 3823 1574 3870 xtv,
1603 3808 1680 3877 9).

168 3895 413 3964 Siquidem
463 3897 573 3950 hmc
603 3896 719 3950 ideo
749 3905 870 3950 sunt
899 3897 1109 3966 scripta,
1161 3907 1218 3950 ut
1246 3913 1365 3950 vt~ra
1397 3900 1508 3965 ejus
1537 3899 1670 3952 divi-

164 3986 286 4038 nitas
312 4002 407 4039 non
424 3997 662 4054 negetur.
689 3987 791 4041 Sed
810 3987 894 4040 illa
927 3987 1140 4041 forsitan
1167 3990 1254 4041 tibi
1287 4005 1529 4058 usurpas,
1565 4007 1683 4060 qua:

163 4088 358 4144 propter
403 4079 815 4132 incarnationem
862 4079 976 4146 ejus
1016 4080 1207 4148 scripta
1240 4091 1394 4147 sunt,
1431 4091 1482 4135 ut
1509 4092 1632 4151 puta
1667 4101 1680 4136 :

165 4166 253 4230 Qui
276 4184 348 4221 me
377 4170 508 4221 misit
547 4171 712 4238 major
742 4186 818 4222 me
858 4180 930 4223 est
965 4169 1138 4238 (Joan.
1171 4187 1278 4238 xiv,
1311 4172 1422 4242 28).
1460 4175 1524 4228 Et
1565 4176 1684 4229 Non

161 4259 258 4309 veni
301 4260 457 4324 facere
499 4259 804 4312 voluntatem
833 4277 992 4314 meam
1013 4301 1026 4322 .
1071 4264 1155 4315 sed
1183 4267 1291 4329 ejus
1317 4266 1402 4332 qui
1448 4283 1523 4318 me
1551 4271 1684 4320 misit

163 4345 320 4412 (Joan.
346 4365 395 4411 ν,
417 4350 527 4418 30).
561 4350 625 4402 Et
651 4347 816 4402 Filius
837 4367 870 4403 a
892 4367 944 4404 se
969 4351 1095 4404 nihil
1123 4363 1280 4420 potest
1306 4355 1472 4420 facere
1497 4357 1682 4424 (lbid.,

166 4436 260 4504 19).
287 4439 345 4491 Et
374 4438 490 4492 Nan
518 4448 588 4492 est
616 4456 778 4491 meum
804 4441 928 4492 dare
953 4441 1107 4507 vobis,
1137 4444 1223 4494 sed
1251 4445 1424 4510 quibus
1452 4458 1684 4513 paratum

160 4535 220 4578 est
246 4541 275 4580 a
298 4525 444 4581 Patre
478 4527 694 4595 (Matth.
728 4544 824 4592 xx,
853 4530 973 4596 ‘25).
1026 4530 1089 4582 Et
1116 4545 1302 4584 caetera
1353 4533 1433 4586 his
1469 4536 1682 4589 similia.

159 4616 460 4682 Quze'omnia
493 4634 595 4673 non
625 4620 894 4673 inﬁrmant
921 4621 1133 4686 Filium,
1167 4639 1335 4691 neque
1363 4623 1680 4692 depretiant,

161 4708 238 4761 sed
263 4725 289 4763 ει
314 4709 467 4764 Patre
507 4710 866 4780 distinguunt,
907 4722 958 4765 et
987 4711 1102 4780 ejus
1132 4713 1478 4768 humilitatem
1523 4726 1573 4769 et
1603 4706 1683 4770 in;

161 4802 494 4856 carpatinnem
516 4803 818 4856 ostendunt.
842 4797 945 4857 Sed
975 4819 1071 4858 nec
1101 4805 1185 4857 illa
1213 4806 1419 4860 ﬁdelem
1451 4809 1680 4862 animam

1782 3619 2071 3674 secundum
2103 3633 2337 3684 carnem,
2368 3628 2424 3674 et
2449 3618 2841 3688 impassibilitas
2874 3623 3162 3676 secundum
3201 3624 3332 3678 divi-

1783 3709 2022 3762 nitatem.

1818 3834 2303 3875 INTERBOGATIONES
2351 3833 2764 3884 IIEBETICORI‘II,
2807 3839 2872 3876 ΕΤ
2924 3839 3300 3880 ῐιεειδοκειοηιεε

2347 3905 2768 3945 ελτιιοιιειιιυιι.

1852 3961 2018 4050 273’
2048 3979 2351 4036 Ηανγειὶειιε.
2381 3981 2516 4038 Deus
2540 3981 2714 4047 Pater,
2744 3998 2810 4036 ex
2856 3984 3124 4040 voluntate
3153 3988 3333 4055 genuit

1782 4071 2005 4134 Filium,
2037 4087 2101 4124 an
2124 4087 2186 4125 ex
2220 4069 2536 4124 necessitate
2565 4071 2586 4122 ?

1855 4155 2150 4231 Reiponsio.
2182 4161 2290 4216 Nec
2319 4174 2380 4214 ex
2413 4162 2703 4225 voluntate,
2753 4179 2848 4216 nec
2886 4179 2946 4218 ex
2988 4167 3331 4232 necessitate,

1783 4256 1901 4324 quia
1934 4254 2041 4308 Deo
2063 4252 2200 4306 nulla
2233 4263 2409 4306 manet
2432 4255 2738 4307 necessitas.
2769 4254 2868 4307 Sed
2898 4265 2950 4308 et
2998 4255 3123 4307 mihi
3171 4258 3334 4311 inter-

1784 4347 1984 4414 roganti
2017 4363 2028 4396 :
2058 4346 2197 4399 Deus
2227 4344 2395 4398 bonus
2424 4352 2524 4406 est,
2555 4359 2622 4398 an
2657 4360 2760 4397 non
2784 4346 2805 4396 ?
2829 4344 3018 4414 Utique
3049 4347 3215 4402 bonus
3231 4358 3332 4403 est.

1775 4436 1857 4491 Ex
1888 4436 2176 4501 voluntate,
2222 4446 2311 4488 aut
2337 4451 2399 4489 ex
2448 4437 2784 4489 necessitate.
2829 4435 2882 4491 Si
2913 4453 2974 4490 ex
3023 4439 3334 4504 voluntate,

1786 4527 1952 4594 major
1974 4526 2081 4594 jam
2110 4534 2165 4581 et
2192 4527 2334 4594 prior
2361 4525 2603 4579 voluntas
2625 4537 2706 4579 est
2734 4543 2796 4580 ex
2828 4541 2928 4595 qua
2958 4528 3146 4583 bonus.
3183 4531 3237 4583 Si
3268 4546 3331 4584 ex

1783 4621 2124 4683 necessitate,
2154 4618 2321 4686 major
2345 4627 2426 4672 est
2472 4616 2780 4682 necessitas,
2812 4631 2865 4673 et
2911 4620 3048 4675 Deus
3079 4621 3335 4679 inﬁrmior

1785 4709 2025 4762 habetur.
2056 4708 2166 4774 Qua
2197 4708 2263 4762 de
2288 4723 2365 4769 re.
2385 4707 2546 4761 Filius
2574 4722 2637 4761 ex
2664 4706 2835 4773 Patre,
2865 4725 2966 4761 non
2999 4725 3063 4763 ex
3092 4711 3334 4764 volunta-

1786 4806 1857 4861 te,
1889 4813 2058 4864 neque
2079 4812 2142 4850 ex
2173 4799 2508 4860 necessitate,
2532 4797 2624 4852 sed
2649 4812 2711 4852 es
2740 4799 3028 4852 substantia
3056 4811 3209 4854 natus
3231 4813 3332 4866 est,

110 4915 115 4921 -
161 4889 524 4953 scandalizent,
567 4892 757 4958 quibus
791 4891 1039 4946 Dominus
1065 4895 1333 4962 esuriisse,
1379 4895 1642 4951 dormisse
1665 4937 1677 4960 ,

1787 4888 1899 4956 quia
1943 4902 2101 4955 supra
2145 4887 2466 4941 voluntatem
2495 4897 2549 4942 et
2577 4889 2944 4943 necessitatem
2991 4898 3071 4942 est
3114 4889 3164 4944 id
3194 4894 3334 4960 quod

160 4977 453 5056 laerymasse
479 4995 803 5036 memoratur
823 5023 838 5046 ,
862 4984 1100 5038 tristasse
1123 4998 1288 5053 usque
1329 4987 1392 5039 ad
1421 4997 1643 5040 mortem
1664 5029 1678 5050 ,

160 5075 436 5136 passionem
483 5087 692 5142 quoque
724 5082 777 5128 et
819 5089 1028 5128 crucem
1057 5092 1068 5126 ;
1093 5075 1347 5143 siquidem
1379 5077 1442 5131 ad
1484 5079 1530 5131 id
1561 5089 1684 5133 sunt

161 5161 334 5231 scripta
357 5174 412 5218 et
440 5162 598 5230 facta,
629 5172 684 5217 ut
708 5174 762 5217 et
788 5164 1080 5217 tolerantia:
1105 5165 1346 5233 exempla
1379 5167 1680 5234 praeberem

162 5259 254 5318 tur,
283 5251 436 5325 272
463 5265 517 5310 et
540 5268 666 5309 vera
691 5254 807 5323 ejus
851 5255 1141 5308 incarnatio
1193 5267 1514 5310 nosceretur.
1557 5258 1683 5311 Nam

163 5340 206 5395 in
231 5359 290 5398 eo
314 5346 449 5415 quod
479 5347 728 5401 esuriisse
758 5345 1007 5399 Dominus
1030 5345 1258 5410 dicitur,
1294 5347 1403 5400 veri
1449 5349 1686 5415 corporis

165 5437 548 5504 assumptionem
580 5435 833 5504 intellige.
874 5435 929 5488 lu
974 5450 1037 5488 eo
1066 5444 1238 5490 autem
1269 5435 1408 5505 quod
1453 5437 1686 5507 quinque

168 5523 381 5589 Panibus,
405 5535 456 5579 et
481 5527 683 5580 duobus
700 5525 932 5592 piscibus
955 5524 1183 5594 quinque
1214 5525 1374 5578 millia
1415 5525 1682 5577 Ιιυιιιίιιιιιιι

168 5611 317 5678 satiat,
346 5630 514 5670 veram
546 5616 662 5683 ejus
689 5613 1013 5669 divinitatem
1047 5627 1325 5682 cognosce.
1357 5613 1514 5670 Certe
1559 5630 1678 5668 cum

1786 4989 1867 5032 est
1893 4978 2082 5032 deitas.
3173 5043 3179 5049 _

1863 5068 2161 5122 llwretirus.
2210 5068 2392 5123 Denuo
2440 5080 2488 5124 te
2532 5071 2795 5139 interrogo
2833 5068 3034 5124 :‘Pater
3078 5083 3128 5126 et
3174 5073 3335 5128 Filius

1787 5160 1909 5231 quid
1941 5163 2063 5215 est?

1861 5253 2157 5321 Responsio.
2191 5252 2330 5307 Deus
2355 5261 2408 5306 et
2433 5252 2681 5306 Verbum.

1861 5343 2157 5397 Ilwrelt'cus.
2189 5342 2324 5410 Ergo
2354 5358 2459 5396 non
2482 5343 2725 5410 simplex,
2759 5342 2848 5395 sed
2877 5345 3333 5412 compositus-cst,

1785 5435 1904 5504 quia
1938 5436 2048 5502 ipse
2077 5441 2158 5488 est
2185 5443 2239 5487 et
2266 5433 2518 5488 Verbum.

1858 5525 2155 5592 Responsio.
2189 5524 2326 5578 Deus
2346 5533 2622 5590 Operatur,
2656 5531 2745 5577 aut
2778 5538 2878 5577 non
2903 5524 2923 5573 ?
2951 5535 3002 5578 et
3032 5538 3150 5592 qua:
3185 5524 3337 5590 facit,

1789 5611 2050 5667 voluntate
2079 5613 2221 5678 iacit,
2256 5625 2344 5666 aut
2371 5629 2474 5666 non
2501 5614 2523 5664 ‘.'
