3856 6222
608 230 706 284 Eat

685 342 985 396 "a'retii'us.
1021 343 1207 411 Utique
1237 344 1528 399 voluntate.

684 431 980 500 Ιέιτψοηεὶο.
1016 432 1155 500 Ergo
1185 435 1297 500 ipse
1326 445 1408 488 est
1438 446 1491 490 et
1519 435 1759 487 voluntas
1789 449 1802 486 :
1833 442 1888 488 et
1913 442 1996 487 est
2020 449 2166 487 rom-

609 525 809 590 positus
826 522 1110 575 secundum
1130 525 1591 594 interrogationem
1615 534 1776 590 tuam,
1796 541 1898 577 non
1917 528 2160 592 simplex.

680 610 978 664 llwreti’cus.
1028 612 1131 666 Sed
1163 613 1304 667 Deus
1335 616 1384 667 in
1415 614 1709 667 aeternitate
1740 627 1984 676 manens,
2014 615 2162 666 solus

605 714 831 756 arternus
857 713 956 757 est.
986 703 1175 759 Omnia
1203 709 1394 759 etenim
1425 706 1510 773 qui
1538 720 1749 772 semper
1777 715 1858 759 est
1889 723 1900 756 :
1935 706 2027 758 sed
2056 722 2159 758 non

603 803 686 847 est
731 795 908 848 omnia
956 797 1139 860 multa,
1190 797 1282 850 sed
1326 811 1487 849 untun
1517 810 1579 850 ac
1606 795 1829 864 simplex
1877 796 1978 850 hoc
2020 799 2159 865 quod

602 899 814 953 semper
846 887 987 942 Deus
1012 884 1112 944 est.

680 975 980 1044 Responsio.
1030 979 1094 1031 Et
1122 977 1238 1032 ideo
1267 968 1593 1045 impossibile
1621 988 1702 1033 est
1730 980 1963 1047 separari
1996 995 2158 1033 unum

603 1064 670 1117 ab
696 1081 830 1130 uno,
866 1067 914 1120 id
943 1077 1023 1121 est
1063 1067 1251 1122 Filium
1293 1083 1322 1122 a
1368 1069 1672 1134 Patre,-vel
1699 1071 1907 1123 Patrem
1938 1085 1966 1121 a
2001 1069 2155 1123 Filio.

603 1155 822 1223 Propter
854 1159 1176 1212 identitatem
1206 1159 1419 1215 deitatis
1442 1160 1577 1227 dico,
1612 1160 1720 1230 Ego
1742 1170 1788 1213 et
1817 1161 1973 1214 Pater
1999 1177 2158 1212 unum

601 1263 772 1299 sumus
799 1262 818 1300 :
842 1248 964 1300 dum
993 1263 1089 1316 ego
1117 1257 1169 1302 et
1195 1249 1350 1302 Pater
1377 1265 1479 1304 non
1519 1251 1785 1304 solitarius
1827 1252 2156 1319 intelligitur,

509 1357 514 1361 υ
602 1353 769 1404 neque
790 1339 927 1407 quod
955 1356 1110 1394 unum
1136 1355 1341 1404 sumus,
1364 1334 1630 1395 diversum
1654 1343 1899 1396 sentitur.
1927 1342 2158 1395 Dicimus

597 1443 724 1497 ergo
754 1440 1022 1498 paternam
1069 1432 1320 1487 deitatem
1374 1449 1636 1500 nunquam
1668 1435 1892 1488 alienam
1935 1434 2097 1487 fuisse
2126 1449 2155 1486 a

603 1522 816 1588 propria
846 1523 1208 1589 generatione.
1254 1522 1320 1574 Et
1350 1522 1468 1575 ideo
1516 1524 1669 1575 nobis
1720 1537 1934 1590 paterna
1986 1523 2156 1575 deitas

606 1625 700 1674 pro
727 1619 961 1679 tempore
991 1612 1201 1679 quidem
1233 1611 1578 1678 intelligibilis
1612 1611 1858 1676 efﬁcitur,
1892 1613 2002 1679 ipsa
2031 1627 2157 1666 vero

1914 229 2128 283 Ἥϐη.Ιί
2169 229 2536 285 ΤᾹΡΞΙΞΝΞΙΞ
3748 236 3834 289 i9!

2190 349 2242 403 Α
2269 345 2763 407 indcterminabilis,
2806 347 3136 416 simplexque
3164 358 3373 403 natura.
3405 349 3570 415 Quod
3615 362 3745 416 ergo
3770 351 3836 402 io-

2268 437 2594 503 compositus
2635 436 2964 506 simplexque
2993 449 3189 503 manet,
3224 440 3384 492 nullis
3415 439 3641 506 legibus
3671 439 3832 492 deter-

2267 523 2457 576 minari
2487 533 2678 594 potest.
2712 524 2816 579 Sed
2843 528 3104 593 responde
3129 528 3256 580 mihi
3280 527 3644 595 interroganti
3676 539 3833 580 utrum

2264 619 2347 663 est
2376 612 2536 675 Deus,
2569 628 2725 680 quem
2756 614 2871 667 sine
2899 615 3047 668 initio
3062 625 3115 670 et
3138 617 3242 669 ﬁne
3272 632 3485 684 semper
3511 617 3690 671 fuisse
3714 634 3832 670 coin-

2267 715 2533 755 memoras
2558 743 2571 765 ,
2608 704 2674 755 ita
2731 703 3243 761 indeterminabilis?
3287 708 3490 763 Statuis
3540 708 3748 776 quippe
3788 721 3832 761 ut

2266 792 2393 845 nillil
2427 794 2474 846 ei
2509 809 2609 847 non
2638 796 2806 848 solum
2847 798 3137 852 secundum
3167 809 3428 865 naturam,
3461 799 3566 852 sed
3623 815 3726 854 nec
3757 816 3826 853 se-

2262 883 2496 936 cundum
2523 886 2780 945 actionem
2811 895 3012 942 naturae
3036 889 3290 942 accedere
3321 889 3527 956 possit;
3562 889 3638 941 ita
3673 899 3731 940 ut
3750 906 3829 942 nec

2264 975 2501 1028 novellus
2534 975 2710 1039 Pater,
2733 977 2824 1030 sed
2851 993 2947 1032 nec
2971 979 3243 1032 initiabilis
3268 981 3478 1048 genitor
3505 981 3824 1041 declaretur.

2262 1075 2318 1115 ut
2347 1079 2472 1116 vere
2503 1066 3006 1132 indeterminabilis,
3033 1077 3086 1122 et
3115 1083 3216 1122 non
3250 1071 3543 1136 proﬁciens
3579 1085 3820 1136 cognosc:

2263 1155 2450 1220 possit.
2485 1154 2730 1210 Proﬁciet
2762 1157 2940 1225 utique
2965 1159 3008 1209 si
3033 1158 3097 1210 ad
3122 1159 3384 1216 actionem
3410 1160 3653 1213 novella
3682 1175 3826 1227 gene-

2260 1246 2483 1298 rationis
2515 1245 2800 1313 procedere
2831 1246 3065 1309 festinat,
3091 1262 3200 1316 quo
3237 1249 3411 1301 minus
3436 1264 3502 1303 ex
3544 1251 3654 1302 hac
3683 1252 3826 1319 375

2259 1349 2584 1403 cognoscere
2605 1336 2795 1400 valeat,
2828 1336 3111 1403 aliquando
3137 1348 3307 1391 semet
3324 1336 3546 1391 Patrem
3577 1337 3824 1391 futurum.

2258 1428 2423 1483 Nobis
2454 1444 2585 1482 vero
2614 1427 2841 1482 sufﬁciat
2865 1429 2909 1481 is
2934 1429 3021 1495 qui
3050 1428 3103 1480 in
3133 1428 3391 1502 principio
3436 1439 3588 1493 erat,
3623 1439 3680 1482 et
3707 1432 3823 1496 apud

2262 1513 2419 1587 quem
2450 1526 2585 1580 erat,
2616 1518 2862 1584 quoniam
2898 1517 3040 1571 Dens
3071 1517 3206 1585 apud
3237 1518 3403 1571 Deum
3435 1530 3581 1571 erat.
3618 1519 3766 1584 Quod
3792 1519 3824 1568 si

2266 1625 2368 1662 non
2397 1601 2580 1662 natura
2615 1606 2798 1671 Filius,
2830 1623 2929 1662 nec
2958 1619 3104 1662 recte
3135 1609 3287 1662 Pater
3321 1618 3376 1662 et
3407 1609 3579 1662 Filius
3611 1624 3824 1675 pronun-

603 1715 700 1753 nec
723 1702 1059 1771 tempurinec
1077 1702 1294 1755 novitati
1316 1702 1634 1770 subiacebit;
1660 1719 1726 1756 ne
1755 1703 1945 1766 inanis,
1970 1703 2155 1756 velsu-
2187 1700 2232 1760 B
2261 1699 2448 1761 tiatur,
2481 1698 2602 1766 q’nia
2656 1712 2754 1751 nec
2804 1698 3040 1766 genitor,
3096 1713 3194 1752 nec
3241 1703 3451 1766 gen;tus
3509 1700 3823 1752 insinuatur.

599 1792 818 1857 perﬁua,
838 1804 922 1844 aut
941 1804 1086 1846 certe
1107 1790 1388 1860 proﬁciens
1411 1793 1814 1860 paternadeitas
1834 1794 2153 1861 reperiatur.

600 1879 786 1931 Libera
804 1869 998 1932 etenim
1012 1880 1078 1932 ab
1091 1881 1231 1932 omni
1246 1881 1516 1948 qualitate,
1529 1881 1593 1935 ab
1607 1882 1748 1934 omni
1767 1881 2156 1950 quantitate,ab

594 1973 737 2022 omni
753 1969 995 2035 exordio,
1016 1970 1084 2023 ab
1095 1971 1236 2023 omni
1251 1971 1654 2039 compositione.
1671 1971 1772 2026 Sed
1789 1987 1905 2025 cum
1921 1972 2155 2040 genitum

594 2062 911 2129 appellatur,
941 2063 1072 2116 nihil
1098 2063 1237 2116 aliud
1263 2077 1421 2132 quam
1453 2063 1662 2116 Patrem
1692 2072 1746 2117 et
1766 2063 1957 2117 Filium
1987 2061 2154 2132 signi-

595 2155 754 2206 ticare
781 2163 1127 2207 monstratur.
1157 2154 1297 2207 Nihil
1324 2155 1464 2208 enim
1498 2163 1601 2207 tam
1627 2155 1844 2224 impium
1876 2171 2032 2225 quam
2062 2156 2156 2211 Dei

596 2243 782 2296 Filium
809 2243 1098 2311 appellare.
1129 2253 1184 2298 et
1216 2245 1380 2298 Deum
1403 2259 1584 2298 verum
1615 2259 1805 2313 negare
1832 2263 1844 2297 :
1876 2261 2031 2314 quam
2058 2246 2156 2300 Pa-

592 2344 726 2387 trem
773 2333 954 2401 loqui,
1004 2345 1058 2388 et
1106 2335 1222 2388 sine
1270 2337 1612 2402 generatione
1657 2335 1865 2388 Patrem
1889 2337 2151 2391 conﬁteri.

591 2425 950 2490 Quodcunque
977 2425 1173 2478 etenim
1198 2439 1301 2477 non
1333 2425 1400 2477 ita
1415 2425 1673 2478 exstiterit
1696 2435 1749 2477 ut
1766 2425 1903 2479 Deus
1924 2425 2155 2480 existere

591 2516 769 2576 debet.
821 2516 960 2568 Deus
1007 2516 1149 2570 credi
1182 2515 1345 2587 274
1372 2530 1474 2569 non
1510 2515 1687 2569 debet.
1737 2515 1848 2584 Ego
1893 2533 2008 2569 sum
2059 2515 2149 2586 qui

590 2618 748 2657 sum:
781 2606 872 2658 sed
906 2620 1008 2656 non
1041 2620 1156 2657 sum
1183 2613 1446 2658 mutatus:
1481 2614 1535 2658 et
1574 2603 1692 2658 ideo
1731 2605 1874 2672 quod
1917 2604 2154 2658 divinum

591 2703 674 2746 est
702 2694 966 2747 immutari
994 2708 1100 2748 non
1131 2703 1335 2762 potest;
1376 2708 1443 2747 ne
1489 2708 1595 2747 non
1645 2695 1716 2748 sit
1754 2693 1896 2763 quod
1943 2709 2157 2760 semper

589 2791 691 2835 est.
728 2782 1040 2837 ltnmutatur
1067 2792 1244 2837 autem
1275 2797 1305 2836 a
1332 2799 1425 2837 sua
1455 2783 1815 2852 simplicitate,
1841 2784 1884 2837 si
1917 2784 2155 2839 novellus

599 2873 756 2929 Pater
779 2884 897 2936 est;
929 2876 972 2928 si
999 2875 1067 2927 ab
1093 2877 1388 2928 aeternitate
1409 2888 1528 2928 cum
1560 2876 1675 2944 ipso
1717 2884 1800 2939 est
1822 2916 1836 2939 ,
1869 2885 1923 2928 et
1951 2875 2004 2927 in
2031 2875 2148 2943 ipso

594 2962 761 3017 Filius
788 2977 889 3017 non
916 2973 998 3017 est
1022 2982 1035 3015 :
1066 2973 1121 3018 et
1162 2974 1245 3018 est
1274 2964 1564 3028 mutabilis,
1603 2964 1646 3017 si
1679 2978 1781 3017 non
1812 2976 1997 3018 natura
2018 3003 2035 3031 ,
2061 2964 2153 3019 sed

589 3057 879 3120 voluntate,
914 3066 1034 3125 post
1057 3066 1294 3110 naturam
1326 3056 1510 3125 genuit
1536 3055 1750 3108 Filium.

662 3144 964 3198 Hiereticus.
994 3145 1101 3200 Sed
1133 3146 1305 3200 solum
1345 3144 1639 3214 sapientem
1676 3155 1728 3198 et
1755 3152 2022 3214 potentem
2053 3145 2150 3197 Pa-

589 3245 727 3289 trem
753 3237 899 3291 credi
925 3236 1140 3290 debere.

659 3331 964 3399 Responsio.
990 3329 1046 3384 Si
1076 3343 1196 3383 cum
1236 3336 1292 3382 et
1318 3327 1506 3381 Filium
1535 3325 1690 3380 simul
1728 3340 1845 3379 cum
1877 3325 2030 3380 Patre
2061 3342 2148 3378 ve-

587 3422 814 3486 neraris,
848 3419 990 3473 Patri
1011 3420 1247 3473 detrahis
1270 3420 1358 3489 qui
1388 3419 1546 3472 simul
1577 3433 1695 3473 eum
1725 3417 1839 3485 ipso
1867 3419 2042 3470 minus
2062 3437 2145 3470 sa-

589 3494 816 3582 pientem
867 3512 1162 3566 veneraris.
1191 3509 1290 3577 Qui
1335 3509 1380 3564 si
1430 3510 1590 3578 igitur
1633 3509 1806 3563 minus
1853 3509 2146 3575 sapientem

592 3605 856 3672 decernis,
888 3605 1067 3672 utique
1102 3617 1199 3656 nec
1229 3603 1417 3664 Deum,
1449 3615 1546 3655 nec
1573 3600 1762 3654 Filium
1785 3600 1874 3653 Dei
1906 3614 2147 3653 asserere

587 3695 770 3747 debes.
801 3693 948 3758 Quod
986 3694 1030 3745 si
1059 3693 1214 3760 plene
1239 3691 1532 3759 sapientem
1557 3691 1773 3756 asseris,
1805 3697 1947 3744 recte
1981 3689 2144 3743 Deum

587 3786 666 3837 vel
698 3785 884 3837 Filium
912 3784 1119 3838 delinis.

657 3873 955 3926 Ila’reticus.
995 3875 1097 3928 Sed
1129 3873 1318 3926 Filium
1343 3888 1372 3926 a
1406 3871 1559 3925 Patre
1586 3872 1774 3925 mutari
1808 3872 2142 3927 manifestum

586 3974 685 4025 est,
719 3964 926 4017 Patrem
955 3979 1083 4018 vero
1108 3978 1136 4014 a
1169 3963 1306 4016 Filio
1338 3965 1524 4016 mutari
1557 3978 1661 4016 non
1694 3977 1870 4031 posse.
2096 4034 2103 4041 _

658 4053 954 4123 Responsio.
1003 4055 1058 4106 Si
1092 4055 1163 4105 ita
1191 4065 1305 4116 est,
1335 4068 1519 4121 qumro
1549 4065 1722 4105 utrum
1763 4053 1917 4107 Pater
1948 4054 2142 4121 imper-

586 4144 778 4197 fectum
810 4142 999 4196 Filium
1030 4143 1294 4210 genuerit,
1317 4155 1726 4211 suspectumque
1752 4129 2031 4207 dimiserit,
2058 4143 2143 4196 cui

585 4233 835 4299 deinceps
879 4246 983 4285 non
1031 4241 1135 4285 tam
1182 4231 1437 4300 genitoris
1465 4233 1674 4300 ofﬁcio,
1718 4248 1874 4300 quam
1907 4233 2142 4301 magistri

596 4323 818 4392 imperio
868 4323 1163 4375 rudimenta
1196 4323 1470 4390 sapientiae
1501 4323 1771 4389 impertire
1817 4323 2138 4392 dignaretur.

2261 1791 2410 1855 Quod
2459 1789 2501 1842 si
2536 1788 2806 1856 plenitudo
2833 1787 3126 1863 divinitatis
3178 1789 3472 1841 secundum
3510 1788 3738 1841 Paulum
3779 1790 3818 1836 in

2260 1880 2397 1934 Filio
2428 1878 2670 1942 habetur,
2703 1892 2799 1931 cur
2849 1877 2986 1931 Deus
3019 1877 3360 1944 plenitudinis
3392 1877 3675 1945 negatur?
3706 1879 3819 1931 Etsi

2258 1973 2308 2026 in
2335 1987 2400 2026 eo
2427 1987 2617 2026 omnes
2663 1969 2895 2024 thesauri
2943 1970 3215 2038 sapientiae
3245 1979 3300 2024 et
3326 1970 3574 2024 scientia:
3613 1970 3816 2023 absenti.

2258 2065 2355 2118 diti
2390 2065 2667 2128 habentur,
2717 2077 2810 2116 cur
2834 2061 2975 2116 Deus
3005 2063 3218 2130 ignarus
3244 2062 3668 2130 pronuntiatur?
3699 2062 3758 2114 Et
3783 2062 3818 2113 si

2257 2155 2492 2209 Verbum
2521 2154 2572 2207 in
2600 2152 2877 2221 principio,
2921 2162 2972 2205 et
3001 2151 3138 2218 apud
3180 2151 3344 2205 Deum
3396 2151 3543 2204 Dens
3577 2151 3811 2210 habetur,

2268 2260 2364 2298 cur
2391 2245 2529 2297 Deus
2559 2243 2806 2296 naturalis
2839 2255 2940 2294 non
2972 2241 3238 2294 creditur?
3266 2241 3418 2295 Absit
3445 2251 3632 2294 autem
3667 2256 3694 2292 a
3730 2241 3813 2292 lida

2255 2336 2569 2405 apostolica,
2595 2345 2652 2388 ut
2679 2336 2730 2387 in
2759 2332 2876 2386 Filii
2907 2334 3252 2403 generatione
3274 2342 3364 2384 aut
3404 2345 3676 2401 augeatur
3701 2332 3810 2382 divi-

2258 2431 2423 2481 nitate
2451 2428 2589 2495 quoll
2613 2426 2767 2479 Pater
2788 2435 2891 2488 est,
2921 2433 3010 2478 aut
3037 2425 3304 2478 minuatur
3325 2439 3394 2476 ne
3419 2424 3584 2476 Pater
3609 2424 3696 2476 sit.
3724 2423 3808 2476 Sed

2257 2536 2354 2575 nec
2406 2531 2560 2572 natus
2592 2519 2986 2585 provectionem
3037 2513 3284 2576 sustinet,
3311 2513 3404 2566 sed
3437 2527 3541 2566 nec
3566 2526 3808 2580 generatos

2257 2609 2679 2664 diminutionem.

2326 2701 2628 2755 threticus.
2650 2698 2924 2766 Quomodo
2954 2699 3097 2752 enim
3127 2695 3462 2751 nativitatem
3488 2692 3807 2757 sempiterni-

2256 2793 2352 2846 tati
2395 2790 2701 2862 conjungis',
2729 2789 2850 2842 dum
2883 2786 3131 2841 nativitas
3162 2783 3426 2854 posterior
3463 2783 3539 2835 sit
3566 2797 3597 2834 a
3625 2781 3802 2848 sempi-

2256 2883 2504 2937 ternitate
2524 2883 2546 2934 τ

2328 2974 2652 3028 Athanasius.
2708 2971 2909 3025 Revera
2939 2969 3086 3039 quasi
3130 2967 3274 3036 prius
3312 2974 3611 3032 conceptus
3647 2961 3710 3015 de
3733 2976 3798 3013 se-

2176 3055 2221 3116 C
2253 3068 2394 3120 mine
2419 3110 2433 3134 ,
2463 3075 2552 3118 aut
2579 3063 2883 3131 coagulatus
2914 3064 2967 3114 in
3001 3071 3182 3114 ventre
3219 3058 3320 3122 sit,
3366 3071 3488 3110 cum
3544 3055 3798 3120 Scriptura

2250 3157 2425 3215 dicat;
2457 3155 2837 3209 Generationem
2863 3162 3030 3204 autem
3082 3155 3192 3220 ejus
3235 3150 3348 3218 quis
3375 3147 3636 3201 enarrabit
3677 3146 3795 3211 (Act.

2252 3261 2379 3309 vin,
2413 3245 2533 3314 δεμ
2560 3243 2688 3297 Nam
2736 3252 2788 3295 et
2825 3240 3098 3309 generanti
3129 3241 3443 3293 calumniam
3481 3235 3645 3310 facis,
3669 3236 3796 3303 quasi

2250 3338 2297 3391 ei
2337 3337 2624 3403 arcesserit
2663 3343 2714 3385 ut
2737 3341 3028 3400 generaret.
3066 3330 3216 3396 Quod
3243 3329 3284 3381 si
3316 3327 3544 3380 accessit
3573 3326 3645 3378 illi
3675 3325 3793 3390 quod

2247 3435 2368 3478 ante
2398 3440 2499 3476 non
2534 3423 2734 3486 habuit,
2771 3424 3110 3502 imperfectus
3156 3419 3458 3471 invenitur:
3498 3417 3545 3470 si
3577 3429 3679 3469 non
3725 3427 3792 3466 ac-

2248 3514 2436 3576 cessit,
2468 3512 2819 3579 sempiternus
2864 3525 2985 3562 cum
3016 3508 3346 3576 sempiterno
3375 3505 3428 3558 in
3475 3503 3789 3572 sempiterni-

2248 3613 2355 3655 tate
2382 3603 2539 3654 luisse
2567 3601 2848 3668 reperitur.
2881 3599 2955 3652 De
2979 3595 3400 3664 sempiternitate
3428 3592 3546 3648 Filii
3574 3592 3692 3645 audi
3714 3607 3788 3656 per

2250 3689 2408 3742 David
2454 3689 2638 3743 Filium
2670 3689 2734 3742 ad
2776 3688 2982 3741 Patrem
3030 3688 3190 3739 verba
3239 3684 3523 3738 facientem
3561 3701 3572 3736 :
3619 3681 3680 3734 Et
3713 3696 3789 3748 ego

2245 3798 2438 3849 semper
2468 3791 2628 3834 tecum
2653 3795 2671 3833 :
2698 3782 2896 3833 tenuisti
2934 3795 3142 3830 manum
3171 3794 3334 3830 meam
3373 3778 3651 3839 dexteram,
3679 3783 3719 3826 et
3747 3775 3786 3822 in

2245 3876 2501 3925 voluntate
2530 3883 2617 3924 tua
2645 3873 2916 3936 deduxisti,
2959 3883 3006 3924 et
3045 3886 3158 3921 cum
3197 3871 3360 3938 gloria
3389 3868 3700 3936 assumpsisti
3724 3880 3787 3914 me

2247 3961 2414 4032 (Psal.
2446 3978 2606 4024 Lxxn,
2634 3962 2747 4031 25).
2781 3962 2909 4014 ltcm
2961 3961 3119 4013 David
3149 3975 3164 4012 :
3196 3959 3383 4011 Tecum
3415 3957 3710 4026 principium
3736 3956 3777 4003 in

2245 4058 2328 4109 die
2357 4056 2554 4108 virtutis
2575 4065 2676 4107 tute
2698 4095 2712 4118 ,
2743 4054 2791 4105 in
2837 4052 3184 4120 splendoribus
3228 4061 3548 4114 sanctorum,
3578 4064 3638 4101 ei:
3664 4056 3783 4098 utero

2244 4159 2356 4202 ante
2389 4147 2658 4216 luciferum
2687 4146 2836 4216 genui
2861 4156 2906 4198 te
2927 4143 3108 4215 ,(Psat.
3137 4158 3241 4207 CIX,
3269 4143 3344 4206 5).

2317 4237 2614 4297 Πιενειὶεω.
2648 4235 2866 4303 lngeniti
2919 4248 3110 4288 nomen
3168 4231 3362 4294 Patris,
3393 4239 3449 4284 et
3470 4228 3610 4292 ,Filii
3639 4225 3777 4294 geniti

2244 4329 2499 4396 appellas.
2529 4327 2665 4392 Quid
2697 4327 2764 4380 de
2785 4325 2978 4394 Spiritu
3010 4332 3193 4380 sancto
3214 4323 3477 4386 dicturus,
3508 4322 3591 4389 qui
3621 4319 3775 4380 uti-pie

588 4411 680 4463 Est
711 4424 838 4478 ergo
884 4411 964 4463 vel
998 4411 1138 4478 quod
1173 4409 1308 4464 Deus
1346 4410 1501 4465 Pater
1531 4411 1759 4479 perfecte
1788 4414 1999 4476 sapiens
2043 4414 2140 4466 do-
2172 4409 2221 4468 D
2246 4419 2296 4472 in
2330 4419 2485 4471 tertio
2515 4416 2683 4486 gradu
2718 4416 2959 4483 ponitur,
2994 4415 3046 4467 in
3080 4411 3365 4479 scripturis
3412 4413 3640 4479 genitum
3673 4421 3773 4459 eum

587 4516 709 4554 cere
735 4499 960 4564 debeat;
985 4510 1068 4554 est
1089 4510 1142 4554 et
1184 4501 1324 4569 quod
1367 4501 1507 4555 Deus
1534 4502 1697 4556 Filius
1727 4503 2035 4570 imperfecte
2060 4518 2144 4557 sa-

586 4593 739 4660 piens
766 4592 972 4645 discere
1008 4595 1208 4662 possit,
1245 4602 1297 4646 et
1326 4594 1590 4660 quomodo
1633 4597 1807 4648 omnia
1838 4610 1959 4664 qua:
1990 4595 2145 4651 Pater

585 4683 745 4736 habet
769 4681 892 4736 Filii
917 4691 1059 4748 sunt,
1091 4682 1137 4735 si
1175 4696 1279 4735 non
1309 4683 1545 4751 perfecte
1575 4684 1731 4752 sapit,
1760 4686 1839 4739 vel
1869 4684 2023 4750 plene
2051 4701 2141 4752 po-

586 4773 726 4828 test?
754 4774 1030 4837 Quomodo
1062 4775 1111 4828 in
1146 4773 1280 4828 Filio
1305 4791 1487 4830 omnes
1518 4777 1750 4828 thesauri
1791 4778 2064 4842 sapientia:
2090 4787 2143 4830 et

587 4867 823 4919 scientia!
853 4866 1457 4934 deprehenduntur?vel
1481 4867 1618 4936 Deus
1648 4881 1806 4936 super
1834 4870 2009 4920 omnia
2043 4885 2139 4921 no-

585 4957 860 5009 mittatur?

658 5045 959 5098 "metiens.
987 5044 1088 5098 Sed
1132 5047 1301 5098 solum
1337 5046 1501 5100 Deum
1550 5047 1757 5100 Patrem
1799 5047 1914 5100 sine
1960 5047 2138 5110 initio,

582 5137 700 5190 sine
728 5137 953 5204 origine,
985 5136 1274 5203 simplicem
1300 5153 1509 5207 quoque
1545 5149 1600 5193 et
1627 5139 2138 5192 indetermiuabilem

583 5230 829 5297 cognosci
873 5228 1084 5281 debere.
1117 5229 1491 5295 Operationem
1523 5243 1653 5281 vero
1696 5229 1832 5296 ejus,
1870 5230 1918 5281 id
1943 5239 2024 5282 est
2055 5228 2138 5282 Fi-

586 5320 731 5380 lium,
757 5334 925 5381 neque
953 5322 1066 5372 sine
1093 5317 1193 5370 ﬁne
1219 5320 1434 5389 intelligi
1466 5329 1739 5389 Oportere:
1771 5321 1997 5373 maxime
2019 5335 2136 5372 cum

585 5423 741 5460 omne
773 5423 904 5475 opus
933 5419 984 5460 et
1020 5410 1220 5461 initium
1254 5413 1537 5473 susunrat,
1587 5423 1637 5464 et
1669 5412 1768 5463 ﬁne
1811 5425 1994 5463 carere
2033 5427 2135 5462 non

593 5502 778 5564 possit.

661 5591 983 5642 Athanasius.
1021 5591 1123 5646 Iloc
1166 5596 1321 5647 etiam
1359 5609 1451 5648 lOS
1492 5599 1680 5650 evntitc
1705 5613 1799 5648 ttltt‘
1835 5613 1846 5646 :
1881 5604 1956 5646 est
1988 5597 2128 5646 enim

2242 4507 2515 4562 conﬁteris
2535 4548 2550 4570 ,
2581 4515 2672 4559 aut
2704 4507 2991 4574 ingenitum
3039 4502 3316 4572 appellas?
3342 4502 3399 4557 Si
3428 4503 3655 4568 genitus,
3681 4497 3769 4563 jam

2244 4617 2349 4656 non
2377 4613 2460 4655 est
2489 4601 2786 4667 unigenitus
2830 4598 3014 4662 Filius,
3043 4613 3108 4651 eo
3127 4597 3267 4666 quod
3306 4597 3376 4649 sit
3403 4602 3462 4648 et
3487 4593 3618 4646 alter
3643 4600 3772 4640 natus

2243 4692 2308 4745 de
2340 4692 2516 4745 Patre.
2548 4691 2600 4743 Si
2635 4705 2738 4742 non
2777 4699 2853 4742 est
2887 4697 3058 4750 natus,
3085 4695 3166 4740 est
3194 4689 3375 4753 utique
3403 4693 3463 4738 et
3488 4682 3615 4734 alter
3649 4678 3768 4741 inge-

2245 4785 2417 4846 nitus,
2447 4791 2498 4833 et
2524 4781 2631 4848 jam
2683 4795 2785 4832 non
2819 4792 2902 4832 εει
2934 4792 3065 4830 unus
3099 4777 3236 4829 Deus
3267 4776 3423 4828 Pater
3455 4790 3516 4826 ex
3560 4783 3653 4836 quo
3676 4782 3767 4818 om-

2243 4874 2362 4934 nia,
2392 4871 2484 4924 sed
2527 4871 2629 4922 duo
2662 4878 2784 4921 sunt
2815 4879 3006 4936 patres.
3060 4866 3207 4931 Quod
3248 4867 3289 4918 si
3322 4881 3496 4932 neque
3542 4870 3678 4912 natus
3714 4855 3765 4905 de

2244 4962 2397 5013 Patre
2424 4971 2503 5012 est
2551 4958 2814 5025 Spiritus,
2845 4973 3012 5025 neque
3055 4971 3156 5009 non
3196 4958 3440 5024 genitus,
3477 4960 3696 5020 ξυνα-εει
3721 4959 3764 4997 ιιι

2242 5059 2479 5102 creatura
2511 5049 2736 5108 (litatur.

2317 5139 2645 5191 Athanasius.
2678 5137 2733 5191 Si
2762 5137 3048 5204 Scripturis
3098 5136 3301 5188 Domini
3341 5135 3425 5188 vel
3475 5136 3677 5188 Domino
3701 5131 3759 5180 lo-

2244 5229 2425 5299 quenti
2456 5227 2724 5290 crederes,
2757 5241 3019 5292 nunquam
3049 5236 3340 5278 creatorem
3370 5224 3619 5279 creaturis
3637 5235 3758 5272 eom-

2243 5335 2455 5387 parares
2483 5363 2496 5384 ,
2545 5333 2663 5371 cum
2709 5317 2940 5384 legeris:
2995 5315 3154 5367 Verbo
3197 5314 3404 5367 Domini
3457 5315 3558 5368 caeli
3603 5308 3756 5376 ﬁiniati

2240 5420 2387 5469 sunt,
2423 5421 2466 5461 et
2500 5408 2694 5475 Spiritu
2725 5411 2825 5458 oris
2877 5411 2983 5471 eius
3011 5408 3172 5457 omnis
3220 5407 3381 5474 276
3428 5408 3577 5457 t'iitus
3616 5415 3756 5453 (orm

2245 5501 2412 5568 (Psnl.
2450 5515 2614 5560 xxxii,
2660 5498 2732 5562 ﬁ).
2769 5498 2891 5549 ltein
2921 5499 3031 5564 ipse
3064 5497 3222 5548 David
3259 5515 3266 5545 :
3303 5495 3510 5548 lfmittcs
3542 5493 3752 5560 Spiritam

2240 5608 2431 5659 eorum,
2477 5591 2846 5663 (ιρι-ι’(εὺιέηιιω-
2877 5589 3044 5656 (Peril.
3075 5603 3191 5652 cm,
3227 5589 3339 5656 50).
3385 5589 3564 5641 Audivi
3591 5590 3637 5636 cl
3672 5580 3748 5631 Γλ-
