3856 6222
56 262 157 314 9‘35

1298 243 1378 300 DE
1416 240 1780 295 TRINITATE
1820 237 1944 292 LIB.
1987 236 2053 290 Χ.

3177 229 3277 284 991

58 386 187 424 trem
223 369 538 435 loquentem
565 381 576 412 ι
609 360 833 430 Spiritus
861 371 922 409 ex
951 369 1027 408 me
1066 352 1256 422 prodiit
1297 351 1448 422 (lsai.
1499 365 1624 411 LVII,
1656 352 1704 411 Α
1734 365 1922 402 nomen
1952 344 2241 399 divinitatis
2266 355 2505 412 negatur,
2539 343 2688 412 cujus
2712 349 2945 417 potestas
2970 357 3075 397 non
3107 355 3280 412 putest

59 465 161 523 l6).
209 463 347 513 Item
398 461 510 524 ipsc
549 470 640 522 per
685 451 801 507 Joel
852 449 1205 518 prophetam:
1239 443 1518 510 E/l'uudam
1567 440 1639 492 de

64 553 262 616 Spiritu
302 565 419 609 meo
445 563 596 608 super
640 558 833 595 omnem
869 555 1066 593 carnem
1114 535 1278 606 (Joel.
1324 548 1386 594 tt,
1419 531 1531 599 28).
1563 529 1630 583 Et

65 642 324 695 llortiinus
371 640 422 690 in
454 634 739 703 Evangelio
784 630 1038 699 apostolis
1058 627 1186 680 dicit
1212 643 1226 680 :
1253 623 1455 676 Mittunt
1493 621 1629 674 vobis

62 753 90 784 (ι
121 733 278 785 Patre
333 745 446 781 meo
489 726 828 789 Paracletunt,
874 723 1122 789 Spiritum
1163 719 1423 771 veritatis:
1451 717 1532 768 hic
1568 715 1633 767 de

69 825 218 876 Patre
246 819 506 885 procedit,
530 828 576 870 et
602 820 798 868 demeo
823 812 1013 879 accepit
1045 810 1224 878 (Ionii.
1268 824 1355 871 xv,
1384 806 1488 870 26;
1521 820 1626 870 xw,

66 913 168 979 It).
203 908 504 964 Sufficeret
540 907 753 975 quidem
787 903 1029 956 fidelibus
1059 902 1158 954 hoc
1186 902 1354 965 ipsum
1377 899 1632 961 credere,

67 1004 181 1066 quia
207 1000 390 1053 Filius
409 999 618 1067 genitus
639 1002 749 1048 cst:
773 994 1002 1061 Spiritus
1025 1001 1201 1044 autem
1233 990 1300 1042 de
1330 989 1487 1042 Patre
1512 1001 1634 1054 pro—

68 1091 260 1144 cedens
285 1102 398 1154 est,
418 1088 568 1154 cujus
591 1088 861 1152 processio
881 1082 1052 1150 qualis
1073 1088 1164 1133 aut
1178 1086 1368 1147 quanta
1391 1078 1478 1138 sit,
1503 1077 1632 1129 nulli

75 1181 393 1232 conceditur
420 1177 578 1236 scire,
601 1180 736 1228 sicut
760 1183 813 1228 et
835 1173 900 1226 de
927 1171 1061 1225 Filio
1094 1171 1290 1224 dictum
1323 1179 1403 1222 est
1430 1185 1444 1219 :
1472 1166 1634 1219 Gene-

71 1272 318 1320 rationem
343 1277 514 1317 autem
535 1267 641 1334 ejus
659 1264 771 1329 quis
799 1263 1049 1316 enarrabit
1073 1249 1210 1329 (Act.
1242 1273 1357 1321 VIII,
1380 1256 1507 1323 5'5)?
1529 1254 1634 1308 Sed

74 1361 269 1414 arctius
300 1368 523 1425 propter
545 1355 842 1409 incredulos
862 1351 1230 1420 requirendum
1261 1361 1361 1413 est,
1394 1357 1449 1403 et
1475 1348 1638 1402 inter-

77 1448 284 1516 roganti
313 1447 448 1499 milti
481 1446 762 1512 responde.

143 1537 462 1590 Hernicus.
502 1533 831 1600 Respondeo.

144 1627 488 1681 Athanasius.
526 1625 683 1678 Certe
711 1620 980 1692 confiteris
1012 1620 1174 1672 Deum
1206 1632 1324 1693 esse
1351 1627 1403 1671 et
1429 1624 1637 1670 creato-
1689 1609 1693 1613 ’

1731 436 2000 504 abnegari.
2036 435 2125 486 Est
2153 445 2207 488 et
2234 433 2384 497 illud,
2434 433 2574 502 quod
2621 430 2794 485 omnis
2823 442 3065 485 creatura
3115 446 3277 502 capax

1732 533 1814 578 est
1835 524 2131 577 divinarmn
2159 525 2434 587 virtutum,
2458 531 2512 575 et
2539 531 2652 590 eget
2692 522 2859 596 gloria
2891 521 3018 577 Dei:
3050 521 3282 589 Spiritus

1731 615 1871 666 enim
1900 612 2155 680 capabilis
2179 625 2293 679 est,
2327 628 2430 665 non
2458 625 2625 679 cuan
2645 653 2661 676 ,
2690 622 2742 664 et
2771 611 2968 665 nullius
3011 619 3157 678 eget,
3184 611 3280 665 sed

1732 701 2009 771 egentibus
2029 714 2087 755 se
2109 701 2323 768 largiter
2350 700 2595 753 infundit.
2621 698 2748 751 Nam
2775 699 2840 752 de
2867 698 3004 752 Filio
3021 699 3280 771 scriptum

1733 802 1814 843 est
1835 809 1846 841 :
1869 790 2191 862 Unguentum
2211 790 2424 856 e/fusum
2441 776 2783 844 nouten'tuum
2805 790 2973 856 (Cant.
2993 805 3033 856 I,
3052 788 3131 859 3).
3155 790 3283 843 Item

1735 879 1801 933 de
1828 881 2025 947 Spiritu
2065 891 2251 932 sancto
2282 881 2426 934 Deua
2452 882 2679 948 loquitur
2707 895 2722 934 :
2757 877 3034 944 E/fundam
3066 882 3129 932 de
3155 879 3284 948 Spi-

1735 969 1838 1020 ritu
1866 986 1972 1022 nteo
2002 988 2150 1040 super
2175 954 2370 1023 omnem
2414 975 2610 1023 carnem
2643 970 2799 1040 (Joel.
2831 986 2891 1035 II,
2918 955 3034 1038 2'8).
3064 970 3159 1024 Ubi
3188 970 3287 1023 ali-

1735 1061 1946 1142 quando
1975 1060 2179 1128 legisti:
2213 1060 2488 1113 Ltlundam
2516 1060 2758 1128 angelum
2781 1074 2990 1124 meum,
3017 1059 3100 1137 vel
3129 1059 3284 1112 aliam

1738 1137 2032 1216 quamlibet
2055 1152 2350 1205 cmlcstinm
2376 1150 2738 1206 creaturarum
2775 1151 2908 1204 sicut
2937 1151 3004 1204 de
3042 1130 3241 1218 Spiritu
3265 1150 3287 1200 ἲ

1739 1239 2270 1312 Legimus'repletos
2316 1257 2527 1312 quoque
2572 1242 2732 1296 fuisse
2778 1241 3042 1308 apostolos
3088 1239 3287 1308 Spiritu

1737 1345 1940 1399 sancto,
1975 1345 2028 1389 et
2055 1350 2212 1408 quam
2263 1347 2520 1389 terrarum
2552 1344 2751 1402 partem
2789 1333 2857 1387 ob
2886 1331 3287 1386 aediﬁcationem

1743 1438 1995 1492 Ecclesiae
2025 1435 2386 1502 unusquisque
2421 1434 2647 1501 agebat,
2686 1447 2805 1484 cum
2847 1429 3066 1498 singulis
3109 1428 3290 1496 utiquu

1743 1539 1883 1582 totus
1930 1541 2063 1580 erat.
2097 1526 2284 1592 Angeli
2315 1539 2432 1579 com
2466 1524 2686 1591 singulis
2729 1522 2917 1590 singuli
2940 1529 3090 1582 sunt,
3122 1528 3177 1573 ct
3204 1519 3290 1573 ubi

1742 1623 1986 1684 mittitur,
2016 1619 2140 1671 dum
2169 1617 2236 1670 ibi
2259 1626 2359 1680 est,
2383 1615 2505 1669 alibi
2532 1617 2709 1683 utique
2729 1613 2898 1667 deest.
2926 1611 3158 1680 Spiritus
3173 1625 3290 1664 cunt

79 1733 185 1772 rem
207 1761 224 1784 ,
251 1719 303 1769 id
354 1725 442 1768 est
487 1712 816 1766 conditorem
856 1725 1031 1764 rerum
1062 1709 1333 1772 omnium.
1374 1714 1429 1760 ει
1475 1706 1541 1758 ab
1577 1720 1644 1759 eo
1674 1712 1720 1770 B
1745 1712 1993 1765 omnibus
2021 1709 2218 1776 ubique
2248 1718 2388 1760 totus
2415 1717 2526 1770 est,
2570 1704 2712 1774 quod
2743 1719 2846 1759 non
2877 1702 2978 1756 nisi
3006 1703 3169 1754 solius
3199 1700 3291 1754 Dei

83 1807 381 1866 conditum,
408 1804 605 1857 niIIilve
631 1800 881 1855 medium.

150 1896 442 1950 "(creticus
488 1891 623 1958 Quid
645 1889 902 1944 conﬁteor
929 1887 1068 1956 quod
1096 1886 1290 1954 ambigi
1315 1873 1419 1938 non
1444 1884 1646 1952 potest?

149 1983 487 2037 Athanasius.
509 1977 870 2034 Convertibile
895 1990 1052 2031 omne
1072 1974 1367 2039 cotiditum,
1403 1973 1521 2040 quia
1547 1972 1644 2024 ini-

85 2076 208 2128 tium
267 2073 466 2137 babet,
512 2079 564 2122 et
613 2068 718 2122 line
769 2080 874 2119 non
918 2073 1083 2118 caret.
1143 2061 1545 2116 IncOnvertibile
1593 2070 1649 2113 et

80 2148 519 2216 incommutabile
543 2170 699 2210 omne
725 2152 866 2223 quod
893 2163 1153 2206 aeternum
1183 2161 1284 2212 est,
1315 2163 1413 2203 nec
1436 2147 1643 2201 initium

90 2250 304 2314 habere,
341 2261 440 2301 nec
471 2247 625 2298 tinem
655 2241 968 2296 confiteris?

157 2326 465 2380 Baeticus.
493 2322 681 2390 Utique
710 2321 788 2373 sic
816 2319 922 2378 aio,
954 2317 1078 2383 quia
1103 2325 1184 2369 sic
1223 2314 1398 2369 habet.

161 2416 492 2468 Athanasius.
509 2410 730 2465 Creator
740 2407 997 2462 creaturis
1009 2404 1421 2465 commiscibilis,
1438 2419 1503 2456 an
1520 2403 1648 2455 non?

163 2504 466 2558 Hmeticus.
490 2499 858 2553 Communicat
880 2496 1092 2564 quidem
1140 2506 1397 2547 creatum
1440 2503 1609 2546 semet
1631 2531 1646 2556 ,

100 2595 345 2648 miscetur
376 2603 553 2645 tamen
583 2599 870 2655 nunquam,
896 2599 963 2638 ne
1003 2581 1268 2636 mutabilis
1294 2590 1348 2634 et
1388 2583 1651 2633 cooverti-

101 2683 232 2746 bilis,
255 2690 309 2739 et
331 2678 684 2746 corruptionis
708 2677 971 2743 particeps
997 2686 1118 2726 esse
1148 2671 1460 2738 reperiatur.

162 2761 490 2822 Athanasius.
526 2765 689 2819 Recte
713 2763 917 2816 dixisti.
957 2761 1024 2813 Et
1046 2757 1318 2827 quomodo
1357 2758 1488 2825 legis
1511 2763 1648 2822 :‘Jte,

104 2859 342 2925 baptisate
371 2870 560 2909 omnes.
587 2862 754 2922 gentes
778 2852 832 2903 in
864 2851 1064 2904 nomine
1094 2847 1286 2916 Patris,
1327 2857 1374 2902 et
1418 2845 1574 2913 Filii,
1604 2857 1668 2907 et,

105 2946 322 3010 Spiritus
349 2944 511 2997 sancti
543 2939 755 3012 (Matth.
800 2953 985 3001 nvut,
1036 2937 1166 3007 £9)?
1195 2937 1252 2992 Si
1297 2947 1538 2989 creatura
1559 2949 1652 3007 Διςδι

108 3034 324 3101 Spirits
341 3042 577 3095 sanctus,
594 3029 858 3098 quomodo
876 3028 934 3082 CI
947 3029 1114 3083 eatori
1140 3028 1318 3080 unitur
1338 3029 1387 3080 in
1415 3012 1648 3091 nomine,

113 3124 158 3174 in
183 3124 403 3188 virtute,
447 3121 500 3174 in
549 3118 941 3186 redemptione,
993 3116 1045 3168 in
1090 3114 1537 3168 satietiticatione?
1588 3115 1653 3168 Et

113 3225 256 3278 quem
283 3221 338 3264 tu
366 3212 418 3263 iu
445 3205 600 3262 tertio
625 3207 742 3261 loco
761 3205 1022 3261 nominari
1054 3216 1225 3272 putas,
1256 3205 1306 3256 in
1339 3204 1507 3270 primo
1531 3219 1649 3257 eum

117 3302 288 3355 Petrus
332 3299 607 3369 apostolus
633 3297 887 3370 collocat,
909 3295 998 3362 qui
1047 3291 1361 3346 Trinitatem
1406 3293 1653 3360 gradibus

118 3381 461 3455 nun‘dividit,
491 3405 776 3445 numerum
800 3389 1007 3458 nescit,
1046 3387 1140 3441 sed
1185 3387 1398 3441 tertium
1430 3387 1652 3451 trimum

102 3487 281 3551 ponit,
310 3501 428 3540 cum
458 3483 588 3545 dicit
619 3481 835 3536 Ananiae
867 3498 878 3532 :
919 3481 1088 3546 Quare
1125 3479 1386 3543 compleuit
1434 3477 1654 3531 Satanas

123 3591 196 3627 rer
221 3587 376 3639 tuum,
399 3585 452 3627 ut
474 3575 750 3627 mentireris
777 3571 998 3640 Spiritui
1024 3580 1198 3623 sancto
1225 3571 1358 3639 (Act.
1393 3585 1442 3631 v,
1473 3569 1566 3636 δη
1591 3570 1657 3622 Ει

125 3665 518 3732 βοειιρειιιιιιιιιη
554 3680 567 3713 :
605 3659 723 3715 Non
752 3677 803 3713 es
833 3657 1068 3713 mentitus
1097 3658 1398 3719 hominibus,
1439 3661 1527 3710 sed
1550 3658 1656 3712 Deo

126 3746 294 3818 ΗΜΛ..
321 3753 398 3822 ὁ).
434 3753 572 3820 Ergo
595 3754 682 3820 qui
725 3751 945 3818 Spiritui
994 3760 1177 3804 sancto
1224 3751 1503 3812 mentitur,
1549 3751 1658 3805 Deo

127 3844 357 3895 mentitur
387 3857 403 3894 :
435 3844 556 3906 quia
587 3840 817 3906 Spiritus
847 3849 927 3893 est
958 3838 1116 3893 Deus.
1168 3839 1300 3892 Audi
1347 3851 1401 3892 et
1441 3840 1658 3893 Paulum

129 3933 400 3995 apostolum
442 3931 745 3984 dicentem:
782 3928 949 3982 Nemo
998 3929 1127 3982 enim
1163 3931 1254 3982 scit
1284 3946 1398 3999 qua:
1440 3941 1558 3984 sunt
1607 3933 1660 3986 in

131 4020 326 4083 homine,
367 4021 460 4072 nisi
482 4021 687 4088 spiritus
717 4019 934 4077 hominfs
963 4022 1048 4084 qui
1074 4027 1147 4071 est
1171 4019 1222 4070 in
1244 4033 1304 4070 eo
1329 4034 1346 4070 :
1378 4020 1448 4070 ita
1473 4028 1520 4072 et
1547 4036 1661 4088 quae
1717 4051 1724 4055 ς

133 4113 175 4156 ιιι
209 4106 303 4159 Deo
324 4121 433 4159 sunt
475 4123 616 4158 nemo
643 4108 769 4167 scit,
797 4107 894 4158 nisi
925 4103 1152 4171 Spiritus
1177 4107 1287 4173 ejus
1311 4107 1398 4174 qui
1426 4116 1498 4159 est
1523 4107 1575 4160 in
1601 4124 1662 4163 eo

142 4193 187 4261 (Ι
218 4197 325 4248 Cor.
356 4212 412 4260 ιι,
445 4197 554 4264 Η).
580 4198 675 4260 Qui
702 4197 882 4263 utique
908 4195 952 4247 si
978 4203 1119 4247 esset
1138 4202 1405 4260 creatura,
1439 4202 1493 4248 ut
1518 4196 1660 4248 credi

137 4287 316 4347 studes,
365 4285 489 4354 quid
532 4288 583 4338 in
631 4294 871 4339 creatore
897 4292 1038 4338 esset
1087 4283 1225 4336 scire
1272 4298 1377 4336 non
1433 4292 1657 4352 poterat.

143 4369 274 4428 Unde
295 4372 430 4430 idem
459 4372 689 4450 Paulus;
721 4372 845 4436 Quis
871 4373 999 4423 enim
1024 4371 1250 4441 cognovit
1275 4386 1472 4423 sensum
1507 4373 1662 4442 277

142 4460 351 4526 Domini,
395 4473 500 4515 aut.
531 4464 645 4530 quis
693 4459 1013 4514 consiliarius
1057 4462 1171 4529 ejus
1215 4459 1311 4526 fuit
1348 4458 1520 4528 (liora.
1576 4475 1662 4524 ιι,

138 4554 256 4620 5t)?
279 4555 339 4610 Si
364 4569 490 4624 ergo
514 4554 588 4608 de
618 4554 771 4606 Patre
807 4549 1046 4620 procedit
1082 4549 1313 4617 Spiritus
1340 4558 1576 4611 sanctus,
1608 4559 1666 4604 ut

141 4641 373 4708 legimus;
402 4641 446 4696 si
471 4641 677 4703 liberat,
701 4640 746 4693 si
774 4635 1084 4700 sanctiﬁcat,
1106 4633 1152 4689 si
1173 4634 1474 4692 consolator
1494 4646 1597 4698 est,
1620 4638 1664 4690 si

144 4732 294 4787 bonus
311 4743 392 4787 est
419 4742 475 4788 ut
504 4732 658 4794 Deus,
695 4731 832 4783 sicut
858 4731 1108 4797 sciptum
1134 4737 1254 4782 est:
1295 4725 1521 4795 Spiritus
1553 4738 1666 4784 tuus

142 4824 282 4877 bonus
298 4824 508 4879 deducet
530 4838 608 4875 me
631 4823 682 4874 in
707 4830 890 4873 terram
923 4827 1110 4872 rectm
1135 4816 1305 4885 (Psal.
1343 4830 1507 4875 eaut.
1540 4815 1658 4888 ill):

149 4915 184 4963 si
210 4914 384 4976 abluit,
413 4917 455 4966 si
479 4911 754 4980 justificat,
786 4909 832 4963 si
863 4910 909 4962 is
936 4910 1023 4974 qui
1051 4922 1170 4960 eum
1200 4904 1664 4972 blaSphemaverit,

144 5003 262 5056 sicut
287 5007 536 5067 scriptum
566 5011 678 5062 est,
707 4998 826 5051 Non
859 4997 1002 5048 habet
1025 4995 1386 5056 remissionem,
1419 5005 1576 5059 neque
1613 4991 1666 5042 in

149 5091 226 5141 hoc
237 5095 427 5156 seculo,
457 5107 610 5158 neque
628 5092 679 5142 in
691 5089 860 5156 futuro
884 5083 1094 5156 (Matth.
1116 5082 1475 5150 au,32);qu:e
1488 5080 1668 5148 utique

150 5183 255 5233 nulli
285 5183 380 5234 nisi
406 5183 510 5234 Deo
533 5194 740 5247 propria
762 5185 902 5239 suat,
937 5173 1061 5242 quid
1085 5187 1216 5240 ergo
1262 5172 1492 5238 amplius
1527 5185 1669 5238 quat-

154 5273 346 5325 rendnm
370 5273 436 5325 de
466 5272 553 5324 illo
581 5279 682 5332 est,
715 5269 794 5320 vel
839 5261 1222 5319 dubitandum?
1250 5261 1380 5315 Cum
1413 5273 1507 5328 per
1534 5274 1664 5324 cpe.

154 5372 250 5411 nun
294 5359 699 5429 magnitudinem
739 5355 878 5424 quod
914 5363 995 5407 est
1027 5353 1137 5419 ipse
1183 5347 1483 5408 manifestat
1513 5367 1526 5400 :
1561 5363 1669 5403 non

157 5451 308 5515 utique
335 5451 558 5503 alienum
603 5461 719 5502 csse
747 5461 776 5499 a
805 5443 990 5504 Patris,
1019 5451 1070 5497 ct
1100 5439 1221 5494 Filii
1255 5438 1550 5504 majestate,
1582 5436 1671 5502 qui

157 5547 344 5592 nonest
369 5541 432 5591 ab
471 5553 687 5603 cperum
741 5532 1014 5590 virtutibus
1060 5529 1290 5588 alienus;
1345 5525 1538 5579 frustra
1600 5521 1675 5573 illi

1746 1815 1846 1860 est.
1892 1806 2202 1858 Adoremns-
2232 1817 2358 1871 ergo
2408 1802 2636 1860 Patrem,
2669 1798 2948 1852 adoremus
2985 1806 3038 1850 et
3065 1795 3252 1849 Filium
3276 1836 3291 1859 ,

1747 1896 2030 1949 adoremus
2053 1903 2107 1947 et
2134 1892 2387 1962 Spiritum
2415 1899 2675 1954 sanctum,
2704 1903 2806 1941 una
2833 1887 3123 1953 eademque
3145 1899 3293 1938 vene-

1750 1988 1978 2042 ratione.
2009 1985 2067 2040 Si
2099 1985 2366 2038 ille-nobis
2407 1999 2525 2038 cum
2546 1982 2712 2035 'Patre
2735 1991 2790 2035 et
2817 1979 2949 2032 Filio
2973 1979 3178 2033 confert
3208 1992 3295 2031 re-

1750 2078 2057 2131 missionem
2111 2087 2465 2144 peccatorum,
2516 2073 2987 2127 sanctificationem
3035 2078 3090 2123 et
3134 2068 3294 2123 vitam

1750 2179 2080 2238 perpetuam,
2107 2168 2264 2220 simul
2311 2168 2491 2235 utique
2515 2181 2634 2220 cum
2663 2165 2818 2218 Patre
2851 2172 2904 2217 et
2935 2161 3297 2226 Filiorefera-

1739 2267 1866 2313 “mus
1894 2267 1948 2312 et
1975 2259 2214 2328 gloriam.
2248 2257 2353 2309 Aut
2381 2256 2424 2310 si
2452 2270 2562 2310 non
2583 2265 2665 2310 est
2703 2269 2821 2308 cum
2855 2253 3009 2307 Patre
3045 2251 3298 2306 colendus

1752 2360 1805 2404 et
1837 2349 1991 2414 Filio,
2023 2364 2151 2417 ergo
2174 2363 2270 2400 nec
2291 2347 2625 2400 contitendus
2653 2344 2708 2398 in
2738 2345 3016 2411 baptismo.

1822 2438 2122 2492 ereticus.
2154 2439 2315 2491 Paulo
2337 2447 2459 2497 ante
2485 2435 2712 2490 confessi
2742 2449 2921 2488 sumus
2942 2433 3106 2488 ambo
3125 2433 3290 2485 Deum

1751 2528 1960 2584 Patrem
1990 2528 2325 2592 invisibilem,
2361 2524 2973 2595 incompreltensibi‘lem,
2998 2522 3296 2577 immutabi-

1752 2620 1878 2686 lem,
1907 2625 2023 2673 sine
2047 2620 2150 2673 line
2165 2618 2566 2687 sempiternum.

1819 2711 2146 2765 Athanasius.
2172 2708 2262 2766 Sic
2289 2709 2466 2764 habet.

1753 2842 1755 2844 -
1823 2801 2130 2856 Ηωηιὶειω.
2161 2800 2225 2854 Et
2248 2798 2514 2870 quomodo
2540 2796 2607 2852 de
2633 2795 2748 2866 ejus
2791 2792 3083 2850 substantia
3111 2789 3300 2846 Filium

1751 2891 2041 2956 conﬁteris,
2063 2891 2152 2960 qui
2182 2904 2324 2958 sape
2361 2903 2391 2942 a
2432 2886 2677 2941 Patribus
2703 2887 2846 2940 visus
2880 2891 2967 2940 est-
2987 2876 3301 2938 convertibi-

1710 2998 1714 3003 '
1758 2984 1823 3037 lis
1851 2991 2008 3050 atque
2031 2980 2313 3044 mutabilis,
2347 2987 2400 3033 et
2429 2979 2480 3031 in
2519 2976 2681 3030 variis
2713 2975 2892 3044 figuris
2934 2965 3152 3043 singulis
3191 2974 3302 3042 qui-

1677 3085 1722 3146 ο
1754 3073 1956 3141 busque
1981 3085 2124 3140 saepe
2143 3067 2574 3124 demonstratus?
2603 3065 2708 3133 Qui
2752 3065 2796 3118 si
2820 3064 2889 3119 de
2917 3065 3026 3133 ipsa
3056 3064 3303 3117 substan-

1760 3165 1828 3217 tia
1851 3170 2024 3228 esset,
2073 3160 2246 3214 carnis
2274 3159 2436 3230 278
2464 3157 2640 3225 utique
2667 3156 3030 3230 assumptione
3056 3166 3153 3207 nec
3179 3151 3305 3205 visi-

1756 3251 1876 3307 bilis
1913 3259 2253 3316 cerneretur,
2288 3265 2415 3318 qmn
2449 3249 2622 3317 potius
2669 3251 2719 3300 in
2751 3254 2813 3300 ea
2861 3243 3162 3314 aequalitate
3203 3257 3305 3312 qna

1757 3342 1912 3396 Pater
1959 3350 2043 3396 est
2088 3339 2487 3409 permansisset,
2522 3352 2590 3392 ex
2618 3330 2790 3404 cujus
2818 3334 3113 3390 substantia
3141 3342 3258 3388 erat
3290 3349 3303 3384 :

1755 3431 1876 3501 quia
1898 3430 2036 3499 quod
2066 3431 2134 3484 de
2177 3430 2334 3483 Patre
2360 3437 2462 3497 est,
2492 3441 2588 3482 nec
2613 3424 2803 3491 videri,
2834 3439 2932 3480 nec
2957 3424 3173 3492 mutari,
3207 3428 3305 3478 nec

1757 3525 1994 3580 converti
2027 3505 2182 3591 posse
2201 3521 2523 3577 credendum
2550 3530 2652 3575 est.

1828 3614 2152 3668 Athanasius.
2177 3612 2300 3666 Haec
2326 3621 2414 3666 est
2441 3625 2598 3664 causa
2621 3608 2841 3673 erroris,
2867 3607 2982 3662 lucc
2999 3607 3164 3678 .origo
3194 3606 3308 3661 lue-

1759 3705 1894 3758 resis
1923 3703 2151 3765 Arianae,
2182 3703 2303 3755 dum
2339 3716 2444 3754 non
2474 3699 2769 3767 intelligunt
2799 3699 3042 3752 virtutem
3074 3697 3187 3763 Dei,
3218 3712 3309 3752 ne-

1761 3817 1860 3871 que
1888 3799 2015 3853 tanti
2029 3796 2342 3852 sacramenti
2357 3793 2750 3863 dispositionem
2768 3801 3097 3861 agnoscunt:
3122 3791 3310 3860 quibus

1762 3895 1812 3948 in
1857 3889 2027 3961 primo
2077 3887 2500 3956 respondendum
2543 3896 2627 3939 est
2678 3884 2873 3938 Filium
2919 3882 3041 3946 Dei,
3095 3894 3200 3935 non
3237 3881 3310 3936 ita

1754 3986 1931 4041 visum
1982 3994 2037 4036 ut
2067 3982 2205 4035 Deus
2245 3989 2400 4043 erat,
2455 3977 2548 4032 sed
2594 3984 2653 4029 ut
2702 3976 2860 4029 homo
2908 3991 3027 4041 capi
3078 3981 3307 4046 poterat.

1764 4075 1964 4130 Deinde
2009 4075 2106 4127 hoc
2135 4086 2253 4126 esse
2269 4069 2516 4139 potentia:
2546 4066 2663 4130 Dei,
2685 4074 2744 4119 ut
2773 4079 2887 4119 cum
2912 4064 3136 4133 singulis
3156 4075 3312 4133 prout

1766 4169 1930 4222 voluit
1956 4163 2179 4219 revelari
2209 4162 2450 4230 dignatus
2479 4164 2583 4223 est,
2627 4155 2861 4210 habitum
2904 4161 3152 4219 mutaret,
3202 4169 3309 4207 non

1765 4257 2107 4314 substantiam
2155 4260 2426 4314 verteret,
2468 4262 2566 4302 nec
2610 4249 2981 4315 proprietatem
3045 4244 3311 4315 qualitatis

1767 4351 2031 4411 amittens,
2061 4345 2153 4399 sed
2193 4344 2341 4409 juxta
2380 4342 2623 4396 meritum
2676 4337 2905 4391 videntis
2928 4342 3312 4403 temperamen-

1772 4451 1879 4496 tum
1905 4434 2163 4504 mujestati
2194 4432 2451 4486 adhibuit.
2482 4429 2600 4497 Ipse
2637 4436 2810 4481 tamen
2844 4435 2900 4478 ιιι
2933 4437 3144 4492 semper
3172 4421 3311 4478 idem

1768 4541 1872 4594 est,
1905 4531 1954 4584 in
1979 4525 2286 4582 substantiae
2320 4535 2432 4580 sua:
2467 4517 2792 4591 proprietate
2825 4515 3135 4591 permansit,
3177 4513 3313 4568 sicut

1769 4619 2022 4684 scriptum
2053 4624 2135 4670 est
2163 4630 2180 4667 :
2205 4610 2426 4666 Hutabis
2453 4625 2557 4670 eos,
2589 4619 2638 4662 et
2665 4605 2993 4660 mutabuntur
3019 4619 3038 4658 :
3066 4610 3122 4656 tu
3149 4612 3314 4655 autem

1770 4714 1875 4778 ipse
1892 4709 2021 4760 idem
2045 4721 2115 4768 es,
2141 4711 2187 4756 et
2217 4701 2340 4755 anni
2366 4702 2440 4753 tui
2473 4715 2573 4752 non
2613 4696 2846 4766 deﬁcient
2888 4691 3062 4764 (Ptol.
3083 4707 3155 4762 et,
3192 4691 3311 4764 28).

1763 4799 1898 4852 Nam
1912 4807 1966 4851 et
1978 4795 2146 4866 angeli
2167 4794 2218 4845 in
2236 4791 2398 4861 ﬁgura
2417 4789 2686 4842 hominum
2700 4798 2841 4853 sape
2853 4779 2970 4848 visi,
2987 4780 3313 4837 tumens-liud

1767 4904 1871 4941 nou
1899 4894 2023 4943 sunt
2043 4897 2197 4950 quam
2218 4880 2356 4954 quod
2382 4892 2501 4933 esse
2526 4891 2585 4930 se
2607 4881 2832 4938 norunt,
2860 4886 3032 4940 neque
3068 4869 3315 4925 substan-

1768 4980 1891 5034 tiam
1921 4985 2144 5038 mutant,
2175 4988 2292 5027 cum
2318 4973 2531 5039 figuram
2556 4966 2766 5020 humani
2800 4963 3037 5031 corporis
3078 4970 3313 5015 sumunt.

1769 5070 1972 5136 Quanto
1998 5065 2163 5136 magis
2189 5073 2372 5116 auctor
2393 5059 2701 5127 angelorum
2741 5068 2847 5107 non
2876 5051 3180 5114 mutabitur,
3224 5049 3312 5116 qui

1768 5159 1969 5226 angelis
2000 5165 2056 5209 ut
2080 5159 2177 5211 hoc
2199 5154 2374 5208 facere
2394 5150 2596 5220 possint
2623 5160 2718 5199 sua
2756 5143 3068 5198 liberalitate
3094 5153 3314 5194 conces-

1771 5251 1873 5307 s‘tl
1905 5248 2062 5300 Vide.-
2085 5260 2213 5314 ergo
2252 5240 2624 5310 dispositiones
2660 5249 2832 5288 rerum
2862 5231 3174 5295 futurarum,
3197 5242 3318 5296 qua:

1773 5340 1880 5394 suis
1902 5337 2190 5404 quibusque
2237 5327 2563 5399 tempOriths
2600 5320 2928 5390 complenda:
2967 5327 3118 5372 erant
3143 5317 3194 5372 in
3227 5315 3317 5368 illo

1775 5445 1869 5496 per
1917 5428 2194 5493 imaginem
2236 5420 2468 5490 patribus
2511 5423 2918 5482 prceostensam,
2989 5423 3092 5465 non
3144 5417 3315 5462 tamen

1773 5520 1942 5585 ipsum
1971 5517 2153 5576 llettm,
2183 5521 2237 5562 ιιι
2263 5518 2336 5561 est
2365 5506 2595 5573 proprie.
2633 5503 2821 5556 visunt.
