3856 6222
566 274 670 329 295

1885 273 2098 327 ιἰοιιλι
2144 274 2227 327 ΤΛ
2238 274 2509 330 PSENSIS

3742 282 3835 333 ἓἷῆ

642 382 943 436 lltrrcticus.
964 381 1096 447 Quid
1128 380 1194 434 de
1238 383 1600 435 incarnatione
1647 380 1901 445 dicturus,
1931 390 1986 433 ct
2013 383 2129 449 ejus
2158 396 2206 450 Α
2234 401 2358 437 raro
2387 386 2463 438 sic
2495 384 2687 440 factum
2708 429 2721 447 ,
2779 387 2877 440 hoe
2905 398 2985 441 ost
3017 390 3344 456 unigenitum
3379 390 3473 444 Dei
3514 389 3734 443 Filium
3765 400 3835 446 sic:

572 472 974 525 mutabilitatem
1002 487 1102 538 qua
1155 473 1358 525 ratione
1401 473 1676 526 excusabit;
1730 485 1832 523 non
1871 471 2123 540 intelligo.

569 561 846 629 Siquidem
893 560 1119 629 legimus
1164 579 1175 612 ε
1216 561 1432 614 Verbum
1461 576 1578 613 caro
1622 560 1811 628 factum
1837 569 1908 613 est
1948 560 2123 629 (Joan.

574 668 609 714 t,
646 652 753 719 li).
803 652 952 704 'l'unc
994 651 1173 720 utique
1207 651 1431 720 Virginis
1463 661 1668 703 uterum
1699 650 1934 717 Opplevit
1960 667 1975 705 :
2005 660 2129 704 tunc

570 742 713 794 aliud
737 755 893 808 quam
915 742 1056 809 quod
1093 751 1311 795 venerat
1340 747 1516 792 natum
1543 750 1641 793 est.
1679 738 1825 793 Unde
1848 739 1955 808 jam
1987 755 2131 794 com-

571 834 731 886 mixta
761 834 1052 887 substantia
1094 844 1286 887 statum
1317 832 1514 896 vertit,
1565 832 1806 885 ordinem
1845 833 2026 900 perdit
2077 835 2129 888 in

571 924 861 978 mutatione
891 925 1000 992 ipsa
1036 942 1046 975 :
1077 925 1140 978 de
1171 923 1276 977 Deo
1308 924 1490 988 homo,
1537 923 1603 978 de
1651 925 1843 992 spiritu
1883 939 2008 978 caro
2051 926 2128 977 fa-

564 1026 707 1069 ctum
734 1025 836 1070 est.
872 1016 936 1068 Et
967 1017 1146 1083 utique
1177 1015 1453 1068 translatio
1480 1015 1674 1080 omnis,
1708 1015 2013 1081 interiectio
2047 1025 2131 1068 est

572 1106 777 1170 pristini
808 1115 993 1158 status.
1024 1104 1222 1158 Idcirco
1245 1103 1434 1157 Filiutn
1466 1121 1528 1159 ex
1563 1106 1663 1158 alia
1698 1106 1988 1158 subsmutia
2012 1119 2130 1158 cre-

570 1195 801 1247 dendum
835 1211 936 1246 non
961 1194 1174 1248 dubium
1200 1204 1301 1258 est,
1331 1209 1449 1262 qua:
1477 1195 1733 1260 converti,
1759 1201 1808 1245 et
1837 1195 2050 1257 mutari,
2077 1204 2132 1247 et

571 1284 739 1337 videri
772 1293 942 1352 potest
977 1302 987 1333 :
1021 1286 1140 1352 quia
1179 1286 1278 1338 hoc
1309 1284 1374 1338 de
1417 1285 1588 1338 Patris
1642 1285 1936 1337 substantia
1987 1287 2129 1338 credi

578 1373 656 1425 fas
681 1387 781 1427 non
815 1381 913 1436 est,
948 1376 1064 1439 quia
1099 1374 1212 1427 ait:
1250 1374 1357 1443 Ego
1384 1391 1524 1436 sum;
1550 1390 1638 1442 ego
1659 1391 1790 1439 sum,
1819 1386 1866 1428 et
1896 1393 1993 1428 non
2015 1395 2132 1430 nm-

568 1462 712 1513 tabor
741 1461 992 1529 (.Halach.
1025 1477 1102 1527 ιιι,
1129 1465 1203 1530 l5).
1240 1464 1301 1516 Et
1332 1463 1495 1516 Filius
1527 1463 1577 1516 itt
1611 1464 1893 1534 Evangeiio
1925 1485 1935 1516 :
1973 1466 2130 1519 Deum

568 1569 712 1606 nemo
735 1553 858 1606 vidit
888 1571 1106 1622 unquam
1140 1553 1320 1624 (Joan.
1349 1569 1386 1619 ι,
1420 1555 1529 1622 18).

637 1643 966 1694 Athanasius.
1023 1643 1337 1695 Commixtio
1400 1643 1611 1711 quidem
1679 1645 1791 1699 sive
1863 1646 2127 1699 concretio

2234 476 2426 530 factum
2481 493 2599 532 esse
2649 478 2878 531 hominis
2903 479 3098 542 lilium,
3153 491 3211 533 ut
3250 493 3439 536 neutro
3481 481 3552 536 in
3603 483 3835 536 alterum

2230 580 2407 630 verso,
2443 569 2534 619 sed
2577 578 2799 636 utroque
2840 569 2890 621 in
2943 571 3102 640 280
3143 587 3235 624 sua
3267 575 3584 626 substantia
3622 589 3835 640 peruia-1

2232 665 2412 721 nente,
2441 660 2515 711 sic
2542 659 2679 711 Deus
2711 661 2760 712 in
2793 660 3004 715 homine
3034 672 3307 729 pateretur
3336 665 3623 726 humana,
3680 673 3738 715 ot
3786 664 3830 714 iu

2231 760 2289 801 se
2315 749 2426 814 ipso
2448 748 2649 816 integra
2676 749 2848 802 divina
2878 761 3115 806 servaret
3145 769 3156 804 :
3193 768 3300 805 non
3333 765 3389 805 tit
3419 755 3825 814 conversione,

2230 843 2320 888 aut
2347 838 2695 892 mutabilitate
2735 842 2907 908 aliqua
2943 844 3166 911 cmperit
3207 859 3325 898 esse
3353 845 3504 912 quod
3545 861 3667 898 non
3699 860 3826 908 erat,

2231 927 2326 980 sed
2359 937 2417 981 ut
2443 930 2675 996 potentia
2705 931 2901 984 divina:
2931 933 3344 1001 diSpensationis
3361 934 3622 989 Verbum
3657 937 3823 991 Patris

2232 1030 2500 1083 nunquam
2532 1033 2560 1069 a
2594 1019 2749 1071 Patre
2778 1019 3078 1084 discedens,
3111 1020 3269 1075 homo
3295 1025 3518 1092 proprie
3561 1027 3693 1080 ﬁeri
3726 1030 3806 1094 dig

2232 1118 2487 1167 naretur,
2542 1108 2951 1178 incarnatusque
2995 1113 3064 1162 sit
3106 1113 3407 1178 unigenitus
3449 1123 3695 1168 secreto
3740 1117 3824 1168 illo

2233 1196 2519 1262 mysterio,
2572 1198 2709 1264 quod
2754 1200 2866 1266 ipse
2912 1200 3060 1251 novit
3098 1217 3111 1251 :
3144 1211 3382 1254 nostrum
3439 1219 3699 1273 namque
3747 1220 3820 1259 est

2229 1283 2468 1348 credere,
2502 1284 2643 1337 illius
2690 1301 2864 1339 nosse.
2905 1290 2979 1339 Ac
3006 1289 3082 1341 sic
3113 1290 3226 1356 ipse
3255 1289 3393 1342 Deus
3427 1291 3709 1354 Verbum,
3746 1306 3820 1345 to-

2233 1382 2338 1423 tutn
2368 1374 2663 1440 suscipiens
2697 1376 2828 1429 inse
2858 1377 2995 1444 quod
3027 1387 3111 1430 est
3141 1377 3387 1439 hominis,
3426 1380 3609 1433 homo
3641 1385 3734 1433 sit.
3762 1384 3819 1434 Et

2228 1471 2534 1529 assumptus
2589 1462 2748 1515 homo
2798 1474 2962 1518 totum
3013 1466 3323 1533 accipiendo
3354 1472 3498 1534 quod
3561 1467 3666 1522 Dei
3719 1484 3816 1530 est,

2229 1550 2368 1601 aliud
2398 1567 2552 1617 quam
2577 1552 2712 1606 Deus
2734 1569 2850 1608 esse
2875 1571 2977 1608 non
3004 1556 3188 1623 possit.
3209 1555 3320 1608 Non
3345 1570 3473 1624 ergo
3489 1559 3567 1610 tle
3593 1559 3814 1610 visibili-

2229 1637 2326 1689 bus
2351 1638 2654 1704 conjectura
2682 1642 2917 1695 facienda
2939 1653 3041 1705 est,
3064 1643 3214 1711 quasi
3243 1645 3549 1711 mqualibus
3580 1645 3810 1698 invicem

566 1742 770 1786 natura:
800 1734 1016 1785 mutatio
1044 1742 1126 1786 est
1158 1748 1171 1784 :
1222 1733 1440 1788 mutatio
1487 1744 1693 1789 natura
1734 1735 2128 1789 translatiOnetn
2160 1737 2205 1795 B
2232 1729 2492 1780 creaturis
2523 1738 2766 1794 puletttus
2803 1734 2964 1786 Deum
3000 1733 3374 1800 hontinemqne
3401 1737 3767 1788 commixtum
3797 1755 3805 1788 :

565 1827 734 1886 facit;
781 1833 834 1877 et
883 1824 1158 1878 translatio
1220 1825 1392 1893 perdit
1447 1827 1586 1894 quod
1642 1837 1794 1892 erat,
1849 1837 1900 1880 et
1950 1827 2131 1895 incipit
2181 1887 2188 1893 θ

565 1929 686 1968 esse
721 1914 862 1983 quod
893 1931 996 1968 non
1023 1925 1156 1968 erat.
1192 1915 1302 1967 lioc
1343 1915 1586 1968 nativitas
1613 1915 1804 1969 (lhristi
1835 1932 1938 1970 non
1969 1919 2131 1987 279

569 2005 776 2069 habet,
833 2005 1082 2058 Gabriele
1136 2004 1326 2072 angelo
1375 2013 1599 2059 testante
1630 2042 1645 2068 ,
1693 2020 1852 2074 quem
1902 2007 2129 2062 interro-

567 2107 744 2164 gatum
803 2095 869 2148 de
931 2095 1104 2148 Maria:
1160 2095 1506 2163 possibilitate
1570 2111 1856 2165 conceptus
1910 2113 2131 2168 reSpon-

564 2185 708 2238 disse
760 2185 1083 2252 evangelista
1139 2184 1355 2238 refert:
1413 2185 1643 2251 Spiritus
1698 2199 1900 2243 sanctus
1955 2206 2131 2257 super-

564 2277 721 2328 veniet
757 2277 810 2327 in
845 2285 895 2328 te
920 2315 934 2340 ,
972 2283 1016 2328 et
1045 2277 1201 2329 virtus
1231 2276 1472 2331 Altissimi
1502 2279 1811 2334 obumbrabit
1844 2281 1933 2336 tibi
1969 2281 2127 2350 (Luc.

562 2378 603 2428 t,
629 2364 740 2432 35).
769 2365 866 2430 Qui
894 2366 1095 2434 utique,
1145 2379 1242 2418 nec
1288 2369 1340 2418 in
1377 2376 1602 2435 utroque
1627 2367 1769 2422 dicte
1797 2372 2132 2425 commixtio-

570 2469 714 2520 nem,
741 2456 833 2509 sed
863 2465 1238 2522 superventum
1265 2457 1494 2524 Spiritus
1535 2459 1727 2523 sancti,
1756 2469 1811 2514 et
1838 2460 2127 2517 obumbra-

565 2545 766 2599 tionetn
796 2545 1052 2599 Altissimi
1085 2547 1397 2601 nominavit.
1434 2548 1588 2616 Legis
1631 2548 1846 2604 Verbum
1883 2567 2006 2608 caro
2049 2557 2127 2623 {a-

564 2645 700 2686 ctum
723 2644 795 2687 est
838 2633 1015 2704 (Joan.
1042 2649 1078 2699 t,
1113 2631 1222 2704 id).
1267 2635 1541 2701 Quomodo
1584 2647 1759 2693 autem
1807 2641 1877 2695 sit
1924 2641 2124 2696 facturn

565 2740 716 2778 mens
762 2726 944 2793 utique
973 2733 1152 2779 nostra
1179 2742 1286 2779 non
1312 2728 1520 2797 attingit
1550 2745 1561 2779 :
1616 2730 1735 2798 quia
1766 2730 1907 2799 quod
1956 2733 2130 2787 credi-

567 2830 685 2868 mus
711 2813 918 2868 excedit
945 2825 1174 2870 mentem
1200 2824 1433 2870 nostram
1467 2834 1479 2871 :
1520 2818 1612 2872 sed
1641 2818 1744 2874 ﬁde
1768 2821 2078 2891 attingimus
2111 2839 2126 2877 :

568 2915 621 2960 et
648 2906 725 2959 sic
746 2907 843 2959 hoc
872 2905 1030 2959 modo
1058 2915 1222 2960 totum
1247 2916 1488 2962 tenemus
1519 2908 1640 2976 ﬁde,
1660 2911 1798 2977 quod
1822 2912 2122 2967 credimus:

566 2996 664 3049 etsi
697 3003 874 3049 mente
901 3009 1005 3048 non
1033 3005 1200 3050 totum
1229 2997 1647 3064 COIDpleCiilttur.
1702 2998 1853 3054 Scire
1878 3015 2006 3070 ergo
2031 3001 2125 3055 de-

2233 1827 2285 1868 et
2311 1817 2396 1870 tali
2423 1818 2734 1874 confusione
2763 1823 2938 1876 carnis
2967 1833 3018 1875 ct
3049 1822 3230 1886 Verbi,
3261 1824 3411 1890 quasi
3440 1824 3673 1892 aliquod
3699 1839 3807 1876 cor-

2231 1919 2326 1972 pus
2371 1906 2634 1962 elTectutu.
2670 1911 2819 1963 Absit
2869 1911 2937 1963 ita
2986 1913 3252 1964 credere:
3286 1911 3606 1978 hujusmodi
3667 1914 3803 1965 enim

2229 1995 2535 2048 commixtio
2566 2035 2579 2057 ,
2629 1999 2794 2064 partis
2842 2001 3118 2066 utriusque
3171 2003 3443 2066 corruptio
3499 2010 3635 2052 est:
3673 2000 3805 2052 Deus

2228 2084 2366 2136 enim
2397 2098 2582 2152 capax,
2619 2101 2721 2139 non
2754 2087 3009 2155 capabilts
3035 2098 3156 2150 est;
3189 2100 3475 2155 penetrans
3498 2104 3617 2141 non
3643 2103 3802 2156 pene-

2231 2172 2461 2238 trabilis;
2496 2175 2721 2244 impletis
2753 2193 2854 2230 non
2890 2178 3178 2245 implebilis
3220 2193 3234 2232 :
3277 2180 3364 2246 qui
3399 2179 3608 2246 ubique
3635 2190 3794 2231 totum

2229 2262 2387 2319 simul
2426 2274 2541 2332 est,
2582 2273 2637 2320 et
2673 2267 2864 2334 ubique
2909 2268 3157 2342 όίιιξιιειιιιι
3189 2278 3290 2332 est,
3348 2283 3444 2336 per
3475 2269 3796 2321 infusioncm

2230 2353 2481 2421 potentia:
2509 2369 2620 2407 sua:
2649 2353 2928 2424 dignanter
2958 2365 3161 2409 naturai
3191 2368 3271 2409 est
3307 2357 3590 2409 immixtus
3619 2359 3792 2408 huma-

2229 2457 2332 2504 nm,
2362 2459 2466 2496 non
2511 2444 2739 2496 humana
2771 2455 2955 2498 natura
2984 2454 3189 2501 natura:
3237 2455 3318 2499 est
3348 2446 3552 2499 mixtus
3581 2447 3790 2499 divine

2228 2532 2366 2587 Caro
2388 2533 2546 2601 igitur
2577 2536 2794 2602 proiecit
2820 2536 2871 2589 in
2903 2535 3152 2598 Verbum,
3179 2551 3281 2588 non
3306 2535 3541 2590 Verbum
3575 2538 3789 2604 profecit

2229 2624 2281 2678 itt
2309 2640 2541 2679 carnem.
2575 2624 2865 2679 Verissime
2891 2639 3016 2693 ergo
3041 2626 3271 2679 Verbum
3299 2639 3425 2678 caro
3449 2625 3650 2679 factum
3684 2637 3786 2677 est:

2227 2719 2342 2782 sed,
2375 2728 2430 2770 ut
2459 2717 2707 2779 diximus,
2739 2716 2909 2769 Solum
2962 2716 3174 2784 proprie
3231 2717 3629 2783 personaliter,
3691 2731 3784 2766 non

2229 2822 2349 2862 cum
2371 2806 2526 2862 Patre
2551 2818 2640 2861 aut
2660 2805 2860 2870 Spiritu
2887 2816 3072 2859 sancto
3098 2807 3437 2869 naturaliter;
3465 2809 3589 2874 quia
3616 2807 3786 2871 unige-

2227 2901 2369 2955 nitus
2391 2898 2483 2952 Dei
2507 2897 2546 2950 F
2550 2898 2691 2961 ilius,
2713 2897 2851 2950 Deus
2871 2910 3048 2962 verus,
3068 2897 3155 2964 qui
3187 2909 3307 2949 cum
3333 2895 3491 2950 Patre
3511 2904 3567 2948 et
3593 2893 3780 2961 Spiritu

2227 2999 2412 3044 sancto
2442 3003 2576 3042 unus
2613 2997 2694 3042 est
2724 2988 2777 3040 in
2807 2997 3013 3051 natura,
3046 2986 3177 3040 alter
3204 2995 3287 3040 est
3314 2987 3366 3038 in
3398 2999 3652 3054 persona.
3677 2981 3779 3035 Non

564 3083 753 3137 bemus
775 3084 899 3153 quid
927 3094 977 3138 et
1003 3095 1256 3153 quantum
1302 3099 1460 3139 sensu
1494 3088 1753 3156 attingere
1799 3088 1950 3143 nobis
1995 3103 2126 3144 con-
2152 3078 2198 3140 C
2228 3081 2367 3134 enim
2397 3077 2572 3146 ipsum
2599 3076 2806 3131 Patrem
2835 3075 3061 3131 dicimus
3086 3089 3204 3129 esse
3232 3089 3388 3142 quem
3423 3073 3619 3126 Filium
3651 3088 3664 3124 :
3694 3085 3780 3122 nec

565 3186 772 3226 cessum
817 3181 932 3234 est,
983 3173 1109 3240 quid
1154 3173 1254 3226 title
1302 3175 1570 3241 suscipere
1611 3192 1622 3226 :
1683 3191 1803 3228 nam
1852 3177 2117 3245 legimus:

565 3266 730 3318 Nemo
760 3265 983 3318 ascendit
1013 3265 1064 3316 in
1090 3265 1289 3328 caelum,
1337 3266 1431 3316 nisi
1463 3267 1548 3335 qui
1573 3266 1826 3319 descendit
1867 3268 1927 3320 de
1974 3269 2119 3334 caelo,

569 3353 738 3408 Filius
762 3353 979 3405 hominis
1006 3354 1088 3420 qui
1117 3364 1188 3405 est
1229 3353 1280 3405 in
1325 3356 1445 3407 creto
1492 3355 1666 3424 (Joau.
1708 3370 1786 3421 ιιι,
1827 3354 1935 3424 13).
1979 3357 2116 3424 Quo-

566 3445 724 3500 modo
773 3443 937 3498 Filius
965 3444 1213 3507 hominis,
1241 3445 1327 3512 (ιιιί
1356 3446 1405 3496 in
1438 3448 1594 3500 terris
1625 3447 1959 3516 loquebatur,
2003 3463 2121 3503 esse

565 3535 840 3590 dicebatur
867 3535 916 3587 in
945 3534 1121 3588 cmlo?
1156 3535 1216 3586 Et
1245 3535 1687 3599 quemadmodum
1733 3538 1853 3589 inde
1891 3538 2118 3592 descen-

565 3624 709 3678 disse
737 3623 981 3688 ret’ertur,
1005 3622 1091 3690 qui
1122 3638 1218 3675 nec
1248 3624 1316 3674 ibi
1351 3622 1538 3687 factus,
1570 3639 1667 3678 nec
1708 3628 1881 3679 adhuc
1929 3641 2117 3681 ascen-

564 3714 746 3769 derat?
803 3713 929 3777 Quia
958 3712 1186 3765 nondutn
1217 3727 1399 3778 passus
1427 3726 1810 3769 resurrexerat.
1869 3715 1969 3769 Sed
1999 3719 2118 3784 quia

567 3801 706 3852 Deus
759 3797 990 3852 Verbum
1047 3796 1310 3848 hominem
1355 3807 1720 3866 assumpturus
1749 3799 2118 3864 descenderat,

566 3893 723 3941 homo
749 3886 1014 3939 divinitati
1047 3884 1344 3950 c0pulatus,
1379 3885 1504 3939 illuc
1542 3888 1800 3954 ascendit,
1831 3891 1970 3941 unde
1995 3904 2119 3942 caro

565 3963 745 4045 utique
776 3991 877 4028 non
906 3977 1276 4037 descenderat,
1321 3975 1411 4028 sed
1443 3974 1694 4029 Verbum.
1730 3976 1833 4029 Sed
1863 3987 1916 4029 et
1947 3976 2122 4031 Domi-

565 4085 688 4122 num
711 4069 774 4122 ad
805 4068 1061 4121 Joannem
1093 4069 1390 4134 loquentem
1420 4069 1472 4120 in
1499 4068 1812 4137 Apocalypsi
1857 4069 2116 4136 legimus:

565 4161 677 4230 Ego
701 4177 812 4213 sunt
832 4161 1021 4226 primus
1044 4168 1087 4210 et
1110 4160 1425 4222 novissimus,
1457 4169 1501 4210 et
1527 4160 1664 4213 vivus
1695 4162 1769 4229 fui
1799 4170 1843 4212 et
1869 4171 2118 4226 mortuus,

565 4264 608 4304 et
644 4269 752 4306 ecce
773 4268 882 4305 sum
909 4251 1070 4303 vivens
1096 4251 1145 4301 in
1183 4250 1368 4301 arcula
1399 4252 1695 4303 steculorum
1719 4252 1903 4322 (Apoc.
1937 4268 1974 4320 ι,
2013 4255 2116 4320 17).

565 4344 617 4397 Si
652 4344 868 4411 primus,
900 4340 1164 4408 quomodo
1196 4340 1546 4394 novissimus?
1577 4341 1620 4393 si
1655 4343 1823 4410 vivus,
1856 4344 1977 4411 quia
2007 4344 2119 4410 ipse

2226 3173 2416 3226 iterum
2443 3167 2690 3222 eumdem
2718 3165 2910 3221 Filiqu
2943 3165 3165 3220 dicimus
3201 3178 3320 3217 esse
3359 3179 3518 3233 quem
3555 3163 3774 3215 Patrem.

2225 3265 2328 3315 Aut
2351 3273 2533 3313 rursus
2549 3257 2806 3327 Spiritum
2837 3265 3076 3311 sanetum
3105 3255 3311 3309 Patrem
3335 3257 3417 3308 vel
3446 3255 3640 3309 Filium
3665 3267 3781 3305 nun-

2223 3363 2508 3418 cupamus;
2538 3348 2628 3402 sed
2657 3349 3047 3414 distinguentes
3075 3361 3327 3413 personas
3357 3347 3411 3398 in
3442 3348 3774 3414 proprietati-

2223 3440 2320 3492 bus
2346 3440 2474 3501 suis,
2513 3436 2717 3490 Patrem
2745 3437 2934 3501 Deum,
2957 3435 3156 3487 Patrem
3182 3435 3392 3503 proprie
3413 3440 3770 3489 nominamus:

2222 3527 2489 3581 etFilium
2518 3527 2704 3588 Deum,
2736 3525 2922 3578 Filium
2955 3530 3165 3596 proprie
3206 3530 3432 3584 dicimus
3478 3549 3492 3585 :
3533 3545 3589 3587 et
3625 3532 3771 3600 5pm.

2226 3627 2334 3670 tum
2358 3629 2596 3669 sanctum
2625 3615 2808 3682 Deum,
2848 3616 3097 3683 Spiritum
3136 3632 3373 3672 sanetum
3408 3623 3620 3689 prOprie
3645 3636 3763 3674 cono

2223 3708 2454 3763 ﬁtentur.
2487 3709 2549 3762 Et
2577 3723 2695 3761 cum
2730 3717 2809 3760 ter
2836 3723 3056 3762 numero
3081 3709 3303 3762 dicimus
3331 3711 3516 3774 Deum;
3548 3729 3651 3767 non
3670 3723 3762 3764 tres

2221 3799 2350 3852 deos
2371 3799 2657 3860 credimus,
2689 3797 2782 3850 sed
2813 3813 2972 3849 ttntun
3002 3798 3052 3850 in
3091 3797 3485 3865 omnipotentiae
3516 3817 3622 3852 sua:
3661 3800 3763 3852 Tri-

2222 3890 2386 3944 nitate
2407 3889 2720 3955 perfectum.
2752 3889 2953 3942 Idcirco
2981 3905 3078 3942 una
3109 3905 3330 3958 persona
3350 3895 3650 3958 accipienda
3670 3905 3756 3951 est.

2222 3981 2400 4032 carnis
2425 3990 2478 4032 et
2511 3979 2663 4032 Verbi
2695 3996 2706 4029 :
2743 3994 2903 4031 unum
2934 3980 3284 4047 eumdemque
3325 3981 3489 4034 Deum
3529 3992 3581 4037 et
3611 3983 3758 4034 homi-

2222 4083 2364 4134 nem,
2401 4067 2805 4133 iuseparabilem
2847 4082 3058 4134 semper
3101 4069 3432 4136 geminaeque
3471 4071 3755 4124 substantia

2223 4171 2347 4211 vere
2393 4171 2602 4223 semper
2639 4158 2815 4209 omnia
2853 4149 3091 4222 gessisse
3130 4170 3247 4224 quae
3293 4168 3413 4209 sunt
3446 4161 3682 4214 hominis.
3712 4168 3752 4206 ιιι

2221 4263 2346 4301 vere
2374 4262 2588 4314 semper
2619 4246 2918 4313 possedisse
2940 4260 3057 4314 qum
3087 4246 3176 4298 Dei
3197 4256 3320 4300 sunt
3353 4264 3364 4297 :
3399 4247 3646 4309 Quoniam
3672 4247 3753 4296 eoi

2222 4339 2498 4405 cruciﬁxus
2527 4349 2597 4391 est
2620 4340 2775 4408 281
2806 4355 2866 4390 ea:
2895 4339 3184 4405 inﬁrmitate
3223 4349 3410 4401 nostra,
3450 4341 3566 4391 uicit
3585 4353 3643 4388 ex
3670 4333 3749 4385 sir-

567 4441 650 4485 est
683 4433 781 4484 vita
812 4433 1070 4493 omnium,
1093 4430 1357 4498 quomodo
1387 4439 1643 4495 mortuus,
1694 4446 1812 4485 cum
1845 4433 1949 4484 vita
1985 4434 2117 4486 mori
2147 4434 2197 4493 D
2223 4441 2325 4483 tute
2354 4430 2450 4485 Dei
2477 4429 2694 4499 (llCor.
2726 4445 2837 4492 xm,
2869 4430 3291 4496 4).Quapropter
3315 4445 3418 4482 non
3452 4423 3751 4498 pertimesci-

569 4537 672 4575 non
729 4521 940 4589 possit?
987 4519 1137 4586 Quod
1191 4520 1232 4572 si
1263 4529 1522 4584 mortuus,
1552 4523 1816 4590 quomodo
1841 4523 1923 4575 vel
1955 4518 2115 4587 Deus,

569 4612 650 4665 vel
679 4613 784 4663 vita
815 4610 1067 4663 dicendus
1095 4609 1209 4663 est?
1256 4609 1321 4662 Et
1356 4610 1535 4679 utique
1569 4625 1674 4664 non
1715 4612 1913 4666 tenebit
1940 4613 2116 4680 perfe-

569 4713 707 4755 ctam
732 4701 1005 4753 veritatem
1035 4699 1270 4767 quisquis
1297 4700 1528 4767 aliquam
1559 4702 1792 4754 veritatis
1828 4703 2119 4756 excluserit

569 4791 880 4858 portiunem.
935 4789 1038 4842 Sed
1082 4799 1133 4840 tu
1167 4789 1253 4855 qui
1283 4790 1542 4842 creatoris
1569 4791 1642 4842 ttti
1671 4799 1722 4842 et
1768 4790 2119 4858 redemptoris

569 4881 800 4934 causaris
828 4879 1262 4942 incarnationem,
1292 4888 1416 4940 ture,
1454 4881 1496 4932 si
1521 4889 1694 4948 potes,
1716 4893 1840 4935 ante
1863 4882 2117 4953 investiga

572 4968 863 5023 nativitatis
900 4971 1179 5023 rationem.
1235 4968 1394 5022 Certe
1435 4968 1679 5023 fateberis
1728 4970 1996 5040 hominem
2050 4962 2135 5024 ex'

569 5061 773 5112 duabus
819 5059 1126 5112 substantiis
1177 5059 1489 5122 subsistere,
1534 5047 1707 5113 anima
1746 5066 1809 5116 'et
1836 5077 1997 5116 carne
2030 5073 2124 5118 :et

571 5160 742 5204 tamen
756 5163 863 5202 non
881 5149 1005 5213 duo,
1021 5149 1112 5201 sed
1126 5163 1257 5202 unus
1269 5150 1461 5204 dicitur
1484 5151 1662 5204 homo.
1679 5152 1743 5205 Et
1762 5167 1879 5207 cum
1893 5155 2034 5206 unita
2052 5154 2123 5208 sit

568 5239 687 5306 ejus
697 5249 900 5301 natura,
921 5239 1377 5294 incommiscibiles
1403 5249 1579 5294 tamen
1600 5241 1905 5297 substantia:
1921 5258 2123 5312 perma-

569 5341 714 5385 nent.
731 5332 785 5384 Si
805 5346 933 5399 ergo
954 5331 1024 5384 ita
1055 5332 1105 5382 in
1126 5331 1338 5386 homine
1358 5347 1387 5384 a
1410 5333 1517 5386 Deo
1535 5333 1742 5388 collatio
1767 5334 2125 5405 immiscibiles

567 5431 882 5490 permanent
924 5422 1252 5484 substantite,
1291 5425 1422 5491 quid
1454 5424 1521 5480 de
1552 5428 1806 5479 creatoris
1838 5428 1909 5480 tui
1933 5418 2127 5480 'incar-

567 5511 778 5564 natione
803 5511 998 5564 sentire
1016 5512 1220 5579 cogaris
1242 5513 1478 5575 adverte,
1499 5514 1590 5581 qui
1614 5515 1793 5582 utique
1816 5515 2128 5582 dignatione

571 5600 762 5653 homini
811 5599 1164 5669 admiscetur,
1197 5619 1300 5659 non
1330 5605 1700 5661 conuniscctur
1738 5623 1752 5659 :
1803 5618 1857 5661 et
1900 5607 2126 5661 Verbum

2224 4536 2338 4572 mus
2364 4524 2653 4572 secundum
2688 4519 2954 4573 hominem
2989 4520 3150 4572 Deum
3179 4529 3382 4584 natum,
3422 4519 3748 4580 eamdemque

2221 4613 2512 4663 secundum
2539 4611 2803 4662 hominem
2828 4609 2993 4663 Deum
3017 4625 3256 4677 passum,
3285 4610 3448 4663 Deum
3475 4619 3744 4663 mortuum:

2221 4701 2313 4753 sed
2341 4701 2628 4768 gloriamur
2656 4702 2840 4754 dicere
2863 4701 3027 4754 Deum
3065 4710 3269 4762 natum,
3310 4701 3650 4764 eumdemque
3672 4709 3743 4747 se-

2221 4792 2450 4843 cundum
2492 4790 2760 4842 hominem
2811 4805 3044 4856 passum.
3086 4791 3187 4855 Qui
3225 4805 3346 4844 cum
3393 4791 3447 4843 in
3484 4791 3640 4841 tortus
3671 4783 3744 4835 "ei

2225 4892 2389 4946 esset,
2415 4896 2519 4934 non
2547 4890 2763 4949 propter
2786 4897 2866 4945 se,
2882 4881 2975 4935 sed
3013 4893 3231 4949 prapter
3259 4897 3356 4935 nos
3382 4881 3602 4934 formam
3623 4874 3737 4930 καί

2227 4973 2477 5040 suscepit,
2508 4981 2561 5024 et
2585 4972 2927 5041 semetipsum
2958 4971 3272 5026 exinanivit.
3291 4971 3568 5036 Quomodo
3586 4966 3742 5022 exitia.

2229 5063 2362 5117 trivit
2383 5064 2762 5130 sernaipsum?
2794 5063 2924 5116 Dum
2954 5062 3119 5116 forma
3142 5063 3258 5128 Dei,
3282 5063 3504 5115 formam
3523 5057 3650 5115 servi
3673 5066 3740 5105 ac-

2227 5155 2403 5221 cepit:
2433 5153 2558 5206 dum
2589 5151 2952 5220 principaliter
2993 5153 3247 5206 Dominus
3281 5166 3342 5206 ea
3379 5166 3499 5219 qua
3545 5154 3653 5202 sunt
3690 5141 3739 5190 fn-

2224 5242 2351 5297 ωειιί
2376 5241 2662 5310 dignanter
2689 5243 2912 5296 assumit
2949 5259 2962 5294 :
3010 5243 3241 5308 dumque
3273 5257 3367 5309 per
3397 5234 3738 5308 indulgentiam

2227 5344 2281 5389 et
2307 5335 2702 5389 miserationem
2735 5335 2924 5397 nostri,
2969 5334 3207 5402 gerendo
3237 5332 3487 5386 inferiora
3518 5346 3576 5384 se
3600 5323 3740 5377 νεύειν·

2226 5434 2334 5491 εει.
2357 5425 2439 5478 νει
2479 5425 2702 5494 agendo,
2737 5424 2967 5480 Verbum
3000 5440 3124 5479 caro
3173 5424 3363 5478 factum
3412 5431 3676 5476 evacuatur
3700 5414 3738 5461 in

2231 5528 2479 5582 persona,
2513 5515 2651 5576 quod
2681 5515 2914 5584 possedit
2941 5517 2991 5568 itt
3032 5524 3238 5568 natura.
3273 5513 3338 5567 Et
3369 5515 3418 5566 in
3465 5514 3626 5566 Verbo
3665 5504 3737 5555 hu-

2234 5602 2505 5658 manitatis
2544 5603 2727 5656 habitu
2769 5608 2950 5658 (artus
2983 5604 3242 5658 obediens
3282 5605 3333 5655 iit
3380 5601 3609 5666 homine,
3641 5589 3740 5644 ἱΙιικί
