3856 6222
105 211 206 267 297

1383 223 1462 276 DE
1503 224 1866 280 TRINITATE
1907 229 2028 282 LIB.
2072 231 2162 285 XI.

3291 229 3396 282 998

110 329 164 378 in
199 344 267 381 se
299 346 416 398 per
445 333 787 385 humilitatem
819 342 870 386 et
892 332 1255 387 obedientiam
1291 346 1491 389 natura:
1526 349 1719 392 nostrae
1753 346 1796 400 Α
1899 341 2197 397 (hereticus.
2229 343 2402 408 Quare
2428 343 2669 399 nominas
2695 341 3088 411 significanter?

108 418 402 482 restituit,
432 421 575 488 quod
612 435 700 483 per
731 419 1148 473 inobedientiam
1183 425 1418 491 perierat
1446 426 1495 478 iu
1527 426 1718 479 Adam.

111 505 181 557 Et
210 509 266 558 in
305 523 487 563 carne
519 521 778 570 mortuus,
821 511 909 577 qui
954 524 1170 578 semper
1212 515 1342 569 vivit
1393 517 1442 569 in
1492 517 1720 585 spiritu:

110 595 429 650 viviﬁcaris
454 613 574 650 eum
609 599 762 650 Patre
789 598 985 663 omnia,
1003 598 1110 666 jam
1139 616 1406 671 nunquam
1432 605 1498 658 de
1524 614 1722 660 caetero

112 688 460 738 moriturus.
493 687 541 739 ls
562 687 843 740 suscitans
864 701 894 739 a
920 688 1071 741 Patre
1100 689 1152 741 in
1177 705 1358 752 carne,
1389 701 1443 746 et
1470 694 1524 745 fit
1552 695 1706 748 nobis

112 776 539 845 pritnogenitus
575 793 641 831 ex
681 779 902 832 mortuis
931 819 944 842 ,
993 780 1081 846 qui
1131 790 1214 833 est
1262 783 1564 851 utiigunitus
1623 785 1715 838 Dei

110 863 251 926 vivi,
301 880 380 917 ac
415 867 627 919 diversa
675 869 871 921 smcula
903 879 1122 936 propter
1152 888 1246 925 nos
1272 888 1468 940 pauper
1508 876 1556 927 in
1589 884 1721 929 tein-

113 965 276 1017 pore,
320 953 582 1022 indigens
615 955 664 1008 in
699 956 933 1023 homine,
961 959 1112 1012 nobis
1136 961 1346 1029 accipit,
1378 964 1518 1032 quod
1543 964 1719 1018 abun-

108 1042 258 1098 dans
290 1046 414 1099 sibi
442 1060 654 1112 semper
685 1046 916 1102 habebat
938 1049 989 1103 in
1023 1051 1194 1112 Patre.

188 1131 535 1190 Henricus.
569 1134 798 1190 Firmata
822 1139 874 1191 in
899 1140 1059 1194 corde
1100 1157 1218 1197 meo
1249 1158 1351 1196 non
1392 1145 1596 1198 nescias
1633 1159 1724 1198 su-

116 1222 352 1288 puriora
393 1224 783 1297 rationabiliter
809 1237 860 1281 et
890 1244 1013 1283 vere
1041 1232 1308 1300 exposita,
1333 1231 1423 1285 sed
1454 1232 1517 1284 ad
1540 1248 1724 1286 cumu-

119 1314 234 1365 lum
274 1313 420 1368 ﬁdei
452 1305 634 1384 quaso
662 1332 918 1386 exponas,
951 1335 1046 1372 cur
1069 1322 1312 1388 personis
1338 1330 1391 1375 et
1419 1320 1722 1374 nominibus

115 1405 484 1473 dividuntur,
517 1422 636 1460 cum
667 1408 737 1462 sit
781 1423 881 1462 una
919 1409 1211 1462 substantia
1254 1409 1446 1474 Patris,
1482 1417 1534 1462 et
1578 1408 1715 1473 Filii,

116 1506 171 1546 et
200 1493 460 1560 Spiritus
483 1496 691 1550 sancti?

167 1585 524 1639 Athanasius.
543 1587 904 1656 Ignoras,quia
918 1588 1075 1642 Pater
1089 1587 1225 1643 Deus
1239 1604 1372 1643 unus
1384 1597 1543 1654 est,et
1560 1589 1720 1644 Filius

1898 432 2220 485 Athanasius.
2255 433 2442 487 Procul
2474 433 2634 486 dubio
2674 433 2828 485 Pater
2864 444 2986 485 vere
3017 429 3236 497 genuit;
3293 429 3392 482 hoc

1828 518 2054 587 primum
2081 534 2268 573 nomen
2293 531 2374 572 est
2393 521 2528 588 ejus.
2562 521 2725 576 Filius
2755 536 2878 579 vero
2908 521 2974 576 de
3006 534 3071 574 eo
3103 527 3258 572 natus
3286 527 3393 581 est,

1828 609 1927 662 lioc
1942 608 2150 660 unicum
2171 609 2327 677 283
2349 624 2535 663 nomen
2555 618 2693 664 estet
2715 610 2964 679 :Spiritus
2987 619 3161 664 autem
3177 616 3394 663 sanctus

1823 698 1910 766 qui
1930 698 1994 751 de
2012 697 2164 750 Patre
2179 697 2702 764 processit,~naturale
2725 715 2917 752 nomen
2932 709 3008 753 est
3024 700 3094 753 ei.
3113 699 3251 753 Dum
3265 712 3396 766 ergo

1825 791 2034 840 nomina
2066 788 2117 840 in
2139 789 2376 854 personis
2399 787 2809 855 distinguuntur,
2832 788 3039 855 prapria
3064 788 3279 842 nomina
3304 802 3394 841 os-

1825 877 2113 930 tenduntur
2137 896 2149 928 :
2179 877 2302 931 dum
2326 876 2614 930 secundum
2639 876 2888 930 deitatem
2916 878 3160 942 refertur,
3183 879 3389 931 unitum

1824 981 2015 1020 nomen
2044 971 2093 1020 in
2123 967 2204 1021 bis
2235 967 2533 1020 indicatur:
2562 965 2682 1034 quia
2705 965 3069 1020 substantlvus
3098 976 3179 1020 est
3209 966 3387 1030 Pater,

1824 1057 2184 1110 substantivus
2226 1065 2307 1109 est
2348 1056 2533 1121 Filius,
2573 1055 2941 1109 substantivus
2969 1063 3130 1108 estet
3159 1055 3390 1123 Spiritus

1824 1154 2060 1199 sanctus.
2093 1143 2172 1198 Sit
2192 1158 2320 1211 ergo
2351 1143 2503 1197 nobis
2532 1143 2821 1198 secundum
2850 1141 3103 1195 salutaris
3137 1141 3390 1209 baptismi

1824 1233 2206 1287 confessionem
2238 1233 2369 1288 fides
2417 1233 2619 1302 integra
2653 1232 2950 1293 Trinitatis,
2994 1230 3062 1284 sit
3093 1243 3195 1284 una
3231 1229 3391 1284 devo-

1825 1321 1900 1375 tio
1928 1322 2136 1389 pietatis
2162 1339 2172 1373 :
2199 1337 2296 1376 nec
2326 1336 2477 1376 more
2508 1322 2806 1390 gentilium,
2848 1327 3175 1391 poteSIatum
3211 1320 3390 1374 diver-

1823 1411 2004 1464 sitates
2040 1412 2352 1478 Opinemur,
2392 1409 2484 1464 sed
2529 1411 2702 1478 potius
2746 1409 3034 1475 perfectam
3065 1409 3388 1463 Trinitatem

1824 1498 2106 1553 adorantes
2144 1509 2194 1552 et
2233 1497 2650 1566 magniﬁcantes,
2698 1500 2837 1552 sicut
2877 1499 2928 1551 in
2977 1499 3244 1568 mysteriis
3294 1512 3389 1552 ore

1827 1594 2011 1640 nostro
2039 1586 2286 1649 dicimus,
2318 1586 2389 1640 ita
2417 1585 2743 1639 conscientia
2775 1594 3054 1639 teneamus
3083 1603 3096 1638 :
3133 1586 3380 1652 Sanctus,

119 1687 266 1724 unus
280 1672 442 1727 Deus
457 1685 558 1737 eat,
576 1684 629 1727 et
653 1674 878 1742 Spiritus
899 1684 1112 1730 Sanctus
1132 1690 1268 1730 unus
1289 1677 1427 1730 Deus
1448 1678 1564 1731 est?
1597 1678 1719 1731 Uni-
1755 1695 1795 1752 Β
1825 1689 2048 1741 sanctus,
2068 1685 2271 1729 sanctus
2295 1674 2541 1728 Dominus
2563 1672 2695 1726 Deus
2719 1674 3033 1756 omnipotens
3049 1671 3291 1742 (Isai.vr,
3307 1673 3386 1741 5).

120 1772 235 1814 tum
259 1778 474 1821 nomen
491 1769 729 1833 est,quia
752 1781 853 1820 una
873 1777 957 1823 est
971 1781 1154 1822 eorum
1175 1767 1490 1822 substantia.
1511 1769 1658 1822 Unde
1670 1775 1724 1824 et

121 1853 380 1908 Joannes
394 1855 445 1907 in
462 1856 692 1925 Epistola
705 1872 796 1911 sua
811 1858 912 1912 ait:
933 1857 1055 1912 Tres
1070 1860 1284 1927 suntqui
1297 1861 1633 1913 testimonium
1647 1861 1720 1913 di-

122 1952 249 1995 cunt
267 1945 324 1996 in
343 1945 494 2010 (telo,
510 1944 913 2010 Pater,Verbnm
929 1959 974 2002 et
994 1932 1211 2018 Spii'itus
1226 1965 1245 2004 :
1260 1960 1306 2003 et
1321 1951 1375 2003 in
1386 1950 1586 2004 Christo
1597 1949 1720 2004 Iesu

119 2047 290 2084 unum
327 2043 453 2087 sunt
483 2035 532 2104 (Ι
565 2035 722 2089 Joan.
757 2049 810 2102 v,
843 2038 930 2108 7);
960 2055 1064 2092 non
1099 2047 1273 2093 tamen
1308 2054 1442 2093 unus
1471 2049 1571 2103 est,
1595 2042 1716 2108 quia

125 2137 238 2176 non
263 2133 359 2177 est
384 2139 568 2178 eorum
601 2139 704 2180 una
737 2141 983 2195 persona.
1036 2127 1281 2198 Nunquid
1309 2129 1453 2182 aliud
1482 2129 1718 2183 sentiem

123 2212 256 2264 dum
288 2222 400 2278 est,
433 2229 591 2283 quam
623 2216 778 2270 Pater
799 2230 958 2271 verus
999 2231 1136 2271 unus
1179 2220 1266 2286 qui
1316 2218 1530 2286 genuit,
1577 2217 1716 2271 idem

129 2317 237 2354 non
262 2305 340 2356 sit
367 2304 455 2371 qui
485 2315 539 2358 et
567 2307 777 2374 genitus
804 2304 871 2359 ab
899 2307 1014 2374 ipso
1043 2314 1163 2372 est;
1204 2317 1257 2362 et
1288 2307 1450 2361 Filius
1477 2322 1610 2362 unus
1629 2305 1719 2374 qui

129 2407 241 2445 non
271 2395 484 2461 genuit,
514 2395 670 2448 Pater
699 2410 806 2449 non
831 2396 928 2461 sit;
980 2407 1032 2452 et
1063 2397 1296 2467 Spiritus
1342 2405 1577 2461 sanctus,
1629 2397 1718 2464 qui

135 2498 233 2536 nec
268 2485 453 2552 Pater,
487 2501 586 2542 nec
618 2487 804 2554 Filius,
833 2488 970 2541 alter
997 2490 1065 2542 sit
1093 2489 1146 2543 itt
1183 2504 1427 2557 persona,
1458 2498 1717 2558 praeterea

133 2575 219 2637 qui
248 2589 356 2627 nec
378 2576 575 2641 genuit,
604 2590 700 2630 nec
723 2587 876 2630 natus
907 2577 1185 2632 referatur.

1824 1765 1930 1818 Ter
1957 1764 2141 1819 dicens
2192 1773 2407 1820 sanctus
2435 1777 2592 1817 unam
2622 1763 3060 1831 omnipotentiam
3091 1764 3384 1818 confiteris.

1828 1851 1920 1907 Vel
1962 1852 2090 1908 illud
2140 1853 2418 1919 Apostoli:
2453 1851 2598 1906 Unus
2640 1851 2866 1919 Spiritus
2910 1850 3256 1920 (Ephes.‘tv,
3306 1849 3386 1919 4).

1824 1943 2068 1998 Dominus
2095 1941 2244 1996 Iesus
2267 1941 2495 1997 Christus
2523 1943 2576 1996 in
2621 1943 2788 2012 gloria
2825 1940 2918 1996 Dei
2950 1941 3121 1996 Patris
3161 1941 3384 2012 (Philip.

1821 2047 1877 2096 ιι,
1911 2030 2023 2100 Η).
2061 2031 2231 2086 Unum
2260 2033 2454 2100 Amen,
2481 2031 2605 2102 quia
2636 2046 2739 2086 una
2770 2040 2852 2088 est
2895 2031 3102 2101 religio,
3137 2047 3240 2087 una
3267 2033 3384 2102 glo-

1820 2118 2046 2174 rificatio
2072 2119 2367 2176 Trinitatis.
2403 2120 2469 2176 Et
2510 2120 2764 2200 deinceps
2789 2135 2971 2190 pacem
3000 2122 3382 2177 dilectionem-

1819 2223 1923 2278 que
1950 2217 2214 2263 sectantes
2241 2223 2451 2278 semper
2480 2205 2639 2266 novis
2655 2202 2913 2280 operibus
2939 2213 3294 2281 abundamus,
3329 2225 3384 2270 ut

1822 2296 2102 2351 audiamus
2145 2297 2213 2350 ab
2250 2297 2508 2367 Apostolo
2546 2316 2558 2350 :
2607 2300 2785 2355 Gratia
2817 2301 3166 2357 Dominilesu
3197 2303 3383 2362 Christi

1822 2397 1866 2442 et
1912 2388 2118 2440 dilectio
2163 2385 2279 2451 Dei,
2320 2395 2368 2440 et
2395 2375 3029 2458 communicatidSpiritus
3073 2397 3233 2447 sancti
3271 2395 3384 2450 cum

1820 2477 2050 2530 omnibus
2075 2475 2228 2539 vobis,
2255 2474 2413 2530 Amen
2445 2471 2535 2545 (11
2554 2473 2669 2530 Cor.
2703 2488 2816 2542 χιιι,
2848 2473 2936 2547 15)

142 2681 3362 2708 ww

541 2741 620 2788 "
827 2798 830 2801 ν
1007 2778 1483 2886 LIBER
1561 2770 2523 2884 UNDECIMUS.

766 2938 1078 3016 Professio
1110 2939 1364 3005 Ariona,
1399 2945 1455 2997 et
1493 2934 1796 3014 confessio
1829 2931 2135 2994 catholica
2165 2934 2366 2998 sancti
2390 2932 2743 2995 Athanasii.

1560 3075 1618 3106 AD
1641 3068 1954 3104 THEOPHILUM.

1617 3139 1904 3154 ἠ

209 3209 391 3264 Ariani
417 3210 600 3264 dicunt
643 3209 832 3264 Filium
885 3208 978 3263 Dei
1016 3223 1121 3262 non
1160 3208 1229 3263 de
1267 3206 1562 3262 substantia
1610 3202 1702 3257 Dei
1728 3200 1772 3262 C
1805 3199 1942 3266 bum,
1973 3209 2021 3254 et
2061 3201 2275 3257 Verbum
2307 3212 2412 3257 erat
2452 3203 2590 3272 apud
2643 3203 2825 3273 Deum,
2864 3173 2912 3258 et
2950 3202 3084 3259 Deus
3110 3213 3220 3257 erat
3260 3205 3376 3261 Ver-

149 3294 310 3354 Patris
339 3303 598 3368 genitum,
627 3298 720 3354 sed
746 3298 1076 3358 extrinsecus
1101 3306 1357 3351 creatum.
1406 3297 1514 3364 ligo
1542 3292 1703 3348 credo

150 3385 235 3440 Dei
265 3388 458 3442 Filium
486 3389 553 3442 de
596 3383 769 3444 Patris
811 3398 995 3442 natum
1042 3386 1361 3452 substantia,
1410 3399 1514 3438 non
1553 3396 1702 3440 crea-

151 3483 273 3544 tum,
301 3479 442 3532 sicut
486 3487 537 3531 et
575 3477 829 3546 Spiritum
860 3484 1099 3531 sanctum
1128 3475 1470 3539 Paraclitum,
1505 3473 1592 3540 qui
1621 3479 1704 3525 est

149 3563 278 3631 Filii,
307 3583 336 3619 a
367 3568 522 3621 Patre
548 3569 944 3635 procedentem.
971 3567 1033 3620 Et
1061 3565 1181 3619 ideo
1208 3566 1324 3619 dico
1346 3564 1700 3625 Homousion;

152 3653 209 3706 ad
237 3652 430 3709 Filium
459 3655 614 3710 Patre
659 3657 871 3711 dicente
902 3671 920 3712 :
955 3655 1138 3709 Tecum
1177 3655 1485 3724 principium
1525 3654 1580 3706 in
1621 3653 1705 3705 die

150 3743 337 3798 virtutis
358 3760 480 3811 tute,
514 3745 565 3799 in
595 3744 946 3816 splendoribus
984 3756 1278 3799 sanctorum
1318 3760 1379 3798 ea:
1405 3752 1556 3795 utero
1585 3750 1705 3795 ante

153 3831 408 3900 luciferum
433 3835 582 3902 genui
622 3845 668 3887 te
699 3832 872 3905 (Psal.
922 3849 1030 3898 cu,
1084 3836 1163 3903 5).
1204 3832 1464 3887 Similiter
1484 3838 1540 3886 et
1569 3830 1703 3884 Filio

152 3931 426 3978 auratasne
459 3942 469 3975 :
505 3922 754 3978 Dominus
785 3925 943 3995 283
965 3926 1092 3978 dixit
1116 3925 1184 3977 ad
1208 3939 1312 3976 me:
1349 3919 1520 3975 Filius
1563 3937 1702 3974 meus

153 4029 195 4067 es
221 4024 291 4082 tu,
315 4034 407 4090 ego
436 4018 584 4071 hodie
619 4019 768 4088 genui
804 4028 850 4070 te
885 4016 1057 4088 (Psat.
1100 4032 1159 4080 ιι,
1206 4016 1282 4085 Ἰ).
1319 4015 1449 4070 Nam
1484 4025 1538 4068 et
1579 4028 1698 4067 cum

152 4112 378 4174 tempore
408 4106 667 4174 pas'sionis
691 4105 889 4160 Pilatus
925 4106 991 4160 ab
1016 4121 1080 4160 eo
1110 4103 1483 4160 accusantibus
1504 4102 1701 4158 iudicis

152 4197 433 4261 requireret
457 4199 501 4250 si
532 4212 622 4250 res
650 4205 822 4262 esset,
865 4196 1196 4265 respondens
1239 4195 1528 4256 Dominus,
1580 4193 1697 4247 ait;

154 4283 250 4353 Ego
278 4289 328 4342 in
354 4289 450 4340 hoc
483 4299 630 4341 natus
661 4304 774 4341 sum
816 4285 995 4355 (Joan.
1041 4302 1189 4346 svnt.
1230 4287 1338 4354 57).
1384 4285 1460 4340 De
1500 4284 1700 4352 Spiritu

151 4391 346 4448 quoque
376 4391 561 4435 sancto
590 4373 847 4434 Dominus
872 4380 1001 4433 dicit
1038 4397 1049 4431 :
1078 4379 1302 4448 Spiritus
1323 4388 1526 4432 sanctus
1553 4377 1640 4446 qui
1669 4393 1702 4428 a

153 4467 294 4526 Patre
316 4490 428 4526 naso
456 4474 678 4542 procedit
708 4472 888 4543 (Joan.
920 4461 1008 4537 xv,
1039 4472 1154 4534 36).
1189 4472 1409 4526 Constat
1449 4483 1577 4539 ergo
1614 4483 1700 4523 se-

1803 3291 1940 3358 bum,
1988 3292 2232 3364 hoclerat
2261 3293 2312 3345 in
2355 3293 2606 3362 principio
2643 3293 2780 3362 apud
2822 3292 3005 3347 Deum.
3068 3293 3252 3348 Omnia
3291 3312 3378 3365 per

1802 3384 1970 3451 ipsum
2017 3387 2153 3453 facta
2181 3392 2295 3436 sunt
2328 3382 2505 3455 (Joan.
2540 3400 2578 3450 t,
2617 3385 2691 3454 1).
2731 3384 2920 3439 Omnia
2974 3386 3050 3439 ait
3078 3401 3173 3455 per
3203 3386 3376 3457 ipsum

1804 3473 1962 3539 facta,
1994 3490 2096 3528 non
2123 3474 2292 3544 ipsum
2323 3475 2540 3540 factum.
2568 3475 2659 3530 Sic
2683 3490 2782 3530 nec
2810 3477 2926 3533 sine
2961 3476 3164 3548 Spiritu
3191 3487 3377 3534 sancto

1804 3571 1894 3617 aut
1923 3563 2079 3619 Pater
2101 3565 2404 3634 aliquando,
2426 3573 2517 3619 aut
2543 3565 2704 3620 Filius
2729 3564 2850 3624 fuit.

1877 3654 2059 3708 Ariani
2090 3654 2274 3709 dicunt
2307 3654 2506 3709 nullam
2556 3654 2752 3710 habere
2797 3655 2986 3711 Filium
3037 3665 3376 3726 potestatem,

1804 3743 1905 3797 nisi
1936 3758 1967 3797 a
1990 3741 2150 3799 Patre
2178 3743 2378 3812 aliquid
2400 3744 2684 3812 acceperit.
2718 3744 2976 3800 Similiter
3011 3756 3064 3802 et
3092 3747 3160 3801 de
3179 3746 3376 3816 Spiritu

1804 3842 2010 3901 saneto,
2046 3833 2148 3903 nisi
2179 3849 2208 3888 a
2238 3833 2374 3889 Filio
2417 3836 2702 3902 acceperit.
2739 3833 2849 3904 Ego
2877 3835 3039 3890 credo
3083 3837 3374 3891 secundum

1802 3923 2034 3978 divinam
2089 3924 2439 3977 substantiam
2491 3924 2627 3979 sicut
2663 3920 2885 3978 Verbum
2912 3963 2926 3989 ,
2970 3924 3218 3979 virtutem
3242 3965 3257 3987 .
3290 3941 3374 3980 sa-

1803 4013 2076 4080 pientiam,
2092 4012 2395 4085 brachium,
2411 4026 2645 4076 manum,
2660 4012 2730 4065 ita
2753 4022 2807 4066 et
2829 4021 3142 4080 potestatem
3175 4014 3367 4069 Filium

1801 4118 1921 4157 esse
1965 4102 2155 4157 Patris.
2195 4103 2327 4158 Nam
2371 4094 2660 4158 secundum
2714 4102 2881 4171 ipsius
2911 4103 3119 4159 Domini
3151 4093 3363 4163 sentem

1803 4195 1927 4244 tiam
1955 4209 1966 4242 :
2001 4191 2325 4259 Qutzcunque
2351 4191 2506 4245 Pater
2535 4189 2678 4260 facit,
2725 4190 2834 4245 hwc
2862 4192 3038 4256 eadem
3074 4195 3303 4249 similiter
3326 4206 3374 4250 et

1804 4280 1972 4337 Filius
1998 4283 2141 4352 facit.
2168 4282 2232 4336 Et
2250 4283 2380 4336 sicut
2407 4280 2564 4335 Pater
2591 4283 2802 4336 suscitat
2824 4292 3046 4337 mortuos
3066 4292 3110 4337 et
3132 4286 3370 4352 aivlﬁcat,

1801 4375 1875 4426 sic
1919 4382 1963 4427 et
2013 4373 2181 4428 Filius
2226 4388 2352 4442 quos
2414 4372 2517 4425 vult
2564 4372 2782 4440 viviﬁcat
2816 4370 2996 4438 (Joan.
3050 4388 3104 4438 ν,
3135 4374 3224 4440 19,
3255 4373 3372 4446 ‘21).

1805 4465 2094 4532 chrosum
2125 4478 2353 4531 namque
2383 4479 2486 4518 non
2517 4478 2583 4517 ex
2624 4462 2846 4517 alterius
2885 4464 3130 4532 imperio,
3160 4465 3256 4520 sed
3307 4481 3373 4522 ex

152 4564 366 4618 cundum
412 4580 568 4618 unam
607 4563 898 4618 divinitatis
939 4563 1286 4616 substantiam
1318 4555 1775 4628 Filium‘geui-‘D
1804 4562 2014 4628 propria
2058 4558 2344 4612 mandabat
2371 4565 2654 4625 potestate,
2689 4557 2908 4615 dicens:
2948 4555 3099 4623 Volo,
3131 4560 3376 4614 mundare

157 4657 252 4704 tum
275 4668 301 4704 a
341 4654 517 4717 Patre,
563 4669 667 4707 non
707 4662 944 4709 creatum
977 4669 989 4706 :
1030 4660 1084 4707 et
1107 4651 1364 4721 Spiritum
1394 4657 1635 4704 sanctum
1666 4661 1695 4700 a
1738 4678 1740 4680 -

157 4738 290 4796 Patre
333 4744 734 4813 procedentem,
768 4753 822 4798 et
867 4750 1034 4796 totum
1077 4757 1195 4798 esse
1233 4740 1372 4806 Filii,
1409 4739 1548 4794 sicut
1577 4737 1697 4792 fons

155 4829 210 4884 de
239 4832 377 4888 fante
404 4843 500 4895 est.
530 4842 584 4888 et
610 4834 789 4888 lumen
819 4834 887 4888 de
913 4834 1131 4888 lumine.
1376 4816 1388 4827 ’

213 4921 382 4978 Ariani
413 4922 594 4977 dicunt
643 4938 748 4976 non
779 4935 993 4990 semper
1037 4923 1199 4975 fuisse
1241 4935 1359 4974 cum
1388 4920 1567 4987 Patre,
1602 4927 1697 4972 aut

156 5015 270 5075 apud
315 5013 524 5067 Patrem
577 5012 788 5077 Filium,
837 5013 919 5065 vel
971 5011 1226 5079 Spiritum
1269 5022 1532 5067 sanctum.
1587 5009 1699 5078 Ego

154 5103 292 5156 credo
323 5103 414 5156 Dei
445 5102 656 5166 Filium,
675 5101 964 5156 secundum
992 5101 1200 5155 divinas
1220 5101 1540 5170 Scripturas,
1569 5099 1699 5154 Ver-

157 5189 278 5256 bum,
307 5194 554 5248 virtutem
591 5201 645 5248 et
698 5192 1009 5260 sapientiam
1066 5191 1236 5245 Patris
1284 5204 1422 5245 esse.
1477 5190 1545 5245 Et
1593 5188 1696 5243 fide

156 5284 388 5337 confiteor
413 5296 682 5351 nunquam
703 5281 847 5335 Patri
869 5295 1020 5334 suum
1066 5279 1256 5334 Filium
1285 5280 1539 5345 defuisse,
1575 5281 1695 5348 quia

160 5384 400 5442 nunquam
436 5373 484 5426 ei
513 5373 846 5441 paternitatis
891 5373 1055 5428 defuit
1097 5387 1311 5435 nomen,
1345 5381 1402 5426 ut
1454 5386 1559 5425 non
1582 5370 1698 5425 sine

161 5465 408 5530 sapit-otia,
452 5468 568 5518 sine
616 5462 823 5530 Verbo,
870 5466 985 5519 sine
1034 5464 1226 5518 virtute
1277 5462 1487 5532 propria
1543 5462 1697 5527 Pater

163 5554 414 5624 aliquando
440 5555 687 5609 credatur
729 5555 913 5616 fuisse.
947 5557 1235 5610 secundum
1267 5554 1698 5623 prmdicatiOIieitt

161 5647 466 5718 evangelista:
493 5644 716 5698 Joannis
740 5645 962 5698 dicentis
993 5662 1005 5700 :
1049 5645 1111 5699 In
1156 5647 1404 5717 principio
1434 5654 1538 5701 erat
1575 5643 1700 5699 Ver-

449 5739 722 5800 Ρηιιοι..
771 5737 963 5798 LXII.

1811 4649 2020 4720 (Matth.
2070 4664 2181 4714 vni,
2231 4649 2308 4713 ⁸5).
2360 4647 2449 4704 Sic
2489 4659 2543 4703 et
2595 4648 2941 4718 paralyticum
2987 4648 3125 4718 apud
3163 4648 3376 4706 Judzcos

1800 4743 2108 4810 ignorantes
2135 4756 2256 4795 eum
2284 4740 2449 4796 Deum
2477 4753 2595 4795 esse
2623 4753 2824 4804 verum,
2861 4753 2980 4793 cum
3017 4740 3091 4795 illi
3113 4740 3374 4807 dicerent,

1807 4831 2072 4884 neminem
2101 4845 2257 4899 posse
2279 4841 2493 4899 peccata
2518 4829 2787 4885 dimittere
2819 4829 2918 4884 nisi
2967 4829 3142 4884 solum
3184 4831 3347 4886 Deum
3357 4870 3372 4898 δ

1809 4920 2238 4976 manifestissime
2260 4921 2423 4976 Deum
2450 4935 2508 4975 se
2540 4920 2786 4990 prodidit,
2811 4928 2864 4975 et
2903 4920 3169 4989 propriam
3197 4931 3369 4977 osteno

1805 5012 1883 5066 dit
1922 5020 2256 5081 potestatem,
2285 5012 2468 5068 dicens
2497 5030 2508 5064 :
2542 5012 2609 5066 Ut
2652 5013 2826 5066 sciatis
2862 5021 3028 5067 autem
3058 5014 3177 5082 quia
3205 5011 3251 5065 F
3254 5015 3373 5069 ilius

1805 5097 2022 5156 hominis
2035 5104 2178 5156 habet
2202 5089 2496 5172 potestatem
2517 5104 2569 5156 in
2593 5114 2727 5156 terra
2746 5101 3030 5155 dimittendi
3052 5113 3280 5171 peccata,
3300 5106 3376 5158 ait

1804 5192 2083 5264 paralytico
2108 5208 2126 5248 :
2151 5192 2336 5266 surge,
2367 5193 2482 5246 tolle
2505 5192 2688 5246 tectum
2713 5199 2854 5245 tuum
2873 5201 2922 5246 et
2943 5193 3066 5246 vade
3085 5193 3137 5244 in
3161 5192 3370 5247 domum

1805 5272 1966 5358 235
2012 5295 2150 5338 tuam
2182 5283 2395 5350 (Matth.
2449 5299 2522 5348 ιιι,
2574 5281 2661 5352 6).
2706 5282 2959 5338 Similiter
3002 5291 3054 5336 et
3106 5297 3372 5350 cascorum

1804 5372 2077 5427 examinat
2132 5372 2310 5434 fidem,
2343 5371 2525 5426 dicens
2558 5388 2572 5424 :
2605 5369 2819 5424 Creditis
2866 5371 2985 5438 quia
3029 5370 3121 5423 hoc
3172 5387 3376 5444 possum

1806 5469 1971 5537 facere
1997 5466 2130 5518 vobis
2159 5463 2488 5532 tlbid.,‘28)?
2515 5463 2622 5532 Illis
2654 5461 2930 5526 confessis,
2952 5462 3090 5529 quod
3124 5462 3173 5515 in
3208 5464 3378 5533 ipsius

1807 5564 1948 5610 e-set
1999 5563 2280 5621 potestate,
2319 5554 2557 5608 sanitatis
2603 5551 2892 5607 remedium
2925 5551 3104 5619 infert,
3138 5553 3325 5611 dicens
3360 5577 3372 5609 :

1808 5647 2098 5703 Secundum
2126 5646 2276 5715 ﬁdem
2319 5653 2531 5700 vestram
2581 5645 2668 5712 ﬁat
2720 5643 2852 5696 vobis
2899 5639 3088 5712 (Ibid,
3135 5645 3251 5715 29).
3300 5645 3377 5705 De

2911 5736 2979 5793 10
