3856 6222
468 247 577 304 199

1765 233 1988 292 VlGlLll
2028 232 2392 290 TAPSENSIS

3596 231 3706 285 500

474 354 721 426 passione
741 363 947 423 quoque
975 350 1170 421 proprii
1199 347 1436 418 corporis
1465 345 1760 413 assignans.
1788 343 1930 411 quod
1977 343 2031 396 in
2062 348 2108 406 Α
2146 344 2278 399 Deus
2307 342 2569 415 (Joan.tv,
2599 340 2712 412 2t).
2748 343 2813 397 Et
2839 343 2976 408 ideo,
3024 350 3082 397 ut
3117 341 3249 407 disi,
3301 342 3584 398 secundum
3607 346 3699 400 dt-

475 457 569 497 sua
585 451 727 498 esset
750 449 1025 510 potestate,
1054 439 1124 491 ita
1145 437 1220 490 ait
1245 453 1260 490 :
1285 435 1450 489 Nemo
1473 434 1604 487 tollit
1625 427 1847 486 animant
1870 447 2033 486 meant

475 544 607 586 ause
633 547 656 585 ς
682 539 974 600 potestatem
1029 527 1184 580 habeo
1219 525 1443 597 portendi
1484 539 1616 587 eam,
1647 530 1695 574 et
1743 531 2036 591 potestatem

477 622 632 676 habeo
677 621 857 672 iterum
900 617 1184 671 muniendi
1234 631 1346 669 eam
1377 613 1639 685 (ἄσαιμι,
1673 612 1786 681 18).
1841 611 1908 668 Et
1935 611 2036 666 alia

433 711 438 716 ’
477 711 696 767 inﬁnita.
722 709 797 763 De
817 707 1043 776 Spiritus
1073 707 1230 762 etiam
1274 703 1442 760 sancti
1489 710 1751 772 potestate
1776 702 1892 769 ipse
1913 703 1989 753 ait
2022 718 2034 754 :

477 801 697 869 Spiritus
751 797 838 850 ubi
877 797 984 850 vult
1034 798 1194 864 spirat
1253 792 1430 864 (Joan.
1474 807 1552 854 ιιι,
1581 790 1661 859 8).
1711 789 1903 858 Utique
1947 789 2035 844 ubi

475 890 682 958 propria
715 887 980 942 voluntate
1006 895 1160 955 atque
1206 882 1482 937 divinitate
1531 878 1754 933 voluerit
1778 878 2035 947 aspirare,

473 992 579 1034 non
600 978 686 1032 ubi
710 979 888 1045 jussus
917 977 1096 1032 fuerit.
1153 975 1301 1030 Sicut
1349 971 1500 1026 etde
1543 969 1700 1025 donis
1750 968 2038 1039 gratiarum

475 1071 554 1137 Ap
577 1069 755 1121 catulus
790 1066 1082 1136 pradicant
1121 1064 1275 1118 docet
1299 1078 1313 1114 :
1339 1059 1464 1114 Haec
1510 1067 1678 1112 autem
1727 1058 1900 1111 omnia
1920 1072 2039 1127 ope-

473 1168 617 1211 ratur
645 1173 775 1211 unus
795 1167 941 1226 atque
965 1156 1100 1209 idest
1122 1153 1365 1223 Spiritus,
1395 1151 1625 1203 dividens
1646 1148 1863 1219 singulis
1890 1155 2040 1216 prout

474 1249 581 1302 vult
609 1247 662 1317 (Ι
688 1246 809 1302 Cor.
845 1262 940 1311 xu,
975 1245 1082 1324 Η).
1137 1245 1267 1298 Nam
1299 1241 1511 1311 propria
1537 1250 1590 1294 et
1637 1240 1750 1307 ipse
1781 1247 2039 1308 potestate

473 1349 525 1394 et
573 1338 854 1408 prophetas
898 1335 1099 1404 replet,
1126 1343 1180 1389 et
1220 1330 1678 1402 apostoloseligit
1721 1342 1785 1384 ac
1837 1328 2038 1398 dirigit,

473 1440 534 1482 ac
555 1431 852 1497 episcopos,
885 1427 1021 1478 sicut
1048 1424 1119 1476 in—
1154 1422 1370 1476 Actibus
1401 1419 1761 1489 apostolorum
1794 1417 2037 1484 legimus,

473 1517 760 1572 constituit.
795 1513 1092 1585 innumera
1122 1517 1246 1566 sunt
1274 1510 1432 1563 etiam
1454 1507 1557 1562 alia
1592 1507 1889 1561 testimonia
1919 1521 2040 1574 quae

476 1626 614 1668 nunc
640 1611 851 1678 longum
883 1616 967 1663 est
989 1619 1288 1676 exponere;
1311 1614 1364 1658 et
1391 1603 1513 1658 ideo
1557 1602 1695 1681 sicut
1723 1616 1881 1666 unam
1915 1601 2040 1673 sub-

2141 437 2315 492 vinam
2353 433 2702 491 substantiam
2731 434 3048 490 invisibilem
3066 432 3331 488 conﬁteor
3356 433 3580 500 Patrem,
3606 438 3698 490 in-

2141 525 2400 582 visibilem
2422 523 2643 586 Filium,
2672 522 2988 578 invisibilem
3035 521 3295 590 Spiritum
3341 532 3696 579 sanctumuet

2139 630 2311 685 neque
2333 614 2502 683 majus
2524 612 2745 681 aliquid,
2798 626 2971 684 neque
3011 613 3186 669 minus
3212 614 3266 666 in
3313 613 3524 668 deitatis
3570 616 3694 671 sub-

2137 704 2327 758 stantia
2364 702 2546 757 credo.
2589 699 2876 768 Propterea
2931 703 3177 756 eundem
3229 701 3397 756 reddo
3445 703 3692 755 honorent

2143 790 2277 845 Filio
2300 801 2352 847 et
2379 791 2596 859 Spiritui
2625 799 2830 859 sancto,
2859 804 3017 860 quem
3062 801 3118 845 et
3145 788 3315 856 Patri,
3365 792 3693 860 praecipiente

2142 867 2364 935 Domino
2401 897 2413 932 :
2452 878 2517 935 Ut
2544 896 2716 934 omnes
2736 879 3067 949 honoriﬁcent
3095 877 3142 932 ιν
3145 881 3306 944 ilium,
3345 881 3474 933 sicut
3499 881 3692 934 honori-

2138 972 2292 1039 )!ctutt
2320 969 2548 1038 Patrem,
2574 971 2694 1040 quia
2722 971 2810 1040 qui
2835 987 2933 1024 non
2979 969 3316 1038 honorificam
3359 968 3565 1032 Filium,
3593 987 3694 1024 una

2139 1061 2475 1132 honorificam
2500 1062 2705 1116 Patrem
2731 1064 2910 1134 (Joau.
2945 1078 2997 1128 ν,
3019 1064 3134 1133 23).
3167 1064 3234 1117 Et
3254 1064 3322 1120 de
3364 1062 3555 1131 Spiritu
3575 1077 3694 1117 san-

2138 1163 2223 1208 cto
2254 1152 2366 1221 ipse
2388 1153 2462 1206 ait
2495 1170 2508 1206 :
2539 1153 2639 1217 Qui
2667 1153 3080 1219 blasphemaverit
3106 1154 3159 1207 in
3182 1153 3435 1221 Spiritum
3454 1166 3686 1214 sanctum,

2139 1258 2238 1296 non
2268 1243 2542 1294 remittetur
2565 1242 2632 1302 ei,
2655 1257 2810 1306 neque
2837 1242 2890 1294 in
2914 1240 3008 1294 hoc
3027 1242 3212 1294 seculo
3241 1258 3400 1310 neque
3437 1242 3490 1295 in
3530 1243 3692 1310 [uter

2142 1330 2351 1400 (Matth.
2380 1331 2602 1401 xu,32).
2641 1331 2926 1401 Propterea
2949 1332 3105 1399 igitur
3133 1347 3292 1384 unum
3316 1331 3482 1386 Deum
3509 1334 3556 1384 iu
3577 1332 3676 1387 Trio

2141 1424 2303 1486 nitate
2329 1423 2513 1488 credo,
2532 1421 2708 1476 divina
2738 1421 3010 1490 Scriptura
3034 1419 3264 1475 docente
3289 1438 3303 1476 :
3335 1421 3487 1485 Audi,
3511 1418 3682 1485 Israel,

2144 1512 2397 1566 Dominus
2452 1512 2586 1565 Deus
2625 1523 2772 1580 tuus,
2816 1510 2952 1565 Deus
2985 1527 3116 1565 unus
3149 1522 3220 1566 est
3263 1511 3452 1582 (Deut.
3489 1527 3566 1578 rt,
3601 1513 3685 1582 ι).

2211 1603 2389 1656 Ariani
2432 1600 2634 1666 dicunt,
2691 1599 2790 1659 Del
2833 1599 3021 1656 Filium
3076 1602 3365 1656 secundum
3423 1603 3688 1656 divinitatis

473 1705 744 1767 stantiam,
789 1704 859 1756 ita
913 1714 1071 1754 unam
1119 1705 1434 1768 potestatem
1481 1693 1674 1758 Patris,
1715 1701 1769 1747 et
1798 1693 1938 1758 Filii,
1985 1702 2039 1748 et
2069 1687 2114 1747 Β
2141 1689 2485 1747 substantiam
2517 1700 2570 1746 et
2597 1691 2881 1756 visibilem,
2908 1699 2962 1746 et
2991 1691 3268 1746 minorem.
3303 1690 3413 1762 Ego
3461 1693 3610 1748 credo
3636 1693 3688 1746 in

473 1793 698 1861 Spiritus
746 1789 914 1844 sancti
967 1788 1149 1842 credo.
1189 1785 1342 1852 Quod
1395 1793 1570 1839 autem
1607 1783 1811 1851 accepit
1853 1782 1890 1835 F
1895 1783 2036 1850 ilius,

473 1880 762 1937 secundum
795 1879 1060 1933 hominem
1089 1876 1312 1944 accepit,
1346 1872 1397 1927 id
1431 1879 1514 1926 est
1562 1871 1851 1925 secundum
1873 1871 2040 1922 servi-

475 1973 579 2026 lem
604 1969 850 2034 formam,
881 1966 1169 2021 secundum
1201 1971 1396 2017 nostra
1420 1960 1740 2015 conditionis
1770 1965 2035 2021 naturam,

474 2061 587 2129 ipso
611 2060 835 2114 Domino
860 2060 912 2110 in
935 2055 1217 2123 Evangelio
1236 2052 1447 2108 dicente
1478 2069 1490 2102 :
1529 2049 1593 2102 Et
1618 2049 1863 2116 judicium
1890 2048 2030 2102 dedit

474 2153 519 2204 ei
546 2149 726 2220 facere,
759 2148 882 2217 quia
903 2143 1074 2200 Filius
1089 2143 1310 2196 hominis
1330 2150 1402 2196 est
1431 2139 1609 2209 (Joon.
1631 2155 1685 2205 ν,
1712 2139 1825 2208 37).

540 2239 723 2295 Ariani
745 2239 922 2293 dicunt
950 2248 1055 2290 non
1083 2241 1247 2288 totum
1272 2231 1482 2286 Patrem
1505 2229 1623 2298 capi
1647 2243 1680 2298 p
1716 2242 1802 2283 sse
1822 2243 1853 2280 a
1880 2226 2038 2294 Filio,

415 2346 420 2352 ·
473 2328 552 2384 vel
579 2328 842 2398 conspici;
865 2315 1001 2381 sicut
1031 2338 1129 2379 nec
1151 2322 1380 2392 Spiritus
1403 2329 1621 2375 sanctus
1653 2328 1818 2373 totum
1850 2317 2040 2370 Filium

473 2428 563 2474 aut
588 2419 736 2474 videt
763 2427 854 2472 aut
905 2415 1067 2484 capit.
1099 2414 1210 2482 Ego
1239 2411 1422 2475 credo,
1457 2409 1599 2479 quod
1630 2409 1766 2463 sicut
1795 2406 1958 2461 Filius
1989 2406 2042 2459 in

475 2512 632 2566 Patre
655 2518 769 2575 est,
802 2516 857 2561 et
887 2522 916 2560 a
959 2507 1116 2560 Patre
1163 2513 1302 2557 torus
1343 2500 1551 2556 videtur
1573 2539 1590 2566 ,
1632 2499 1700 2553 ita
1744 2507 1798 2553 et
1830 2499 1985 2551 Pater
2011 2511 2039 2549 a

477 2603 612 2658 Filio
634 2610 776 2656 totus
818 2599 1041 2664 videtur,
1074 2604 1127 2650 et
1175 2603 1315 2648 totus
1362 2603 1446 2648 est
1473 2591 1527 2645 in
1579 2590 1740 2653 Filio;
1767 2590 1880 2658 ipso
1908 2587 2043 2641 Filio

476 2692 683 2749 dicente
724 2706 739 2744 :
771 2688 881 2760 Ego
927 2689 978 2741 in
1019 2685 1195 2748 Pa're,
1251 2692 1299 2737 et
1347 2681 1503 2735 Pater
1544 2682 1599 2734 in
1647 2695 1726 2734 me
1760 2688 1832 2733 est
1863 2678 2038 2749 (Joan.

476 2799 582 2851 xiv,
612 2781 722 2850 ii).
755 2779 819 2834 Et
851 2797 861 2830 :
892 2779 1035 2834 Sicut
1064 2776 1197 2830 novit
1250 2790 1328 2828 me
1357 2771 1532 2837 Pater,
1556 2781 1605 2826 et
1646 2786 1741 2842 ego
1771 2772 1887 2825 novi
1930 2769 2040 2823 Pa-

478 2870 800 2944 trem(loan.
834 2885 886 2934 ι,
923 2867 1055 2938 15).
1087 2867 1343 2922 Similiter
1364 2879 1418 2925 et
1463 2869 1529 2924 de
1587 2866 1787 2942 Spiritu
1836 2873 2041 2929 sancto,

475 2965 726 3034 Apostolo
770 2963 1085 3032 prmdicante
1114 2961 1254 3030 quod
1304 2961 1536 3032 Spiritus
1575 2967 1843 3014 scrutatur
1880 2958 2038 3012 etiam

2141 1781 2310 1836 forma
2332 1780 2448 1846 Dei,
2475 1782 2605 1838 sicut
2628 1782 2872 1849 superius
2895 1781 3325 1849 approbavimus,
3368 1782 3688 1848 invisibilem,

2142 1871 2258 1940 ipso
2278 1871 2342 1923 ad
2371 1869 2548 1924 losen
2573 1866 2814 1926 dicente:
2840 1870 3006 1924 Nemo
3053 1871 3175 1923 sidit
3200 1871 3381 1940 faciem
3431 1887 3600 1937 meatu,
3642 1882 3688 1925 et

2141 1960 2266 2012 vivet
2299 1957 2494 2027 (Exod.
2547 1973 2731 2024 ιιιιιι,
2755 1954 2868 2027 20).
2893 1957 3170 2027 Δζᾳιιιιιεω
3209 1974 3343 2015 vero
3391 1974 3482 2028 per
3527 1961 3689 2014 omnia

2141 2049 2304 2118 Patri,
2331 2057 2551 2119 excepto
2579 2063 2644 2106 eo
2674 2050 2814 2118 quod
2843 2050 2932 2104 ille
2955 2050 3215 2120 ingenitus
3255 2061 3358 2116 est,
3409 2062 3461 2109 et
3487 2053 3579 2107 iste
3599 2067 3688 2120 ge-

2141 2143 2283 2196 nitus
2314 2159 2326 2194 :
2359 2141 2602 2210 apostolo
2624 2142 2945 2209 praedicante
2971 2141 3038 2196 de
3066 2156 3131 2197 eo
3160 2157 3175 2196 :
3207 2141 3308 2206 Qui
3350 2159 3463 2196 cuiu
3490 2146 3540 2196 in
3587 2142 3690 2208 ior-

2139 2247 2246 2300 ata,
2275 2231 2465 2302 inquit,
2497 2233 2657 2303 288
2688 2233 2781 2287 Dei
2803 2240 2950 2296 esset,
3001 2249 3104 2286 non
3150 2235 3383 2301 rapinam
3429 2235 3692 2288 arbitratus

2142 2331 2234 2386 est,
2265 2338 2367 2376 esse
2393 2338 2445 2376 se
2464 2321 2710 2390 aqualem
2732 2321 2837 2376 Deo
2864 2321 3084 2393 (Philip.
3117 2338 3172 2387 tt,
3204 2326 3298 2392 vn).

2215 2413 2394 2468 Ariani
2423 2412 2712 2478 dicunt,ita
2738 2407 2929 2468 Filium
2961 2414 3041 2467 vel
3086 2414 3340 2482 Spiritum
3382 2425 3610 2471 sanctum
3629 2417 3693 2470 ab

2143 2503 2352 2557 arcanis
2379 2502 2547 2556 Patris
2568 2512 2858 2569 extorrem,
2881 2513 2939 2557 ut
2962 2503 3092 2558 nihil
3121 2514 3442 2560 secretarum
3481 2506 3692 2574 disposi-

2145 2591 2345 2644 tionum
2363 2591 2590 2654 noverit,
2612 2592 3012 2646 nisirevelatum
3042 2607 3070 2645 a
3096 2592 3272 2660 Patre,
3318 2596 3461 2664 quod
3485 2596 3695 2652 voluerit

2144 2678 2279 2734 Filio
2307 2679 2568 2745 revelare;
2593 2689 2646 2734 et
2673 2680 2913 2750 Spiritui,
2938 2681 3076 2751 quod
3105 2697 3137 2736 a
3169 2683 3308 2738 Filio
3336 2685 3492 2739 luerit
3535 2689 3692 2740 nani-

2144 2770 2411 2825 iestatum.
2444 2771 2557 2840 Ego
2597 2773 2757 2826 credo
2785 2773 2972 2827 Filium
3004 2773 3055 2827 in
3095 2773 3273 2839 Patre,
3301 2786 3355 2831 et
3400 2777 3601 2832 Patrem
3643 2779 3690 2831 in

2146 2858 2302 2925 Filio,
2332 2860 2583 2928 Spiritum
2613 2877 2823 2931 quoque
2843 2871 3081 2931 sanctum
3115 2867 3423 2934 paraclitum
3470 2868 3555 2937 qui
3583 2883 3694 2937 pro-

2145 2951 2285 3007 cedit
2308 2966 2336 3005 a
2370 2952 2544 3018 Patre,
2568 2964 2622 3007 et
2650 2952 2767 3009 Filii
2790 2969 2910 3012 esse
2955 2964 3007 3010 et
3035 2957 3226 3024 Putris,
3256 2960 3378 3028 quia
3429 2971 3481 3015 et
3510 2975 3540 3014 a
3567 2959 3693 3014 Filio

475 3027 732 3128 profunda
759 3027 870 3108 Dei.
897 3053 963 3107 Et
983 3053 1118 3108 sicut
1134 3027 1292 3108 nemo
1319 3027 1464 3107 novit
1485 3050 1608 3120 quid
1634 3051 1703 3105 sit
1731 3051 1781 3103 iu
1804 3048 2036 3113 homine,
2067 3027 2112 3089 ε
2147 3044 2403 3113 procedit,
2432 3045 2568 3099 sicut
2593 3055 2647 3099 et
2676 3048 2726 3100 in
2753 3046 3040 3124 Evangelio
3057 3027 3309 3117 scriptum
3331 3061 3436 3118 est,
3455 3052 3591 3122 quod
3609 3069 3695 3121 per

473 3148 766 3205 secundum
819 3145 986 3213 ipsius
1035 3143 1273 3212 Apostoli
1312 3143 1650 3207 sententiam,
1681 3141 1782 3195 nisi
1826 3139 2041 3208 spiritus

475 3239 725 3300 hominis,
754 3232 843 3305 qui
894 3239 977 3288 est
1020 3232 1073 3286 in
1120 3231 1366 3296 homine;
1399 3231 1471 3285 ita
1515 3240 1568 3285 et
1611 3244 1729 3300 qua
1773 3238 1897 3284 sunt
1947 3228 2041 3283 Dei

475 3342 632 3386 nemo
663 3326 824 3390 novit,
857 3322 958 3379 nisi
985 3322 1212 3394 Spiritus
1237 3322 1322 3392 qui
1349 3331 1431 3378 est
1473 3321 1529 3377 in
1556 3336 1640 3377 eo.
1672 3320 1803 3376 Nam
1849 3331 1902 3376 et
1933 3320 2040 3375 Do-

476 3422 650 3479 minus
689 3424 740 3476 in
773 3419 1056 3489 Evangelio
1083 3418 1244 3474 etiam
1287 3413 1354 3472 de
1384 3416 1617 3486 parvulis
1647 3415 1723 3469 sic
1744 3415 1819 3468 ait
1849 3429 1864 3467 :
1909 3413 2039 3477 Quia

472 3515 642 3586 angeli
663 3526 839 3566 eorum
851 3522 1046 3578 semper
1070 3511 1232 3562 rident
1254 3509 1433 3577 {aciem
1460 3506 1629 3560 Patris
1650 3505 1862 3576 (Matth.
1895 3518 2035 3567 xvni,

480 3606 590 3674 10).
624 3603 843 3671 impium
864 3610 944 3655 est
968 3599 1186 3654 credere
1211 3597 1352 3667 quod
1384 3595 1549 3649 Filius
1589 3605 1641 3649 et
1669 3593 2042 3663 Spiritus-san-

478 3703 594 3749 Ctus
621 3705 724 3745 non
756 3695 919 3744 totum
946 3696 1036 3742 aut
1062 3688 1369 3751 intueantur
1394 3723 1408 3746 ,
1443 3693 1533 3738 aut
1560 3683 1771 3752 capiant
1806 3681 2038 3735 Patrem.

547 3781 706 3854 235
730 3777 916 3835 Ariani
959 3775 1142 3832 dicunt
1179 3788 1340 3830 unum
1399 3782 1601 3829 tantum
1650 3773 1814 3828 Deum
1865 3770 2041 3841 petie-

477 3881 641 3936 ctum,
664 3869 1102 3937 omnipotentem,
1135 3864 1506 3934 incapabilem,
1533 3865 1844 3933 ingenitum,
1878 3863 2041 3917 inter-

477 3962 779 4018 minabiiem
810 3959 1018 4015 Patrem
1050 3958 1220 4012 solum
1249 3961 1304 4011 et
1331 3956 1705 4010 immortalem.
1735 3954 1846 4024 Ego
1878 3949 2042 4008 credo

477 4055 762 4112 secundum
806 4051 1011 4106 divinas
1051 4049 1373 4117 Scriptores,
1435 4047 1598 4102 Deum
1642 4056 1698 4101 et
1751 4046 2037 4100 Dominum

479 4147 688 4202 Patrem
713 4143 1020 4214 ingenitum,
1043 4141 1205 4195 Deum
1229 4149 1280 4194 et
1295 4137 1572 4193 Dominum
1586 4136 1775 4191 Filiam
1797 4135 1864 4190 de
1879 4136 2038 4190 Patre

479 4237 735 4305 genitum,
766 4233 926 4287 Deum
957 4239 1010 4286 et
1032 4229 1309 4283 Dominum
1334 4227 1589 4297 Spiritum
1613 4237 1853 4281 sanctum
1882 4240 1910 4278 a
1942 4226 2041 4279 Pa-

481 4333 560 4385 tre
593 4325 993 4396 ‘ptocedentem,
1023 4333 1074 4376 et
1105 4321 1155 4374 in
1185 4319 1319 4374 Filio
1347 4327 1646 4374 manentem
1672 4332 1687 4370 ι
1719 4317 1908 4371 Filium
1939 4331 2036 4370 au-

2144 3131 2558 3189 insufﬂationem
2588 3149 2735 3189 suam
2766 3136 2972 3191 dederit
2998 3137 3272 3207 discipulis
3313 3142 3424 3196 suis
3455 3143 3693 3213 Spiritum

2142 3232 2384 3277 sanctum
2412 3223 2594 3278 dicens
2636 3226 2901 3295 :Acripite
2953 3225 3204 3297 Spiritum
3251 3228 3499 3286 sanctum.
3545 3233 3695 3288 Cass

2142 3315 2433 3368 remiseritis
2462 3301 2688 3384 peccata,
2711 3320 2920 3372 remissa
2946 3329 3060 3372 sunt
3088 3333 3109 3374 :
3135 3329 3182 3372 et
3210 3324 3357 3392 cujus
3382 3325 3694 3390 retinueritis,

2141 3410 2334 3456 retenta
2356 3412 2474 3456 sunt
2509 3403 2686 3474 (Joan.
2720 3421 2811 3471 xx,
2852 3404 2965 3475 9-2).
3022 3407 3088 3461 Et
3136 3409 3268 3463 ideo
3294 3411 3689 3480 inseparabilem

2143 3493 2399 3548 conﬁteor
2421 3494 2756 3563 Trinitatem,
2783 3510 2882 3550 nec
2929 3507 3198 3553 extorrem
3232 3499 3443 3564 Filium,
3473 3511 3560 3554 snt
3585 3502 3694 3569 δρία

2144 3585 2301 3639 ritum
2333 3596 2593 3656 sanctum,
2624 3589 2760 3642 sicut
2787 3587 3023 3644 haeretici
3050 3589 3360 3660 loquuntur,
3411 3606 3442 3644 a
3474 3594 3577 3646 Deo
3605 3591 3697 3646 Pa-

2147 3684 2228 3732 tre
2255 3677 2396 3742 dieo,
2427 3678 2674 3747 quoniam
2702 3677 2892 3742 Filius,
2916 3680 3105 3748 quiest
3119 3683 3378 3750 sapientia
3407 3683 3697 3750 DeiPatris,

2144 3770 2256 3839 ipse
2281 3778 2360 3824 est
2389 3777 2444 3824 et
2465 3770 2703 3825 voluntas
2728 3763 2916 3834 Patris.
2947 3786 3067 3842 qua:
3093 3787 3306 3844 semper
3359 3775 3412 3828 in
3451 3776 3561 3844 ipso
3583 3777 3696 3842 fuit,

2143 3869 2196 3915 et
2220 3861 2333 3928 ipse
2359 3867 2441 3913 est
2461 3861 2630 3931 magni
2655 3860 2855 3913 consilii
2882 3861 3091 3930 angelus
3114 3877 3134 3916 :
3158 3872 3205 3916 et
3253 3881 3344 3933 per
3370 3866 3536 3935 ipsum
3579 3883 3698 3920 rou-

2143 3949 2250 4001 dita
2276 3957 2392 4003 sunt
2417 3951 2585 4002 omnia
2615 3948 2766 4020 (lsai.
2801 3965 2877 4016 ts,
2908 3951 2987 4017 5),
3014 3953 3152 4006 sicut
3198 3955 3468 4021 apostolus
3517 3956 3700 4010 Paulus

2141 4040 2416 4109 pradieat,
2448 4056 2558 4109 qua
2585 4041 2638 4095 in
2666 4041 2825 4110 (alia,
2855 4053 2901 4095 et
2928 4057 3043 4110 qua
3063 4043 3118 4095 in
3141 4045 3289 4117 terris
3323 4056 3462 4111 sunt,
3493 4047 3701 4101 visibilis

2142 4143 2185 4187 et
2214 4134 2484 4188 invisibilia
2513 4135 2645 4205 (Col.
2679 4152 2715 4202 i,
2750 4136 2856 4206 i6).
2882 4136 2945 4191 Et
2977 4138 3210 4194 Joannes
3243 4143 3561 4209 evangelista
3609 4145 3700 4196 do-

2139 4233 2226 4279 cet
2243 4225 2383 4293 qund
2413 4227 2581 4279 omnia
2601 4241 2689 4294 per
2719 4227 2878 4297 ipsum
2909 4229 3047 4295 facta
3075 4240 3213 4297 sunt,
3259 4241 3304 4284 et
3330 4233 3438 4286 sine
3465 4235 3574 4303 ipso
3623 4236 3698 4304 fa-

2143 4327 2276 4369 ctum
2303 4326 2375 4369 est
2403 4316 2530 4369 nihil
2561 4316 2738 4385 (Joan.
2763 4333 2797 4384 ι,
2827 4319 2904 4388 5).
2932 4319 3062 4373 Nam
3114 4331 3166 4375 et
3203 4325 3340 4377 sicut
3391 4340 3487 4392 per
3539 4329 3697 4394 ipsum

598 4379 748 4472 'sicut
778 4416 827 4470 in
869 4379 1067 4468 dcitate
1099 4426 1201 4464 non
1229 4407 1349 4464 dico
1378 4409 1656 4473 minorem,
1679 4408 1750 4462 ita
1777 4408 1830 4462 in
1867 4408 2035 4462 forma
2067 4379 2116 4437 θ
2141 4407 2318 4458 omnia
2347 4405 2480 4459 iacta
2508 4379 2700 4460 divina:
2721 4379 3008 4477 Scriptura:
3035 4409 3352 4483 loquuntur,
3371 4379 3443 4466 εἰ.
3470 4423 3523 4468 et
3557 4379 3687 4483 qua

482 4505 621 4561 servi
646 4551 660 4574 ,
695 4519 809 4575 quae
834 4501 1064 4572 passroui
1088 4497 1384 4563 succubuit,
1412 4499 1726 4552 minoratum
1753 4497 2032 4563 conﬁteor,

484 4597 738 4667 Ap:.stnlo
763 4594 972 4649 dicente
999 4611 1012 4644 :
1038 4589 1167 4645 Eunt
1188 4597 1356 4643 autem
1373 4590 1458 4659 qui
1480 4589 1733 4642 modicum
1761 4589 1821 4642 ab
1845 4589 2039 4657 angelis

486 4691 760 4742 minoratus
781 4685 1084 4738 sst‘vidimus
1110 4679 1285 4735 Iesum
1309 4688 1511 4748 propter
1533 4678 1818 4748 passionem
1865 4679 2039 4731 mortis

485 4777 669 4848 (Hebr.
703 4789 759 4840 ιι,
792 4771 866 4842 9).
895 4771 959 4824 Et
985 4772 1105 4824 ideo
1126 4769 1180 4822 in
1205 4769 1370 4823 tribus
1389 4766 1627 4834 personis
1656 4780 1760 4821 non
1785 4778 1890 4820 tres
1913 4766 2052 4820 deo!

483 4866 673 4928 sentio,
701 4862 792 4917 sed
823 4874 980 4914 unum
1016 4858 1177 4911 Deum
1214 4866 1266 4910 et
1306 4855 1583 4909 Dominum
1615 4855 1926 4920 substantia,
1962 4855 2044 4909 di-

482 4960 719 5020 vinitate,
779 4951 1030 5024 potentia,
1089 4950 1410 5017 aequalitate,
1459 4956 1617 5018 atque
1671 4950 2039 5018 perpetuitate,

482 5051 648 5106 adoro
673 5057 723 5101 et
743 5045 882 5106 colo,
910 5044 1044 5096 sicut
1071 5044 1123 5095 in
1155 5043 1265 5109 lege
1283 5052 1600 5110 praceptum
1629 5052 1707 5095 est
1732 5059 1744 5093 :
1771 5042 2042 5094 Dominum

482 5147 647 5201 Deum
675 5152 816 5196 tuum
837 5137 1090 5198 adorabis,
1119 5136 1257 5190 etilli
1281 5135 1381 5187 soli
1413 5134 1590 5188 servies
1617 5134 1791 5202 (Deut.
1825 5148 1894 5198 Vt,
1930 5133 2040 5201 15).

552 5231 733 5289 Ariani
763 5231 964 5291 dicunt,
983 5228 1188 5281 Patrem
1217 5225 1385 5278 solum
1419 5223 1741 5278 invisibilem
1770 5224 1956 5287 Deum,
1988 5233 2042 5276 et

481 5329 764 5396 majorem,
786 5333 838 5378 et
864 5321 984 5375 ideo
999 5318 1167 5375 solum
1190 5312 1468 5371 colentium
1505 5324 1662 5384 atque
1687 5314 2038 5370 adorandum.

483 5417 590 5487 Ego
617 5417 776 5471 credo
805 5411 1094 5468 secundum
1115 5409 1347 5462 divinam
1396 5407 1740 5476 substantiam
1792 5421 1854 5461 ac
1885 5408 2045 5475 maje-

485 5519 701 5568 statem.
741 5504 980 5574 spiritum
1006 5501 1216 5564 Filium,
1251 5513 1313 5568 5p
1336 5498 1488 5553 ritum
1533 5513 1739 5568 quoque
1785 5498 1840 5564 S,
1863 5498 2041 5551 iritum

484 5610 742 5667 sanctum,
770 5596 992 5652 Domino
1018 5595 1068 5649 io
1100 5591 1388 5663 Evangeiio
1431 5589 1639 5647 dicente
1665 5608 1676 5644 ε
1699 5589 1922 5657 Spiritus
1970 5605 2042 5649 est

2143 4507 2351 4564 cunque
2373 4494 2411 4547 F
2415 4495 2537 4550 ilius
2581 4496 2725 4559 facit,
2751 4498 2863 4566 ipse
2891 4512 2950 4552 se
2979 4511 3097 4552 cum
3129 4499 3284 4556 Patre
3331 4503 3506 4557 facere
3549 4513 3696 4558 uesta-

2145 4595 2247 4654 tur,
2273 4587 2497 4641 dieens:
2561 4587 2716 4641 Pater
2762 4601 2932 4643 autem
2979 4591 3033 4643 in
3078 4607 3158 4645 nte
3202 4609 3413 4647 araneus
3439 4597 3546 4664 ipse
3587 4597 3694 4664 facit

2145 4692 2298 4746 Opera
2332 4675 2510 4746 (Joan.
2546 4691 2657 4742 xw,
2684 4677 2794 4747 i0).
2821 4679 2920 4733 Per
2940 4678 3051 4734 hace
3080 4682 3366 4735 wisndens
3395 4684 3536 4751 quod
3580 4700 3694 4738 nuo-

2147 4779 2301 4836 quam
2332 4767 2489 4821 Pater
2514 4768 2628 4822 sine
2654 4767 2804 4834 Filio,
2845 4769 2935 4838 qui
2991 4778 3073 4825 est
3126 4771 3406 4840 sapientia,
3455 4774 3691 4839 Veritum,

2147 4861 2408 4926 voluntas,
2443 4870 2496 4915 et
2517 4861 2685 4915 virtus
2708 4861 2878 4915 Patris
2907 4862 3100 4933 aliquid
3129 4873 3218 4918 aut
3258 4865 3574 4935 disposuerit
3614 4877 3692 4920 aut

2147 4952 2349 5012 iecerit.
2383 4965 2480 5006 nec
2507 4953 2624 5010 sine
2652 4952 2806 5007 Patre
2828 4951 3016 5008 Filius.
3044 4953 3118 5009 De
3146 4955 3347 5023 Spiritu
3375 4973 3502 5012 vero
3525 4971 3693 5013 saneto

2147 5041 2361 5095 dubium
2389 5056 2490 5096 non
2517 5050 2600 5096 est
2624 5041 2762 5110 quod
2793 5043 2922 5096 nihil
2947 5044 3177 5112 ignoret,
3211 5060 3308 5100 nec
3324 5047 3393 5099 sit
3424 5049 3641 5100 extorris
3665 5061 3691 5097 a

2148 5132 2334 5198 Patre;
2365 5132 2489 5188 dum
2517 5133 2632 5188 sine
2660 5133 2857 5202 Spiritu
2883 5148 2982 5189 suo
3005 5133 3211 5190 Patrem
3247 5123 3406 5190 inisse
3427 5137 3691 5205 aliquando

2145 5234 2366 5275 summa
2389 5221 2668 5277 dementire
2691 5233 2768 5278 est
2790 5223 2989 5287 dicere,
3023 5225 3272 5291 quoniam
3293 5226 3404 5294 ipse
3431 5237 3686 5288 scrutatur,

2145 5313 2434 5367 secundum
2455 5317 2786 5384 Apostolum,
2817 5320 2951 5369 sicut
2996 5329 3139 5383 saepe
3185 5316 3382 5371 dictum
3431 5329 3533 5383 est,
3587 5337 3690 5388 pro-

2146 5409 2306 5478 funda
2335 5421 2381 5464 et
2405 5411 2510 5464 alia
2541 5410 2633 5466 Dei
2661 5410 2713 5481 (Ι
2744 5407 2859 5464 Cor.
2891 5425 2949 5476 tl,
2973 5408 3080 5476 10).
3109 5409 3173 5464 Ει
3200 5412 3338 5480 quod
3370 5411 3507 5468 idem
3534 5411 3687 5479 Spiri-

2149 5509 2229 5554 tus
2260 5501 2376 5556 Filii
2406 5503 2495 5565 sit,
2526 5503 2704 5556 multis
2732 5501 3124 5568 Scripturarum
3166 5503 3487 5559 testimoniis
3516 5505 3688 5572 proba-

2147 5593 2316 5647 vimus
2349 5601 2436 5647 :et
2461 5593 2603 5660 quod
2633 5601 2774 5647 totus
2801 5601 3007 5646 maneat
3036 5591 3086 5644 in
3120 5593 3255 5648 Filio
3287 5612 3298 5645 :
3333 5603 3388 5650 et
3429 5593 3564 5649 sicut
3585 5605 3688 5662 pro-
