3802 6246
134 233 207 288 ὗιΗ
839 298 841 301 ,
1310 245 1393 298 DE
1432 246 1626 302 ΤΒΙΝΙἾ

1730 252 1786 307 Ἐ
1823 254 1969 308 LIB.
1994 256 2076 309 XL

3177 274 3279 326 301

134 352 246 406 cedit
271 366 294 404 a
323 353 420 406 Deo
450 352 622 416 Patre,
660 353 728 404 ita
753 353 986 420 procedit
1014 368 1040 408 ι
1066 355 1217 422 Filio,
1272 368 1326 412 ut
1371 369 1474 414 tota
1520 363 1630 416 'l'ri-
1660 375 1704 429 Α
1734 371 1850 436 quia
1873 373 2008 438 quod
2041 375 2302 428 diversum
2324 382 2420 440 ost,
2453 392 2609 430 unum
2666 392 2784 434 esse
2799 394 2930 460 -νιιοιι
2983 391 3153 450 potest
3185 403 3197 438 :
3229 400 3281 456 et

133 441 243 492 nitas
263 454 385 494 unus
405 441 647 494 credatur
675 440 835 494 Deus.
859 441 996 497 Nihil
1028 459 1151 514 ergo
1178 457 1258 499 est
1286 450 1424 515 quod
1457 448 1633 514 faciat,

133 530 196 581 vel
223 529 446 596 disponat
465 528 620 582 Pater
639 529 753 581 sine
780 543 870 582 sua
900 533 1187 600 sapientia:
1219 537 1350 591 nihil
1379 540 1514 607 quod
1547 555 1639 594 no-

133 620 258 683 ierit,
288 619 361 670 vel
390 617 636 684 disponat
658 618 772 670 sine
819 632 914 672 suo
939 631 1121 675 sancto
1175 623 1393 691 Spiritu,
1447 628 1513 680 de
1539 641 1641 697 quo

133 707 346 770 propheta
367 703 440 757 sic
466 705 542 756 ait
567 721 582 755 :
613 704 834 786 Spiritqs
864 705 1164 774 Paraclitus,
1193 711 1418 781 Spiritus
1443 717 1642 782 sapien-

131 793 196 843 tia
219 803 257 844 et
291 792 579 856 intellectus,
621 792 842 858 Spiritus
870 798 1065 850 consilii
1094 813 1140 850 ει
1168 802 1384 866 virtutis,
1417 804 1641 868 Spiritus

131 880 309 929 tristitia:
332 873 482 947 287
502 889 550 931 ει
573 881 766 945 pietatis
793 880 942 946 (lsai.
961 898 1030 948 xl,
1058 885 1111 952 2)
1146 904 1157 937 :
1204 902 1318 955 quas
1361 892 1534 944 omnia
1587 894 1638 946 in

132 966 324 1033 Deo,qu_i
349 966 700 1030 est'l‘rinitas,
732 969 1042 1032 consistunt.

182 1053 340 1106 Ariani
365 1053 563 1118 dicunt,
585 1056 672 1109 Dei
697 1054 882 1110 Filium
912 1072 1013 1112 non
1059 1059 1217 1116 fuisse
1238 1062 1288 1115 in
1319 1065 1470 1119 caelis
1498 1069 1638 1133 apud

131 1142 322 1207 Patrem,
358 1150 594 1208 tempore
614 1159 716 1211 quo
744 1144 878 1200 inter
911 1145 1146 1203 homines
1192 1163 1507 1208 versaretur.
1535 1157 1642 1224 Ego

128 1228 252 1280 οιυάυ
279 1228 434 1282 Deum
461 1230 555 1284 Dei
581 1231 765 1284 Filium
791 1233 1072 1287 secundum
1096 1249 1203 1290 suae
1229 1243 1508 1306 potentiam
1533 1245 1642 1298 dei-

130 1319 281 1371 tatisin
309 1319 465 1385 caelo,
513 1331 567 1374 et
619 1322 670 1375 in
725 1331 861 1376 terra
902 1323 1061 1379 fuisse
1111 1326 1482 1385 incarnationis
1529 1351 1639 1388 sua:

129 1415 417 1474 teiupure,et
434 1416 598 1464 totum
617 1409 838 1477 replere,
871 1425 964 1463 nec
996 1427 1222 1480 unquam
1254 1415 1504 1482 defuisse,
1529 1421 1643 1487 ipso

127 1493 177 1544 ad
198 1493 516 1548 Nicodemum
547 1497 598 1549 in
635 1499 912 1565 Evangelio
932 1499 1140 1555 dicente
1169 1521 1182 1556 :
1213 1503 1374 1557 Nemo
1418 1514 1639 1565 ascendit

125 1583 165 1633 in
190 1582 364 1646 calum,
392 1585 488 1638 nisi
515 1587 598 1651 qui
630 1585 879 1639 descendit
918 1585 978 1638 de
1026 1589 1169 1655 coelo,
1215 1589 1383 1648 Filius
1403 1594 1636 1666 hominis,

125 1673 193 1736 qui
217 1684 275 1725 est
295 1677 345 1726 in
367 1679 490 1730 creto
522 1675 695 1744 (Joan.
726 1692 804 1746 nt,
833 1677 937 1743 l3).

179 1761 335 1814 Ariani
365 1762 548 1818 dicunt
569 1766 704 1833 quod
720 1765 884 1820 Filius
905 1767 994 1820 Dei
1018 1778 1131 1823 erat
1147 1773 1355 1848 quando
1377 1792 1476 1830 non
1501 1788 1636 1846 erat,

124 1857 166 1898 et
189 1857 450 1919 antequam
475 1866 777 1909 nasceretur
813 1870 916 1909 non
959 1868 1090 1924 erat,
1118 1869 1170 1914 et
1210 1864 1347 1930 quod
1373 1881 1436 1920 ex
1485 1871 1639 1924 nullis

125 1938 413 1994 exstantibus
436 1940 601 1997 factus
625 1953 726 1997 est.
769 1943 876 2011 Ego
896 1947 1054 2004 credo
1093 1965 1245 2003 unam
1290 1955 1636 2016 substantiam

125 2021 285 2091 Patris,
315 2037 366 2081 et
388 2029 527 2096 Filii,
557 2042 612 2086 et
630 2032 851 2102 Spiritus
897 2037 1082 2106 sancti.
1118 2039 1394 2108 Propterea
1417 2046 1636 2116 Filium,

122 2110 195 2174 qui
220 2122 287 2166 est
308 2117 560 2183 sapientia
586 2118 771 2187 Patris,
802 2120 850 2174 in
882 2135 946 2175 eo
992 2138 1201 2193 semper
1239 2127 1418 2199 fuisse,
1465 2143 1520 2188 et
1572 2110 1635 2194 es

120 2194 451 2266 ipsa-genitum
486 2206 761 2272 confiteor,
803 2209 920 2274 quia
953 2225 1215 2278 nunquam
1266 2215 1362 2270 iuit
1405 2194 1633 2289 tempus,

121 2300 206 2353 quo
229 2288 369 2344 Pater
389 2292 502 2357 sine
548 2308 646 2349 suo
676 2295 847 2367 Verbo
884 2307 935 2353 et
956 2301 1207 2368 sapientia
1236 2304 1394 2361 fuisse
1422 2323 1450 2361 ιι
1473 2288 1636 2363 [ἰὼ-ιβ

121 2376 200 2430 bus
223 2381 456 2436 credatur
480 2401 493 2437 :
527 2401 622 2438 nec
651 2384 810 2439 Filius
837 2386 953 2440 sine
996 2403 1090 2443 suo
1117 2391 1394 2462 aliquando
1429 2397 1637 2460 exstitit

121 2462 278 2532 Patre;
305 2475 618 2540 evangelista
651 2474 877 2541 dicente,
907 2484 957 2530 et
977 2481 1169 2550 saepius
1200 2495 1467 2551 repetente
1496 2490 1634 2552 quod

120 2548 160 2601 in
189 2556 425 2624 principio
453 2570 566 2613 erat
621 2560 865 2624 Verbum,
910 2571 964 2617 et
983 2548 1193 2634 semper
1238 2548 1370 2633 erat,
1400 2583 1452 2626 et
1497 2548 1632 2629 Deus

119 2652 229 2702 erat,
254 2652 302 2695 et
324 2645 455 2712 apud
489 2647 648 2700 Deum
675 2659 805 2713 erat,
827 2665 923 2703 nec
945 2667 1007 2704 ex
1039 2656 1192 2710 nullis
1209 2661 1532 2716 armantibus
1552 2664 1630 2717 ia-

118 2732 328 2793 ctus,sed
353 2734 403 2785 in
430 2733 603 2799 Patre,
630 2745 681 2790 et
709 2741 841 2804 apud
871 2736 1101 2802 Patrem.
1135 2742 1270 2799 Deus
1299 2748 1436 2813 apud
1466 2749 1628 2805 Deum

116 2830 297 2884 semper
317 2829 446 2875 erat.
475 2824 700 2890 Spiritus
730 2815 938 2898 quoque
973 2841 1183 2892 saueius
1226 2842 1278 2890 et
1308 2833 1422 2898 fuit,
1470 2847 1525 2893 et
1547 2850 1630 2894 est

117 2908 367 2987 semper-in
392 2906 566 2978 Patre,
595 2920 648 2966 et
669 2913 901 2981 procedit
921 2929 983 2968 ex
1007 2917 1139 2985 ipso,
1164 2937 1260 2978 nec
1283 2934 1510 2991 unquam
1533 2927 1630 2982 Pa-

117 2995 295 3049 tersine
317 3012 408 3050 sua
438 3000 711 3066 sapientia,
743 3001 932 3066 quiest
971 3002 1153 3078 Filius,
1199 3026 1461 3080 nunquam
1513 3015 1627 3069 sine
1653 3033 1699 3093 ο

116 3091 193 3130 auo
220 3079 308 3134 fuit
336 3094 516 3138 sancto
545 3083 762 3153 Spiritu.

169 3169 328 3223 Ariani
358 3173 536 3227 dicunt
560 3173 649 3228 Dei
667 3176 852 3229 Filium
875 3179 1196 3249 passibilcm,
1223 3194 1278 3239 et
1301 3185 1351 3240 in
1379 3200 1472 3242 sua
1498 3191 1625 3245 sub-

115 3255 272 3311 stantia
295 3252 731 3334 mortalchEgu
758 3265 915 3318 credo
943 3265 1100 3324 Deum
1147 3268 1398 3339 Verbum,
1450 3285 1503 3328 et
1544 3291 1626 3331 sa-

114 3343 329 3406 pientiam
359 3345 549 3412 Patris,
578 3351 697 3415 quia
727 3366 880 3403 unum
904 3366 1020 3404 cum
1053 3354 1206 3409 Patre
1230 3366 1330 3422 est,
1385 3361 1625 3436 impassi-

113 3427 242 3481 bilem
262 3434 413 3499 atque
442 3435 784 3490 immortalem
815 3437 865 3490 in
911 3451 1003 3491 sua
1035 3439 1342 3497 substantia.
1396 3427 1625 3502 P'a'ssibi-

113 3517 195 3568 lein
222 3529 386 3574 autem
411 3532 568 3594 atque
591 3526 865 3578 mortalem
887 3526 1150 3582 hominem
1173 3527 1346 3586 Jesum
1367 3531 1626 3590 Christum

111 3604 164 3658 de
187 3605 330 3662 Maria
371 3609 587 3679 Virgine
613 3624 957 3683 assumptum,
981 3618 1068 3684 qui
1094 3618 1184 3674 Dei
1235 3619 1406 3677 Verbo
1453 3625 1628 3681 unitus

109 3701 190 3756 est,
216 3696 497 3761 conﬁteor;
529 3701 714 3755 eodem
746 3702 967 3758 Domino
989 3705 1195 3762 dicente
1219 3727 1230 3761 :
1262 3709 1480 3779 Spiritus
1508 3716 1622 3782 qui-

108 3781 201 3830 dem
218 3795 471 3853 premptus
487 3795 578 3851 est,
600 3803 716 3841 caro
731 3801 892 3843 autem
911 3792 1113 3860 inﬁrma
1130 3795 1337 3866 (Matth.
1355 3816 1418 3854 xx
1431 3817 1495 3866 vt,
1512 3801 1622 3871 41).

108 3866 204 3933 Ipso
227 3871 404 3926 iterum
437 3874 642 3929 dicente
669 3893 682 3929 :
723 3877 870 3942 Quod
896 3889 1067 3934 natum
1088 3893 1158 3936 est
1181 3885 1242 3937 de
1283 3903 1450 3953 carne,
1506 3907 1622 3944 caro

105 3967 162 4006 est
187 3968 264 4010 :ct
288 3962 424 4027 quod
439 3972 610 4014 natum
634 3974 704 4018 est
729 3966 788 4017 de
821 3965 1046 4035 Spiritu,
1077 3973 1280 4039 spiritus
1319 3985 1391 4028 est
1446 3976 1620 4048 (Joan.

105 4054 162 4104 tv,
182 4042 250 4112 6).
279 4045 366 4100 Sic
393 4059 448 4100 et
469 4049 746 4115 Apostolus
773 4052 1058 4110 Corinthiis
1091 4060 1357 4128 prmdicat,
1390 4042 1572 4119 dicens
1607 4083 1619 4120 :

104 4129 217 4182 Non:
243 4135 330 4186 etsi
350 4137 622 4204 cruciﬁxus
644 4149 715 4191 est
737 4157 798 4192 ex
824 4142 1112 4209 inﬁrmitate
1143 4157 1333 4214 nostra,
1381 4154 1468 4205 sed
1511 4157 1624 4209 vivit

100 4235 150 4270 cx
171 4223 336 4277 virtute
358 4225 450 4279 Dei
476 4226 560 4297 (ΙΙ
588 4230 702 4282 Cor.
753 4247 862 4297 snt,
912 4235 987 4303 4).
1045 4237 1334 4294 Grut-illius
1376 4261 1501 4314 ergo
1557 4263 1618 4301 ex

1739 459 1874 524 quod
1896 463 2137 528 gradibus
2173 475 2435 529 censetur,
2467 470 2668 536 inqut-le
2705 473 2822 525 non
2858 481 2955 526 est.
2989 472 3159 527 Crelo
3187 493 3282 545 ego

1740 546 1832 600 Dei
1858 547 2063 616 Filium,
2098 553 2186 606 Dei
2223 555 2464 622 Verbum,
2527 559 2616 613 Dei
2644 559 2907 627 virtutem,
2965 573 3013 616 et
3064 564 3152 619 Dei
3198 582 3279 619 sa-

1739 635 1985 703 pientiam
2008 640 2256 707 aqualem
2286 657 2493 711 semper
2534 647 2689 704 Patri.
2721 649 2829 704 Non
2880 654 3020 705 enim
3067 667 3125 707 se
3174 653 3287 720 i,se

1740 724 1904 779 Filius
1926 727 2083 780 unum
2114 744 2230 782 cum
2262 730 2432 796 Patre,
2464 749 2557 788 nec
2589 737 2789 793 Patrem
2821 742 2871 794 in
2919 757 2998 806 se,
3051 754 3104 796 et
3149 747 3284 799 se'in

1741 815 1893 869 Putre
1916 818 2075 870 videri
2097 818 2315 886 diceret,
2347 821 2440 875 nisi
2472 837 2528 877 se
2559 827 2713 880 sciret
2737 833 2990 900 aequalem
3020 852 3030 884 :
3078 847 3172 887 nec
3198 851 3285 889 ea-

1739 906 1858 959 dem
1875 908 2126 977 .siniil.ter
2152 910 2366 976 faceret,
2397 928 2513 981 qua:
2545 917 2713 983 Pater,
2743 933 2831 973 aut
2856 926 3010 978 etiam
3034 943 3150 997 qua:
3173 928 3286 998 ipse

1740 993 1891 1048 vellet
1932 998 2283 1062 proﬁteretur,
2317 1013 2413 1054 nec
2439 1017 2496 1055 se
2520 1018 2549 1055 a
2594 1003 2745 1059 Patre
2760 993 3095 1081 processisse,
3125 993 3283 1088 atque

1741 1081 1790 1133 in
1817 1085 2064 1146 mundum
2097 1089 2320 1153 venisse,
2352 1101 2400 1143 et
2431 1091 2614 1144 iterum
2658 1095 2956 1164 relinquere
3007 1105 3283 1170 mundum,

1740 1179 1792 1223 et
1821 1170 1895 1223 ire
1915 1171 1980 1224 ad
2004 1171 2230 1239 Patrem,
2256 1192 2467 1232 manere
2496 1182 2653 1234 etiam
2684 1181 2737 1236 in
2767 1199 2824 1239 se
2851 1185 3059 1244 Patrem
3089 1194 3286 1261 praui.-

1741 1268 1902 1323 caret,
1936 1261 2032 1314 nisi
2071 1277 2127 1316 se
2147 1264 2305 1320 sciret
2333 1267 2399 1322 de
2417 1269 2704 1327 substantia
2729 1278 2806 1330 sui
2833 1278 3063 1350 genitum
3097 1281 3285 1341 Patris.

1743 1347 1794 1399 ln
1821 1349 2098 1416 Evangelia
2125 1353 2318 1422 quippe
2329 1357 2565 1426 Joannis,
2585 1365 2792 1430 quando
2811 1381 2930 1421 eum
2949 1347 3114 1426 Judaei
3136 1387 3282 1442 qua:-

1742 1437 1926 1490 rebant
1958 1439 2203 1505 lapidare.
2235 1446 2422 1499 asserit
2455 1446 2634 1503 dicens
2664 1470 2676 1504 :
2729 1452 2848 1508 Non
2876 1462 3037 1510 solum
3067 1464 3129 1513 de
3153 1437 3280 1531 hoc,

1739 1527 1857 1594 quia
1884 1529 2100 1582 solvebat
2123 1532 2402 1600 sabbatum,
2424 1539 2511 1590 sed
2525 1542 2640 1608 quia
2668 1541 2855 1598 Filium
2876 1545 2966 1600 Dei
2992 1567 3043 1602 se
3062 1527 3285 1616 diccbat,

1741 1618 1981 1684 aqualem
2005 1636 2058 1672 sc
2087 1623 2273 1688 faciens
2302 1624 2411 1679 Deo
2433 1628 2607 1696 (Joan.
2661 1647 2711 1697 v,
2771 1635 2877 1704 18).
2931 1635 3106 1709 Itaque
3146 1646 3284 1712 quod

1671 1698 1717 1756 Β
1744 1709 1961 1776 mqualis
1982 1721 2082 1773 est,
2141 1714 2318 1783 dispar
2342 1730 2458 1772 esse
2485 1734 2588 1773 non
2613 1733 2783 1789 potest
2814 1746 2826 1778 :
2868 1742 2964 1781 una
3014 1742 3093 1785 est
3147 1737 3286 1790 enim

1745 1795 1913 1850 Patris
1945 1797 2163 1870 Filiique
2207 1805 2518 1875 substantia,
2545 1825 2644 1863 una
2673 1811 2863 1891 virtus,
2887 1831 2988 1870 una
3027 1827 3179 1888 atque
3209 1823 3287 1876 ln-

1741 1886 1952 1942 dividua
1981 1902 2232 1960 potestas.
2267 1896 2395 1952 Dum
2427 1915 2602 1967 nemo,
2630 1905 2764 1957 sicut
2794 1889 2904 1974 ipse
2923 1908 2970 1962 in
3007 1886 3286 1982 Evangelia

1741 1977 1832 2043 ait,
1860 1978 1927 2033 de
1948 1993 2101 2035 manu
2129 1982 2247 2038 Filii
2275 1990 2510 2055 proprias
2532 2005 2657 2046 oves
2685 1995 2836 2061 rapit,
2883 2013 2983 2053 nec
3009 1977 3282 2070 quisquam

1738 2065 1805 2119 de
1829 2082 1985 2121 manu
2013 2069 2181 2126 Patris
2206 2075 2415 2130 easdem
2447 2089 2632 2148 rapere
2660 2094 2848 2152 potest.
2873 2087 2937 2140 Et
2962 2065 3097 2158 quod
3125 2065 3283 2150 tinum

1737 2162 1836 2217 est,
1867 2155 2131 2212 diversum
2159 2174 2279 2216 esse
2294 2179 2398 2218 non
2420 2176 2610 2234 potest.
2632 2171 2824 2227 Eadem
2850 2155 3037 2230 iterum
3056 2178 3283 2250 dicente,

1737 2245 1970 2311 cumjam
1986 2250 2321 2319 prasmisisset
2332 2269 2486 2309 unam
2501 2259 2842 2331 eamdemque
2855 2281 3000 2321 suam
3015 2245 3284 2343 Patrisque

1738 2335 2044 2401 potentiam,
2066 2346 2244 2405 postea
2267 2342 2430 2408 ipsam
2442 2346 2745 2404 substantia
2759 2355 3006 2410 unitatem
3023 2335 3282 2427 assignat,

1737 2421 1916 2478 dicens
1939 2444 1954 2482 :
1986 2427 2094 2498 Ego
2117 2440 2163 2484 ει
2190 2430 2343 2488 Pater
2365 2442 2519 2500 unum
2546 2436 2719 2495 sumus
2745 2442 2919 2510 (Joan.
2945 2463 2996 2517 ι,
3027 2421 3280 2522 30):,Spi;

1735 2515 1866 2568 ritus
1887 2533 2098 2588 quoque
2121 2526 2286 2578 sancti
2311 2526 2378 2579 ita
2409 2527 2458 2581 in
2493 2531 2635 2584 nullo
2675 2533 2852 2602 dispar
2898 2515 2990 2611 est
3036 2515 3281 2615 persona,

1735 2618 1902 2672 neque
1924 2606 2143 2663 diversas
2170 2613 2479 2670 substantias
2526 2633 2680 2688 quam
2711 2623 2871 2680 Pater
2907 2607 2960 2683 et
3018 2606 3199 2699 Pilius,
3227 2606 3282 2691 ut

1733 2691 1845 2760 ipse
1873 2695 2008 2750 idem
2038 2698 2108 2751 sit
2131 2699 2358 2768 Spiritus
2376 2717 2587 2760 sanctus
2614 2716 2901 2793 procedens
2930 2731 2958 2769 a
2987 2717 3157 2787 Patre,
3187 2691 3278 2793 qui

1729 2790 1811 2835 est
1839 2792 1891 2837 et
1923 2783 2070 2840 Filii?
2091 2802 2186 2842 nec
2214 2790 2494 2860 aliquando
2518 2795 2681 2850 defuit
2709 2789 2870 2868 Patri,
2902 2805 3038 2860 sicut
3068 2783 3164 2864 nea
3190 2783 3279 2867 in-

1732 2869 1838 2932 lio;
1870 2884 1922 2925 ιιι
1944 2876 2383 2940 quemadmodum
2431 2884 2547 2939 sine
2595 2887 2739 2942 initio
2783 2905 3009 2962 semper,
3041 2902 3275 2968 atquein

1729 2961 1995 3015 creatione
2027 2965 2205 3019 mundi
2234 2961 2352 3021 cum
2390 2969 2541 3026 Patre
2569 2975 2668 3028 fuit
2695 2986 2746 3030 et
2776 2977 2941 3048 Filio,
2977 2961 3088 3052 ipse
3113 2961 3270 3044 etiam

1726 3049 2118 3106 conﬁrmaverit
2144 3057 2317 3110 omnia
2348 3067 2504 3128 atque
2547 3064 2706 3134 289
2758 3049 3123 3130 illuminaverit
3158 3095 3169 3128 :
3204 3083 3272 3133 ita

1729 3146 1784 3192 et
1808 3152 2191 3197 sacramentum
2217 3147 2479 3214 baptismi,
2512 3166 2616 3206 non
2646 3155 2743 3209 nisi
2783 3152 2882 3213 sub
2921 3159 3085 3231 ipsius
3110 3165 3275 3239 invo-

1726 3232 1937 3286 catione
1958 3242 2118 3302 atque
2157 3237 2370 3305 virtute,
2398 3241 2532 3297 sicut
2553 3259 2649 3298 nec
2675 3244 2790 3301 sine
2835 3248 3027 3319 Patris,
3059 3234 3116 3309 et
3156 3254 3272 3312 Filii

1730 3319 2023 3377 visitatione‘
2062 3325 2355 3393 impleatur.
2388 3331 2492 3387 Nec
2515 3333 2654 3387 enim
2681 3337 2971 3394 membrum
2994 3344 3108 3411 quis
3124 3343 3274 3401 Chri-

1727 3408 1814 3470 sti,
1839 3419 1892 3463 et
1914 3413 2162 3480 templum
2188 3416 2301 3486 Dei,
2351 3421 2635 3476 secundum
2689 3427 2981 3491 apostolum
3011 3408 3269 3497 Paulum,

1727 3496 1978 3567 efﬁcitur,
2009 3505 2109 3558 nisi
2147 3520 2303 3575 quem
2343 3510 2570 3578 Spiritus
2612 3524 2826 3568 sanctus
2864 3526 2918 3572 et
2962 3515 3181 3590 elegerit
3223 3496 3277 3580 et
3370 3500 3372 3502 ν

1727 3590 2158 3662 sanetilicaverit,
2181 3606 2339 3666 atque
2369 3609 2424 3654 ut
2459 3601 2595 3659 Deus
2633 3606 2844 3674 propria
2892 3620 3173 3679 petestate,
3219 3616 3273 3670 in

1728 3690 1793 3729 eo
1817 3693 1972 3746 quem
2001 3682 2112 3751 ipse
2136 3684 2374 3754 elegerit,
2408 3689 2734 3746 habitaverit.

1800 3770 2202 3842 Arianldicunt,
2239 3787 2355 3845 post
2380 3793 2623 3837 occasum
2659 3784 2858 3852 mundi,
2891 3801 3106 3858 regnum
3143 3790 3266 3847 Filii

1728 3854 1819 3908 Dei
1849 3859 2149 3915 ﬁniendum.
2185 3865 2293 3934 Ego
2313 3878 2635 3935 assumptum
2663 3871 2714 3925 in
2737 3877 2925 3929 caelum
2952 3854 3150 3932 unitum
3171 3879 3272 3936 lto—

1727 3951 1921 4006 minem
1952 3969 2014 4007 ex
2065 3956 2224 4011 Maria
2257 3959 2466 4028 Virgine
2508 3964 2667 4017 Deum
2697 3966 2878 4034 credo,
2909 3969 3064 4038 quem
3109 3981 3161 4024 et
3187 3986 3273 4026 se-

1702 4043 1849 4096 Idere
1876 4045 1941 4097 ad
1963 4046 2229 4102 dexteram
2255 4050 2419 4106 Patris
2434 4053 2711 4120 conﬁteor,
2733 4057 2817 4111 cui
2847 4059 3017 4114 omnis
3041 4069 3272 4129 potestas

1724 4135 1774 4185 in
1801 4135 1958 4200 ctelo,
1989 4147 2042 4191 et
2084 4138 2136 4191 in
2169 4147 2306 4194 terra
2337 4141 2511 4195 datur.
2555 4141 2729 4211 Ipsum
2760 4159 2968 4216 quoque
3007 4148 3270 4215 judicatus

1725 4238 1837 4276 rum
1864 4227 2007 4280 vivos
2029 4236 2080 4280 et
2099 4239 2359 4297 mortuos,
2387 4231 2538 4301 cujus
2561 4248 2776 4302 regnum
2801 4252 3061 4307 nunquam
3089 4239 3273 4296 linien-

101 4306 374 4366 inlirmitate
394 4317 568 4369 carnis
598 4327 808 4384 nostrai,
841 4324 928 4374 sed
958 4327 1084 4381 vivit
1138 4341 1203 4380 ex
1259 4345 1350 4383 sua
1407 4333 1616 4399 virtute,

101 4400 192 4420 ωδ,
407 4404 447 4420 η
486 4405 498 4417 .
527 4405 564 4420 η
752 4419 755 4420 ν
839 4412 849 4420 .
1011 4415 1040 4420 -

1730 4310 1849 4364 dum
1879 4326 1999 4368 esse
2024 4316 2300 4383 conﬁteor,
2321 4320 2530 4375 dicente
2553 4322 2771 4378 Daniele
2795 4306 3042 4396 prOpheta
3071 4346 3085 4382 :
3112 4333 3262 4399 Aspi-

99 4400 197 4461 quia
227 4400 383 4455 ιε’ἰιὶιιι
406 4404 500 4458 Dei
527 4405 664 4460 Deus
713 4419 764 4462 et
804 4412 967 4466 virtus
1011 4415 1176 4471 Patris
1227 4425 1613 4490 comprobatur.

99 4489 193 4556 Ipse
215 4497 402 4562 quippe
427 4499 528 4560 via,
553 4501 728 4553 veritas
757 4514 802 4555 et
830 4507 925 4557 vita
939 4517 1010 4559 est
1028 4509 1198 4576 (loan.
1225 4527 1324 4576 xw,
1445 4517 1614 4584 Ipsum

97 4580 227 4631 etiam
259 4582 525 4639 hominem
547 4587 808 4644 Christum
841 4593 1013 4648 desum
1070 4608 1184 4666 post
1225 4580 1518 4668 passionem
1548 4608 1614 4662 de

95 4670 310 4733 sepulcro
334 4689 362 4723 τι
381 4674 492 4727 Deo
516 4675 700 4742 Verbo,
731 4695 758 4732 a
787 4697 889 4749 quo
916 4685 1074 4755 288
1103 4695 1155 4740 et
1185 4701 1479 4758 assumptus
1509 4706 1610 4760 est,

95 4757 190 4810 sine
231 4767 568 4828 corruptione
618 4767 702 4821 die
737 4772 886 4824 tertia
924 4779 1284 4831 resuscitatum
1334 4782 1609 4847 confiteor,

96 4843 188 4911 ipso
213 4853 271 4902 ad
288 4850 522 4916 Judaeos,
546 4857 830 4912 secundum
862 4865 1229 4930 evangelistam
1251 4869 1523 4935 Joannem,
1549 4874 1614 4927 de

95 4939 264 5002 templo
283 4940 526 5007 corporis
554 4943 632 4995 sui
685 4945 918 5012 dicente,
976 4950 1162 5005 Solvite
1207 4960 1442 5026 templum
1493 4960 1609 5028 hoc,

93 5033 129 5073 et
153 5027 374 5084 inhibita
401 5030 575 5084 diebus
601 5034 847 5087 suscitabo
867 5037 994 5091 illud
1016 5040 1190 5110 (Joan.
1233 5061 1287 5109 ιι,
1324 5047 1433 5116 19).

150 5115 312 5169 Ariani
333 5118 542 5182 dicunt,
583 5128 688 5174 tres
708 5121 939 5177 diversas
960 5128 1295 5198 substantias,
1341 5115 1401 5189 ac
1432 5137 1607 5204 diSpa-

94 5212 162 5251 res
183 5217 429 5269 personas
454 5207 643 5276 Patris,
666 5219 721 5263 et
749 5210 886 5274 Filii,
917 5224 968 5267 ct
1010 5220 1178 5272 sancti
1203 5222 1447 5289 Spiritus.
1499 5228 1608 5297 Ego

94 5302 176 5340 non
195 5291 418 5349 diversas
449 5298 766 5352 substantias
793 5316 852 5354 ac
871 5301 1105 5370 diSpares
1137 5323 1383 5374 personas
1415 5314 1602 5381 Patris,

93 5386 138 5427 et
160 5377 283 5446 Filii,
313 5392 367 5437 et
390 5385 621 5452 Spiritus
643 5390 804 5441 sancti
829 5392 1009 5458 credo,
1056 5397 1146 5448 sed
1201 5407 1304 5452 tres
1359 5418 1603 5468 personas

96 5471 338 5537 periectas,
385 5476 638 5541 aequales,
673 5488 725 5530 et
770 5486 1009 5544 internas,
1062 5484 1212 5538 unius
1279 5490 1600 5558 SllilSlal'IliJl,

97 5563 222 5614 tutius
239 5565 503 5632 patentia),
530 5567 680 5620 unius
698 5569 900 5625 virtutis
926 5587 985 5625 ac
1007 5576 1292 5639 maiestatis
1317 5581 1599 5643 conﬁteor;

1719 4403 1908 4456 ciebam
1954 4406 2006 4458 in
2057 4409 2243 4462 uisioiie
2285 4412 2473 4476 noctis;
2519 4424 2563 4467 ct
2599 4431 2709 4468 ecce
2746 4434 2857 4471 cum
2904 4422 3112 4477 nubibus
3156 4426 3268 4480 coeli

1715 4497 1860 4561 quasi
1880 4496 2015 4563 [ilius
2044 4499 2259 4562 hominis
2284 4506 2522 4570 veniebat,
2549 4517 2594 4558 et
2620 4524 2772 4576 usque
2791 4514 2859 4564 ad
2877 4515 3133 4583 antiquum
3163 4522 3268 4573 dic-

1715 4604 1827 4640 rum
1859 4593 2093 4658 pervenit,
2124 4605 2169 4647 ct
2197 4596 2247 4646 in
2277 4607 2542 4665 conspectu
2581 4602 2690 4669 ejus
2733 4603 3016 4659 obtulerunt
3046 4623 3178 4672 cum,
3212 4622 3260 4664 et

1713 4679 1846 4732 dedit
1880 4685 1925 4733 ci
1951 4693 2260 4750 potestatem,
2301 4698 2346 4740 et
2376 4693 2628 4755 honorem,
2655 4704 2710 4746 ει
2743 4711 2982 4766 regnum:
3007 4714 3054 4754 et
3090 4719 3259 4760 omnes

1712 4769 1902 4835 populi,
1951 4772 2107 4825 tribus
2147 4782 2193 4827 et
2235 4776 2417 4845 linguis
2463 4781 2559 4847 ipsi
2605 4785 2852 4840 servient:
2881 4799 3096 4854 potes'as
3143 4799 3254 4864 cjas

1715 4867 1921 4923 interna,
1944 4877 2055 4924 qua
2081 4881 2189 4930 non,
2211 4869 2486 4936 auferetur,
2518 4880 2565 4925 et
2597 4891 2805 4944 regnum
2832 4883 2960 4951 ejus,
2988 4885 3122 4949 quod
3163 4903 3261 4941 non

1715 4963 2062 5021 corrumpetur
2101 4955 2259 5024 (Dan.
2288 4974 2380 5025 vlt,
2417 4961 2524 5031 15).
2560 4964 2747 5022 Filium
2794 4973 2994 5026 scilicet
3033 4974 3258 5032 hominis

1717 5041 1943 5110 loquitur
1968 5049 2216 5113 prephcta
2240 5054 2508 5120 accepisse
2533 5066 2864 5124 potestatem,
2889 5071 2942 5116 et
2968 5062 3252 5132 honorem,

1713 5144 1762 5185 et
1811 5148 2047 5201 regnum.
2089 5137 2240 5201 Quod
2282 5149 2455 5195 autem
2487 5143 2553 5198 de
2584 5146 2716 5199 Filio
2746 5147 2970 5202 hominis
2988 5153 3258 5227 veraciter

1716 5224 1845 5288 lnec,
1877 5221 1925 5276 id
1956 5233 2037 5278 est
2063 5226 2129 5281 de
2159 5242 2426 5299 assumpto
2456 5236 2666 5291 homine
2693 5239 2827 5293 dicta
2856 5221 3124 5311 sinu-ipse
3154 5246 3248 5300 Do-

1714 5319 1882 5371 minus
1909 5321 2233 5377 manifestius
2257 5326 2306 5379 in
2332 5327 2611 5395 Evangelio
2636 5332 2710 5384 sic
2739 5333 2808 5384 ait
2833 5349 2846 5385 :
2889 5332 3143 5400 Videbitis,
3175 5339 3253 5391 in-

1711 5408 1838 5475 quit,
1868 5411 2042 5462 cmlum
2089 5423 2336 5481 apertum,
2380 5429 2424 5470 et
2459 5417 2648 5471 Filium
2676 5421 2890 5476 hominis
2923 5429 3174 5481 sedentem
3220 5450 3252 5483 τι

1709 5500 1895 5551 dextris
1928 5499 2017 5553 Dei
2051 5502 2258 5568 (Matth.
2295 5523 2435 5570 sxw,
2481 5507 2585 5575 6i).
2629 5509 2692 5561 Et
2747 5511 2971 5567 iterum:
3017 5514 3251 5574 Videbitis

1711 5586 1897 5641 Filium
1926 5591 2136 5646 hominis
2162 5605 2429 5649 venientem
2459 5597 2506 5649 in
2541 5599 2767 5668 nubibus,
2799 5615 2910 5656 cum
2940 5605 3101 5673 gloria
3142 5623 3249 5661 uta-
