1901 3123
216 142 281 172 51:3

875 150 983 179 VlGlLil
1004 152 1189 185 TAPSENSIS
1793 168 1833 195 5m

228 218 290 245 gna,
306 216 329 238 et
343 206 474 247 majestate
489 212 583 250 (Mare.
598 221 656 248 ιιιιι,
671 214 728 250 26).
739 215 871 245 Similiter
885 222 912 244 et
927 219 1013 253 angeli
1030 212 1055 241 Α
1070 209 1153 238 Filius
1174 216 1215 240 εει
1229 221 1235 239 =
1258 220 1318 241 nam
1341 215 1397 250 ipsa
1416 218 1545 253 sapientia
1560 218 1701 247 adiﬂcavit
1723 220 1772 248 sibi
1783 227 1835 250 tern-

175 298 177 300 Ι
229 257 262 283 ad
285 258 420 292 apostolos
435 258 572 286 dixerunt:
589 259 640 286 Hic
654 259 743 293 Iesus,
760 261 804 294 qui
822 267 966 297 assumptus
981 269 1018 291 est

229 310 245 329 a
260 303 337 335 vobis,
353 304 389 330 sic
399 304 487 333 veniet.
498 304 711 338 quemadmodum
722 305 821 332 vidistis
843 313 899 333 eum
915 312 1016 335 euntem

229 348 255 373 in
265 348 355 374 cwlum
366 348 434 383 (Act.
451 356 470 381 ι,
487 348 542 383 Η).
558 349 703 390 Propterea
717 350 799 379 credo
815 350 884 379 Filio
901 352 1019 380 hominis

232 399 262 420 rx
287 393 367 420 Maria
389 393 494 428 Virgine
510 400 657 430 assumpto,
672 403 783 424 omnem
807 400 967 431 potestatem
992 398 1019 425 in

231 441 298 469 cmlo
313 445 339 468 et
353 440 378 468 in
394 445 464 468 terra
475 440 574 474 datam,
590 449 670 477 quam
682 446 823 477 antequam
838 450 853 469 a
865 442 919 470 Deo
931 443 1033 472 Verbo‘

229 492 421 519 assumeretur,
437 494 490 514 non
499 486 600 515 babuit.
610 487 676 515 Nam
688 487 757 515 Deus
770 487 900 520 Verbum,
911 491 939 515 et
949 487 1020 515 Deus

234 532 325 565 Filius,
338 532 382 567 qui
397 538 439 560 est
453 533 595 568 sapientia,
609 534 702 565 virtus.
713 537 842 567 potestas,
855 537 883 560 et
897 534 1020 562 voluntas

232 578 329 613 Patris,
343 586 450 607 omnem
462 587 569 615 semper
584 584 719 615 paternam
732 579 823 607 habuit
837 585 862 608 et
877 580 956 608 habet
971 588 1020 616 po-

233 629 366 657 testatem,
383 625 440 659 ipso
451 624 572 653 dicente:
586 624 678 652 Omnia
687 633 843 660 quacunque
854 626 928 653 habet
938 626 1020 655 Pater

230 679 286 698 mea
301 676 358 697 sunt
374 670 462 700 (Joan.
480 679 533 703 ινι,
553 671 607 705 15).
626 671 659 699 Ει
679 671 841 708 οαωωηιμιι
854 672 932 700 Pater
946 675 1018 708 facit,

231 716 284 743 [nec
303 716 392 743 cadent
407 716 522 743 similiter
537 721 560 743 et
576 715 662 743 Filius
676 717 738 752 facit
755 717 847 753 (Joan.
866 726 894 752 ν,
912 719 967 755 19).
985 720 1020 749 Et

232 763 305 791 Sicut
321 762 399 790 Pater
412 762 516 789 suscitat
535 767 649 790 mortuos
668 768 691 789 et
708 763 829 797 vivi/icui,
845 764 882 792 sie
895 768 919 792 et
934 764 1019 793 Filius

230 815 292 842 quos
311 808 364 834 uult
385 807 493 841 uiviﬁcat
518 806 611 840 (Ibid.,
625 807 683 843 2t).
707 808 764 844 Ego
783 810 864 837 credo
883 810 1018 839 Christum

231 851 326 885 Deum,
342 852 388 880 Dci
405 860 496 880 verum
514 852 622 886 Filium,
641 854 749 882 et-ideo
763 855 930 885 Christianus
947 864 1017 885 sum.

1071 256 1143 290 plum
1159 257 1267 286 humani
1288 261 1409 295 corporis
1423 263 1450 289 in
1469 264 1548 292 Maria
1568 265 1686 299 Virgine,
1709 265 1835 296 Solomone

1070 302 1175 334 dicente
1187 311 1193 329 :
1203 303 1336 338 Sapientia
1346 306 1481 340 tediﬁcauit
1488 309 1536 335 sibi
1550 311 1652 337 domum
1665 309 1757 346 (Prov.
1766 313 1834 348 11,1).

1071 348 1153 383 Igitur
1167 349 1189 377 si
1204 349 1249 378 ille
1264 351 1443 386 responderit,
1459 354 1500 382 vel
1513 355 1652 384 confessus
1662 355 1743 384 luerit
1755 357 1784 384 de
1797 358 1835 385 lto-

1071 395 1143 422 mine
1165 395 1276 429 dictum,
1301 397 1345 432 qui
1365 406 1516 435 assumptus
1535 406 1586 435 est,
1601 391 1733 431 catholica
1751 406 1836 433 sensit:

1070 441 1132 476 quia
1146 442 1190 477 qui
1204 443 1318 471 adiﬁcat
1328 444 1450 480 domum,
1462 446 1591 476 Dominus
1604 454 1661 483 est;
1675 450 1747 484 quod
1764 455 1836 478 autem

1070 486 1226 521 adibatur,
1247 493 1275 516 et
1294 494 1412 524 creatur,
1430 492 1527 520 servile
1550 499 1592 521 est
1609 503 1617 521 :
1632 498 1731 523 crescit
1756 496 1837 531 itaque,

1070 537 1149 567 atque
1163 533 1312 562 atdiiicatur
1326 535 1431 570 domus,
1452 537 1497 572 qui
1515 543 1557 566 est
1575 539 1665 572 homo,
1687 549 1741 569 non
1763 547 1836 570 autem

1069 579 1167 607 crescit
1183 579 1263 612 Deus,
1278 581 1323 615 qui
1334 588 1442 617 semper
1451 588 1492 611 est
1507 584 1650 619 perlectus.
1663 586 1756 615 Restat
1765 588 1836 623 itaque

1069 630 1098 652 ut
1111 625 1270 654 conﬁteatur
1282 627 1398 655 Verbum
1413 629 1508 657 Filium
1524 631 1582 663 Dei,
1597 632 1630 660 de
1644 633 1763 666 perfecto
1774 634 1837 662 Patre

1069 669 1227 705 perlectum;
1241 673 1371 707 genitum,
1381 678 1409 701 et
1420 678 1502 701 totum
1516 683 1530 702 a
1548 681 1612 708 toto,
1630 678 1738 711 plenum
1748 687 1836 714 quoque

1069 723 1085 743 a
1101 716 1180 751 pleno
1193 726 1200 744 :
1215 718 1276 753 quia
1289 719 1355 746 satis
1367 721 1530 748 contrarium
1544 727 1586 749 est
1608 722 1669 750 lidei
1682 723 1836 758 Christianae,

1069 766 1100 789 ut
1113 762 1182 797 quod
1199 763 1279 791 homo
1289 765 1414 798 creverit,
1433 765 1502 793 Deus
1516 767 1620 794 dicatur
1633 775 1740 804 semper
1752 769 1836 804 imper.

1071 807 1167 842 lectus,
1181 810 1227 844 qui
1242 818 1376 845 nunquam
1395 812 1551 846 profecerit;
1565 809 1611 841 sed
1627 821 1734 849 semper
1748 820 1786 843 est
1797 817 1836 843 nti-

1071 862 1130 889 nor,
1141 856 1287 884 secundum
1299 856 1438 885 doctorum
1449 858 1640 893 blasphemiam
1651 866 1839 895 perversurum.

231 898 313 933 που
331 898 386 933 Ego
402 898 484 925 Deum
496 906 601 931 verum,
614 904 641 926 et
655 899 790 928 hominem
806 908 909 935 verum,
927 903 971 937 qui
986 903 1019 931 de
1034 900 1057 930 B
1071 901 1150 929 Certe
1169 902 1210 930 vel
1229 907 1289 937 post
1309 907 1347 930 tot
1369 911 1500 931 annorum
1524 906 1655 933 curricula
1674 907 1782 935 credant
1799 908 1840 935 ιιι

233 943 316 970 Maria
330 943 438 978 Virgine
450 948 528 971 natus
537 949 590 977 est,
603 944 743 977 conﬁteor,
755 945 884 980 Apostolo
894 946 1018 975 dicente:

234 988 302 1015 Deus
313 993 366 1016 erat
378 990 405 1015 in
418 988 529 1022 Christo,
537 990 659 1016 mundum
671 990 838 1018 reconcilians
847 991 895 1018 sibi
903 991 948 1028 (ΙΙ
959 992 1018 1020 Cor.

231 1042 258 1069 v,
274 1033 330 1069 l9).
349 1035 405 1069 Ego
428 1035 573 1070 perlectum
602 1035 695 1069 Deum,
710 1040 738 1063 et
756 1035 905 1070 perfectum
934 1037 1020 1065 homi-

233 1087 293 1107 nem
317 1080 439 1107 eumdem
466 1080 547 1107 credo
570 1079 660 1119 Iesum
683 1080 829 1112 Christum.
855 1082 1019 1116 praedicante

231 1126 376 1161 Apostolo:
392 1125 539 1153 Secundum
554 1125 694 1158 Christum,
712 1126 740 1152 in
760 1126 924 1160 quo.ltabitat
937 1128 1019 1155 omnis

231 1171 362 1206 plenitudo
376 1171 515 1198 divinitatis
529 1172 694 1206 corporaliter
707 1170 777 1206 (Col.
793 1179 823 1205 tt,
841 1172 881 1207 9).
901 1172 933 1199 Et
948 1172 1020 1206 Quo-

231 1225 288 1244 rum
301 1220 383 1253 patre,
397 1221 421 1244 et
435 1225 466 1244 ex
479 1217 570 1252 quibus
588 1216 715 1250 Christus,
730 1217 775 1252 qui
793 1222 828 1244 est
848 1225 924 1252 super
936 1218 1020 1246 omnia

236 1262 305 1290 Deus
317 1262 462 1289 benedictus
478 1261 567 1297 (Rom.
589 1269 626 1294 Ix,
642 1261 679 1297 ι).
696 1261 753 1297 Ego
765 1262 846 1290 credo
862 1268 940 1290 unam
955 1263 1022 1291 ima-

231 1309 319 1342 ginem
333 1307 430 1340 Patris,
442 1311 469 1335 et
482 1307 553 1340 Filii,
565 1311 592 1335 et
604 1308 717 1342 Spiritus
729 1308 825 1341 sancti,
839 1308 884 1343 qui
894 1308 928 1335 ad
940 1316 1019 1336 unant

236 1354 378 1387 imaginem
393 1351 539 1379 divinitatis
552 1359 644 1379 sumus
659 1353 753 1386 creati,
767 1352 873 1380 dicente
885 1352 954 1380 Deo:
967 1352 1021 1380 Fa-

234 1399 331 1425 ciamus
344 1398 481 1430 hominem,
496 1405 548 1425 non
559 1398 592 1426 ad
608 1399 747 1433 imagines,
763 1398 810 1426 sed
825 1399 861 1426 ad
872 1399 1018 1436 imaginem,

233 1449 258 1472 et
267 1445 458 1472 similitudinem
472 1444 668 1479 nostraru((.‘en.
681 1453 701 1477 ι,
711 1444 768 1480 ‘20).
782 1445 837 1481 Ego
850 1446 931 1473 credo
938 1453 1019 1474 unum

233 1497 330 1517 nomen
346 1489 493 1517 divinitatis
501 1490 527 1517 in
540 1490 629 1523 Patre,
643 1494 670 1517 ct
681 1490 759 1523 Filio,
767 1495 794 1518 et
805 1490 832 1518 in
843 1490 944 1526 Spiritu
954 1498 1019 1519 san-

231 1539 275 1563 ctu
287 1542 393 1570 semper
404 1540 433 1562 et
449 1534 532 1562 fuisse
549 1539 576 1562 et
590 1542 650 1563 esse
663 1544 669 1562 :
685 1536 746 1570 quia
766 1543 820 1563 non
835 1537 861 1564 in
883 1537 1018 1570 omnibus,

1070 947 1176 981 quando
1190 955 1251 975 eum
1268 948 1367 983 aequari
1385 949 1457 977 Patri
1475 956 1564 985 posse,
1576 958 1636 979 curn
1651 951 1685 980 de
1708 952 1765 987 ipso
1778 953 1839 988 legas

1070 996 1127 1019 tur:
1141 992 1273 1020 Crescebat
1285 998 1309 1020 et
1323 994 1469 1029 proﬁciebat
1484 995 1560 1030 (Luc.
1573 1004 1602 1030 ιι,
1617 996 1663 1030 40,
1676 997 1733 1033 52).
1744 998 1804 1026 Nam
1812 999 1839 1026 de

1069 1037 1149 1066 Patre
1164 1046 1294 1073 nusquam
1317 1040 1413 1076 legitur
1430 1042 1500 1076 quod
1522 1043 1653 1077 proﬁciat,
1673 1050 1784 1077 crescat,
1805 1046 1839 1072 vel

1068 1089 1206 1112 senescat:
1222 1093 1287 1121 ergo
1302 1085 1348 1114 illo
1362 1094 1414 1114 non
1428 1093 1575 1120 crescente,
1586 1096 1673 1124 neque
1683 1097 1839 1124 senescente,

1069 1129 1117 1157 sed
1140 1130 1166 1157 in
1185 1130 1292 1159 deitatis
1305 1138 1361 1160 suat
1376 1135 1508 1167 potestate
1529 1134 1635 1169 propria
1652 1141 1837 1168 eommanente,

1069 1173 1113 1202 hic
1127 1175 1172 1210 qui
1195 1176 1290 1211 legitur
1300 1184 1422 1205 crescere
1436 1182 1464 1206 et
1479 1178 1619 1213 prolicere,
1638 1179 1732 1208 debuit
1750 1180 1801 1215 jam
1813 1180 1840 1207 ad

1070 1221 1250 1255 aequalitatem
1276 1223 1429 1256 pervenisse
1443 1223 1540 1251 Patris.
1556 1224 1602 1252 Ha:
1624 1230 1712 1253 autem
1732 1226 1842 1253 humanae

1070 1266 1284 1301 comparationes
1305 1268 1331 1295 in
1346 1268 1462 1296 divinam
1486 1270 1662 1298 substantiam
1683 1279 1735 1299 non
1755 1279 1843 1299 cunve-
1898 1266 1899 1301 ξ

1072 1311 1164 1339 ninnt:
1180 1313 1242 1346 quia
1260 1313 1396 1347 perlectus
1410 1314 1481 1342 Deus
1496 1315 1574 1343 Pater
1594 1316 1740 1350 perlectum
1757 1317 1842 1344 Filium
1898 1319 1899 1350 l

1070 1356 1171 1391 genuit,
1187 1364 1237 1384 nec
1253 1365 1368 1393 unquam
1383 1359 1506 1387 virtutem
1525 1364 1553 1388 et
1571 1361 1728 1395 sapientiam
1743 1361 1786 1389 Dei
1798 1361 1842 1389 itu-

1070 1401 1216 1436 perfectam
1227 1402 1269 1430 vel
1290 1403 1420 1431 minorem
1440 1404 1522 1432 fuisse
1537 1405 1701 1434 credendum
1715 1412 1775 1435 est:
1789 1415 1843 1435 nam
1898 1433 1899 1446 χ

1071 1448 1115 1483 qui
1131 1448 1167 1475 ita
1181 1448 1280 1476 sentire
1295 1451 1506 1485 praesumpserit,
1523 1450 1574 1479 hoc
1584 1458 1640 1478 non
1650 1452 1709 1480 sine
1718 1459 1773 1480 sua
1782 1453 1844 1483 salu-
1898 1448 1899 1476 ἒ

1072 1493 1106 1521 tis
1119 1492 1282 1521 detrimento
1295 1493 1385 1522 faciet.
1401 1495 1556 1523 Tenendum
1576 1497 1669 1532 itaque
1685 1503 1712 1525 et
1726 1498 1845 1526 oonﬂten-
1898 1511 1899 1526 l

1070 1539 1134 1567 dum
1146 1544 1189 1567 est
1202 1539 1253 1567 hoc
1268 1540 1409 1574 veraciter,
1422 1541 1492 1576 quod
1504 1542 1585 1569 homo
1595 1544 1711 1572 creverit
1722 1551 1753 1571 ac
1766 1544 1846 1579 prole-
1898 1539 1899 1565 ἲ

231 1580 279 1607 scd
295 1580 322 1607 in
338 1587 390 1608 uno
405 1580 514 1608 nomine
528 1580 625 1613 Patris,
642 1585 668 1608 et
684 1581 755 1614 Filii,
766 1585 794 1608 et
807 1581 922 1616 Spiritus
933 1583 1018 1612 sancti
1032 1577 1055 1609 C
1070 1585 1137 1612 cerit
1152 1585 1178 1612 in
1194 1584 1288 1617 Deum,
1304 1585 1356 1613 hoc
1369 1590 1411 1614 est
1435 1587 1461 1614 in
1482 1586 1530 1615 Dei
1553 1587 1661 1616 Filium.
1688 1577 1846 1624 Evangelista

233 1628 380 1656 secundum
397 1628 501 1656 Domini
518 1634 679 1664 praeceptum
696 1630 872 1665 bsptiumttr,
893 1636 920 1660 et
934 1632 1020 1660 efﬁci-

234 1682 293 1702 mur
306 1672 460 1702 Christiani.
481 1675 543 1703 Hmc
557 1675 698 1710 catholica,
716 1676 773 1704 haec
787 1684 860 1711 vera,
880 1677 937 1706 hac
959 1686 1020 1714 per-

233 1721 300 1748 lecta
315 1725 355 1748 est
370 1721 448 1752 ﬁdes:
471 1721 522 1749 hoc
535 1729 614 1749 unum
635 1726 663 1750 ct
681 1723 787 1757 plenum
808 1728 850 1751 est
873 1724 1018 1759 baptisma,

234 1773 282 1800 per
297 1765 365 1800 quod
389 1766 533 1794 secundum
552 1766 668 1801 Domini,
690 1773 718 1795 ut
732 1768 831 1796 dictum
851 1774 904 1803 est,
921 1776 1021 1804 praece-

235 1815 307 1845 ptum
322 1811 494 1845 baptiaamur,
510 1817 537 1839 et
551 1819 602 1839 una
615 1813 717 1848 absque
732 1813 811 1841 ullius
832 1814 1020 1844 imminutione

235 1863 356 1890 persona:
367 1856 510 1884 Credulitas
525 1857 550 1884 in
568 1857 618 1885 [ide
632 1862 689 1885 est:
706 1865 756 1885 una
770 1866 875 1894 quoque
888 1859 916 1887 in
928 1860 1020 1888 Trini-

236 1902 444 1930 tateeshibctur
458 1902 615 1930 credulitas.
630 1899 829 1938 Requirendum
843 1909 884 1932 est
899 1905 977 1940 igitur
987 1906 1021 1934 ab

234 1947 276 1974 his
287 1947 330 1982 qui
350 1947 480 1975 adversus
490 1948 560 1976 hanc
573 1949 736 1985 singularem
758 1950 837 1978 iidem
853 1953 1018 1980 contrariam

234 1991 334 2020 iaciunt
345 1993 534 2027 qutcstionetn,
549 1994 669 2023 dicentes
690 2002 743 2022 non
764 1996 798 2024 de
813 1996 961 2025 substantia
974 1998 1021 2026 Dei

235 2037 320 2064 Patris
333 2038 452 2072 genitum
468 2038 574 2072 Filium,
589 2040 636 2068 sed
651 2041 800 2075 posteriore
818 2047 938 2078 tempore
955 2043 1021 2071 alie-

235 2090 298 2110 num
309 2091 324 2110 a
339 2085 586 2122 substantiadivini
598 2086 696 2120 Patris,
712 2087 844 2116 minorem
857 2094 937 2124 atque
953 2090 1021 2118 infe-

237 2129 337 2157 riorem
353 2130 380 2157 in
395 2130 508 2165 deitate,
520 2132 567 2159 sed
581 2137 608 2159 et
622 2138 772 2161 creaturam
787 2140 848 2162 esse
864 2134 1019 2170 loquuntur.

236 2173 364 2208 Spiritum
377 2183 482 2210 quoque
495 2181 618 2204 sanctum
627 2183 747 2205 creatum
757 2186 772 2206 a
783 2184 916 2214 creatura,
930 2181 956 2208 id
967 2186 1019 2215 est,

235 2227 251 2246 a
266 2219 343 2252 Filio,
360 2226 389 2248 ut
401 2222 427 2249 in
443 2227 498 2249 toto
512 2222 582 2256 apud
597 2230 644 2250 eos
658 2228 685 2251 et
697 2225 754 2258 ipse
774 2224 853 2252 Pater
864 2225 899 2252 sit
914 2226 1018 2259 minor;

236 2274 296 2294 cum
309 2269 478 2302 sapientiam,
491 2268 619 2301 Verbum,
634 2270 770 2304 virtutem,
783 2278 807 2299 et
820 2272 947 2307 Spiritum
962 2274 1020 2309 ejus
1036 2261 1060 2291 Ῑ)

237 2318 358 2342 sanctum
371 2321 520 2343 creaturam
543 2322 668 2344 asserunt
690 2317 917 2353 blasphemantes.
938 2321 1021 2349 inter-

238 2362 349 2396 rogandi
370 2371 434 2398 ergo
448 2368 519 2396 sunt,
535 2370 570 2390 an
585 2363 677 2391 Filium
692 2364 740 2392 Dei
750 2366 861 2393 credant
875 2367 1021 2401 profecisse

239 2413 328 2441 mtate,
342 2408 383 2435 vel
397 2409 525 2444 dignitate
538 2416 648 2437 accessu
665 2411 836 2444 temporum?
851 2419 884 2438 an
898 2413 965 2439 sicut
976 2421 1023 2448 ge-

239 2455 311 2481 nitus
324 2462 338 2481 a
350 2455 427 2483 Patre
437 2461 488 2489 est,
504 2461 560 2490 aut,
578 2461 606 2483 ut
616 2456 666 2490 ipsi
678 2457 763 2490 aiunt,
778 2462 895 2491 creatus,
912 2459 947 2486 ita
961 2467 1021 2493 per-

239 2504 346 2531 manet?
355 2503 382 2531 Si
394 2503 509 2531 dixerint
520 2505 554 2531 ita
569 2511 639 2537 esse,
649 2511 698 2532 nec
708 2504 851 2540 aliquando
862 2505 1020 2540 proiecisse,

242 2551 282 2578 vel
295 2551 425 2585 proﬁcere
444 2557 531 2586 posse,
548 2550 736 2585 requirendum
753 2554 795 2578 est
813 2550 848 2577 ab
861 2551 911 2584 eis,
923 2551 956 2578 de
969 2559 1022 2586 quo

238 2597 365 2634 scriptum
378 2597 403 2623 in
416 2596 561 2630 Evangelia
572 2596 672 2631 legatur
684 2604 691 2622 :
708 2595 776 2623 Puer
786 2601 870 2623 autem
884 2598 1022 2629 crescebat,

239 2648 262 2670 et
271 2643 476 2677 confurtabatur;
487 2642 575 2678 plenus
585 2643 718 2677 sapientia,
732 2647 755 2668 et
770 2642 852 2677 gratia
866 2641 913 2669 Dei
926 2648 981 2669 erat
996 2644 1024 2669 in

240 2690 295 2724 ipso
307 2689 380 2725 (Luc.
393 2697 421 2721 tt,
430 2689 487 2723 40).
499 2688 573 2722 Quod
585 2695 633 2715 nos
644 2687 857 2715 manifestissime
865 2688 897 2715 de
906 2687 1023 2721 homine,

241 2736 286 2769 qui
298 2743 312 2761 a
325 2736 379 2762 Deo
393 2735 479 2762 Verbo
489 2740 631 2769 susceptus
642 2738 693 2766 est,
702 2733 863 2760 conﬁtemur
876 2742 882 2762 :
898 2734 943 2769 qui
958 2734 1025 2761 lacte

243 2780 357 2807 nutritus
367 2781 459 2813 crevit,
476 2779 600 2811 adolevit,
612 2784 638 2806 et
649 2785 731 2812 usque
743 2778 775 2805 ad
790 2778 932 2812 perlectam
945 2779 1023 2818 291

242 2826 360 2860 pervenit
379 2832 494 2855 aetatem.
521 2827 616 2854 Plenus
644 2826 735 2860 utique
764 2826 844 2852 homo
872 2830 1025 2860 assumptus

242 2873 363 2906 Qhristus
381 2875 457 2903 .lesus
483 2874 627 2909 sapientia;
644 2880 703 2906 quae
717 2871 845 2907 sapientia
865 2871 911 2899 Dei
936 2871 1024 2899 Patris

1070 1630 1117 1662 ait,
1132 1630 1191 1664 quia
1202 1632 1245 1664 qui
1257 1636 1401 1666 receperunt
1412 1641 1481 1664 eum,
1496 1633 1563 1659 dedit
1580 1634 1615 1660 eis
1632 1639 1776 1667 potestatem
1786 1634 1846 1668 ﬁlios

1071 1676 1118 1703 Dei
1142 1678 1197 1710 ﬁeri
1214 1676 1342 1712 (Joun.-t,
1366 1677 1420 1712 12).
1438 1678 1469 1705 Et
1487 1680 1621 1713 quomodo
1634 1687 1687 1706 non
1708 1680 1849 1707 dominicus

1069 1722 1159 1749 homo.
1173 1727 1200 1749 et
1212 1723 1315 1749 servilis
1330 1723 1414 1750 forma
1436 1724 1460 1751 in
1481 1725 1562 1751 Deum
1582 1725 1710 1760 proiecit?
1726 1727 1792 1754 Dens
1804 1731 1847 1752 stt-

1071 1774 1123 1795 tem
1139 1768 1264 1800 Verbum,
1280 1770 1373 1801 virtus,
1390 1774 1416 1796 et
1429 1771 1558 1804 sapientia
1575 1771 1671 1803 Patris,
1689 1779 1792 1807 semper
1806 1771 1850 1798 fuit

1072 1815 1204 1850 perlectus
1217 1815 1361 1849 etaequalis
1375 1817 1488 1850 genitori
1500 1817 1525 1843 in
1541 1817 1690 1845 substantia
1700 1818 1848 1849 divinitatis,

1073 1863 1199 1897 Apostolo
1215 1863 1338 1890 dicente:
1355 1862 1405 1895 Qui
1419 1871 1476 1890 cum
1492 1865 1516 1890 in
1538 1866 1619 1900 forma
1636 1865 1684 1892 Dei
1706 1866 1851 1892 constitutus

1072 1914 1146 1940 esset,
1161 1917 1212 1935 mm
1228 1910 1345 1943 rapinam
1356 1911 1495 1937 arbitratus
1508 1914 1544 1937 est
1558 1919 1610 1938 esse
1627 1920 1656 1939 se
1667 1913 1790 1947 equuleus
1802 1910 1850 1938 Des

1072 1953 1182 1989 (Philip.
1200 1962 1228 1987 tt,
1246 1954 1284 1989 6).
1299 1955 1347 1988 Qui
1368 1956 1446 1989 igitur
1466 1956 1492 1983 in
1512 1956 1596 1983 forma
1613 1957 1659 1984 Dei
1673 1957 1785 1992 aequalis
1799 1961 1851 1984 erat

1073 2001 1127 2027 Deo
1143 2000 1223 2032 Palri,
1238 2001 1354 2035 seipsum
1371 2002 1526 2033 exinanivit,
1550 2003 1662 2031 iormam
1680 2004 1764 2037 servi,
1787 2004 1851 2031 sicut

1072 2047 1151 2081 292
1172 2046 1241 2072 idem
1261 2047 1399 2081 apostolus
1421 2048 1557 2082 pradicet,
1580 2050 1730 2083 accipiens;
1747 2050 1799 2077 hoc
1815 2052 1852 2076 est

1072 2096 1177 2124 sponte,
1194 2098 1248 2117 non
1259 2097 1349 2118 coacte
1364 2092 1500 2119 inclinavit
1520 2093 1694 2128 semetipsum
1715 2093 1748 2122 ad
1769 2093 1851 2121 susci-

1073 2137 1194 2171 piendam
1209 2138 1331 2165 servilem
1345 2138 1467 2170 iormam,
1480 2144 1505 2166 ut
1520 2139 1579 2167 vilis
1590 2139 1630 2167 vel
1644 2139 1754 2168 inferior
1772 2139 1851 2168 fama

1073 2183 1097 2209 in
1115 2183 1252 2210 meliorem
1267 2183 1440 2211 substantiam
1455 2191 1589 2212 cresceret
1603 2191 1683 2221 atque
1703 2186 1852 2221 proliceret,

1075 2236 1120 2262 per
1134 2237 1194 2255 eum
1207 2230 1250 2263 qui
1268 2237 1326 2256 eam
1339 2234 1379 2257 est
1397 2230 1517 2264 dignatus
1531 2238 1680 2263 assumere,
1698 2239 1752 2259 non
1771 2235 1803 2259 ut
1819 2230 1854 2258 di-

1075 2275 1133 2300 vina
1148 2275 1306 2308 substantia,
1320 2276 1359 2301 vcl
1383 2280 1500 2309 potestas
1515 2276 1541 2302 in
1558 2276 1684 2304 servilem
1709 2281 1856 2304 mutaretur

1074 2320 1114 2346 vel
1136 2320 1304 2346 addiceretur
1322 2324 1433 2352 statum;
1451 2320 1581 2354 Apostolo
1595 2320 1628 2348 de
1651 2325 1752 2348 nostra
1767 2320 1855 2348 [arma

1074 2366 1099 2391 in
1114 2365 1251 2392 meliorem
1266 2370 1363 2391 statum
1375 2365 1557 2392 demutatione
1569 2365 1693 2393 dicente:
1706 2365 1742 2394 Ut
1751 2367 1856 2394 mortals

1074 2412 1121 2437 hoc
1136 2420 1228 2445 corpus
1244 2412 1355 2438 induerit
1370 2412 1587 2438 immortalitatem
1607 2411 1634 2447 (Ι
1650 2411 1711 2440 Cor.
1729 2419 1778 2446 xv,
1799 2411 1855 2444 ει).

1073 2458 1116 2490 Et,
1129 2458 1202 2484 Sicut
1216 2459 1241 2484 in
1252 2459 1332 2484 Adam
1346 2466 1430 2484 omnes
1441 2459 1594 2492 moriuntur,
1606 2459 1644 2485 sic
1657 2459 1683 2486 in
1693 2457 1798 2487 Christo
1805 2465 1857 2486 or

1076 2512 1118 2529 ηδε
1130 2504 1288 2536 viviﬁcantttr
1303 2502 1329 2538 (1
1341 2503 1399 2530 Cor.
1417 2512 1459 2536 xv,
1474 2504 1531 2538 22).
1551 2504 1584 2532 Et
1602 2505 1720 2532 iterum:
1740 2503 1856 2532 Νῦσα·

1077 2554 1135 2581 tem,
1151 2550 1251 2583 fratres,
1268 2550 1294 2575 in
1309 2550 1447 2576 libertatem
1466 2552 1547 2577 vocati
1562 2558 1649 2577 sumus
1663 2550 1737 2586 (Gal.
1753 2558 1782 2583 v,
1802 2548 1854 2583 13)·

1076 2595 1164 2628 Itaque
1188 2595 1211 2621 si
1233 2602 1282 2622 nos
1304 2603 1350 2629 per
1365 2596 1476 2630 gratiam
1489 2596 1589 2624 Christi
1614 2596 1642 2623 in
1665 2595 1816 2629 meliorem,
1830 2597 1858 2622 Il
1893 2608 1895 2630 ς

1076 2641 1175 2667 dictum
1187 2645 1237 2672 est,
1259 2646 1367 2673 statum,
1386 2642 1412 2669 id
1427 2646 1469 2670 est
1491 2642 1519 2669 in
1537 2642 1685 2670 libertatem
1705 2650 1755 2677 pes-
1769 2641 1860 2676 Idem.

1077 2694 1137 2720 qua:
1151 2692 1193 2714 est
1213 2687 1239 2714 in
1256 2687 1372 2723 Christo,
1387 2690 1474 2716 vocati
1494 2697 1597 2721 sumus,
1621 2689 1681 2723 quis
1692 2689 1860 2718 Christ“
1891 2709 1895 2715 .

1078 2739 1122 2760 aut
1138 2733 1234 2760 sobriae
1249 2735 1345 2761 mentis
1366 2725 1462 2762 audeat
1483 2735 1651 2762 liberatorem
1670 2742 1750 2762 suum
1771 2735 1860 2763 diu!

1078 2779 1103 2805 in
1115 2779 1274 2806 deteriorum
1290 2784 1399 2813 statum,
1416 2781 1456 2808 vel
1472 2780 1651 2808 conditionem
1666 2780 1819 2808 mutam-2
1830 2782 1860 2807 α

1077 2825 1222 2852 substantia
1246 2825 1344 2858 divina,
1361 2834 1418 2860 qua:
1439 2833 1545 2860 semper
1559 2831 1601 2853 est
1621 2825 1811 2858 immutabilis.
1834 2823 1861 2852 ist

1078 2872 1204 2899 humilem
1240 2873 1436 2906 humanamque
1456 2876 1604 2900 verteretur
1622 2871 1817 2904 substantiam,
1834 2871 1862 2898 α
1893 2878 1895 2886 '

1829 2878 1899 3094 1
