3856 6222
159 201 254 260 503

1361 192 1446 248 DE
1483 189 1849 246 TRINITATE
1889 189 2012 247 LIB.
2056 192 2143 250 Ἡ.

3249 195 3352 250 506
3379 179 3382 181 “

160 322 296 372 lierct
324 315 388 370 de
415 314 523 367 Deo
554 323 700 372 caro,
736 307 805 363 de
840 307 1072 378 perfecto
1119 304 1356 368 inferior,
1393 280 1461 358 de
1508 299 1692 370 mquali
1722 301 1771 361 Δ
1803 301 2158 367 penetrabiliar
2187 300 2324 354 omni
2357 301 2527 371 gladio
2553 302 2779 372 ancipiti;
2810 309 2854 357 et
2882 302 3166 374 pertingens
3201 303 3384 368 usque‘

162 407 342 470 minor,
369 403 434 457 de
462 399 688 454 Domino
725 410 928 462 servus,
961 397 1027 451 de
1061 405 1304 452 creatore
1344 403 1607 456 creatura,
1637 399 1692 446 et

165 499 477 563 omnipotens
513 489 951 559 impossibilitatis
990 491 1283 544 incurreret
1320 485 1567 555 injuriam
1596 500 1610 535 :
1645 490 1698 536 et

168 589 244 656 qui
285 587 334 640 in
375 583 667 637 substantia
706 580 992 636 divinitatis
1031 595 1140 635 sua:
1181 577 1520 647 impassibilis
1557 581 1696 637 erat,

169 681 300 734 fieret
335 673 612 742 passibilis,
650 681 701 727 et
731 670 1042 729 immortalis
1083 670 1236 725 morti
1284 665 1698 723 succumberet?

167 766 285 819 Cum
315 762 422 815 haec
454 761 633 814 omnia
674 761 725 813 in
753 775 854 813 una
881 753 1092 814 Christi'
1123 771 1369 827 persona,
1400 754 1694 810 secundum

174 852 386 921 Apostoli
434 853 878 919 medicationem,
908 860 1065 919 atque
1101 850 1392 920 doctrinam
1438 846 1698 903 Christia-

175 956 277 997 nam
306 942 407 996 sint
444 942 548 996 lide
581 942 878 1022 credepda;
909 922 1128 996 dicente
1158 921 1224 995 eo
1251 958 1264 993 :
1308 939 1443 993 Deus
1490 945 1598 992 erat
1643 937 1697 989 in

176 1037 367 1100 Christo,
397 1039 641 1090 mundum
667 1037 998 1091 reconcilians
1022 1035 1116 1115 sibi
1145 1033 1232 1106 (11
1261 1034 1379 1116 Cor.
1411 1050 1465 1098 v,
1502 1032 1608 1100 l9).
1634 1031 1700 1084 Et

177 1131 362 1195 iterum,
395 1129 685 1184 secundum
713 1130 1004 1196 Christum,
1058 1129 1272 1207 inquit,"
1287 1129 1340 1180 in
1368 1141 1468 1196 quo
1506 1123 1700 1176 habitat

178 1221 312 1273 omnis
339 1221 596 1288 plenitudo
637 1212 911 1274 divinitatis
944 1218 1272 1288 corporaliter
1315 1214 1445 1285 (Col.
1501 1227 1558 1276 tt,
1617 1209 1696 1279 9).

179 1310 291 1377 Ergo
315 1308 450 1363 Deus
471 1309 761 1374 hominem,
788 1309 1039 1362 Dominus
1062 1319 1294 1370 servum,
1318 1313 1527 1358 creator
1549 1313 1699 1354 crea-

178 1412 343 1467 turam,
375 1402 539 1456 factor
573 1401 849 1466 facturam,
881 1383 1216 1465 omnipotens
1245 1392 1574 1455 inferiorem,
1620 1390 1700 1443 in-

179 1491 366 1546 visibilis
413 1490 696 1554 visibilem,
753 1486 1060 1554 indeﬂciens
1113 1485 1332 1547 lassum,
1385 1479 1700 1534 immortalis

179 1583 443 1644 mortalem,
476 1578 815 1648 impassibilis
844 1575 1144 1646 passibilem
1164 1613 1178 1638 ,
1208 1570 1513 1626 mutabilem
1546 1568 1694 1622 inde-

1798 389 1866 440 ad
1894 391 2184 444 divisionem
2209 391 2392 444 animle
2425 407 2483 444 ac
2506 392 2728 461 spiritus,
2757 408 3056 464 compagum
3084 409 3279 462 quoque
3305 406 3353 448 et

1798 479 2152 548 medullarum,
2183 492 2230 534 et
2259 480 2504 534 discretor
2540 483 2902 550 cogitationum
2946 491 2993 536 et
3021 484 3355 537 intentionum

1799 570 1984 632 cordis,
2009 581 2054 624 et
2083 587 2184 625 non
2209 579 2279 625 est
2307 569 2413 624 ulla
2442 580 2669 624 creatura
2705 573 2966 628 invisibilis
2992 575 3042 627 in
3083 585 3354 642 conspectu

1798 663 1946 731 eius:
1975 664 2144 715 omnia
2176 671 2341 716 autem
2383 664 2522 720 nuda
2564 672 2610 715 et
2657 673 2828 730 aperta
2877 675 2989 718 sunt
3037 665 3201 720 oculis
3240 667 3353 736 ejus

1799 749 1978 817 (Hebr.
1999 767 2068 819 iv,
2095 751 2202 821 l2).
2218 752 2330 806 Non
2354 767 2480 822 ergo
2504 752 2640 806 Deus
2655 762 2892 807 creatura
2915 762 3016 820 est,
3038 756 3130 812 sed
3156 757 3352 812 homo:

1799 851 1901 890 non
1928 840 2178 907 sepelitur
2205 842 2362 905 Deus,
2395 840 2483 909 qui
2507 849 2586 895 est
2620 839 2742 904 vita,
2781 841 2872 895 sed
2899 857 3054 897 caro:
3086 860 3258 914 neque
3284 847 3354 900 ab

1800 927 1956 998 295.
1978 930 2096 984 imis
2126 931 2352 1001 resurgit
2380 931 2517 986 Deus
2546 932 2633 1000 qui
2666 938 2807 985 totus
2836 931 3025 1000 ubique
3048 943 3150 999 est,
3179 945 3233 991 et
3254 951 3352 991 ω-

1801 1031 1893 1080 per
1913 1030 2117 1082 omnes,
2149 1019 2240 1072 sed
2283 1019 2444 1072 homo
2470 1019 2698 1088 resurgit
2738 1019 2791 1072 in
2831 1019 3018 1074 Deum.
3047 1021 3177 1075 Nam
3213 1021 3353 1090 quod

1801 1104 2110 1174 flagellatur,
2141 1117 2194 1164 et
2219 1124 2248 1162 a
2277 1109 2442 1164 Pilato
2465 1109 2755 1178 judicatur,
2785 1109 2943 1164 homo
2968 1119 3067 1166 est.
3092 1110 3241 1176 Quod
3263 1127 3354 1166 au-

1802 1201 1905 1246 tem
1947 1196 2197 1249 mundum
2235 1197 2348 1265 ipse
2391 1197 2785 1265 adjudicaturus
2829 1196 3099 1266 adveniet,
3133 1200 3270 1254 Deus
3302 1207 3354 1255 et

1803 1279 1964 1336 homo
1991 1291 2089 1338 est.
2123 1284 2348 1340 Tristem
2379 1300 2604 1355 namque
2635 1295 2688 1341 et
2717 1287 2978 1355 trepidum
3003 1298 3211 1344 constat
3236 1305 3355 1346 esse

1812 1371 2102 1441 hominem,
2127 1388 2230 1427 non
2261 1375 2449 1443 Deum,
2480 1376 2567 1443 qui
2593 1384 2675 1430 est
2703 1373 3063 1444 immutabilis,
3091 1388 3146 1433 et
3172 1380 3354 1434 incon-
3384 1426 3386 1428 .

1801 1463 2079 1517 vertibilis.
2101 1464 2250 1530 Quod
2271 1474 2446 1520 autem
2473 1467 2676 1535 ignorat
2695 1466 2857 1534 diem,
2886 1477 2940 1523 et
2967 1470 3133 1524 nescit
3154 1470 3350 1536 locum,

1802 1555 2036 1626 nunquid
2063 1557 2387 1612 credendum
2409 1557 2509 1623 esi,
2529 1559 2650 1628 quia
2677 1558 2764 1627 qui
2793 1558 2918 1613 fecit
2939 1559 3074 1622 dies,
3098 1571 3151 1615 et
3173 1561 3350 1628 horas,

178 1671 413 1725 mutabilis
441 1645 673 1737 suscepit
702 1645 980 1732 naturam;
1009 1680 1105 1720 nec
1138 1666 1190 1717 in
1231 1662 1513 1716 humanam
1560 1659 1698 1713 Deus
1729 1645 1774 1703 Β
1801 1657 2067 1714 6120008,
2109 1657 2163 1704 et
2207 1657 2441 1717 tempom
2495 1649 2661 1716 possit
2697 1648 2895 1718 aliquid
2938 1648 3215 1716 ignorare?
3249 1650 3352 1706 Sed

177 1773 381 1816 mutatus
431 1770 514 1816 est
565 1773 778 1814 carnem
821 1759 899 1814 vel
935 1756 1304 1812 substantiam.
1362 1749 1701 1821 lmpassibilis

174 1866 292 1916 erat.
311 1854 398 1909 sed
429 1854 480 1908 in
502 1867 580 1918 se,
605 1857 717 1923 ipse
741 1841 895 1922 quam
925 1849 1210 1919 assumpsit
1240 1843 1566 1916 glorificabat
1608 1857 1703 1896 na-

175 1953 352 1997 turam:
389 1942 613 1996 humana
643 1957 768 1998 vero
801 1940 1036 1996 mortalis
1064 1949 1116 1994 et
1145 1937 1373 2002 infirma,
1410 1945 1467 1990 ut
1504 1935 1699 1989 dictum

173 2043 266 2094 est,
284 2047 398 2086 caro
424 2042 580 2100 atque
604 2042 786 2086 natura
819 2030 1046 2085 divinam
1087 2028 1307 2098 profecit
1345 2026 1397 2081 in
1452 2025 1727 2101 gloriam,_

177 2121 282 2188 ipso
311 2122 520 2176 Domino
546 2122 599 2176 in
635 2121 920 2190 Evangelio
945 2121 1154 2175 dicente
1188 2119 1254 2174 de
1287 2125 1559 2184 assumpto
1583 2129 1612 2168 a
1641 2129 1700 2169 se

177 2207 296 2262 Filio
315 2210 528 2264 hominis
550 2228 563 2263 :
596 2210 751 2264 Nam:
778 2210 1082 2277 ctariﬁcatus
1103 2219 1173 2263 est
1202 2207 1362 2262 Filius
1388 2208 1624 2272 hominis,
1650 2217 1702 2264 et

179 2297 298 2352 Deus
322 2300 621 2368 clariﬁcatus
650 2310 725 2354 est
769 2302 822 2354 in
858 2317 914 2353 eo
953 2300 1132 2369 (Joan.
1166 2314 1280 2363 xm,
1310 2297 1424 2370 3|).
1467 2297 1527 2353 Si
1564 2298 1702 2353 Deus

172 2391 464 2446 clariﬁcatus
494 2393 648 2446 estin
671 2405 758 2457 eo,
789 2401 843 2447 et
873 2392 1008 2445 Deus
1036 2388 1344 2445 clariﬁcavit
1371 2405 1490 2443 eum
1519 2388 1579 2442 in
1617 2402 1702 2442 se-

176 2481 400 2550 metipso,
435 2491 489 2535 et
515 2483 769 2536 continuo
795 2482 951 2551 293
980 2478 1285 2534 ciariilcavit
1323 2493 1464 2533 eum.
1507 2478 1700 2544 Accipe

174 2587 337 2639 quaeso
361 2587 516 2641 pauca
551 2573 618 2627 de
656 2573 848 2633 divinis
887 2571 1172 2640 Scripturis
1198 2570 1514 2636 testimonia,
1550 2569 1696 2638 quis-

173 2658 281 2726 quis
311 2659 393 2714 ille
439 2660 515 2715 vis
560 2661 821 2730 perfectus
862 2675 978 2715 esse
1012 2659 1374 2725 Christianus,
1428 2668 1481 2713 et
1520 2673 1698 2714 veram

175 2758 318 2817 atque
336 2750 585 2820 integram
623 2751 771 2820 sequi
799 2753 1076 2818 rationem,
1106 2752 1480 2821 pmtermissis
1501 2749 1701 2803 vanilo-

174 2838 316 2903 quiis,
339 2846 388 2891 et
423 2838 703 2906 superﬂuis
734 2841 1110 2907 quaestionibus
1142 2855 1352 2906 eorum,
1397 2841 1485 2909 qui
1528 2854 1559 2893 a
1597 2839 1700 2893 tide

175 2925 482 2982 Christi‘non
531 2929 702 2984 solum
748 2930 844 2997 ipsi
880 2938 1121 2984 errantes
1147 2930 1481 2993 exciderunt,
1514 2929 1606 2983 sed
1644 2937 1697 2982 et

1802 1740 1943 1808 quod
1976 1740 2387 1810 ignorathomo,
2421 1752 2596 1794 tamen
2624 1755 2727 1794 non
2753 1741 2958 1809 ignorat
2983 1741 3141 1811 Deus,
3164 1745 3252 1812 qui
3274 1751 3354 1798 est

1801 1843 1923 1886 ante
1952 1830 2169 1897 saecula,
2192 1846 2287 1898 per
2304 1845 2461 1901 quem
2491 1830 2664 1884 omnia
2686 1829 2821 1888 facta
2843 1838 2987 1886 sunt.
3007 1829 3136 1886 Nam
3158 1835 3355 1887 sentire

1799 1923 1867 1979 de
1899 1922 1992 1978 Dei
2022 1924 2298 1992 sapientia,
2323 1922 2462 1993 quod
2483 1921 2677 1992 aliquid
2702 1923 2943 1991 ignorare
2957 1923 3143 1992 possit,
3161 1925 3353 1978 summi

1800 2012 2019 2081 periculi
2045 2027 2131 2067 res
2152 2021 2252 2067 est.
2270 2013 2445 2067 Plorat
2467 2021 2643 2066 autem
2665 2021 2717 2066 et
2740 2012 2962 2067 lassatur
2974 2012 3151 2081 utique
3173 2012 3350 2077 homo,

1801 2115 1904 2155 non
1937 2100 2075 2154 Deus
2108 2100 2361 2168 Verbum,
2401 2100 2489 2170 qui
2514 2107 2597 2156 est
2616 2100 2782 2154 virtus
2803 2099 3009 2155 Patris:
3041 2099 3189 2155 nefas
3211 2102 3351 2155 enim

1803 2202 1882 2246 est
1909 2191 2085 2247 dicere
2105 2192 2289 2246 lassari
2316 2191 2408 2247 Dei
2432 2192 2702 2248 virtutem.
2731 2193 2960 2249 Putasne
2982 2193 3140 2249 homo
3158 2195 3350 2262 esurit,

1802 2289 1856 2336 ct
1875 2282 2006 2347 sitit,
2039 2295 2104 2335 an
2139 2281 2276 2336 Deus
2306 2282 2394 2350 qtti
2416 2281 2507 2335 dat
2540 2285 2699 2336 vitam
2748 2285 2963 2351 mundo,
2988 2285 3137 2354 panis
3165 2287 3253 2355 qui
3284 2292 3352 2340 de

1801 2368 1937 2423 coelo
1965 2369 2261 2434 descendit,
2283 2369 2372 2438 qui
2394 2370 2552 2424 etiam
2570 2370 2660 2424 dat
2683 2384 2857 2427 escam
2880 2375 3020 2428 omni
3043 2369 3186 2428 carni
3204 2376 3228 2428 ἲ
3246 2375 3353 2431 Sed

1802 2473 1898 2512 nec
1926 2459 2028 2513 vita
2059 2459 2247 2525 esurit,
2272 2474 2369 2515 nec
2399 2462 2516 2514 fons
2543 2461 2691 2516 sitire
2721 2470 2892 2531 potest
2921 2480 2933 2515 :
2961 2471 3192 2519 tentatur
3229 2479 3355 2520 veto

1799 2562 1828 2600 a
1858 2548 2071 2604 diabolo
2097 2559 2153 2603 ut
2181 2550 2360 2615 homo,
2389 2551 2481 2604 sed
2508 2560 2562 2605 ut
2595 2551 2826 2620 Deusab
2854 2555 3056 2622 angelis
3087 2555 3353 2622 adoratur,

1800 2638 1883 2690 cui
1923 2638 2081 2694 etiam
2122 2647 2175 2693 et
2221 2637 2541 2708 ministrant,
2570 2640 2637 2696 de
2680 2635 2787 2710 quo
2813 2643 3064 2710 scriptum
3104 2655 3218 2699 est:
3255 2646 3355 2709 Qui

1799 2726 1921 2794 facit
1961 2727 2168 2798 angelos
2209 2744 2324 2783 suos
2367 2730 2595 2796 spiritus,
2630 2741 2688 2794 et
2737 2731 2990 2786 ministros
3026 2749 3144 2787 suos
3188 2736 3354 2805 ignem

1801 2829 2023 2872 urentem
2055 2818 2220 2890 (Psal.
2252 2831 2365 2887 cttt,
2393 2820 2468 2890 4).
2507 2819 2628 2875 Haec
2668 2821 2826 2890 igitur
2848 2823 3045 2887 omnia,
3077 2834 3131 2878 ut
3157 2825 3352 2880 dictum

1801 2918 1902 2976 est,
1932 2911 1994 2964 ad
2024 2913 2292 2974 servilem,
2325 2912 2624 2980 mortalem,
2649 2914 3061 2984 passibilemque
3087 2923 3349 2982 naturam,

174 2979 1698 3086 at...ait.{rmstiti.signa;insignitis.
1727 2979 1773 3040 ο
1804 3015 1921 3067 qum
1949 3014 1978 3053 ε
2007 3000 2114 3054 Deo
2143 3000 2316 3055 Verbo
2340 2979 2618 3068 assumpta
2639 2979 2740 3068 est.
2770 3001 2955 3056 referri
2975 2979 3211 3057 ‘uecesse
3249 3015 3353 3059 est.

175 3103 300 3169 quod
324 3104 550 3158 nascitur
569 3119 636 3160 ex
669 3115 902 3174 tempore
913 3105 1156 3160 Christus
1179 3107 1231 3160 in
1255 3108 1545 3170 Bethleem,
1562 3106 1701 3174 quod

176 3188 224 3240 in
253 3194 490 3262 pmepio
509 3193 824 3261 declinatur,
856 3196 992 3265 quod
1025 3196 1212 3264 pannis
1234 3196 1540 3259 involvitur,
1563 3196 1700 3263 quod

175 3275 394 3345 iactatur,
439 3283 572 3350 quod
594 3285 803 3348 crescit,
834 3284 973 3353 quod
993 3285 1265 3350 adolescit,
1296 3284 1436 3354 ’quod
1457 3284 1510 3338 in
1541 3283 1701 3354 Egy-

177 3375 308 3431 ptum
345 3367 543 3438 fugiens
570 3381 890 3440 asportatur,
920 3374 1058 3443 quod
1093 3375 1394 3441 parentibus
1437 3373 1698 3439 subditur,

177 3459 299 3525 quod
343 3471 567 3517 tentatur
607 3478 638 3516 a
683 3463 915 3530 diabolo,
963 3464 1106 3536 quod
1149 3465 1337 3537 esurit,
1382 3465 1520 3532 quod
1568 3464 1700 3526 sitit.

176 3549 299 3614 quod
320 3551 591 3606 manducat
617 3564 670 3607 et
697 3552 848 3618 bibit,
877 3553 1016 3623 quod
1045 3553 1261 3620 dormit,
1286 3553 1424 3621 quod
1454 3553 1700 3616 lassatur,

175 3638 300 3703 quod
320 3639 500 3707 plorat,
527 3639 666 3709 quod
695 3643 884 3710 quaerit
915 3642 1067 3711 quasi
1114 3643 1361 3697 nesciens
1400 3641 1700 3709 sepulcrum

177 3724 362 3793 Lazari,
391 3730 526 3799 quod
556 3731 704 3799 quasi
726 3730 967 3797 ignorare
992 3745 1052 3784 se
1072 3729 1146 3784 ait
1170 3729 1308 3784 diem
1336 3729 1540 3797 judicii,
1561 3729 1700 3798 quod

175 3815 470 3893 clariﬁcatur
493 3819 794 3874 testimonio
820 3819 1010 3884 Patris,
1044 3819 1180 3888 quod
1212 3821 1396 3888 tristis,
1421 3821 1560 3889 quod
1590 3832 1700 3876 tre-

179 3906 318 3972 pidus
339 3909 400 3964 ad
422 3911 720 3980 passionem
743 3912 926 3975 venit,
942 3911 1080 3980 quod
1110 3912 1274 3980 alapis
1300 3911 1546 3976 caeditur,
1561 3914 1701 3982 quod

177 4007 201 4043 a
219 3995 367 4058 Pilato
391 3997 673 4065 judicatur,
695 4001 832 4069 quod
862 4001 1170 4070 flagellatur,
1196 4005 1334 4072 quod
1357 4004 1697 4073 crucifigitur,

176 4084 298 4148 quod
324 4085 479 4142 mixto
514 4086 634 4142 felle
677 4097 825 4163 aeeto
872 4097 1098 4156 potatur,
1137 4089 1274 4160 quod
1320 4091 1497 4146 lancea
1552 4093 1700 4148 lateri

175 4173 344 4226 vulnus
371 4173 619 4242 infigitur,
642 4175 782 4246 quod
806 4179 1046 4245 moritur,
1070 4181 1207 4250 quod
1237 4181 1377 4250 ligno
1398 4183 1698 4251 deponitur,

175 4259 298 4326 quod
320 4263 581 4333 sepelitur,
607 4265 745 4334 quod
768 4266 850 4320 die
875 4267 1025 4321 tertia
1051 4268 1204 4322 vivus
1229 4284 1258 4322 a
1283 4273 1500 4324 mortuis
1525 4286 1701 4327 resur-

174 4351 257 4415 git,
284 4353 410 4420 quod
433 4357 668 4408 omnium
700 4365 815 4423 post
851 4361 1290 4423 resurrectionem
1324 4362 1518 4430 accipit
1554 4371 1699 4429 pote-

175 4448 362 4508 statem,
419 4445 556 4512 quod
595 4446 746 4514 quasi
802 4447 1052 4517 ignorans
1089 4451 1386 4505 sciscitatur
1423 4466 1452 4506 a
1495 4453 1700 4511 duobus

174 4530 538 4587 ambulantibus
567 4535 618 4587 in
644 4537 748 4597 via,
766 4551 882 4603 quas
903 4537 1033 4592 facta
1059 4537 1281 4593 fuissent
1311 4541 1361 4593 in
1380 4541 1695 4608 Jerusalem,

173 4617 296 4680 quod
338 4616 545 4678 Petrum
584 4624 732 4690 quasi
777 4627 1018 4680 nesciens
1053 4626 1359 4695 interrogat,
1393 4630 1435 4682 si
1480 4631 1595 4698 plus
1635 4633 1702 4687 ab

174 4703 272 4770 ipso
297 4724 444 4776 quam
476 4711 542 4764 ab
567 4711 685 4763 aliis
708 4711 1018 4781 diligeretur
1044 4715 1314 4784 discipulis
1339 4735 1349 4767 :
1385 4716 1585 4780 Simon,
1616 4720 1698 4772 iu-

174 4796 286 4857 quit,
317 4795 481 4862 Petre,
503 4814 643 4851 amas
675 4816 752 4852 me
785 4802 900 4867 plus
934 4805 1010 4855 his
1038 4803 1216 4870 (Joan.
1249 4821 1354 4872 xxI,
1393 4806 1518 4873 15)?
1544 4824 1701 4876 quem

177 4895 328 4943 tamen
354 4893 638 4958 apostolica
661 4893 926 4946 confessio
958 4897 1206 4963 prodidit,
1231 4908 1285 4952 et
1311 4900 1507 4961 omnia,
1528 4910 1580 4953 et
1607 4916 1697 4955 oc-

175 4979 294 5033 culta
314 4983 464 5038 st-ire.
497 4983 771 5049 Quomodo
797 4984 955 5054 igitur
984 4988 1070 5054 qui
1103 5003 1161 5042 se
1193 4990 1423 5057 loquitur
1451 4991 1698 5045 Christia-

177 5079 300 5131 num,
329 5085 427 5124 non
457 5073 687 5126 advertit
718 5074 829 5126 huic
857 5081 949 5127 aut
970 5075 1138 5128 credit
1162 5077 1408 5131 humanae
1429 5094 1548 5132 esse
1577 5081 1699 5132 sub-

174 5161 372 5225 stantia,
417 5165 728 5234 servilisque
776 5165 979 5232 formae,
1027 5179 1133 5219 non
1181 5167 1368 5220 divinat
1414 5170 1702 5236 majestatis

177 5254 309 5314 atque
351 5256 632 5320 potentiae?
675 5255 796 5324 quia
839 5271 1104 5325 nunquam
1150 5259 1253 5309 vita
1308 5260 1555 5322 moritur,
1608 5260 1700 5313 sed

180 5331 312 5393 homo
331 5344 562 5395 moritur.
587 5343 691 5397 Nec
715 5345 958 5411 ignorare
977 5345 1170 5413 aliquid
1196 5346 1332 5399 Deus
1356 5347 1584 5401 Verbum
1611 5364 1701 5414 po-

182 5429 282 5488 test,
313 5432 453 5497 cujus
496 5432 666 5485 oculis
710 5436 883 5487 omnia
915 5437 1048 5489 nuda
1079 5447 1131 5491 et
1161 5447 1339 5505 aperta
1372 5447 1511 5502 sunt,
1545 5430 1700 5507 Apo-

183 5514 298 5568 stolo
321 5518 546 5576 dicente:
590 5519 740 5574 Virus
767 5522 896 5575 enim
930 5533 1002 5577 est
1025 5541 1186 5578 sermo
1217 5523 1333 5592 Dei,
1363 5537 1410 5579 et
1431 5528 1622 5595 efﬁcax,
1653 5538 1698 5582 et

1801 3089 1990 3143 Omnia
2019 3091 2159 3144 enim
2188 3105 2305 3158 qua:
2329 3089 2596 3145 humiliter
2620 3090 2758 3144 dicta
2786 3087 2930 3155 sunt,
2961 3106 3058 3158 pro
3084 3092 3237 3147 nobis
3265 3092 3357 3148 ille

1801 3184 2032 3249 suscepit
2080 3193 2134 3237 et
2178 3183 2425 3251 pertulit;
2456 3183 2591 3236 sicut
2619 3192 2676 3238 et
2705 3184 2988 3251 Apostolus
3011 3183 3194 3241 docet:
3226 3184 3357 3252 Quia
3441 3188 3447 3196 ‘

1800 3287 1914 3324 cum
1940 3273 2073 3325 dives
2118 3281 2264 3336 esset,
2293 3287 2477 3342 egenus
2508 3273 2676 3344 factus
2702 3283 2795 3338 est,
2824 3283 2880 3327 ut
2908 3274 3045 3327 illius
3071 3275 3244 3342 inopia
3269 3293 3358 3331 nos

1800 3361 1975 3414 divites
2005 3376 2226 3415 essemus
2254 3358 2338 3432 (ll
2371 3361 2490 3415 Cor.
2519 3363 2628 3426 vrit,
2661 3362 2736 3433 ii).
2762 3363 2830 3418 Et
2857 3364 3083 3420 iterum:
3117 3354 3216 3432 Qui
3243 3383 3359 3422 eum

1800 3451 1852 3504 in
1888 3451 2058 3520 forma
2092 3451 2184 3505 Dei
2228 3460 2370 3517 esset,
2402 3443 2611 3523 (equalis
2652 3452 2761 3507 Deo
2805 3456 3021 3525 seipsum
3066 3457 3359 3525 exinanivit,

1803 3541 2019 3610 formam
2059 3542 2186 3596 servi
2205 3542 2451 3610 accipiens
2473 3542 2690 3614 (Philip.
2722 3559 2780 3612 tt,
2809 3543 2885 3614 ϐ).
2909 3545 2998 3600 Sic
3027 3557 3077 3600 et
3108 3547 3360 3617 propheta

1801 3637 1913 3705 ejus
1936 3638 1988 3693 ia
2034 3652 2194 3692 carne
2224 3640 2601 3706 pramuntiatus
2632 3640 2945 3707 passionem,
2977 3641 3052 3694 ait
3083 3656 3097 3695 :
3136 3642 3358 3696 Vulnere

1801 3730 1909 3798 ejus
1937 3728 2103 3780 sanati
2127 3744 2299 3795 sumus
2331 3726 2480 3794 (Isai.
2511 3743 2621 3792 LIII,
2654 3730 2730 3795 5).
2761 3728 2891 3785 Cum
2939 3744 3066 3798 ergo
3114 3730 3357 3794 humilia,

1802 3815 2042 3884 quisquis
2093 3815 2182 3869 ille
2213 3817 2372 3869 homo
2399 3831 2479 3880 es,
2520 3818 2586 3870 de
2614 3817 2823 3875 Christo
2850 3818 3021 3885 audis,
3060 3834 3163 3873 non
3191 3834 3250 3874 ea
3269 3820 3356 3888 ju-

1800 3907 1944 3961 dices
1972 3905 2039 3960 de
2061 3906 2337 3961 altitudine
2365 3907 2501 3961 dicta
2525 3906 2733 3972 divina;
2759 3921 2876 3961 cum
2915 3907 3168 3976 injuriosa
3197 3910 3352 3978 legis,

1802 3996 2092 4052 secundum
2143 3996 2392 4050 humilem
2430 3995 2652 4050 formam
2689 3997 2870 4062 crede,
2916 4011 3018 4051 non
3070 3999 3386 4072 secundum,

1801 4088 2030 4142 divinam
2060 4086 2507 4142 dominationem:
2538 4076 2656 4141 cum
2685 4103 2814 4142 vero
2841 4087 3182 4156 impossibilia
3207 4089 3358 4159 legis,

1809 4179 2106 4249 fragilitatis
2123 4193 2242 4233 esse
2263 4179 2505 4234 humana:
2527 4179 2727 4246 accipe,
2757 4193 2860 4232 non
2877 4179 3072 4235 divina:
3093 4181 3359 4249 potentias.

1804 4268 1910 4323 Nec
1932 4267 2094 4324 debes
2122 4269 2351 4322 divinam
2379 4270 2708 4324 altitudinem
2738 4269 2802 4323 ad
2827 4270 3079 4325 humilem
3105 4271 3362 4326 devocare

1802 4348 2189 4425 conditionem:
2221 4373 2318 4414 nec
2366 4359 2552 4413 nitaris
2590 4360 2878 4427 potentiam
2921 4375 2983 4415 ac
3031 4361 3362 4430 maiestatem

1801 4449 2032 4504 divinam
2063 4451 2128 4506 ad
2171 4445 2416 4505 inferiora
2443 4451 2729 4515 deducere,
2760 4451 2855 4504 sed
2885 4467 3002 4520 qua
3027 4462 3219 4508 nostrae
3243 4463 3363 4508 sunt

1803 4541 1968 4607 magis
1988 4538 2304 4594 inﬁrmitatis
2328 4540 2635 4608 fragilisque
2655 4548 2874 4602 naturae,
2900 4541 2964 4594 ad
2988 4542 3132 4596 illam
3158 4544 3365 4611 erigere
3390 4557 3394 4560 ’

1802 4628 2071 4691 virtutem,
2095 4629 2234 4682 sicut
2255 4628 2369 4696 ipse
2396 4628 2649 4682 Dominus
2668 4622 2767 4681 ait:
2793 4627 2918 4682 Cum
2936 4629 3185 4684 excitatus
3205 4631 3361 4702 295

1806 4719 1948 4786 fuero
1989 4733 2021 4770 a
2053 4726 2208 4783 terra,
2250 4719 2419 4770 omnia
2451 4717 2649 4770 traham
2689 4719 2757 4770 ad
2800 4733 2877 4772 me
2907 4716 3083 4787 (Joan.
3126 4736 3219 4783 xu,
3247 4721 3359 4790 52).

1805 4808 2013 4862 Exaltat
2040 4809 2218 4876 utique
2260 4823 2350 4876 per
2378 4821 2587 4861 crucem
2643 4808 2754 4875 ipse
2796 4817 3028 4876 nostram
3069 4811 3120 4863 in
3161 4824 3222 4864 se
3268 4824 3361 4878 per

1805 4899 1921 4967 ejus
1966 4901 2271 4954 societatem
2310 4908 2572 4964 naturam,
2623 4914 2727 4953 non
2775 4910 2954 4955 autem
2992 4910 3221 4954 nostram
3271 4915 3361 4966 per

1806 5003 1956 5041 suam
1979 4989 2409 5054 coniunctionem
2434 4987 2667 5040 divinam
2696 4989 2916 5042 inclinat
2949 4988 3251 5056 potentiam.
3274 4987 3360 5040 Sic

1809 5093 2032 5146 namque
2071 5080 2120 5133 in
2159 5079 2262 5131 alio
2299 5079 2417 5133 loco
2443 5082 2554 5133 ait:
2598 5079 2748 5132 Venit
2779 5081 2909 5134 enim
2937 5078 3104 5138 Filius
3143 5078 3379 5130 hominis.

1813 5182 2053 5232 quwrere,
2081 5175 2128 5218 et
2159 5166 2354 5219 salvare
2381 5169 2517 5236 quod
2552 5168 2768 5232 perierat
2805 5150 2965 5236 (Luc.
2986 5181 3092 5232 xu,
3124 5164 3228 5235 10).
3255 5173 3359 5220 non

1810 5257 2048 5310 amittere
2074 5257 2214 5325 quod
2240 5273 2450 5326 semper
2469 5266 2604 5323 erat,
2630 5260 2781 5313 beato
2809 5258 3009 5311 Joanne
3033 5257 3359 5324 evangelista

1811 5347 2041 5402 dicente:
2078 5347 2141 5400 In
2188 5350 2434 5419 principio
2469 5360 2574 5404 erat
2617 5350 2850 5414 Verbum,
2892 5359 2938 5402 et
2988 5349 3204 5404 Verbum
3253 5361 3359 5404 erat

1812 5437 1947 5505 apud
1972 5438 2150 5503 Deum,
2179 5448 2224 5491 et
2253 5436 2385 5491 Deus
2409 5448 2515 5492 erat
2544 5437 2776 5512 Verbum,
2800 5439 2890 5490 hoc
2911 5448 3015 5490 erat
3047 5439 3096 5490 in
3114 5439 3360 5509 principio

1810 5529 1944 5596 apud
1963 5527 2143 5592 Deum,
2175 5529 2342 5583 omnia
2370 5545 2457 5598 per
2491 5529 2652 5596 ipsum
2684 5519 2819 5595 facta
2847 5538 2962 5581 suut
3004 5529 3180 5598 (Joan.
3213 5544 3251 5596 ι,
3280 5529 3357 5591 l).
