3856 6222
155 251 255 313 309

1398 244 1478 298 DE
1515 242 1875 298 TRINITATE
1905 245 2028 299 LIB.
2073 245 2175 302 XII.

3268 244 3368 299 310

155 371 208 412 ut
237 369 294 413 et
347 359 539 413 Petrus
584 359 821 413 scribens
851 356 924 410 ait
949 373 958 408 :
992 355 1119 421 Qum
1163 369 1302 407 nunc
1329 353 1562 406 nuntiata
1590 359 1710 403 sunt
1740 354 1784 406 Δ
1811 367 1926 404 eum
1955 353 2003 404 in
2029 353 2232 404 sa'cula.
2263 351 2554 404 Benedicite
2575 350 2653 405 sol
2682 359 2728 404 et
2759 351 2879 404 luna
2907 348 3199 414 Dominum,
3226 351 3371 420 hym-

159 452 310 503 vost
337 465 441 516 per
460 448 904 517 evangelizantem
925 445 976 498 in
1009 444 1158 497 vobis
1185 443 1438 512 Spiritum
1470 447 1714 497 sanctum

161 542 386 594 missum
433 556 465 594 e
499 539 668 593 caelis.
703 539 879 603 Itaque
907 537 952 589 si
1000 534 1228 603 Spiritus
1270 539 1483 586 sanctus
1512 541 1593 583 est
1627 528 1718 597 qui

160 632 325 685 dicit:
359 631 549 683 Omnia
577 645 665 695 per
695 627 885 681 Filium
916 628 1050 696 facta
1089 634 1223 688 sunt,
1255 632 1301 677 et
1327 624 1434 677 sine
1472 623 1585 691 ipso
1612 623 1723 690 [ac-

164 729 268 772 tum
309 731 386 772 es:
434 719 559 770 nihil
585 716 760 787 (Joan.
788 732 824 781 I,
849 717 928 782 ὅ),
952 724 1256 783 oportuerat
1283 712 1494 782 quidem
1521 711 1717 780 ipsum,

160 811 434 878 siquidt-m
480 819 687 863 creatus
715 817 874 869 esset,
912 807 1088 861 dicere
1133 805 1364 859 :Omnia
1413 802 1715 872 perig‘sum

164 903 297 956 facta
328 910 484 963 sunt,
529 911 581 955 et
608 915 704 968 ego
744 915 834 968 per
862 914 978 952 eum
1023 897 1191 951 factus
1237 911 1371 957 sum,
1405 901 1459 948 et
1495 893 1609 947 sine
1657 904 1724 943 eo

168 991 364 1044 factum
388 990 650 1054 estnihil,
666 987 929 1058 quomodo
953 985 1279 1040 consuetudo
1295 993 1595 1039 sanctorum
1616 987 1722 1034 est.

167 1085 237 1138 Ita
267 1084 473 1137 Paulus
509 1098 637 1138 sane
661 1083 730 1137 de
764 1096 822 1136 se
851 1090 906 1135 et
945 1080 1012 1134 de
1045 1078 1290 1133 omnibus
1318 1075 1512 1130 sanctis
1540 1073 1726 1127 obser-

174 1175 487 1228 vantissime
513 1173 728 1228 scribit:
761 1171 917 1225 Nobis
944 1179 1108 1224 autem
1136 1184 1266 1221 unus
1288 1166 1423 1220 Deus
1454 1164 1627 1229 Pater,
1663 1177 1728 1216 es

171 1280 262 1331 quo
285 1264 489 1326 omnia,
516 1273 561 1316 et
580 1279 709 1316 unus
742 1261 986 1314 Dominus
1009 1258 1160 1313 Iesus
1185 1256 1432 1317 Christus,
1468 1269 1555 1322 per
1580 1265 1727 1319 quem

172 1353 365 1416 omnia,
390 1360 443 1405 es
465 1367 554 1404 nos
574 1367 662 1422 per
685 1351 849 1420 ipsum
875 1347 927 1414 (Ι
948 1348 1061 1403 Cor.
1095 1361 1206 1413 \‘Ill,
1236 1346 1313 1415 6).
1345 1344 1446 1399 Sed
1477 1341 1727 1411 quoniam

171 1458 272 1494 non
304 1451 395 1500 est
429 1441 803 1506 universitatis,
829 1439 921 1494 sed
949 1438 1220 1492 Trinitatis
1244 1435 1472 1504 Spiritus
1490 1440 1728 1494 sanctus,

174 1533 347 1585 omnia
383 1547 506 1600 qua:
537 1541 655 1596 post
685 1531 996 1585 Trinitatem
1025 1537 1168 1593 sunt,
1199 1542 1296 1594 per
1317 1525 1519 1601 Filium
1552 1532 1728 1579 creata

173 1636 293 1675 esse
320 1620 462 1675 dixit
509 1621 738 1689 Spiritus
772 1628 1008 1673 sanctus.
1046 1619 1217 1672 Testis
1257 1624 1432 1670 autem
1479 1624 1562 1670 est
1599 1612 1728 1668 mihi

1821 455 1940 490 num
1965 439 2132 504 dicite,
2179 446 2222 491 et
2258 440 2625 506 superexaltate
2659 455 2768 493 eum
2797 440 2849 492 in
2882 438 3068 491 secula
3097 434 3256 503 (Dan.
3291 452 3369 505 ιιι,

1822 527 2034 594 57-62).
2071 528 2136 579 Et
2166 528 2216 580 in
2254 529 2701 596 consequentibus
2732 528 3049 595 semetipsos
3072 527 3139 581 ad
3165 527 3265 581 hoc
3292 527 3372 582 in-

1821 616 2082 670 citantes:
2115 614 2404 670 Benedicite
2442 617 2661 680 Anania,
2701 616 2888 671 Asaria
2915 627 2959 672 et
2985 615 3171 670 Nisae!
3197 614 3373 669 Domi-

1823 721 1966 770 num,
2001 706 2204 759 laudate
2231 715 2276 759 et
2307 707 2678 775 superezaltate
2725 721 2838 759 eum
2876 707 2928 758 in
2959 708 3143 759 saecula
3183 703 3371 776 (Ibid.,

1824 794 1939 860 88).
1979 796 2043 849 Et
2081 810 2290 850 omnem
2316 802 2614 849 creaturam
2645 794 2957 849 benedicere
2983 796 3261 850 Dominum
3291 811 3373 848 se-

1823 896 1942 936 cum
1960 882 2320 947 adhortantes,
2351 897 2453 937 non
2481 883 2689 956 dicunt:
2717 881 2999 935 Benedicat
3021 883 3296 937 Dominum
3320 892 3374 938 et

1825 973 2050 1040 Spiritus
2091 981 2326 1028 sanctus.
2361 972 2466 1029 Sed
2495 983 2549 1026 et
2580 972 2724 1026 Isaiae
2753 971 3030 1039 Serapbim
3058 974 3282 1027 astantis
3322 983 3373 1028 et

1827 1064 2088 1118 laudantia
2113 1066 2222 1117 visa
2247 1072 2460 1127 sunt;et
2484 1063 2746 1128 Ezecbicli
2769 1061 3042 1117 cherubim
3061 1062 3244 1117 subtus
3263 1062 3376 1131 glo-

1827 1155 1958 1231 riam
1981 1155 2071 1210 Dei
2099 1154 2281 1209 Israel.
2308 1154 2440 1209 Cum
2473 1153 2877 1210 evidentissima
2905 1167 3030 1222 ergo
3053 1153 3218 1208 sancti
3245 1153 3376 1208 tide-

1829 1247 1947 1299 liter
1973 1261 2076 1299 non
2106 1255 2578 1302 connumerassent
2612 1246 2696 1301 bis
2721 1259 2840 1314 quae
2882 1261 2975 1314 per
3006 1246 3197 1300 Filium
3242 1245 3378 1300 facta

1829 1344 1971 1400 sunt,
2004 1335 2253 1402 Spiritum
2270 1344 2532 1392 sanctum.
2555 1336 2649 1391 sed
2679 1335 2872 1404 ubique
2883 1334 3170 1406 Scriptura:
3187 1334 3378 1390 divina

1829 1440 1948 1480 eum
1980 1424 2133 1480 Patre
2172 1436 2223 1480 et
2253 1426 2386 1480 Filio
2413 1441 2535 1481 eum
2561 1427 2814 1496 professa
2843 1425 2969 1488 sint.
3000 1430 3158 1496 quem
3183 1441 3285 1482 non
3309 1427 3376 1483 ti-

1832 1524 1977 1569 ment
2023 1515 2108 1570 isti
2154 1515 2296 1570 Patri
2323 1524 2377 1570 et
2418 1515 2553 1570 Filio
2587 1516 2921 1582 subtrahere,
2951 1526 3007 1570 et
3051 1517 3379 1572 universitati

1833 1606 2099 1659 audaciter
2112 1619 2513 1659 connumerare.
2544 1604 2648 1659 Sed
2678 1604 2871 1657 Paulus
2887 1605 2964 1657 ait
2990 1604 3237 1660 Ecclesiis
3262 1606 3377 1668 Dei.

177 1713 371 1766 Paulus
397 1687 735 1766 beatissimus
773 1713 823 1763 in
847 1708 1046 1779 Spiritu
1092 1721 1299 1771 sancto,
1328 1706 1440 1760 hoc
1456 1705 1597 1776 quod
1617 1720 1730 1759 om-
1765 1687 1810 1745 Β
1835 1695 2014 1754 Gratia
2061 1696 2194 1750 uobis
2243 1704 2291 1748 et
2332 1710 2435 1765 pars
2478 1711 2510 1747 α
2552 1693 2660 1748 Deo
2707 1694 2876 1756 Patre,
2923 1703 2972 1748 et
3005 1695 3221 1749 Domino
3259 1694 3381 1749 λεια

177 1802 257 1853 nia
285 1815 385 1866 per
412 1800 602 1854 Filium
620 1800 754 1867 tacta,
779 1799 906 1865 sint,
933 1799 1187 1868 prolitens
1215 1800 1268 1850 in
1291 1794 1520 1864 Epistula
1549 1809 1643 1848 sua
1665 1794 1730 1848 ad

177 1892 528 1946 Colossenses
562 1892 755 1959 scripta
793 1909 806 1944 :
855 1892 984 1955 Quia
1024 1893 1074 1945 in
1098 1892 1210 1957 ipso
1239 1888 1376 1942 Filio
1406 1899 1573 1941 creata
1615 1895 1730 1940 sunt

179 1981 349 2032 omnia
393 1995 507 2048 qua
540 1981 596 2032 in
622 1981 784 2045 caelis,
817 1989 862 2034 et
889 1996 1001 2050 qua:
1022 1981 1073 2033 in
1113 1981 1279 2045 terris,
1301 1980 1404 2033 sive
1442 1978 1657 2032 oisibilia
1683 1985 1732 2030 et

178 2069 476 2135 inuisibilia,
507 2072 610 2124 sius
633 2071 818 2135 throni,
847 2071 950 2124 sive
986 2071 1370 2136 dominationes,
1403 2071 1504 2122 sive
1548 2067 1734 2134 princi—

183 2169 348 2224 ρηιω.
385 2160 494 2214 σίνε
539 2168 841 2227 potestates;
887 2161 1058 2216 omnia
1099 2175 1185 2228 per
1226 2160 1410 2228 ipsum,
1443 2167 1487 2212 et
1532 2157 1585 2209 in
1621 2156 1733 2216 ipso

169 2236 343 2301 ’σακε
372 2258 515 2314 sunt,
543 2258 589 2301 et
629 2250 736 2317 ipse
781 2258 853 2303 est
871 2259 996 2309 ante
1018 2251 1184 2302 omnia
1213 2248 1348 2317 (Col.
1380 2263 1420 2312 ι,
1469 2247 1580 2314 16).
1615 2245 1730 2299 Non

185 2335 330 2394 dixit.
351 2333 470 2390 sive
485 2336 713 2404 Spiritus
737 2334 974 2390 san'lftus.
995 2335 1274 2390 Psalmista
1301 2348 1510 2404 quoque
1539 2335 1590 2387 in
1610 2349 1736 2388 cen-

186 2427 374 2482 tesimo
417 2436 475 2482 et
523 2413 926 2496 quadragesimo
968 2434 1157 2481 octavo
1186 2425 1406 2495 psalmo,
1450 2424 1503 2479 in
1537 2423 1735 2491 Spiritu

187 2515 370 2568 iterum
417 2525 605 2570 sancto
633 2517 897 2584 imperans
931 2517 1190 2578 universa:
1224 2523 1485 2570 creaturae
1521 2513 1736 2568 laudare

191 2605 351 2660 Deum
381 2617 438 2660 et
457 2604 677 2660 dicens:
709 2605 938 2659 Laudate
964 2603 1238 2658 Dominum
1258 2604 1320 2657 de
1346 2603 1504 2664 castis,
1529 2602 1736 2655 laudate

189 2708 293 2744 sum
316 2694 371 2747 in
392 2695 624 2748 excelsis.
667 2694 898 2748 Laudate
919 2709 1032 2748 eum
1061 2709 1230 2747 manes
1263 2692 1429 2765 angeli
1447 2696 1578 2764 ejus,
1622 2693 1735 2746 lau-

189 2785 296 2838 date
323 2800 442 2838 eum
466 2802 642 2840 omnes
669 2787 873 2839 uirtutes
893 2788 1022 2856 ejus.
1052 2783 1400 2838 La‘udateeum
1423 2784 1564 2837 solet
1588 2783 1730 2847 luna,

193 2872 394 2927 laudate
416 2890 530 2928 eum
567 2887 736 2929 omnes
755 2875 914 2929 stella
941 2883 988 2929 et
1013 2874 1198 2927 lumen.
1235 2873 1461 2928 Laudate
1487 2889 1600 2926 eum
1623 2873 1734 2926 cali

193 2962 443 3026 sclorum,
469 2972 520 3017 et
545 2978 813 3034 aqqu
835 2980 986 3031 super
1003 2963 1152 3017 ctelos
1175 2973 1289 3017 sunt
1321 2963 1529 3016 laudent
1555 2977 1730 3015 nomen

200 3051 394 3106 Domini
425 3053 831 3124 (Psal.cst.vm,
869 3056 942 3122 l),
993 3065 1122 3119 etc.,
1152 3053 1416 3121 indignum
1456 3040 1606 3107 duxit
1653 3053 1734 3108 his

195 3156 569 3199 counnuserare
627 3144 880 3214 Spiritum
925 3153 1182 3209 sanctum,
1239 3151 1295 3196 et
1342 3142 1564 3198 dicere:
1600 3143 1732 3196 Lau-

195 3233 274 3288 des
309 3250 431 3290 eum
473 3236 701 3305 Spiritus
742 3245 958 3290 sanctus
997 3252 1010 3286 :
1042 3235 1200 3304 299
1226 3234 1347 3302 quia
1379 3234 1731 3301 laudatorum,

198 3337 244 3380 et
306 3343 409 3380 non
491 3327 815 3381 laudantium
886 3335 969 3381 est
1038 3327 1509 3397 (quemadmodum
1577 3327 1732 3395 paulo

198 3426 303 3483 post
351 3416 403 3469 in
432 3415 721 3485 Scripturis
779 3416 1193 3485 probabimus),
1235 3424 1299 3470 et
1333 3415 1732 3481 viviﬁcantium,

201 3518 240 3556 οῖ
276 3520 374 3558 non
417 3505 762 3559 vivificandus
793 3512 894 3570 est,
943 3504 1045 3558 vita
1085 3515 1202 3558 cum
1232 3505 1344 3567 sit:
1377 3505 1510 3558 sicut
1546 3505 1739 3559 Paulus

201 3594 246 3646 in
285 3597 518 3650 secunda
567 3596 633 3650 ad
677 3596 980 3650 Corinthios
1029 3587 1262 3664 Epistula
1299 3596 1414 3649 ait:
1465 3593 1570 3650 Sed
1603 3598 1737 3665 sufﬁ-

203 3685 366 3738 cientia
393 3697 567 3739 nostra
606 3701 668 3739 ex
699 3685 804 3740 Deo
848 3694 942 3750 est,
970 3686 1057 3755 qui
1083 3693 1132 3738 et
1162 3685 1378 3739 idoneos-
1394 3701 1483 3738 nos
1505 3685 1624 3750 fecit
1647 3687 1740 3737 mi-

202 3773 370 3827 nistros
399 3775 535 3828 Noui
565 3774 891 3837 Testamenti,
915 3771 1021 3827 non
1051 3774 1236 3834 littera,
1257 3773 1346 3826 sed
1376 3773 1571 3841 Spiritu
1599 3788 1618 3826 :
1656 3774 1743 3825 lit-

207 3871 298 3915 tera
326 3867 455 3919 enim
497 3866 700 3928 occidit,
726 3865 948 3935 Spiritus
975 3873 1140 3917 autent
1169 3864 1381 3929 uiviﬁcal
1404 3860 1492 3931 (II
1518 3861 1633 3916 Cor.
1664 3877 1739 3927 Ill,

207 3950 270 4018 5).
292 3954 368 4008 Ad
399 3955 673 4020 Romanos
716 3953 1086 4022 verozCorpus
1131 3953 1329 4019 quidem
1373 3961 1628 4004 mortuum
1666 3961 1739 4004 est

207 4053 389 4110 propter
407 4053 684 4113 peccatum.
716 4043 942 4111 Spiritus
961 4053 1126 4116 autem
1147 4044 1245 4093 vita
1268 4051 1468 4108 propter
1487 4039 1742 4110 justitiam

207 4132 367 4198 (llam.
395 4150 513 4197 νιιι,
560 4133 669 4203 ill).
702 4133 766 4186 Et
797 4134 986 4187 iterum
1020 4149 1037 4183 :
1072 4130 1132 4185 Si
1160 4142 1326 4184 autem
1364 4130 1589 4197 Spiritus
1633 4133 1744 4200 ejus

207 4222 281 4286 qui
298 4224 546 4277 suscitavit
575 4224 750 4276 Iesum
777 4222 1034 4276 Christum
1061 4236 1093 4271 a
1123 4222 1329 4273 mortuis
1360 4220 1548 4272 habitat
1575 4219 1628 4271 in
1653 4235 1739 4272 vo-

211 4308 289 4370 bis,
320 4313 402 4377 qui
426 4312 687 4364 suscitauit
708 4309 883 4364 Iesum
908 4309 1160 4362 Christum
1189 4325 1220 4361 α
1249 4311 1480 4374 mortuis,
1514 4309 1743 4375 uiuiﬁca-

209 4400 266 4450 ιιι
299 4412 344 4456 ιι
369 4403 606 4456 mortalia
632 4417 846 4469 corpora
868 4412 1047 4461 vestra,
1076 4416 1164 4468 per
1189 4399 1546 4451 inhabitantent
1576 4398 1741 4467 Spiri-

211 4497 302 4542 tum
324 4509 468 4544 suum
512 4493 564 4544 in
611 4494 743 4544 vobis
791 4489 954 4555 (Ibid.
995 4489 1102 4556 Η).
1159 4490 1289 4543 Tres
1332 4503 1539 4556 quoque
1575 4489 1742 4542 sancti

113 4573 118 4580 ’
211 4593 475 4649 martyres,
496 4582 744 4644 Ananias,
772 4582 985 4634 Azarias
1015 4590 1069 4634 et
1088 4577 1285 4644 Misael,
1306 4581 1356 4630 in
1382 4579 1592 4632 fornace
1611 4579 1743 4646 ignis

215 4673 371 4739 positi,
404 4677 453 4726 in
485 4685 622 4725 terra
651 4671 1038 4735 Chaldaeorum,
1062 4684 1179 4723 cum
1204 4669 1583 4723 admirabiliter
1604 4668 1743 4721 Deus

211 4761 420 4814 calorem
457 4761 594 4829 ignis
620 4759 684 4812 ad
710 4769 1056 4824 temperatum
1085 4758 1415 4826 refrigerium
1448 4755 1738 4811 convertis-

214 4854 299 4910 set,
325 4849 621 4904 universam
650 4833 946 4902 creaturam
962 4834 1302 4901 adhortantes
1323 4860 1502 4901 secum
1528 4846 1744 4901 laudare

216 4934 379 5001 Deum,
403 4941 481 4992 sic
516 4939 770 5006 incipiunt
795 4956 808 4990 :
841 4937 1124 4991 Benedicite
1146 4939 1315 4990 omnia
1343 4953 1498 5004 opera
1532 4937 1739 4988 Domini

217 5021 482 5090 Dominum,
506 5030 708 5081 laudate
727 5037 771 5080 et
791 5028 1157 5097 superexaltote
1187 5043 1296 5080 eum
1326 5027 1376 5078 in
1402 5028 1608 5079 stecula.
1639 5024 1740 5078 Be-

216 5119 403 5173 nedicite
421 5123 533 5174 εαιὶ
557 5120 846 5183 Dominum,
876 5119 1115 5188 hymnum
1142 5120 1288 5170 dicite
1304 5127 1348 5170 et
1375 5119 1742 5184 superexaltate

217 5219 312 5258 tum
337 5211 383 5262 in
409 5212 614 5264 saecula.
647 5209 928 5262 Benedicite
963 5209 1127 5278 angeli
1164 5206 1455 5271 Dominum,
1504 5210 1739 5274 hymnum

216 5296 362 5363 dicite,
383 5312 424 5352 et
446 5301 818 5369 superexallate
833 5315 945 5351 eum
970 5299 1022 5350 in
1050 5297 1252 5350 satcula.
1282 5296 1568 5348 Benedicite
1593 5309 1740 5359 aqua:

216 5399 308 5448 qua
343 5405 482 5454 super
515 5391 664 5442 caelos
706 5399 821 5443 sunt
871 5389 1170 5449 Dominum;
1213 5387 1452 5454 hymnum
1493 5387 1663 5448 dicite,
1695 5395 1739 5436 et

218 5483 553 5541 tuperexultate
575 5497 686 5533 eum
713 5481 764 5531 in
794 5481 997 5534 alecula.
1025 5479 1310 5531 Benedicile
1333 5494 1500 5530 omnes
1533 5477 1738 5527 virtutes

220 5559 391 5620 Domini
438 5569 729 5634 Dominum,
775 5570 1012 5637 hymnum
1060 5570 1228 5632 dicite,
1267 5576 1310 5620 et
1365 5567 1734 5634 superexaltate

1832 1785 2030 1840 Christo
2053 1785 2227 1855 (Rom.
2255 1800 2293 1848 ι,
2312 1785 2362 1849 'l,
2393 1793 2441 1838 et
2465 1784 2517 1836 in
2545 1784 2660 1837 aliis
2688 1783 2933 1851 Epistolis
2957 1782 3017 1838 S.
3046 1781 3243 1853 Pauli),
3278 1799 3388 1838 non

1832 1876 1954 1932 d;cit
1978 1887 2152 1939 autem
2177 1885 2233 1931 et
2254 1877 2416 1946 300
2445 1874 2645 1942 Spiritu
2674 1883 2876 1928 sancto.
2911 1874 2969 1928 Et
2999 1875 3064 1928 ad
3094 1875 3379 1931 Thessalo-

1833 1967 2071 2020 nicenses
2099 1966 2335 2020 scribens
2362 1965 2512 2031 dicit,
2543 1964 2570 2016 1
2577 1980 2662 2029 pse
2677 1973 2842 2015 autem
2868 1963 3000 2017 Deus
3027 1964 3262 2033 Patur,et
3280 1962 3384 2018 Do-

1831 2059 1998 2110 minus
2026 2065 2193 2110 noster
2219 2055 2366 2109 Iesus
2411 2054 2638 2108 Christus
2678 2054 2865 2123 dirigat
2896 2055 3028 2107 viam
3056 2068 3275 2109 nostram
3317 2056 3382 2108 ad

1831 2164 1916 2225 eos
1945 2146 1994 2217 (ι
2021 2147 2191 2202 Thess.
2222 2163 2296 2212 ιιι,
2324 2147 2410 2217 Η)
2437 2163 2451 2212 ;
2486 2162 2591 2203 non
2620 2149 2823 2216 dicens,
2862 2168 2880 2201 ι
2913 2160 2964 2206 et
2991 2151 3221 2219 Spiritus
3262 2166 3384 2204 san-

1832 2247 1969 2304 ctus,
1999 2257 2016 2289 s
2031 2237 2330 2292 manifestat
2352 2253 2455 2290 non
2467 2253 2586 2292 eum
2607 2253 2724 2292 cum
2745 2239 2898 2294 Patre
2913 2249 2965 2294 et
2981 2240 3135 2303 Filio,
3158 2241 3248 2295 sed
3263 2255 3384 2295 cum

1835 2331 2175 2385 universitate
2203 2332 2551 2399 pronuntiari.
2578 2331 2704 2385 Nam
2725 2342 2779 2386 et
2809 2332 3034 2387 famulus
3061 2335 3152 2388 Dei
3178 2334 3386 2402 Moyses

1834 2419 1960 2474 dicit
1989 2418 2236 2472 Dominus
2261 2420 2433 2489 pluita
2461 2419 2675 2492 Domino
2694 2421 2757 2474 de
2778 2421 2902 2474 caelo
2921 2421 3133 2489 sulphur
3157 2429 3204 2474 et
3224 2425 3388 2492 ignem

1834 2509 1990 2578 (Gen.
2020 2525 2127 2572 xu,
2158 2508 2270 2577 24),
2328 2524 2430 2562 non
2459 2519 2715 2562 memorat
2749 2509 2999 2577 Spiritum
3030 2517 3292 2564 sanctum.
3343 2510 3386 2564 Α

1833 2613 1937 2667 quo
1972 2607 2025 2652 et
2051 2598 2240 2652 Paulus
2275 2612 2392 2651 cum
2440 2598 2729 2660 didicisset,
2775 2607 2828 2652 et
2852 2598 2918 2652 de
2937 2599 3282 2667 Onesiphoro
3323 2600 3394 2654 ad

1832 2687 2165 2743 Timotheum
2192 2688 2391 2746 scribit.
2420 2686 2515 2741 Del
2540 2689 2586 2740 ei
2603 2687 2850 2742 Dominus
2869 2690 3088 2742 invenire
3110 2690 3390 2744 misericor—

1833 2780 1971 2834 diam
2001 2795 2034 2832 a
2077 2777 2290 2832 Domino
2319 2779 2372 2831 in
2398 2779 2478 2832 die
2507 2778 2602 2832 illa
2647 2777 2733 2843 (II
2768 2779 2899 2832 Tim.
2942 2794 2978 2843 I,
3010 2781 3120 2850 18).
3148 2780 3256 2835 Nec
3284 2797 3388 2836 non

1833 2878 1885 2923 et
1919 2869 1972 2922 in
2013 2869 2196 2922 Exodo
2221 2869 2473 2936 scriptum
2501 2877 2612 2922 est:
2644 2868 2784 2922 Dixit
2811 2868 2987 2922 autem
3031 2869 3285 2925 Dominus
3321 2871 3387 2924 ad

1839 2965 2107 3035 Moysem:
2159 2964 2499 3033 Quoadusque
2540 2951 2639 3017 non
2681 2964 2831 3018 uultis
2876 2965 3119 3019 obaudire
3146 2968 3389 3020 mandata

1842 3073 1973 3118 utea,
2001 3067 2046 3108 et
2074 3055 2296 3124 legitima
2323 3065 2434 3107 mea
2463 3053 2820 3109 considerare?
2839 3054 2960 3108 Non
2986 3054 3229 3109 Dominus
3252 3055 3388 3110 Deus

1834 3148 1968 3202 dedit
1983 3133 2120 3200 uobis
2143 3147 2293 3200 istum
2310 3146 2442 3198 diem
2464 3144 2694 3197 sabbati?
2716 3143 2993 3214 Propterea
3014 3147 3122 3212 ipse
3141 3146 3278 3199 dedit
3304 3162 3389 3201 vo-

1833 3239 1906 3290 bis
1933 3252 2087 3307 panes
2114 3237 2273 3289 duum
2305 3237 2502 3289 dierum
2529 3233 2721 3304 (Exod.
2750 3250 2860 3298 xu,
2899 3233 3014 3302 28).
3047 3235 3113 3287 Et
3153 3236 3236 3289 hic
3264 3250 3384 3290 cum

1835 3328 2005 3380 Patris
2041 3334 2096 3380 et
2121 3325 2234 3378 Filii
2266 3325 2474 3378 fecisset
2500 3323 2819 3377 mentionem
2844 3364 2859 3387 ,
2891 3324 2957 3376 de
2979 3323 3180 3391 Spiritu
3209 3335 3394 3380 sancto

1839 3417 2018 3468 tacuit.
2044 3414 2280 3482 Denique
2309 3424 2360 3467 et
2389 3411 2673 3466 Zacharias
2701 3411 2957 3480 prOpheta
2981 3412 3106 3466 dicit
3133 3431 3145 3464 :
3181 3411 3245 3466 Et
3265 3414 3394 3468 dixit

1843 3504 2082 3557 Dominus
2103 3504 2168 3556 ad
2202 3503 2463 3556 diabolum
2486 3517 2505 3555 :
2550 3499 2780 3568 Increpet
2815 3502 2869 3554 in
2908 3512 2953 3554 te
2980 3500 3246 3566 Dominus,
3273 3505 3390 3556 dia-

1841 3595 1951 3648 bole
1977 3591 2155 3663 (Zach.
2179 3607 2254 3654 tu,
2285 3592 2364 3660 2).
2398 3591 2494 3646 Ubi
2521 3600 2604 3646 est
2625 3606 2764 3645 nunc
2792 3601 2846 3645 et
2875 3592 3014 3658 apud
3045 3593 3198 3645 istum
3228 3584 3394 3661 Spiri-

1841 3697 1924 3740 tus
1943 3685 2372 3751 sanctus?Quem
2404 3693 2579 3739 autem
2611 3699 2713 3738 non
2741 3686 2972 3739 movebit
3001 3687 3280 3740 lnstructio
3305 3701 3392 3741 sa-

1841 3775 2313 3842 cramenti‘lprout
2354 3774 2605 3827 Dominus
2633 3773 2944 3841 profitetur:
2984 3774 3108 3827 Hac
3133 3787 3204 3828 est
3225 3786 3391 3829 autem

1842 3866 1942 3918 pira
1975 3874 2183 3929 interna,
2233 3874 2288 3918 ut
2324 3873 2627 3935 cognoscant
2649 3873 2696 3915 te
2725 3865 2887 3916 solum
2920 3879 3090 3918 verum
3122 3863 3301 3930 Deum,
3345 3877 3390 3919 et

1841 3971 1984 4022 quem
2017 3955 2194 4007 misisti
2215 3953 2389 4006 Iesum
2419 3952 2672 4005 Christum
2695 3953 2874 4019 (loan.
2910 3969 3039 4018 sm,
3074 3957 3150 4022 5),
3174 3971 3294 4008 cum
3326 3957 3394 4009 de

1841 4043 2037 4109 Spiritu
2084 4044 2214 4096 nihtl
2249 4043 2488 4097 dixisset.
2543 4041 2716 4108 Eque
2759 4041 2951 4094 Paulus
3002 4057 3122 4097 eum
3171 4043 3390 4097 didicis-

1791 4190 1797 4195 _
1844 4141 1925 4185 set
1955 4130 2070 4184 fidei
2118 4140 2529 4194 sacramentum,
2565 4129 2778 4182 tradidit
2805 4120 3146 4185 scribens‘ita
3184 4147 3198 4184 :
3233 4131 3406 4186 Nobis'
3441 4195 3447 4201 .

1844 4235 1957 4271 vero
1982 4234 2110 4271 unus
2142 4218 2277 4270 Deus
2301 4216 2472 4275 Pater.
2502 4232 2562 4269 ex
2588 4232 2687 4284 quo
2719 4220 2910 4280 omnia,
2941 4228 2987 4271 et
3009 4235 3101 4272 nos
3122 4221 3174 4272 in
3198 4222 3288 4274 illo
3312 4238 3328 4273 :
3351 4232 3395 4273 et

1847 4321 1975 4360 unus
2008 4306 2248 4358 Dominus
2272 4303 2417 4359 Iesus
2446 4305 2698 4368 Christus,
2728 4321 2816 4372 per
2844 4322 2990 4375 quem
3015 4310 3205 4374 omnia,
3237 4321 3282 4361 et
3305 4326 3396 4362 nos

1847 4410 1934 4462 per
1956 4395 2122 4462 ipsum
2151 4393 2203 4461 (I
2229 4394 2347 4447 Cor.
2390 4409 2504 4458 vm,
2530 4393 2607 4463 6)..
2641 4393 2779 4462 Ergo
2802 4395 2994 4460 ubique
3020 4397 3208 4449 divinae
3253 4399 3392 4451 Scri-

1846 4493 2012 4553 pturte
2058 4494 2412 4538 memorantes
2455 4484 2661 4538 Patrem
2692 4491 2746 4536 et
2775 4483 2991 4548 Filium,
3028 4500 3130 4538 non
3163 4500 3393 4543 comme-

1846 4583 2050 4627 morant
2079 4574 2234 4626 etiam
2263 4574 2519 4640 Spiritum
2564 4580 2828 4625 sanctum.
2868 4573 2947 4636 Qu
2974 4573 3070 4627 bus
3101 4576 3200 4627 hoc
3238 4577 3394 4630 modo

1850 4663 2264 4730 respondemus:
2298 4663 2351 4715 Si
2379 4677 2506 4730 ergo
2530 4662 2756 4730 Moysem
2784 4663 3059 4716 audieritis
3087 4665 3352 4719 dicentem
3380 4686 3390 4718 :

1849 4754 2121 4808 Dominum
2173 4753 2331 4806 Deum
2387 4765 2523 4806 tuum
2579 4753 2831 4817 adorabis,
2889 4765 2933 4808 et
2975 4757 3052 4808 illi
3082 4758 3173 4809 soli
3217 4761 3395 4813 seruies

1846 4844 2022 4913 (Deut.
2055 4859 2125 4907 νι,
2157 4840 2264 4909 t3).
2299 4846 2401 4895 Aut
2427 4843 2468 4894 si
2495 4843 2763 4895 audieritis
2793 4843 2954 4897 Deum
2987 4847 3038 4898 in
3071 4846 3195 4900 Isaia
3219 4850 3395 4902 dicen-

1846 4945 1984 4989 tem:
2015 4935 2144 4989 Ante
2171 4951 2248 4987 me
2276 4951 2374 4987 non
2401 4935 2494 5002 fuit
2519 4934 2648 4986 alius
2673 4933 2828 4998 Deus,
2856 4945 2902 4986 et
2931 4947 3043 5003 post
3070 4954 3146 4991 me
3177 4956 3278 4990 non
3303 4941 3394 4991 erit

1794 5057 1796 5060 τ
1846 5024 1993 5094 (lsai.
2022 5040 2166 5089 xuu,
2199 5023 2304 5091 10),
2334 5024 2419 5075 ubi
2453 5024 2642 5089 ponitis
2674 5023 2900 5077 Filium?
2931 5029 3030 5078 Ant
3051 5028 3092 5079 si
3123 5027 3392 5080 audieritis

1843 5129 1961 5166 eum
2007 5115 2192 5165 iterum
2223 5113 2271 5164 in
2301 5112 2426 5163 Isaia
2458 5111 2718 5165 dicentem
2750 5130 2760 5165 :
2809 5113 2916 5179 Ego
2944 5113 3094 5177 Deus,
3120 5125 3165 5167 et
3193 5133 3289 5168 non
3321 5127 3391 5168 est

1842 5214 2021 5276 prieter
2061 5221 2135 5256 me
2161 5205 2360 5257 saloans
2393 5203 2544 5271 (Isai.
2575 5219 2717 5268 sun,
2753 5206 2861 5273 Η).
2888 5185 3024 5273 Ergo
3049 5222 3217 5273 neque
3250 5207 3389 5259 Deus

1843 5297 2091 5358 salvator,
2115 5293 2223 5359 jam
2253 5303 2502 5360 quantum
2532 5307 2622 5357 per
2648 5306 2739 5345 vos
2763 5301 2863 5356 est,
2895 5291 3052 5345 Filius
3081 5293 3167 5346 Dei
3192 5295 3241 5347 in
3265 5308 3388 5345 con-

1843 5385 2071 5438 fessione
2114 5382 2329 5435 dicitur.
2373 5383 2476 5434 Aut
2524 5381 2567 5434 si
2599 5382 2876 5436 audieritis
2914 5384 3100 5438 iterum
3143 5383 3387 5436 eumdetn

1840 5475 2098 5528 dieetnem
2122 5490 2132 5521 :
2161 5470 2327 5524 Testes
2358 5472 2476 5524 estis
2500 5487 2604 5534 vos,
2626 5472 2667 5523 si
2689 5481 2757 5524 est
2783 5471 2914 5523 Deus
2937 5482 3111 5538 printer
3134 5488 3211 5525 me
3234 5471 3385 5541 (Isai.

1843 5579 1984 5627 κων,
2001 5562 2074 5630 8);
2098 5577 2199 5616 non
2218 5562 2496 5630 perlubens
2519 5563 2676 5616 Deum
2701 5576 2816 5617 esse
2843 5560 3050 5615 Filium.
3081 5563 3141 5617 Et
3161 5567 3347 5618 itt-rutu
3371 5581 3385 5618 :
