3856 6222
539 220 633 274 311

1847 217 2072 272 VIGILII
2114 217 2481 277 TAPS‘ENSIS

3661 239 3754 296 3i?

539 330 650 400 Ego
668 330 802 385 Deus
831 331 1043 403 primus,
1076 344 1121 386 et
1144 349 1231 403 ego
1260 341 1451 402 pos'ea,
1476 342 1517 384 et
1550 339 1727 398 prater
1749 347 1824 384 me
1848 329 1979 383 Deus
1998 346 2096 382 non
2129 333 2173 387 Α
2205 330 2338 384 vobis
2377 344 2423 388 et
2470 351 2568 400 pax
2599 352 2629 388 a
2676 335 2780 392 Deo
2813 339 2990 410 Patre,
3031 353 3078 398 et
3129 343 3346 398 Dentino
3393 346 3517 401 Jesu
3565 349 3753 407 Christe

536 430 606 473 est
631 419 778 488 (lsai.
805 436 944 484 thv,
965 422 1042 488 6).
1063 423 1124 474 Et
1149 423 1334 474 iterum
1370 440 1379 474 :
1417 420 1491 474 Tu
1520 431 1687 475 autem
1712 439 1810 474 non
1843 423 1973 486 nosti
1999 439 2095 487 me,

533 512 655 575 quia
682 526 773 582 ego
804 511 1046 565 Dominus
1079 512 1234 576 Deus,
1283 523 1329 565 et
1376 529 1473 567 non
1500 523 1573 567 est
1600 514 1736 566 alius
1773 523 1952 579 prtetcr
2001 531 2096 567 me.

2149 438 2152 440 ·
2205 421 2377 489 (Rom.
2406 438 2440 484 I,
2471 424 2525 492 7)
2560 443 2570 476 :
2603 436 2657 480 et
2701 431 2896 485 nullam
2929 434 3251 488 mentionem
3278 446 3402 489 eum
3434 437 3610 493 iecisse
3635 443 3749 508 Spi-

2202 511 2336 565 ritus
2365 516 2555 580 putatis
2586 534 2598 566 :
2639 518 2716 570 sic
2752 521 2938 573 iterum
2980 524 3157 578 audite
3187 540 3305 578 eum
3347 526 3413 580 ad
3455 529 3640 584 Coriut.’
3664 534 3741 586 ias

543 597 653 668 Ego
690 597 954 663 Dominus,
996 609 1042 652 et
1091 617 1190 654 non
1225 612 1297 656 est
1534 604 1752 668 amplius
1792 611 1974 671 prwler
2022 620 2100 658 me
2202 603 2524 658 scribentem
2552 607 2601 658 in
2631 609 2863 662 secunda
2897 612 3169 678 Epistula:
3196 614 3374 668 Gratia
3408 615 3600 670 Domini
3625 621 3744 676 Im

543 689 697 754 Deus,
727 698 775 742 et
820 705 921 742 non
965 707 1171 745 noveras
1224 709 1301 746 me
1340 709 1359 747 :

1413 704 1464 745 ιη
1495 695 1655 747 sciam
1691 695 1778 762 qui
1817 694 1880 746 ab
1911 694 2098 747 οτῖεηιε
2200 691 2407 755 Christi,
2434 703 2477 746 et
2516 696 2700 749 caritas
2733 695 2846 760 Dei,
2891 711 2936 752 et
2964 705 3350 759 communicatio
3382 707 3596 776 Spiritus
3625 727 3739 761 san-

537 781 660 845 soie,
689 787 738 833 et
770 781 858 847 qui
876 781 939 832 ab
964 782 1240 847 occidente,
1273 785 1393 850 quia
1422 801 1522 837 non
1551 794 1622 837 est
1667 785 1883 853 amplius
1913 793 2097 853 praeter
2197 783 2263 833 cti
2288 797 2396 834 cum
2425 784 2650 837 omnibus
2677 787 2811 841 vobis
2847 787 2928 854 (Il
2969 789 3087 845 Cor.
3117 809 3228 860 xm,
3262 795 3372 864 13).
3415 797 3477 853 Et
3505 799 3740 864 quemad-

536 884 633 922 sne.
671 868 778 940 Ego
794 868 1040 924 Dominus
1072 870 1226 938 Deus,
1247 884 1293 926 et
1315 891 1413 926 non
1440 885 1513 927 est
1532 875 1747 943 amplius
1778 873 1932 943 (lsai.
1967 890 2090 941 va,

2198 873 2407 925 modum
2437 873 2520 928 hic
2545 874 2680 928 dixit
2708 878 2893 931 caritas
2927 879 3041 946 Dei,
3065 881 3142 935 sic
3162 884 3322 938 etiam
3351 885 3414 938 :td
3446 885 3698 940 Romanos
3725 906 3734 938 :

534 955 615 1024 4).
657 957 806 1022 Quod
835 959 880 1013 si
925 960 1281 1016 audieritis‘in
1311 962 1427 1016 Jovl
1473 963 1734 1017 dicentem
1772 963 1936 1018 Deum
1965 982 1978 1016 :
2029 964 2094 1018 Et
2199 962 2411 1018 Obsecro
2440 975 2604 1019 autem
2628 983 2711 1020 vos
2733 973 2915 1037 fratres
2941 988 3032 1040 per
3057 972 3324 1028 Dominum
3340 989 3560 1031 nostrum
3573 977 3736 1032 Iesum

535 1049 863 1116 cognoscetis,
894 1050 1012 1117 quia
1032 1066 1121 1120 ego
1147 1052 1200 1104 in
1226 1053 1386 1104 medio
1418 1050 1586 1106 Israel
1608 1070 1738 1106 sunt.
1773 1053 1881 1124 Ego
1915 1053 2090 1108 Domi-

534 1150 630 1188 nus
664 1135 804 1190 Deus
835 1148 1017 1203 vester,
1065 1147 1111 1192 et
1145 1156 1246 1192 non
1276 1150 1347 1194 est
1366 1141 1500 1193 alius
1537 1152 1721 1211 praeter
1741 1159 1821 1196 me
1851 1144 2005 1213 (Joel.
2035 1161 2088 1210 ιι,

533 1223 657 1297 2ης
688 1235 742 1281 et
761 1228 892 1282 alias
930 1227 1238 1296 huiusmodi
1284 1231 1697 1288 innumerabiles
1725 1234 2086 1302 professiones

535 1315 831 1370 divinarum
875 1316 1266 1386 Scripturarum
1317 1335 1434 1373 cum
1478 1322 1690 1385 auditis,
1745 1336 1843 1378 nec
1894 1324 2086 1379 Filium

533 1406 711 1474 utique
748 1404 1002 1460 dubitatis
1048 1407 1156 1461 Deo
1199 1411 1568 1464 connumerari
1594 1452 1606 1465 .
1640 1412 1705 1466 Et
1748 1414 1936 1478 quibus
1965 1426 2087 1470 ante

528 1493 866 1548 consensistis
887 1493 1169 1562 Scripturis
1189 1496 1384 1552 dixisse
1403 1497 1470 1551 de
1488 1498 1643 1554 Patre
1663 1509 1714 1555 et
1732 1497 2084 1569 Filio,iisdem

531 1594 672 1635 nunc
699 1584 965 1637 contraria
1009 1582 1108 1638 ista
1144 1599 1260 1640 esse
1305 1587 1494 1642 dicetis
1534 1589 1557 1642 ἲ
1588 1591 1692 1644 Aut
1722 1590 1940 1646 forsitan
1973 1593 2085 1649 hac

2195 1050 2467 1118 Christum,
2493 1063 2541 1106 et
2573 1071 2660 1121 per
2688 1058 2950 1111 caritatem
2994 1059 3216 1129 Spiritus
3256 1069 3608 1119 concertamini
3638 1085 3734 1120 me-

2193 1157 2305 1195 cum
2329 1149 2383 1196 in
2419 1145 2732 1199 orationibus
2774 1149 2895 1201 meis
2917 1166 3010 1216 pro
3037 1167 3115 1204 me
3143 1153 3210 1205 ad
3238 1152 3402 1206 Deum
3447 1156 3609 1224 (Rom.
3645 1175 3730 1219 xv,

2191 1233 2301 1304 50).
2345 1234 2409 1290 Et
2457 1250 2576 1290 cum
2623 1237 2815 1291 Paulus
2859 1243 3175 1297 asseruisset
3217 1248 3728 1302 communicationem

2189 1323 2416 1392 Spiritus
2442 1327 2732 1396 vobiscum,
2777 1328 3009 1386 Joannes
3053 1333 3158 1389 ait:
3190 1333 3584 1390 Communicatio
3616 1356 3724 1392 vero

2190 1431 2364 1471 nostra
2394 1426 2447 1470 ut
2493 1419 2558 1470 sit
2603 1434 2717 1472 cum
2750 1418 2923 1485 Patre,
2960 1433 3007 1476 et
3045 1419 3186 1475 Filio
3225 1424 3336 1493 ejus
3372 1423 3498 1476 Jesu
3545 1424 3729 1479 Christe

2187 1504 2362 1572 (Joan.
2394 1522 2432 1570 ι,
2475 1508 2552 1576 5).
2597 1507 2790 1565 Paulus
2818 1519 2994 1564 autem
3045 1513 3316 1580 apostolus
3345 1511 3470 1566 dicit
3507 1531 3518 1565 ε
3547 1513 3726 1570 Fidelis

2186 1606 2356 1649 autem
2390 1596 2544 1661 Deus,
2583 1615 2670 1668 per
2695 1615 2836 1667 quem
2860 1602 3023 1654 vocati
3050 1617 3217 1654 sumus
3245 1602 3296 1654 in
3327 1605 3722 1656 communicatio-

527 1686 633 1726 non
668 1682 791 1727 sunt
813 1663 1210 1742 Scripturarum
1241 1677 1434 1732 verba?
1461 1679 1702 1750 Nunquid
1731 1681 2082 1741 adversantur
2117 1667 2156 1726 Β
2185 1703 2297 1740 nem
2329 1682 2454 1740 Filii
2477 1689 2554 1740 sui
2575 1663 2911 1744 Iesu—Christi
2941 1689 3143 1744 Domini
3171 1692 3329 1746 nostri
3360 1691 3413 1762 (1
3441 1692 3557 1748 Cor.
3585 1710 3614 1757 ι,
3645 1696 3719 1760 9).

524 1759 630 1814 sibi
676 1760 965 1816 secundum
998 1763 1111 1820 haec
1143 1764 1336 1821 divinae
1372 1768 1694 1836 Scriptum?
1722 1773 1892 1828 Absit.
1934 1773 2081 1830 Licet

524 1850 666 1904 enim
714 1849 1051 1920 singulariter
1101 1855 1269 1907 sancti
1329 1856 1612 1925 loquantur
1658 1859 1817 1913 unius
1850 1863 2080 1917 nominis

522 1939 812 2002 mentione,
844 1938 898 1993 id
924 1950 1005 1994 est
1027 1941 1218 2008 Patris,
1242 1946 1322 1998 vel
1353 1943 1491 2010 Filii,
1521 1947 1601 2000 vel
1625 1947 1855 2014 Spiritus
1874 1952 2075 2016 sancti;

519 2025 572 2079 in
603 2039 705 2082 uno
735 2035 907 2082 tamen
935 2031 1149 2085 nomine
1181 2031 1489 2088 Trinitatem
1521 2051 1579 2090 se
1599 2025 1947 2106 pronuntiare
1973 2055 2070 2094 co-

518 2126 777 2184 gnoscunt
811 2137 822 2171 :
859 2119 997 2190 quod
1033 2122 1317 2177 novissime
1347 2125 1697 2192 probavimus.
1730 2124 1801 2188 Ut
1824 2130 1964 2184 enim
1996 2131 2075 2185 lue

455 2284 462 2290 ι
516 2205 879 2272 professiones
908 2208 1093 2264 Filium
1117 2226 1220 2265 non
1248 2213 1531 2268 excludunt
1559 2215 1628 2270 ab
1649 2219 1850 2274 unitate
1874 2219 2073 2287 Patris,
2112 2287 2118 2294 .

516 2294 627 2348 imo
671 2305 726 2350 et
766 2296 1020 2366 Spiritum
1065 2311 1305 2355 sanctum
1352 2314 1788 2360 connumeratum
1834 2307 1975 2362 Patri
2021 2318 2077 2364 et

518 2381 650 2439 Filio
687 2385 977 2454 continent,
1003 2390 1447 2476 quemadmodum
1480 2396 1531 2447 in
1558 2397 1756 2450 sanctis
1786 2397 2075 2468 Scripturis

402 2495 407 2502 ·
515 2481 949 2545 monstravimus,
978 2481 1056 2536 sic
1085 2499 1180 2537 nec
1211 2501 1329 2540 cum
1359 2488 1568 2544 Patrem
1595 2499 1649 2545 et
1677 2491 1870 2545 Filium
1897 2493 2069 2546 nomi-

517 2582 644 2626 nant
689 2572 996 2643 Scriptura,
1027 2576 1280 2645 Spiritum
1311 2590 1556 2650 tanquam
1585 2568 2072 2638 creatumzuniver-

517 2660 659 2715 s'tati
707 2676 1108 2720 connumerant.
1160 2666 1367 2735 Alioqui
1407 2671 1671 2738 quomodo
1700 2673 1768 2727 de
1824 2673 1981 2728 Patre
2018 2684 2084 2729 ιιι·

515 2752 650 2807 Filio
695 2753 890 2819 dicitis,
938 2756 1019 2809 vel
1049 2757 1356 2812 asscruistis
1408 2758 1708 2826 Scripturas
1749 2777 2066 2828 memorare,

514 2845 829 2903 arbitrantes
861 2859 965 2901 non
994 2848 1367 2903 connumerari
1388 2864 1508 2904 cum
1541 2851 1695 2906 Patre
1709 2862 1764 2908 et
1792 2855 1924 2908 Filio
1951 2855 2070 2926 Spi.

511 2935 670 2990 ritum
700 2943 967 2991 sanctum:
986 2946 1037 2991 et
1063 2937 1107 2992 si
1127 2932 1402 2994 audieritis
1423 2939 1722 3011 Scripturas
1746 2946 2067 3001 mentionem

2183 1773 2238 1828 in
2269 1775 2435 1842 prima
2465 1789 2673 1845 quoque
2705 1778 2935 1845 Epistula
2969 1780 3032 1832 ad
3068 1780 3377 1834 Corinthios
3405 1797 3614 1836 necesse
3645 1795 3721 1837 est

2181 1861 2373 1915 iterum
2415 1863 2599 1917 audire
2654 1864 2897 1931 Paulum,
2940 1867 3258 1922 Trinitatem
3306 1871 3665 1939 prmdicamem
3705 1890 3718 1925 :

2179 1949 2305 2004 dicit
2333 1949 2473 2002 enim
2501 1966 2516 2003 :
2546 1951 2826 2006 Divisiones
2855 1963 3021 2007 autem
3046 1956 3295 2012 donorum
3312 1969 3452 2020 sunt,
3481 1961 3603 2013 idem
3616 1978 3718 2015 vero

2179 2042 2401 2112 Spiritus
2425 2057 2443 2094 :
2471 2053 2516 2096 es
2540 2044 2810 2099 divisiones
2835 2048 3229 2102 ministeriorum
3257 2059 3399 2117 sunt,
3419 2054 3547 2106 idem
3570 2065 3715 2109 autem

2177 2129 2466 2186 Dominus:
2492 2142 2541 2186 et
2589 2134 2856 2189 divisiones
2897 2139 3244 2204 Operationum
3283 2149 3429 2207 sunt,
3470 2144 3594 2196 idem
3614 2162 3715 2198 vero

2178 2218 2312 2275 Deus
2333 2225 2416 2293 qui
2441 2231 2678 2293 operatur
2708 2226 2876 2277 omnia
2912 2226 2974 2279 in.
3008 2228 3236 2281 omnibus
3267 2229 3317 2293 (1
3352 2231 3468 2286 Cor.
3514 2248 3600 2301 xu,
3630 2233 3700 2294 ι).

2174 2309 2306 2362 Cum
2322 2310 2549 2364 dixisset
2569 2321 2744 2366 autem
2769 2305 2932 2370 Deum
2953 2317 3132 2370 omnia
3159 2319 3210 2371 in
3231 2321 3480 2376 omnibus
3505 2325 3711 2391 operari,

2175 2408 2226 2452 et
2259 2401 2524 2466 professus
2551 2397 2741 2455 inisset
2768 2401 2904 2456 dona
2930 2418 3048 2472 quae
3082 2401 3176 2473 per
3210 2409 3455 2474 spiritum
3488 2413 3714 2468 Ecclesia:

2175 2486 2461 2552 donantur,
2509 2488 2731 2556 adjecit:
2781 2489 2906 2544 Htec
2934 2492 3103 2545 omnia
3146 2505 3387 2560 aperatur
3425 2516 3553 2553 unus
3583 2511 3711 2568 atque

2171 2576 2303 2628 idem
2331 2575 2830 2644 Spriritus,dividens
2851 2581 3063 2650 singulis
3087 2593 3233 2650 prout
3263 2585 3372 2639 vult
3404 2588 3586 2657 (Ibid.,
3611 2592 3708 2652 11).

2176 2664 2382 2717 Doccns
2423 2669 2785 2734 operationem
2816 2668 2933 2733 Dei,
2959 2672 3322 2738 operationem
3351 2691 3472 2732 esse
3511 2679 3712 2748 Spiritus

2171 2757 2363 2823 sancti,
2395 2757 2629 2824 nunquid
2658 2756 2860 2812 destitit
2885 2774 2912 2812 a
2943 2758 3206 2816 Trinitate
3236 2762 3470 2820 Paulus?
3500 2771 3711 2839 nunquid

2171 2843 2432 2897 subtraxit
2470 2843 2579 2899 Deo
2608 2855 2664 2900 et
2695 2844 2832 2901 Filio
2875 2848 3131 2917 Spiritum
3161 2859 3214 2904 et
3243 2854 3380 2908 sicut
3412 2857 3476 2910 ad
3505 2858 3712 2913 Thessa-

2171 2933 2294 2987 lonit
2311 2949 2470 2990 enses
2497 2935 2710 3004 scripsit
2736 2955 2748 2990 :
2792 2935 2912 3008 Ipse
2936 2948 3105 2993 autem
3131 2939 3271 2997 Deus
3289 2948 3428 3014 pacis
3453 2951 3710 3018 sanctiﬁcet

515 3023 768 3078 facientes
800 3022 894 3079 Dei
936 3032 990 3080 et
1018 3027 1254 3096 spiritus,
1295 3029 1422 3097 quid
1467 3010 1893 3092 eritisfacturi?
1931 3035 2063 3090 Dicit

2173 3039 2256 3076 vos
2279 3027 2348 3076 ad
2372 3025 2651 3093 perfectum
2699 3024 2752 3095 (I
2787 3027 2959 3082 Thess.
2991 3045 3045 3094 v,
3077 3029 3190 3100 23).
3227 3010 3300 3086 ita
3329 3035 3392 3089 ad
3432 3010 3710 3093 Corinthios

510 3129 640 3170 sane
683 3113 934 3185 propheta
990 3121 1249 3196 Aggrrtts:
1284 3118 1603 3192 Quapropter
1645 3140 1737 3198 ego
1773 3141 1883 3179 sum
1903 3128 2068 3182 vobis-

509 3220 643 3269 cum,
670 3204 792 3258 dicit
821 3202 1065 3260 Dominus
1093 3209 1422 3279 omnipotens,
1449 3220 1495 3265 et
1527 3211 1749 3281 Spiritus
1775 3231 1912 3271 meus
1949 3233 2066 3272 con-

510 3297 686 3349 statin
713 3294 879 3349 medio
919 3305 1136 3350 uestrum
1167 3299 1362 3370 (Agger:
1387 3299 1446 3369 ιι,
1489 3304 1543 3369 5,
1591 3302 1664 3374 6).
1716 3305 2066 3364 Considerate

506 3400 635 3454 ergo
663 3383 752 3439 ubi
800 3387 1008 3454 ponatis
1039 3387 1231 3443 Filium
1259 3406 1272 3444 :
1305 3405 1430 3446 ecce
1454 3394 1595 3448 enim
1634 3397 1975 3464 omnipotens
2010 3409 2065 3454 et

507 3475 724 3542 spiritus
774 3475 1112 3546 signiﬁcatur.
1152 3479 1259 3534 Aut
1286 3481 1330 3534 si
1357 3481 1628 3539 audieritis
1658 3485 1846 3540 lsaiam
1884 3481 2066 3543 dicen-

507 3573 642 3618 tem:
687 3564 774 3620 Vte
799 3566 893 3634 ﬁlii
931 3569 1225 3630 desertores,
1255 3569 1362 3624 Iuec
1390 3572 1510 3625 dicit
1535 3571 1781 3629 Dominus
1808 3591 1828 3630 :
1851 3575 2065 3635 Fecistis

507 3657 772 3711 consilium
811 3674 913 3712 non
942 3675 1029 3729 per
1064 3678 1142 3714 me
1165 3676 1184 3714 :
1227 3671 1273 3716 et
1310 3673 1515 3733 pactum
1561 3682 1660 3718 non
1698 3683 1786 3735 per
1818 3668 2065 3738 Spiritum

502 3760 670 3797 meum
692 3761 712 3798 :
747 3747 968 3816 adjicere
994 3760 1195 3817 peccata
1220 3768 1374 3820 super
1407 3765 1612 3824 peccata
1636 3755 1788 3825 (Isai.
1823 3775 1955 3825 xxx,
1988 3761 2057 3831 t).

503 3836 569 3889 Et
597 3836 786 3891 iterum
817 3854 830 3891 :
865 3837 1203 3895 Occurrerunt
1234 3845 1330 3898 sibi
1364 3860 1541 3913 cervte,
1574 3857 1619 3902 et
1643 3850 1874 3905 viderunt
1904 3853 2060 3921 facies

495 3944 616 3982 suas
654 3944 672 3982 :
716 3941 924 3984 numero
967 3935 1294 3998 transierunt,
1335 3947 1383 3991 et
1412 3955 1514 3993 una
1549 3957 1611 3995 ex
1649 3945 1720 3995 eis
1749 3960 1849 3997 non
1889 3948 2056 4012 periit.

493 4020 612 4072 Alia
641 4020 800 4072 aliam
828 4037 927 4076 non
963 4026 1210 4092 quasivit,
1239 4029 1360 4097 quia
1389 4029 1634 4086 Dominus
1664 4038 1921 4090 mandavit
1953 4039 2047 4102 eis,

490 4117 539 4160 et
568 4107 790 4178 Spiritus
815 4115 925 4181 ejus
957 4118 1276 4186 congregavit
1303 4135 1384 4174 eas
1418 4119 1568 4192 (Isai.
1600 4140 1778 4192 xxxiv,
1812 4128 1900 4191 i5,
1926 4129 2047 4198 i6).

490 4199 616 4254 Haec
643 4215 769 4270 ergo
793 4202 1088 4273 audientes,
1128 4208 1216 4261 ubi
1244 4208 1432 4264 Filium
1461 4215 1696 4280 qumritis
1716 4216 1738 4266 ?
1761 4218 1865 4272 Aut
1889 4219 1933 4275 si
1959 4235 2052 4272 au-

491 4285 702 4341 dieritis
733 4288 1036 4345 Zachariam
1078 4295 1386 4363 prepltetam
1413 4299 1675 4356 dicentem
1709 4321 1720 4356 :
1755 4304 1932 4361 Patres
1962 4325 2045 4362 ve-

489 4378 582 4430 stri
612 4377 698 4432 ubi
723 4390 838 4432 sunt
859 4389 905 4432 et
933 4383 1230 4449 prophetaz?
1257 4388 1377 4441 dicit
1408 4389 1656 4447 Dominus
1685 4412 1703 4449 :
1730 4396 1975 4468 Nunquid
1999 4403 2049 4454 iu

490 4478 730 4522 arternum
767 4470 962 4524 vivent?
997 4470 1348 4546 Verumtamen
1386 4495 1640 4538 sermones
1669 4501 1804 4541 meos
1837 4500 1884 4542 et
1925 4491 2049 4561 legi-

491 4559 612 4610 tima
651 4574 760 4612 mea
790 4562 1045 4629 percipite,
1076 4563 1233 4634 302
1261 4584 1372 4636 qua:
1419 4587 1508 4640 ego
1552 4576 1736 4629 mando
1765 4578 1818 4629 in
1851 4559 2048 4649 Spiritu

488 4661 597 4700 meo
622 4649 778 4702 servis
813 4651 934 4702 meis
965 4651 1239 4720 prophetis,
1267 4660 1386 4725 quia
1406 4663 1846 4728 apprehenderunt
1874 4681 2043 4735 patres

487 4747 674 4793 vestros
701 4738 882 4808 (Zach.
914 4755 949 4804 ι,
973 4739 1049 4807 5).
1090 4741 1195 4796 Aut
1220 4746 1263 4799 si
1288 4749 1564 4805 audieritis
1594 4752 1750 4808 David
1779 4757 2042 4815 dicentem

487 4826 599 4880 Deo
635 4845 646 4878 :
685 4828 798 4892 Quo
841 4830 922 4882 ibo
959 4846 990 4881 a
1031 4829 1230 4899 Spiritu
1273 4844 1355 4888 tuo
1388 4878 1401 4900 ,
1427 4849 1472 4890 et
1502 4855 1599 4908 quo
1628 4858 1658 4894 a
1699 4847 1826 4911 facie
1849 4857 1935 4900 tua
1964 4853 2046 4916 {u-

484 4917 619 4982 giam
651 4915 820 4986 (Psal.
851 4934 1112 4986 cxxxvttt,
1146 4922 1238 4992 7)?
1272 4926 1405 4990 Quid
1435 4931 1735 4997 cogitabilis
1773 4933 1838 4988 de
1874 4936 2044 4991 Filio?

484 5006 537 5060 Si
566 5021 692 5060 vero
727 5016 782 5062 et
828 5011 1102 5076 apostolus
1146 5013 1337 5067 Paulus
1375 5017 1439 5070 ad
1468 5017 1771 5076 Corinthios
1806 5026 2037 5081 scribat:

486 5094 705 5150 Nescitis
731 5100 849 5164 quia
880 5100 1120 5169 templum
1166 5102 1256 5156 Det
1281 5105 1418 5167 estis.
1448 5116 1494 5158 et
1523 5107 1748 5176 Spiritus
1781 5111 1874 5166 Dei
1896 5115 2039 5169 babi-

483 5195 556 5237 tat
597 5188 647 5240 in
674 5189 866 5255 vobis(l
898 5189 1014 5244 Cor.
1042 5207 1117 5259 ιιι,
1153 5193 1278 5260 16)”2
1310 5194 1519 5250 Patrem
1551 5208 1604 5253 et
1632 5200 1884 5270 Spiritum
1913 5221 2040 5261 con-

485 5279 755 5331 numerari
790 5280 982 5334 dabitis
1013 5300 1024 5334 :
1060 5281 1246 5344 Filium
1279 5299 1406 5339 vero
1431 5285 1481 5339 in
1524 5287 1626 5356 his,
1657 5306 1771 5360 quae
1793 5311 1887 5362 per
1914 5295 2037 5364 Spi-

485 5368 643 5420 ritum
675 5379 796 5423 sunt
827 5373 1069 5438 ponetis?
1116 5372 1454 5444 Nequaquam
1491 5393 1656 5448 rogo:
1690 5399 1784 5439 nec
1805 5387 1856 5439 in
1890 5403 2039 5442 men-

485 5465 588 5510 tcm
620 5469 868 5526 vestram,
903 5464 1132 5532 religiosi
1160 5467 1281 5529 viri,
1312 5466 1411 5520 hoc
1441 5467 1626 5522 subeat
1655 5487 1912 5541 unquam;
1944 5477 2036 5531 sed

485 5546 923 5611 quemadmodum
974 5554 1177 5609 dixistis
1231 5556 1446 5611 Paulum
1497 5559 1768 5628 scripsisse
1812 5563 2037 5619 :(iratia

2173 3111 2226 3164 in
2251 3112 2414 3178 prima
2437 3111 2663 3180 Epistola
2681 3131 2693 3166 :
2714 3113 2818 3168 Sed
2836 3115 2994 3169 abluti
3013 3118 3152 3183 estis,
3166 3122 3256 3173 sed
3268 3125 3703 3190 sanctiﬁcatieslis,

2168 3207 2258 3257 sed
2271 3204 2542 3274 justiﬁcati
2565 3205 2684 3259 estis
2703 3207 2756 3258 in
2780 3209 2981 3261 nomine
3003 3208 3209 3264 Domini
3223 3217 3384 3266 nostri
3403 3215 3522 3268 Jesu
3540 3216 3708 3270 Christi

2167 3292 2221 3345 in
2268 3292 2467 3362 Spiritu
2514 3293 2607 3348 Dei
2636 3297 2800 3350 nostri
2827 3295 2879 3367 (1
2910 3295 3031 3352 Cor.
3053 3314 3126 3365 vr,
3156 3301 3266 3364 11).
3300 3302 3708 3362 Consideratisne

2166 3381 2323 3452 303
2370 3384 2621 3452 Spiritum
2673 3396 2914 3441 sanctum
2978 3389 3175 3460 ubique
3233 3391 3615 3463 Scripturarum
3663 3401 3708 3451 in

2169 3476 2325 3531 Patre
2353 3486 2406 3531 et
2435 3477 2572 3532 Filio
2595 3481 3006 3535 connumerarii
3047 3483 3356 3540 Audiendus
3386 3487 3535 3556 plane
3564 3489 3709 3543 Filius

2167 3567 2217 3619 in
2250 3567 2377 3620 Isaia
2410 3568 2692 3635 propheta,
2723 3570 3096 3640 semetipsum,
3128 3581 3182 3625 et
3207 3572 3416 3627 Patrem
3440 3615 3454 3638 ,
3485 3585 3536 3629 et
3559 3576 3710 3642 Spiri-

2166 3663 2274 3712 tum
2305 3668 2542 3711 sanctum
2582 3658 2873 3726 praedicans
2903 3677 2914 3711 :
2947 3660 3026 3714 sic
3063 3659 3204 3714 enim
3233 3662 3306 3714 ait
3335 3678 3350 3714 :
3380 3665 3510 3716 Audi
3534 3680 3603 3716 me
3628 3664 3710 3716 Ja-

2164 3747 2252 3799 cob
2274 3758 2317 3800 et
2345 3737 2529 3814 lsrae’l,
2558 3763 2706 3816 quem
2734 3763 2824 3820 ego
2851 3765 2971 3802 uoco
2999 3766 3017 3802 :
3051 3748 3164 3820 Ego
3191 3767 3299 3804 sum
3329 3753 3535 3820 primus,
3564 3767 3606 3805 et
3629 3771 3708 3825 ego

2162 3841 2213 3892 in
2242 3851 2499 3906 aternum,
2532 3853 2580 3895 et
2609 3857 2792 3895 manus
2814 3857 2924 3895 mea
2948 3843 3181 3910 fundavit
3209 3851 3424 3908 terram,
3451 3855 3497 3898 et
3522 3846 3710 3898 dextera

2161 3944 2268 3981 mea
2308 3929 2525 3997 ﬁrmavit
2552 3929 2751 3983 coelum.
2790 3930 2992 3985 Vocabo
3021 3947 3102 3984 eos
3129 3948 3329 3998 omnes,
3359 3945 3405 3988 et
3432 3935 3624 3988 stabunt
3647 3939 3706 3988 si.

2160 4019 2284 4081 mul,
2309 4029 2354 4070 et
2379 4020 2814 4089 congregabuntur
2838 4035 3027 4085 omnes,
3060 4030 3105 4074 et
3136 4023 3366 4087 audient,
3395 4025 3504 4092 quis
3522 4041 3704 4076 annun-

2156 4109 2292 4162 tiavit
2314 4111 2386 4164 eis
2414 4112 2572 4164 talia?
2601 4109 2826 4182 Diligens
2854 4120 2900 4165 te
2930 4112 3026 4179 feci
3045 4113 3349 4168 voluntatem
3379 4126 3513 4170 tuam
3541 4119 3589 4170 in
3616 4116 3705 4170 Ba-

2156 4204 2364 4272 bylone,
2409 4215 2462 4258 ut
2507 4204 2685 4258 tollam
2722 4221 2888 4258 semen
2933 4205 3295 4260 Chaldteorum
3328 4225 3346 4261 :
3385 4208 3490 4279 Ego
3527 4210 3706 4262 locutus

2159 4313 2268 4349 sum
2286 4341 2300 4363 ,
2328 4313 2420 4368 ego
2444 4299 2643 4364 vocavi,
2671 4299 2862 4351 adduxi
2893 4300 3068 4364 illum,
3099 4311 3145 4352 et
3172 4317 3466 4370 prosperum
3496 4305 3583 4357 iter
3607 4307 3703 4372 ejus

2156 4387 2251 4452 [rei
2274 4401 2293 4439 :
2323 4388 2544 4439 accedite
2564 4389 2631 4440 ad
2656 4404 2751 4450 me,
2775 4398 2820 4440 et
2850 4389 3020 4442 audite
3047 4390 3153 4443 lucc
3179 4407 3278 4444 non
3301 4409 3332 4444 a
3356 4396 3631 4464 princip’o:
3656 4399 3701 4448 in

2152 4473 2443 4527 abscondito
2476 4476 2672 4529 locutus
2714 4494 2825 4530 sum
2867 4479 2972 4531 lucc
3011 4480 3217 4548 quando
3258 4483 3474 4548 ﬁebant,
3505 4495 3550 4538 et
3584 4501 3700 4539 nunc

2157 4561 2401 4616 Dominus
2428 4565 2561 4618 misit
2588 4581 2698 4630 me,
2726 4577 2771 4618 et
2803 4567 3026 4637 Spiritus
3059 4572 3169 4633 eius
3199 4571 3352 4637 (lsai.
3384 4590 3538 4629 xum
3557 4619 3571 4644 ,
3601 4578 3696 4644 12).

2153 4656 2214 4708 Et
2252 4657 2441 4710 iterum
2468 4674 2480 4710 :
2513 4655 2625 4727 Ego
2652 4675 2764 4711 sum
2795 4661 2878 4726 qui
2901 4659 3043 4713 deleo
3069 4661 3388 4728 iniquitates,
3417 4667 3498 4719 dic
3522 4677 3572 4719 tu
3605 4668 3696 4719 iui-

2151 4747 2364 4808 quitates
2391 4757 2502 4802 tuas
2525 4748 2683 4815 prior,
2713 4755 2766 4799 ut
2785 4749 3080 4817 justiﬁceris
3103 4765 3122 4802 ε
3146 4760 3315 4818 patres
3338 4757 3484 4808 vistri
3501 4758 3692 4824 priores,

2153 4846 2199 4888 et
2230 4839 2479 4906 principes
2506 4854 2676 4891 eorum
2703 4839 2871 4908 inique
2893 4853 3097 4911 egerunt
3121 4845 3172 4896 in
3204 4862 3304 4914 me,
3332 4856 3376 4900 et
3402 4849 3690 4901 contamina-

2150 4939 2327 4980 verunt
2350 4930 2599 4998 principes
2628 4941 2803 4982 sancta
2833 4948 2942 4984 mea
2960 4974 2974 4996 ,
3003 4943 3048 4987 et
3077 4934 3194 4988 dedi
3219 4939 3428 5005 perdere
3452 4937 3624 5000 Jacob,
3650 4945 3690 4989 et

2102 5043 2110 5053 -
2154 5015 2324 5071 Israel
2365 5021 2414 5071 iu
2460 5022 2784 5089 opprobrium
2826 5022 2977 5092 (lsai.
3011 5009 3169 5090 xtitt,
3203 5029 3319 5097 25).
3369 5031 3517 5084 Nunc
3541 5041 3687 5082 autem

2151 5112 2274 5162 audi
2301 5126 2423 5178 puer
2462 5127 2600 5163 meus
2633 5110 2790 5164 Iacob
2828 5123 2874 5165 et
2918 5112 3081 5167 Israel
3114 5133 3263 5184 quem
3294 5120 3446 5190 elegi,
3478 5122 3586 5188 quia
3609 5134 3685 5188 ego

2150 5205 2283 5255 dabo
2308 5219 2490 5271 aquam
2520 5203 2572 5254 in
2603 5204 2688 5256 siti
2717 5204 2776 5257 iis
2800 5205 2885 5272 qui
2909 5205 3003 5258 iter
3031 5210 3255 5273 fecerunt
3289 5209 3338 5260 in
3361 5211 3486 5262 sicco
3507 5225 3523 5261 :
3546 5210 3685 5278 impc-

2145 5307 2262 5342 nam
2285 5291 2533 5357 Spiritum
2559 5309 2720 5345 meum
2739 5311 2891 5362 super
2910 5311 3076 5347 semen
3103 5305 3266 5359 tuum,
3289 5309 3334 5349 et
3355 5299 3682 5352 benedictiones

2146 5400 2280 5436 meas
2309 5400 2460 5447 super
2488 5385 2618 5450 ﬁlios
2651 5395 2761 5438 tuos
2807 5385 2958 5454 (Isai.
2987 5401 3128 5450 thv,
3158 5388 3235 5455 1).
3270 5389 3381 5457 Ipse
3403 5405 3522 5442 vero
3543 5387 3682 5440 lsaias

2146 5473 2458 5528 Trinitatem
2491 5477 2812 5542 przedicans,
2849 5476 2918 5528 ait
2949 5492 2960 5526 :
2997 5474 3126 5529 Ecce
3170 5493 3351 5531 nomen
3394 5477 3582 5532 Domini
3607 5491 3680 5545 per

2146 5568 2360 5621 multum
2389 5578 2578 5639 tempus
2611 5570 2741 5624 venit
2767 5571 2950 5624 ardens
2984 5571 3090 5637 ira,
3125 5589 3235 5626 cum
3266 5575 3427 5641 gloria
3456 5575 3677 5629 latiora»:
