3856 6222
99 268 207 321 313

1347 250 1432 306 DE
1469 251 1834 309 TRINITATE
1874 250 2000 306 LIB.
2042 251 2156 305 XII.

3249 250 3348 306 5H

99 387 245 449 τίω,
286 380 486 433 verbum
513 379 590 430 ira
617 377 816 442 plenum
845 383 893 426 et
923 373 1000 424 ira
1031 369 1214 440 furoris
1233 368 1358 423 sicut
1390 367 1519 438 ignis
1544 384 1563 420 :
1593 369 1677 420 sed
1706 371 1750 425 Α
1780 379 2072 422 rumtamen
2128 381 2284 436 quam
2341 381 2466 438 .non
2538 375 2702 424 terret
2763 382 2857 423 eos
2914 369 3167 423 Dominus
3187 408 3202 431 ,
3259 367 3346 434 qni

99 483 144 522 et
171 471 402 534 Spiritus
427 471 537 538 ejus
559 472 688 520 sicut
713 479 844 529 aqua
869 465 919 514 in
946 462 1074 513 ualle
1100 459 1322 520 trahens.
1346 461 1500 512 ueniet
1526 475 1680 526 usque

101 564 166 615 ad
191 564 388 615 collum
419 558 571 630 (Isai.
604 572 730 619 xxx,
759 553 871 620 ‘27).
909 551 1098 606 Audite
1128 565 1256 603 vero
1285 557 1339 602 et
1366 547 1675 602 Zachariam

99 655 422 708 Trinitatem
463 647 838 718 przndic‘antem
869 658 883 694 :
918 643 990 694 ait
1033 642 1172 695 enim
1203 657 1214 689 :
1251 638 1374 690 Hier
1416 638 1536 690 dicit
1571 636 1676 688 Do-

103 746 275 796 minus
312 743 655 810 omnipotens;
678 733 932 805 judicium
959 731 1154 800 justum
1184 729 1440 798 judicare,
1483 727 1678 779 miseri-

103 836 336 888 cordiam
365 842 410 885 et
447 828 794 883 miserationes
833 824 982 893 facite
1018 821 1358 889 unusquisque
1382 819 1447 870 ad
1469 821 1677 887 fratrem

105 941 250 977 suum
282 939 302 977 :
335 933 377 974 et
403 921 568 973 vidua:
593 925 638 970 et
671 912 862 984 pupillo
889 922 933 964 et
963 912 1189 974 advenae,
1221 921 1263 963 et
1289 909 1499 978 pauperi
1523 908 1678 960 nolite

105 1036 190 1085 ραν
220 1017 498 1084 potentiam
539 1025 748 1073 nocere,
794 995 852 1060 et.
877 1006 1082 1058 malitia:
1123 1003 1465 1072 unusquisque
1503 1001 1678 1071 fratris

105 1111 181 1160 sui
207 1108 372 1160 nolite
397 1118 638 1156 memores
658 1117 764 1154 esse
789 1100 840 1151 in
863 1098 1096 1151 cordibus
1121 1097 1316 1149 uestris.
1352 1094 1415 1147 Et
1443 1111 1541 1147 non
1564 1093 1680 1147 obe-

106 1202 268 1252 dieru:
294 1210 315 1251 s
342 1200 629 1261 advertere,
659 1194 747 1247 sed
773 1193 1014 1247 dederunt
1042 1192 1252 1243 dorsum
1287 1190 1598 1259 insipienter,
1633 1196 1681 1240 et

108 1309 256 1345 aures
305 1307 425 1346 suas
452 1297 801 1359 grunaverunt,
828 1295 881 1340 ut
907 1303 1005 1338 non
1027 1285 1237 1338 audiant
1266 1286 1419 1354 legem
1446 1300 1608 1336 meam
1631 1291 1679 1335 et

109 1398 366 1435 sermones
397 1397 552 1446 meos,
573 1395 697 1449 quos
721 1378 853 1432 misit
877 1377 1123 1429 Dominus
1149 1376 1464 1442 omnipotens
1485 1377 1536 1425 in
1561 1372 1682 1440 Spi-

106 1472 207 1522 ritu
235 1487 365 1536 suo,
397 1471 447 1522 in
485 1469 728 1522 manibus.
750 1469 1058 1520 anteriorum
1097 1467 1454 1533 prophetarum
1496 1461 1675 1531 (Zach.

109 1575 184 1621 .Iv,
214 1558 292 1628 8).
328 1560 557 1628 Angelus
587 1572 714 1612 vero
755 1556 959 1609 Domini
1000 1555 1170 1622 inquit
1216 1553 1281 1605 ad
1324 1553 1633 1606 Zachariam
1667 1572 1678 1604 :

114 1652 225 1706 Hoc
255 1653 456 1706 uerbum
489 1651 693 1704 Domini
722 1652 775 1703 in
803 1665 953 1703 manu
980 1649 1283 1714 Zorobabel,
1313 1649 1486 1701 dicens
1509 1665 1527 1702 :
1561 1647 1614 1702 Ν
1619 1666 1681 1701 on

111 1748 160 1798 in
187 1750 369 1798 o'rtute
406 1760 622 1815 magna,
663 1746 827 1812 neque
857 1743 910 1795 in
950 1740 1278 1810 fortitudine,
1309 1740 1397 1792 sed
1424 1739 1476 1791 in
1504 1740 1682 1807 spiritu

111 1851 237 1894 meo,
264 1836 385 1887 dicit
412 1832 656 1887 Dominus
676 1835 985 1903 omnipotens
1006 1830 1187 1901 (Zach.
1213 1846 1283 1894 tv,
1309 1829 1388 1893 6).
1415 1829 1682 1884 Michteatn

116 1940 325 1994 quoque
347 1924 643 1988 audiamus,
670 1923 979 1978 Trinitatem
1005 1921 1434 1992 pronuntiantem
1463 1937 1477 1972 :
1500 1931 1552 1974 et
1574 1922 1684 1988 ipse

116 2014 254 2067 enim
282 2019 354 2067 ait
379 2030 394 2068 :
429 2013 554 2067 Haec
585 2015 704 2068 dicit
732 2014 982 2067 Dominus
1009 2017 1078 2066 ad
1108 2014 1401 2080 prophetas,
1429 2013 1516 2080 qui
1536 2015 1686 2066 sedu-

119 2113 231 2155 cunt
262 2106 502 2174 populum
532 2103 693 2174 305
719 2120 909 2166 meum,
941 2112 990 2156 et
1025 2103 1253 2156 mordent
1288 2102 1519 2156 dentibus
1544 2104 1680 2168 suis,

117 2196 196 2262 qui
224 2199 502 2262 pradicant
524 2214 675 2264 super
695 2213 808 2249 eum
836 2212 1033 2267 pacem,
1061 2204 1108 2248 et
1137 2212 1237 2250 non
1257 2205 1331 2250 est
1359 2213 1460 2264 pax
1489 2197 1612 2250 data
1632 2199 1683 2253 in

118 2305 200 2342 ore
235 2307 438 2354 eorum,
469 2301 516 2344 et
559 2293 921 2344 suscitaverunt
960 2307 1114 2361 super
1138 2307 1254 2343 eum
1294 2291 1502 2344 bellum.
1555 2292 1687 2346 Pro-

119 2391 284 2445 pterea
310 2395 409 2433 nos
435 2381 572 2434 vobis
600 2382 691 2432 erit
717 2396 779 2434 et
799 2382 936 2447 visu,
960 2392 1009 2434 et
1038 2380 1253 2434 tenebrae
1275 2382 1412 2434 vobis
1449 2393 1594 2436 erunt
1626 2399 1688 2437 ea:
1714 2429 1717 2431 _

120 2467 447 2535 divinatione,
476 2479 523 2521 et
557 2469 746 2522 occidet
774 2469 854 2523 sol
878 2486 1029 2538 super
1065 2471 1367 2538 prophetas,
1398 2469 1445 2524 et
1472 2473 1689 2526 tenebri-

123 2562 247 2614 cabit
272 2579 415 2633 super
443 2557 524 2616 eos
546 2565 673 2631 dies,
698 2574 744 2617 et
769 2564 1142 2633 confundentur
1165 2566 1253 2631 qui
1279 2565 1447 2628 rident
1466 2568 1685 2633 somnia,

123 2661 166 2704 et
191 2653 523 2707 irridebuntur
548 2655 726 2717 divini,
756 2663 802 2707 et
821 2655 1082 2709 detrahent
1111 2655 1172 2709 de
1197 2656 1467 2733 hisomnes
1494 2659 1596 2723 isti,
1629 2675 1692 2733 eo.

127 2743 254 2806 quod
282 2758 377 2797 nun
404 2744 466 2796 sit
494 2746 584 2812 qui
611 2744 894 2797 exaudierit
923 2761 1025 2798 eos.
1061 2743 1182 2798 Nisi
1218 2732 1307 2818 ego
1335 2745 1390 2800 in
1415 2747 1566 2814 plena
1586 2749 1686 2801 vir-

127 2841 223 2884 tute
248 2845 292 2884 et
316 2835 366 2886 in
397 2833 598 2903 Spiritu
630 2834 866 2903 Domini,
897 2851 1012 2888 cum
1030 2836 1233 2906 judicio
1271 2847 1317 2889 et
1342 2837 1565 2906 potentia
1592 2854 1686 2891 an-

131 2924 355 2977 nuntiare
392 2922 547 2978 Iacob
577 2925 866 2993 iniquitates
894 2941 1045 2991 suas,
1075 2935 1123 2979 et
1164 2924 1328 2980 Israel
1355 2937 1560 2995 peccata
1593 2945 1688 2982 sua

1783 456 1902 510 iidei
1961 447 2350 510 sacramentum
2391 456 2644 521 apostolis
2699 457 2940 520 tradens,
2999 457 3175 511 dicit:
3209 455 3350 507 Eun-

1780 552 1848 595 tes
1897 558 2030 595 nunc
2085 543 2258 595 docete
2315 556 2484 593 omnes
2539 556 2744 610 gen'es,
2796 543 3106 613 baptizantes
3160 557 3243 594 eos
3299 543 3351 592 in

1780 633 1978 685 nomine
2025 631 2227 691 Patris,
2273 642 2321 685 et
2369 629 2529 694 Filii,
2578 641 2623 684 et
2669 631 2891 701 Spiritus
2935 633 3095 687 sancti
3134 629 3349 697 (Matth.

1782 736 1972 786 nvri,
2003 721 2127 790 l9)?
2161 720 2267 775 Nec
2293 735 2395 773 non
2427 729 2480 774 et
2502 720 2587 772 illa
2613 735 2799 787 magna
2830 732 2880 774 et
2908 721 3057 774 beata
3090 717 3355 774 confessio

1782 808 1928 870 fidei,
1964 809 2068 862 imo
2099 809 2257 879 305
2288 809 2397 875 ipsa
2429 805 2558 860 fides
2601 818 2900 860 sanctorum
2924 848 2937 868 ,
2969 816 3021 860 et
3061 816 3349 860 testamen-

1780 906 1887 949 tum
1916 896 2052 965 quod
2084 896 2442 964 disposuimus
2472 895 2534 945 nd
2569 893 2777 947 Patrem
2798 939 2812 961 ,
2873 893 3060 946 Filium
3101 901 3155 946 et
3182 890 3349 958 Spiri-

1781 990 1890 1036 tum
1940 992 2209 1047 sanctum,
2257 983 2321 1035 ad
2369 997 2577 1035 sacrum
2625 980 2890 1034 lavacrum
2936 979 3351 1047 regenerationis

1779 1071 2073 1135 venientes,
2108 1068 2337 1123 confessi
2365 1069 2442 1122 sic
2467 1086 2479 1121 :
2513 1067 2678 1120 Credo
2700 1067 2751 1120 in
2778 1067 2938 1120 Deum
2967 1067 3169 1121 Patrem
3191 1071 3354 1119 omni-

1780 1167 2063 1228 potentem,
2094 1170 2139 1210 et
2166 1160 2220 1212 in
2260 1157 2434 1212 Iesum
2467 1155 2723 1212 Christum
2764 1155 2812 1208 F
2815 1159 2959 1209 ilium
2988 1160 3096 1227 ejus
3124 1157 3355 1226 unigeni-

1782 1258 1916 1311 tum,
1955 1259 2002 1302 et
2030 1251 2083 1301 in
2114 1248 2363 1318 Spiritum
2401 1257 2653 1302 sanctum.
2688 1247 2752 1301 Et
2782 1247 2905 1300 licet
2928 1246 3181 1300 Dominus
3207 1245 3366 1301 dixe-.

1781 1337 1850 1391 rit
1877 1353 1888 1388 :
1923 1336 2135 1391 Creditis
2159 1338 2212 1390 in
2241 1336 2424 1403 Deum,
2457 1346 2502 1389 et
2532 1337 2584 1389 in
2613 1352 2692 1389 me
2711 1336 2899 1394 credite
2925 1334 3104 1405 (Ioan.
3139 1349 3244 1398 xiv,
3280 1332 3353 1402 l),

1780 1437 1834 1480 et
1862 1440 1965 1479 non
2005 1426 2182 1479 dixit:
2213 1424 2422 1479 Credite
2467 1426 2516 1478 in
2557 1424 2812 1490 Spiritum
2853 1433 3131 1489 sanctum,
3177 1432 3356 1477 tamen

1781 1519 2006 1585 apostoli
2050 1517 2314 1570 Ecclesias
2353 1517 2513 1569 tctius
2541 1516 2687 1569 orbis
2729 1516 3025 1569 docuerunt
3053 1514 3275 1569 credere
3302 1513 3354 1566 in

1786 1607 2018 1670 Patrem,
2048 1617 2101 1659 et
2124 1605 2339 1670 Filium,
2371 1617 2424 1658 et
2445 1604 2700 1670 Spiritum
2727 1616 2990 1658 sanctum.
3015 1604 3155 1672 Ergo
3179 1602 3358 1657 dicant

1718 1715 1761 1774 Β
1790 1697 1832 1749 si
1859 1697 2000 1749 salus
2026 1703 2108 1747 est
2136 1695 2219 1747 his
2246 1695 2333 1762 qui
2365 1692 2588 1747 credunt
2617 1693 2671 1745 in
2701 1692 2937 1755 Patrem,
2967 1702 3022 1746 et
3047 1693 3236 1746 Filium
3258 1733 3274 1756 ,
3305 1701 3358 1745 et

1792 1797 1895 1836 non
1925 1783 2151 1836 credunt
2179 1782 2229 1834 in
2261 1780 2514 1847 Spiritum
2546 1789 2785 1832 sanctum
2813 1793 2827 1831 :
2859 1778 2951 1831 sed
2985 1778 3142 1846 absit.
3179 1777 3358 1845 Neque

1784 1873 1924 1928 enim
1963 1873 2012 1924 in
2042 1871 2205 1925 Deum
2239 1870 2464 1924 credunt
2490 1868 2578 1938 qui
2620 1883 2722 1922 non
2752 1867 2975 1921 credunt
3014 1866 3066 1920 in
3103 1865 3359 1934 Spiritum

1782 1970 2042 2014 sanctum.
2070 1959 2308 2029 Denique
2341 1957 2554 2020 Paulus,
2582 1955 2811 2011 inventis
2853 1952 3168 2023 quibusdam
3195 1952 3359 2008 disci-

1785 2051 1943 2118 pulis,
1974 2061 2027 2103 et
2050 2047 2388 2115 interrogatis
2409 2046 2452 2100 si
2481 2046 2738 2115 Spiritum
2766 2053 3008 2099 sanctum
3032 2044 3360 2113 accepissent

1783 2141 2060 2193 credentes
2086 2155 2098 2191 :
2133 2139 2342 2206 illisque
2372 2134 2837 2204 respondentibus,
2869 2149 2968 2189 nec
2994 2135 3040 2189 si
3065 2141 3209 2188 esset
3236 2134 3358 2203 Spi-

1784 2227 1920 2280 ritus
1958 2237 2170 2281 sanctus
2198 2225 2499 2282 audissent.
2532 2223 2662 2277 dixit
2694 2236 2709 2275 :
2742 2219 2806 2275 In
2832 2238 2930 2291 quo
2955 2237 3073 2292 ergo
3113 2221 3358 2290 baptisati

1785 2317 1903 2366 estis
1937 2316 2071 2383 (Act.
2101 2329 2212 2375 xu,
2241 2314 2331 2380 '5)?
2361 2311 2595 2366 Probans
2623 2311 2713 2375 qui
2745 2325 2849 2366 non
2875 2320 2998 2365 sunt
3028 2310 3275 2380 baptizati
3307 2313 3359 2365 in

1787 2404 2001 2456 nomine
2025 2402 2255 2472 Spiritus
2277 2402 2466 2464 sancti,
2496 2416 2592 2455 nec
2618 2403 2668 2456 in
2697 2403 2867 2456 Patris
2895 2411 2950 2456 et
2975 2402 3095 2457 Filii
3143 2401 3359 2456 nomine

1788 2509 1909 2550 esse
1967 2494 2281 2563 baptizatos.
2334 2495 2406 2546 Ita
2456 2492 2612 2561 plane
2656 2501 2710 2548 et
2763 2501 3059 2546 creatorem
3115 2493 3358 2562 spiritum

1786 2591 2026 2637 sanctum
2055 2582 2411 2650 agnoscimus.
2441 2579 2654 2649 Alioqui
2684 2581 2727 2635 si
2755 2592 2966 2635 creator
2996 2585 3209 2636 nonest
3237 2582 3361 2651 Spi-

1766 2672 1938 2737 .ritus,
1969 2679 2024 2725 et
2051 2671 2168 2727 sine
2200 2672 2314 2740 ipso
2344 2670 2410 2724 ab
2440 2670 2591 2726 initio
2620 2671 2785 2726 creati
2815 2685 3033 2738 sumus,
3064 2686 3228 2741 quare
3259 2687 3363 2728 non

1788 2765 1846 2819 in
1869 2765 2269 2832 regeneratione
2298 2761 2416 2817 sine
2444 2777 2510 2817 eo
2538 2764 2953 2831 regeneramur?
2985 2761 3092 2818 Aut
3138 2763 3362 2819 forsitan

1788 2857 1852 2910 ad
1883 2855 2021 2909 illam
2049 2854 2438 2924 antiquitatem,
2468 2870 2587 2924 quae
2614 2854 2787 2909 fuerat
2813 2864 2936 2910 ante
2967 2856 3362 2926 praevaricatio-

1787 2961 1908 3000 nem
1940 2944 2088 3011 Adin,
2114 2945 2343 2999 restituit
2365 2960 2464 3001 nos
2491 2946 2823 3016 regeneratio
2853 2948 3072 3001 nostra?
3097 2947 3358 3014 Quoniam

134 3013 304 3121 g’f‘f
325 3033 398 3121 _'"
418 3059 432 3083 ν
473 3018 553 3088 5l-
589 3017 833 3121 ,ῥυάξδηῑ
875 3034 1005 3089 ωἐο
1040 3023 1686 3121 ρειιειοεῇφιξνεηῑθιιιετ
1788 3035 1999 3105 quidem
2021 3076 2036 3102 ,
2065 3044 2120 3090 ut
2141 3035 2344 3099 dicitis,
2372 3038 2487 3091 sine
2515 3013 2711 3105 spiritu
2739 3047 2925 3093 sancto
2956 3039 3119 3121 creati
3153 3055 3360 3103 sumus,

132 3101 425 3162 Trinitatem
457 3109 840 3178 praedicantes,
871 3120 925 3166 et
970 3101 1234 3182 nunquam
1266 3113 1520 3182 Spiritum
1564 3130 1687 3171 san-

133 3208 263 3254 etum
290 3203 646 3267 universitati,
687 3219 802 3271 qua:
833 3219 929 3273 per
955 3204 1145 3260 Filium
1181 3205 1315 3261 facta
1344 3216 1458 3274 est,
1489 3223 1693 3264 connu-

135 3307 407 3359 merantes,
438 3297 529 3352 sed
575 3312 694 3352 cum
739 3296 895 3354 Patre
922 3310 977 3354 et
1009 3301 1142 3355 Filio
1186 3316 1311 3358 eum
1352 3305 1686 3372 proﬁtentes.

135 3382 268 3446 Quod
294 3386 335 3440 si
366 3388 656 3443 Salvatoris
693 3389 995 3457 instructio,
1030 3403 1087 3447 ut
1131 3394 1305 3457 aiunt,
1349 3407 1526 3463 movet
1560 3414 1652 3453 eos
1673 3436 1688 3458 ,

137 3475 337 3532 dit-cutis
363 3495 377 3532 :
411 3479 540 3533 Htec
569 3489 642 3533 est
665 3490 833 3534 autem
859 3483 962 3536 vita
983 3492 1190 3552 interna,
1221 3494 1272 3538 ut
1295 3499 1600 3556 cognoscant
1642 3499 1692 3544 te

138 3565 282 3620 solum
318 3585 484 3622 verum
521 3567 721 3636 Deum,
753 3581 798 3624 et
843 3588 992 3641 quem
1019 3576 1199 3628 misisti
1227 3574 1403 3631 Iesum
1429 3577 1687 3636 Christum

137 3652 292 3720 (Ioan.
317 3675 441 3724 svn,
474 3662 550 3728 3),
581 3670 632 3714 et
657 3675 762 3715 non
791 3662 1118 3730 perhibentis
1139 3674 1198 3720 ut
1223 3677 1547 3735 cognoscant
1566 3670 1686 3737 Spi-

139 3746 275 3801 ritum
299 3761 567 3815 sanctum;
604 3751 829 3806 satisﬁet
853 3753 960 3808 illis
987 3769 1107 3809 cum
1137 3756 1353 3812 audiant
1381 3759 1552 3827 ipsum
1585 3763 1688 3818 Do-

138 3840 312 3893 minum
338 3841 663 3896 Salvatorem
695 3852 934 3897 nostrum
963 3854 1017 3898 et
1042 3845 1109 3901 de
1140 3846 1342 3915 Spiritu
1374 3848 1636 3919 dicentem
1668 3869 1682 3909 :

140 3926 190 3979 Si
209 3929 403 4002 diligitis
422 3948 520 3997 me,
547 3935 787 3986 mandata
808 3949 918 3986 mea
945 3945 1157 4000 servate,
1184 3945 1229 3990 et
1256 3953 1346 4007 ego
1371 3940 1560 4008 rogabo
1589 3940 1687 3996 Pa-

138 4029 271 4090 trem,
298 4037 340 4079 et
367 4028 527 4079 alium
557 4025 873 4080 Paraclitum
898 4027 1038 4081 dabit
1067 4029 1202 4081 vobis
1223 4067 1237 4092 ,
1270 4039 1324 4082 ut
1365 4043 1565 4084 maneat
1595 4049 1683 4086 vo-

139 4118 301 4172 biscum
329 4122 378 4174 in
399 4129 642 4175 internum
667 4137 686 4174 :
718 4121 970 4189 Spiritum
1004 4123 1223 4176 ueritatis
1242 4163 1256 4186 ,
1284 4139 1429 4189 quem
1463 4126 1684 4180 mundus

136 4223 220 4261 non
252 4220 401 4278 potest
425 4214 670 4281 accipere,
700 4213 817 4280 quia
845 4229 943 4266 non
971 4215 1092 4267 vidit
1123 4231 1266 4279 eum,
1299 4232 1388 4269 nec
1428 4220 1684 4286 cognoscit

139 4313 233 4350 cum
255 4317 270 4354 :
297 4318 379 4355 vos
403 4312 570 4355 autem
598 4305 896 4373 cognoscitis
919 4321 1050 4369 eum,
1077 4308 1200 4376 quia
1223 4309 1363 4376 apud
1382 4326 1466 4363 vos
1490 4322 1679 4378 manet,

1793 3127 2059 3195 quomodo
2082 3141 2207 3181 vero
2234 3125 2319 3181 hic
2347 3135 2649 3195 assumptus
2677 3134 2758 3182 est
2782 3129 2898 3183 sine
2923 3119 3080 3185 causa
3122 3130 3174 3182 in
3203 3145 3358 3201 rege-

1740 3254 1745 3261 .
1792 3219 2064 3273 neratione
2087 3218 2303 3272 nostra?
2331 3217 2522 3274 Verum
2547 3217 2646 3272 hoc
2665 3217 2844 3274 dicere
2867 3219 3214 3288 irreligiosum
3237 3232 3319 3276 est
3340 3238 3359 3278 :

1789 3317 1883 3363 aut
1910 3324 1978 3365 ne
2009 3309 2180 3379 major
2204 3317 2257 3365 et
2285 3312 2486 3364 cautior
2527 3316 2778 3378 tanquam
2808 3309 2923 3365 sine
2951 3325 3016 3365 eo
3056 3321 3266 3367 creatus
3294 3314 3360 3368 sit

1792 3398 1973 3463 homo,
2013 3411 2067 3454 et
2093 3399 2369 3462 exciderit,
2403 3399 2523 3453 ideo
2551 3399 2836 3454 assumitur
2865 3399 3096 3469 Spiritus
3123 3401 3176 3456 in
3208 3417 3360 3472 rege-

1790 3489 2065 3545 neratione
2090 3501 2267 3545 nostra
2290 3490 2355 3544 ad
2387 3492 2599 3546 tutelam
2627 3493 2949 3546 certiorem?
2977 3493 3080 3548 Sed
3111 3503 3167 3548 et
3186 3493 3362 3566 ipsum

1792 3578 1944 3634 valde
1973 3581 2212 3649 impium,
2244 3582 2324 3637 vel
2353 3582 2406 3635 in
2437 3595 2651 3637 sensum
2683 3583 2993 3654 cujusquam
3024 3585 3225 3640 subire.
3267 3586 3361 3642 Di-

1789 3677 1915 3724 cant
1944 3672 2102 3740 igitur
2131 3673 2399 3741 quomodo
2425 3672 2658 3742 Spiritus
2686 3676 2976 3730 assumitur
3003 3676 3055 3730 in
3084 3690 3363 3745 regenera-
3414 3677 3416 3680 ’

1794 3759 1993 3815 tionem
2024 3772 2282 3827 nostram,
2313 3762 2403 3831 qui
2430 3778 2536 3816 non
2561 3761 2765 3818 creavit
2795 3776 2891 3816 nos
2921 3764 2987 3818 ab
3016 3765 3185 3833 initio,
3209 3766 3255 3819 si
3288 3775 3360 3820 ta-

1789 3863 1911 3903 men
1940 3864 2042 3904 uon
2071 3850 2288 3906 creavit.
2311 3850 2506 3904 Dicitis
2531 3849 2667 3906 forte
2696 3859 2754 3906 ut
2784 3851 3076 3908 sanctificet
3098 3854 3360 3910 accedens

1790 3929 1871 3991 tes
1902 3937 1966 3992 ad
2009 3939 2276 3994 lavacrum
2322 3940 2783 4008 regenerationis?
2822 3940 2912 3996 Est
2955 3943 3094 3996 enim
3132 3943 3361 4012 Spiritus

1785 4035 2035 4093 sanctus,
2079 4028 2412 4084 sanctiﬁcans
2442 4040 2687 4090 sanctos.
2736 4045 2839 4084 non
2883 4041 3057 4087 tamen
3100 4032 3356 4101 creator:

1783 4117 1959 4170 omnia
2008 4133 2069 4173 ex
2119 4118 2228 4173 Deo
2274 4117 2599 4197 pet-Filium
2643 4131 2817 4174 creata
2865 4131 3017 4187 sunt,
3066 4125 3356 4179 Secundum

1783 4206 2004 4261 Paulum
2035 4208 2298 4264 dicentem
2334 4227 2346 4264 :
2379 4207 2542 4264 Nobis
2579 4227 2694 4264 vero
2734 4227 2865 4265 unus
2905 4211 3040 4267 Deus
3080 4213 3257 4279 Pater,
3295 4231 3359 4270 ea:

1782 4312 1878 4366 quo
1908 4300 2098 4363 omnia,
2126 4309 2171 4352 et
2205 4315 2333 4352 unus
2365 4299 2608 4354 Dominus
2639 4311 2806 4355 noster
2827 4299 2972 4361 Iesus
2993 4302 3246 4371 Christus,
3269 4324 3358 4375 per

138 4399 176 4438 et
195 4391 240 4444 in
258 4396 384 4449 vobis
407 4397 498 4449 erit
520 4392 698 4464 (Ioan.
725 4410 832 4460 stv,
858 4397 966 4462 l5).
992 4397 1285 4452 Advertant
1305 4398 1460 4468 igitur
1481 4409 1534 4455 et
1555 4416 1681 4470 apo-

1783 4406 1933 4459 quem
1959 4394 2148 4456 omnia,
2177 4403 2223 4446 et
2253 4409 2342 4446 nos
2370 4409 2459 4461 per
2485 4395 2653 4464 ipsum
2683 4395 2723 4466 (l
2745 4394 2863 4449 Cor.
2900 4412 3014 4460 vm,
3042 4397 3121 4467 6).
3150 4398 3242 4453 llic
3264 4415 3352 4454 att-

138 4479 280 4535 stolos
304 4485 513 4554 quidem
543 4496 926 4554 cognoscentes
954 4496 1008 4541 et
1049 4486 1302 4554 Spiritum
1323 4532 1339 4556 ,
1369 4500 1421 4545 et
1453 4491 1640 4546 Filium
1663 4535 1680 4559 ,

136 4574 180 4619 et
201 4567 391 4627 Patrem
418 4589 432 4628 :
464 4574 716 4629 mundum
747 4589 873 4629 vero
903 4575 1284 4644 miserabilem,
1314 4581 1433 4647 quia
1459 4596 1563 4636 non
1593 4597 1682 4636 co-

137 4665 347 4723 gnoverit
375 4664 606 4729 Patrem,
640 4680 812 4735 neque
841 4664 1054 4730 Filium,
1087 4682 1260 4737 neque
1290 4668 1574 4736 Spiritum,
1600 4673 1682 4727 di-

137 4760 266 4806 cente
293 4753 543 4820 Domino,
573 4755 691 4824 quia
726 4770 826 4808 non
862 4765 1202 4825 cognouerunt
1228 4757 1482 4825 Patrem,
1521 4778 1679 4831 neque

136 4855 200 4894 me
225 4844 400 4913 (Ioan.
433 4864 556 4914 xu,
587 4851 663 4917 5).
698 4850 762 4904 Et
802 4851 1026 4920 iterum,
1071 4853 1390 4916 Paraclitum
1421 4856 1673 4925 Spiritum

138 4937 370 5006 veritatis,
401 4957 558 5011 quem
601 4943 829 4997 mundus
876 4959 979 4997 non
1034 4955 1204 5013 potest
1251 4949 1521 5016 accipere,
1555 4951 1674 5018 quia

138 5037 222 5078 non
259 5032 426 5097 videt,
474 5046 573 5085 nec
608 5034 878 5101 cognoscit
920 5048 1062 5088 eum.
1122 5035 1493 5104 Signiﬁcanter
1547 5053 1675 5093 vero

140 5114 360 5178 Dominus
428 5124 586 5179 alium
651 5124 965 5178 Paraclitum
1037 5141 1156 5180 esse
1220 5127 1356 5180 dixit
1415 5126 1670 5196 Spiritum

139 5218 344 5266 Sancum
379 5232 393 5268 :
434 5215 681 5283 qucuiam
737 5225 790 5269 et
844 5215 956 5283 ipse
1009 5216 1304 5272 Paraclitus
1360 5229 1481 5283 est,
1534 5220 1671 5275 sicut

140 5290 335 5355 Joannes
386 5304 438 5357 in
497 5303 728 5371 Epistola
785 5319 877 5357 sua
924 5305 999 5357 ait
1045 5322 1056 5357 :
1111 5305 1237 5358 Ilazc
1289 5307 1425 5360 vobis
1479 5309 1671 5373 scribo,

140 5393 182 5434 Il
221 5404 312 5442 non
359 5393 564 5459 peccetis
590 5431 606 5457 ,
668 5392 800 5459 quod
859 5391 903 5446 si
960 5394 1358 5462 peccaverimus,
1434 5393 1673 5449 Paracli-

143 5479 223 5528 ltmt
265 5481 494 5535 habemus
548 5484 614 5535 ad
667 5481 874 5535 Patrem
929 5481 1105 5537 Iesum
1155 5483 1414 5538 Christum
1461 5496 1508 5539 et
1563 5488 1675 5555 ipse

145 5571 398 5631 propitian
441 5582 512 5626 est
550 5589 642 5643 pro
686 5575 902 5642 peccatis
950 5575 1138 5628 nostris
1180 5572 1250 5642 (I
1288 5574 1444 5630 Ioan.
1494 5593 1549 5639 ll,
1600 5579 1672 5648 l).

150 5651 196 5710 Ut
217 5661 511 5719 docerentur
552 5665 781 5736 Spiritus
822 5681 942 5722 cum
986 5666 1119 5723 Filio
1170 5668 1545 5738 mqutilitatem.
1577 5670 1676 5725 Ve-

1788 4489 1893 4534 tem
1935 4481 2064 4536 nihil
2099 4482 2164 4536 de
2191 4483 2387 4550 Spiritu
2415 4492 2600 4538 sancto
2641 4484 2792 4540 di'xit.
2835 4485 3037 4552 Quibus
3065 4490 3359 4556 responde-

1787 4588 1940 4628 mus:
1973 4575 2133 4644 306
2161 4574 2349 4628 Sancta
2381 4587 2475 4643 per
2517 4573 2703 4628 Filium
2744 4585 2922 4631 creata
2964 4585 3045 4631 est
3071 4588 3312 4632 creatura
3336 4623 3352 4648 ,

1784 4672 1873 4716 aut
1902 4679 2005 4718 non
2037 4664 2254 4718 sancta?
2287 4662 2354 4718 Et
2380 4664 2592 4734 quidem
2640 4681 2743 4719 non
2786 4675 3021 4723 sanctam
3055 4667 3156 4723 dici
3197 4682 3231 4730 a
3260 4669 3360 4722 Do-

1781 4753 1926 4807 mino
1969 4764 2202 4810 creatam
2244 4768 2361 4809 esse
2407 4750 2649 4810 illicitum
2690 4764 2791 4812 est.
2841 4757 2898 4812 Si
2947 4774 3074 4814 vero
3120 4768 3356 4815 sanctam

1779 4859 1895 4899 crea
1912 4846 1989 4900 vit
2017 4846 2209 4913 Filius,
2242 4862 2380 4902 nunc
2410 4848 2745 4903 sanctiﬁcans
2770 4865 2884 4905 eam
2917 4854 2966 4905 in
2997 4852 3228 4922 Spiritu,
3258 4867 3354 4906 su-

1782 4937 1978 5006 perﬂua
2006 4950 2085 4993 est
2115 4956 2234 5009 quae
2260 4939 2421 4994 datur
2442 4940 2491 4994 ei
2521 4956 2613 5010 per
2640 4942 2881 5008 spiritum
2908 4943 3274 5009 sanctiﬁcatio,
3302 4955 3356 4999 et

1776 5029 1928 5084 valde
1963 5030 2171 5085 infirma
2218 5041 2379 5102 atque
2427 5033 2636 5088 inanis:
2669 5034 2830 5088 veluti
2867 5049 2986 5089 cum
3026 5036 3137 5091 sole
3177 5022 3356 5096 medio

1774 5138 1928 5178 cursu
1961 5124 2066 5178 diei
2102 5125 2432 5180 illuminante
2464 5127 2682 5190 orbem,
2728 5126 2816 5193 qui
2858 5127 2956 5181 sub
2982 5131 3118 5182 caelo
3144 5133 3230 5180 est
3259 5143 3346 5180 suo
3442 5187 3449 5192 _

1775 5214 2007 5283 perﬂuus
2039 5225 2093 5268 et
2126 5216 2390 5281 inﬁrmus,
2421 5216 2698 5285 inanisque
2729 5216 2956 5270 lacerna:
2987 5217 3053 5270 sit
3079 5214 3347 5284 splendor.

1779 5303 1882 5357 Sed
1915 5307 2163 5372 quoniam
2195 5321 2297 5360 non
2328 5308 2652 5372 merebatur,
2682 5306 2956 5374 inquiunt,
2989 5315 3228 5360 creatura
3259 5320 3356 5374 per

1783 5393 1975 5447 Filium
2004 5395 2346 5460 sanctiﬁcari,
2365 5397 2482 5449 ideo
2504 5395 2850 5449 ministerium
2879 5394 3095 5464 Spiritui
3125 5395 3355 5462 iniunxit

1783 5485 1954 5549 Deus,
1987 5496 2041 5540 ut
2089 5503 2181 5555 per
2209 5490 2357 5542 illum
2384 5487 2838 5559 sanctiﬁcaretur.
2871 5486 3008 5554 Ergo
3038 5486 3207 5540 creari
3235 5477 3354 5555 qui-

1783 5579 1902 5632 dem
1933 5593 2028 5646 per
2055 5580 2241 5634 Filium
2270 5581 2479 5644 meruit,
2511 5577 2828 5634 sanctificari
2855 5589 2982 5631 vero
3009 5591 3110 5630 non
3137 5577 3351 5631 meruit.

1785 5669 1918 5735 Quid
1942 5669 2094 5737 igitur
2121 5671 2289 5740 majus
2329 5678 2411 5726 est
2435 5669 2600 5724 creari
2625 5683 2692 5722 an
2740 5667 3056 5722 sanctiﬁcari
3077 5670 3098 5708 9
3126 5667 3354 5724 Pensate
