3856 6222
546 329 665 391 '5”;~

1832 304 2048 359 VllilLll
2086 302 2121 355 Ἰ

2222 297 2455 354 δεκδεε
2554 287 2556 290 ’
2615 254 2621 262 ’
3695 286 3786 337 διε

551 451 724 512 itaque
752 450 945 496 statera
974 437 1165 492 tuentis
1192 441 1376 488 vestra:
1401 424 1757 491 concipieutcs
1777 461 1792 482 ,
1825 429 1880 470 ut
1912 418 1994 472 vel
2025 415 2099 471 sit:
2132 419 2171 473 Α
2202 410 2345 461 ἀει-υἷι
2375 423 2458 461 θοι
2488 421 2574 473 Ρετ
2615 405 2845 472 “bili-“ml
2865 443 2878 464 ο
2910 401 3037 473 δίαιέ
3075 417 3256 468 ετνίειτη
3289 413 3378 464 Ρεν
3415 397 3682 447 (ίαενηίίυ
3700 436 3713 460 ι
3747 413 3787 448 εί

1763 511 1771 512 ,
1855 510 1864 512 _
1896 508 1906 512 -
2043 506 2064 512 -
2350 494 2363 512 ι
2402 495 2414 512 ι
2439 500 2686 512 _,,M_-,_--._.
2721 499 2951 512 .-..--.-...
2994 490 3217 512 :.....-...-
3258 502 3345 512 ...α
3377 500 3621 512 ι--.η-υοκ
3646 498 3660 509 ο
3711 485 3784 512 Α..

551 506 887 618 qoiisiderare
914 525 1144 593 possitis,
1174 519 1311 587 quod
1333 515 1544 585 vosipsi
1567 512 1730 566 etiam
1761 508 1908 563 inviti
1931 506 2100 560 conli-

553 598 730 675 ietnini
753 619 981 684 Spiritus
1005 609 1330 676 dignitatem.
1363 605 1500 670 Ergo
1525 601 1696 655 creari
1725 598 1934 675 quidem
1955 610 2107 649 crea-

555 700 668 763 tura
697 721 791 779 per
815 707 996 760 Filium
1027 699 1342 756 merebatur,
1374 691 1684 747 ~attctiticari
1713 704 1840 743 vero
1864 703 1955 754 per
1980 685 2105 752 Spi-

558 804 745 861 ritum,
793 795 914 858 quia
965 791 1180 842 minime
1222 785 1494 854 indignam
1542 795 1638 836 sua
1689 779 2108 832 sanctiﬁcatione

556 885 814 939 creari-rit
840 881 1019 933 Filius.
1052 877 1153 931 Sed
1186 874 1499 942 Oportebat,
1525 871 1796 938 inquiunt,
1827 882 1918 934 per
1942 865 2110 933 Spiri-

506 954 509 958 I
561 960 667 1027 tum
695 975 933 1024 sanctum
962 965 1275 1020 sanctilicari
1297 979 1414 1016 eam
1441 963 1602 1029 prius,
1635 968 1690 1012 ut
1717 960 1794 1012 sic
1820 966 2110 1010 mereretur

554 1071 743 1128 capere
771 1074 863 1127 per
884 1058 1091 1111 'Fiilum-
1112 1065 1167 1110 et
1207 1055 1409 1107 Patrem
1436 1049 1925 1104 sanctiticatiouem.
1981 1046 2112 1112 Qui-

559 1151 653 1202 bus
678 1149 900 1200 dicimus
924 1163 948 1202 τ
972 1147 1106 1214 Ergo
1128 1157 1230 1196 non
1253 1150 1428 1195 sancta
1450 1152 1660 1191 creasse
1684 1136 1870 1189 Filium
1893 1134 2112 1186 dicetis?

559 1238 662 1292 Sed
695 1237 831 1288 absit
857 1253 870 1288 :
902 1249 1071 1302 neque
1095 1233 1236 1285 enim
1262 1233 1372 1282 sine
1395 1227 1524 1280 Filio
1541 1225 1771 1293 Spiritus
1797 1223 2110 1284 sanctificat,

559 1342 657 1381 nec
696 1327 868 1383 Filius
896 1324 1007 1377 sine
1027 1320 1227 1390 Spiritu
1262 1318 1342 1370 vel
1373 1315 1523 1370 Patre
1543 1353 1560 1378 ,
1603 1313 1756 1368 sic-uti
1785 1320 1839 1365 et
1865 1324 1956 1373 vos
1982 1309 2115 1361 disl-

559 1421 684 1484 stis,
712 1427 766 1472 et
795 1425 874 1472 est
909 1398 1086 1468 vcrqu
1119 1410 1256 1478 quod
1294 1410 1484 1463 Paulus
1524 1407 1587 1458 ad
1619 1401 2115 1458 Thessalo'nicenscs

561 1505 798 1564 scribens
843 1506 955 1559 ait:
987 1503 1103 1573 Ipse
1137 1510 1305 1554 autem
1346 1497 1513 1559 Deus,
1556 1507 1601 1548 et
1645 1495 1798 1548 Pater
1837 1500 2026 1557 noster,
2071 1498 2116 1542 et

565 1592 808 1670 Dominus
835 1592 983 1648 Iesus
1020 1591 1248 1644 Christus
1287 1587 1559 1663 sanctiﬁcet
1596 1599 1681 1637 vos
1729 1582 1796 1634 ad
1844 1580 2114 1646 perfectum

565 1679 628 1752 (l
670 1685 840 1748 Thess.
883 1697 938 1745 ν,
975 1683 1091 1747 ‘23).
1140 1678 1217 1733 Ad
1268 1677 1566 1731 Corinthios
1611 1689 1738 1728 vero
1784 1672 1837 1725 in
1885 1669 2121 1739 EPiﬂOla

562 1775 764 1842 prima:
798 1772 900 1827 Sed
925 1772 1080 1824 abluti
1102 1770 1235 1831 estis,
1258 1769 1344 1822 sed
1373 1765 1672 1832 sanctiﬁcati
1691 1764 1830 1828 estis,

563 1864 702 1932 ﬁcati
725 1863 869 1925 estis,
900 1863 950 1912 in
977 1863 1172 1912 nomine
1197 1856 1400 1910 Domini
1429 1858 1586 1908 nostri
1603 1852 1724 1906 Jrsu
1753 1850 1969 1913 Christi,
1996 1858 2040 1900 et
2069 1848 2118 1899 in

566 1939 764 2025 Spiritu
796 1954 886 2007 Dei
906 1954 1065 2007 nostri
1093 1952 1139 2020 (l
1167 1951 1282 2004 Cor.
1312 1965 1390 2014 Vl,
1430 1947 1535 2015 ll).
1565 1945 1839 1998 Videtisne
1865 1941 2118 1994 unitatem

565 2043 1015 2102 sanctiﬁcatiOnis,
1049 2039 1312 2107 quomodo
1342 2037 1514 2097 Pater,
1537 2044 1585 2086 ct
1615 2033 1798 2093 Filius,
1824 2039 1876 2083 et
1894 2029 2120 2092 Spiritus

567 2143 777 2188 sanctus
802 2131 1134 2186 sanctiﬁcant
1152 2123 1486 2179 creaturam?
1510 2121 1562 2176 Si
1597 2121 1752 2190 igitur
1773 2126 1950 2172 sancta
1971 2129 2120 2169 crea-

567 2224 639 2276 tio
663 2228 840 2275 creata
861 2230 961 2279 cst,
990 2217 1105 2270 siue
1125 2215 1320 2282 Spiritu
1348 2219 1522 2264 autem
1539 2217 1732 2261 sancto
1759 2222 1862 2258 non
1892 2213 1973 2258 est
2001 2217 2123 2256 sau-

567 2311 816 2373 ctilicata,
846 2302 1062 2362 necesse
1092 2310 1172 2359 est
1195 2315 1323 2370 ergo
1348 2310 1400 2355 et
1429 2299 1680 2368 Spiritum
1711 2304 1947 2350 sanctum
1969 2308 2121 2348 erea-

571 2410 734 2452 torem
766 2410 968 2451 omnes
1007 2389 1245 2451 c'nliteri
1291 2391 1597 2445 debeamus.
1649 2386 1892 2451 Alioquin
1937 2383 1980 2435 si
2025 2382 2125 2436 hoc

570 2476 806 2538 coiillteri
841 2494 942 2538 non
975 2484 1159 2544 vultis,
1207 2480 1328 2548 quid
1369 2479 1527 2546 igitur
1569 2474 1801 2538 facietis,
1850 2471 2123 2547 dicentes,

571 2587 674 2624 nun
705 2580 938 2624 sanctam
966 2579 1258 2622 creaturam
1289 2577 1406 2619 esse
1431 2561 1774 2625 creationem,
1814 2557 2004 2611 deinde
2029 2544 2126 2624 per

571 2656 823 2721 Spiritum
884 2653 1295 2709 sanctificatam?
1338 2645 1440 2706 Srd
1487 2650 1680 2703 timetis
1725 2643 2125 2710 irreligiosltatis

517 2775 519 2777 ι
572 2754 774 2809 notam,
803 2753 1036 2798 sanctam
1066 2756 1190 2795 vero
1210 2739 1564 2794 conditionem
1587 2725 1840 2790 creatura:
1865 2731 2146 2787 omnim».

573 2831 653 2882 dis
681 2831 1013 2893 conﬁtentes,
1041 2842 1144 2882 non
1181 2835 1354 2880 tamen
1381 2825 1496 2878 sine
1522 2822 1718 2890 Spiritu
1747 2817 2122 2874 sanctiﬁcatum

573 2921 822 2984 omnEno,
865 2928 1156 2971 creatorem
1196 2915 1352 2969 etiam
1379 2910 1631 2976 Spi'ilttm
1677 2906 1908 2960 conlessi
1951 2902 2121 2958 eritis.

572 3008 727 3076 301
754 3006 807 3061 Si
834 3007 978 3058 scitis
994 3003 1220 3057 Verbum
1247 3001 1339 3055 Dei
1369 2999 1554 3053 Filium
1587 2995 1752 3064 ipsius
1777 3008 1915 3058 essc,
1939 2991 2120 3045 audite

2206 513 2306 548 non
2345 494 2686 547 laboraverunt
2716 499 2952 556 tanquam
2982 490 3217 557 jumenta
3258 502 3345 550 per
3373 498 3660 549 campum;
3710 485 3791 533 de-

2203 583 2397 644 attendit
2430 580 2659 652 Spiritus
2684 594 2714 630 tt
2747 575 2996 642 Domino,
3024 584 3070 628 et
3102 574 3308 626 dedua'it
3331 588 3414 624 eos
3438 569 3600 639 (Isai.
3628 585 3755 622 Lam
3774 612 3784 628 .

2213 674 2326 740 15).
2363 673 2560 726 Dicitur
2585 677 2760 722 autem
2788 673 2841 719 et
2869 666 2954 720 lex
2986 664 3106 727 Dei,
3141 666 3219 717 lcx
3265 663 3517 731 Spiritus.
3571 661 3651 713 De
3689 661 3789 712 sin-

2209 763 2344 830 gulis
2374 770 2548 813 autent
2587 756 2883 824 quibusque
2912 764 3213 808 sanctorum
3244 755 3294 805 in
3327 754 3607 805 tricesimo
3647 759 3788 802 sexto

2211 851 2412 919 p~almn
2439 849 2636 900 dictum
2657 855 2738 899 est
2763 864 2777 899 :
2810 845 2916 898 Lea:
2943 844 3034 897 Dei
3053 848 3160 913 ejus
3181 845 3232 895 in
3254 845 3404 894 corde
3422 843 3595 908 ipsius
3622 840 3784 908 (νισι.

2213 957 2399 1005 sui",
2431 940 2538 1005 5|).
2572 938 2644 990 De
2673 951 2730 988 se
2759 950 2884 989 vero
2912 934 3104 987 Paulus
3130 949 3142 984 :
3177 931 3367 984 Factus
3397 948 3508 982 sunt
3535 969 3551 992 ,
3587 930 3785 996 inquit,

2214 1031 2289 1083 his
2319 1029 2403 1097 qui
2439 1028 2545 1080 sine
2574 1024 2680 1094 lege
2708 1033 2852 1085 sunt,
2881 1031 3117 1089 tanquam
3147 1022 3253 1070 sine
3292 1019 3400 1087 lege
3437 1033 3634 1076 essem,
3681 1034 3784 1067 cum

2215 1127 2355 1168 extra
2384 1115 2537 1181 legem
2566 1112 2655 1163 Dei
2685 1126 2780 1161 non
2802 1124 2980 1171 essem,
3003 1107 3091 1159 sed
3112 1108 3160 1156 in
3183 1107 3289 1175 lege
3307 1121 3464 1157 essent
3491 1102 3715 1159 Christi.
3741 1114 3786 1153 ut

2213 1205 2437 1259 lucrarer
2463 1216 2544 1252 eos
2587 1200 2673 1268 qui
2701 1206 2816 1251 sunt
2849 1196 2955 1249 sine
2984 1192 3161 1265 lrge(1
3185 1192 3304 1246 Cor.
3328 1207 3405 1255 ts,
3431 1191 3550 1258 2i).
3581 1190 3650 1243 Et
3678 1208 3783 1242 rur-

2213 1307 2328 1345 sum
2359 1291 2421 1341 ad
2452 1289 2715 1340 Romanos
2741 1285 2960 1339 scribit:
2997 1284 3099 1336 Lex
3138 1284 3265 1334 enim
3304 1281 3537 1349 Spiritus
3580 1280 3701 1330 eiut
3739 1280 3784 1329 in

2214 1379 2412 1433 Christo
2433 1376 2576 1437 Jesu,
2603 1369 2828 1428 liberarii
2851 1390 2929 1426 me
2951 1390 2981 1424 a
3003 1374 3108 1441 lege
3126 1373 3314 1441 peccati
3339 1384 3383 1423 et
3407 1371 3587 1423 mortis
3613 1372 3633 1436 (
3644 1369 3779 1421 Rata.

2214 1485 2326 1532 vm,
2355 1470 2435 1533 2).
2468 1467 2540 1520 Ita
2573 1475 2627 1518 ttt
2657 1465 2830 1518 unitas
2848 1462 3124 1518 Trinitatis
3155 1460 3485 1514 inveniretur
3511 1461 3570 1512 in
3595 1462 3783 1511 sanctis

2216 1558 2499 1624 Scripturis
2531 1575 2542 1608 :
2575 1557 2735 1625 3-03
2763 1568 2878 1623 qua
2909 1552 3048 1607 enim
3087 1560 3206 1604 sunt
3235 1550 3325 1603 Dei
3357 1564 3418 1602 ac
3456 1547 3693 1610 Christi,
3731 1561 3784 1600 ac

2221 1648 2449 1714 Spiritus
2477 1649 2642 1699 sancti
2677 1646 2975 1714 Invenimus
3018 1643 3068 1695 in
3109 1643 3220 1704 eis,
3267 1650 3324 1694 ut
3363 1655 3485 1693 cum
3536 1636 3783 1690 Dominus

1861 1724 1946 1816 mi
1964 1761 2115 1831 ἰωή,
2153 1762 2191 1820 Β
2222 1737 2415 1803 ,Ιιιάεείε
2446 1737 2619 1789 d'cat:
2654 1734 2863 1788 Reddite
2887 1747 3003 1800 ergo
3031 1746 3143 1801 qua
3169 1739 3282 1782 sunt
3311 1728 3530 1808 Caesaris
3573 1724 3781 1784 σφωε.

2219 1840 2264 1882 et
2293 1845 2403 1894 qua:
2434 1828 2525 1881 Dei
2553 1837 2668 1881 sunt
2688 1869 2702 1890 ,
2737 1825 2839 1878 Deo
2886 1824 3036 1892 (Luc.
3069 1839 3158 1883 xx,
3189 1822 3301 1888 25).
3335 1804 3535 1873 Paulus
3581 1833 3781 1887 quoque

2218 1918 2279 1969 ad
2316 1917 2682 1984 Pliil'pp‘enses
2725 1914 2945 1968 seribit:
2989 1911 3172 1984 Omnes
3201 1910 3332 1961 enim
3376 1924 3492 1977 qua:
3537 1923 3636 1961 sna
3678 1914 3780 1957 sunt

2217 2013 2465 2071 quaerunt,
2497 2019 2595 2054 non
2615 2016 2726 2069 qua:
2747 2001 2871 2055 Jesu
2895 1998 3088 2053 Christi
3111 1996 3327 2066 (Philip.
3354 2011 3411 2059 tt,
3437 1994 3556 2062 τι).
3603 1992 3672 2046 Et
3695 1994 3778 2046 ite.

2219 2107 2333 2145 runt
2372 2091 2436 2144 ad
2476 2089 2815 2143 Corinthios:
2851 2088 3095 2142 Animalis
3126 2096 3294 2140 autem
3329 2086 3478 2137 homo
3521 2102 3629 2138 non
3659 2085 3782 2148 capit

2218 2194 2331 2243 qua:
2365 2188 2482 2232 sunt
2512 2177 2736 2248 Spiritus
2765 2176 2859 2229 Dei
2889 2175 2942 2246 (1
2970 2176 3087 2230 Cor.
3120 2193 3191 2240 tt,
3220 2177 3350 2243 H):
3381 2175 3608 2229 stultitia
3648 2175 3776 2226 enim

2225 2279 2304 2323 est
2330 2269 2465 2337 cjus.
2499 2269 2564 2322 Et
2604 2269 2843 2322 homines
2877 2269 3089 2336 quidem
3135 2268 3226 2321 Dei
3260 2278 3434 2335 patres
3463 2267 3666 2328 nostri,
3699 2277 3777 2316 no-

2223 2359 2362 2411 mine
2389 2359 2481 2411 Dei
2508 2376 2526 2411 ξ
2551 2357 2837 2412 Christiani
2861 2372 2988 2412 vero
3008 2356 3272 2423 discipuli,
3301 2357 3520 2409 nomine
3541 2354 3735 2407 Christi
3761 2370 3772 2405 :

2225 2455 2278 2500 et
2307 2447 2571 2514 spiritales
2592 2446 2821 2514 Spiritus
2840 2447 3005 2499 sancti
3033 2445 3247 2499 nomine
3269 2452 3664 2513 nuncupantur.
3689 2445 3778 2497 Au-

2224 2539 2410 2592 dienda
2444 2553 2670 2605 namque
2698 2548 2779 2591 est
2807 2539 2895 2591 illa
2926 2538 2976 2590 in
3014 2537 3236 2604 Sarepta
3279 2537 3516 2591 Sidonia:
3541 2534 3693 2588 Vidua
3720 2534 3773 2585 ad

2223 2630 2424 2684 Heliam
2451 2627 2766 2691 Thesbiten,
2795 2627 2978 2681 dicens
3006 2643 3020 2679 :
3053 2627 3190 2691 Quid
3213 2626 3336 2678 mihi
3360 2633 3407 2678 et
3433 2626 3528 2678 tibi
3550 2634 3628 2678 est
3647 2626 3776 2676 hctus

2230 2716 2322 2770 Dei
2355 2713 2472 2771 (Ill
2509 2714 2631 2785 Reg.
2663 2729 2798 2777 xm,
2833 2713 2965 2783 is)?
2997 2713 3061 2766 Et
3091 2727 3336 2766 rursum:
3377 2711 3774 2779 Nunccognosi.

2220 2806 2339 2874 quia
2369 2801 2521 2856 homo
2545 2797 2638 2856 Dei
2665 2818 2717 2856 es
2756 2812 2809 2855 tu
2835 2801 3021 2871 (lbid.,
3046 2800 3162 2870 24).
3194 2800 3288 2854 Illa
3323 2815 3453 2854 vero
3477 2799 3668 2853 mulier
3694 2798 3776 2851 Su-

2223 2896 2434 2949 nam‘tis
2464 2895 2576 2948 viro
2614 2909 2710 2948 suo
2739 2895 2806 2950 de
2847 2895 3037 2948 Elissa
3080 2894 3263 2947 dicens
3293 2908 3307 2946 :
3344 2891 3474 2946 Ecce
3500 2892 3658 2945 horno
3698 2889 3775 2940 Dei

2222 3003 2435 3058 magnus
2470 2987 2603 3040 uenit
2646 2985 2715 3038 ad
2763 3001 2855 3038 nos
2900 2983 3005 3054 (IV
3031 2983 3156 3055 Rvg.
3191 2992 3262 3048 tv,
3293 2981 3369 3052 9).
3393 3048 3396 3050 _
3420 2983 3538 3044 Ipsa
3580 2993 3773 3049 quoque

573 3070 736 3149 Divi-tl
781 3095 830 3147 in
871 3094 1070 3161 psalmo
1115 3091 1373 3162 dicentem
1402 3107 1415 3142 :
1455 3087 1617 3139 Verbo
1649 3083 1744 3138 Dei
1787 3082 1897 3136 cali
1934 3081 2124 3149 [innati
2149 3093 2194 3154 ο
2224 3078 2490 3145 Scriptura
2523 3078 2826 3145 Regnorum
2856 3077 2968 3129 ait:
3000 3073 3064 3126 Et
3088 3076 3235 3127 homo
3267 3070 3362 3126 Dei
3385 3074 3518 3128 venit
3547 3070 3774 3134 ezlsds,

571 3187 718 3251 sunt,
749 3192 795 3236 et
839 3182 1037 3249 Spiritu
1083 3183 1185 3234 oris
1212 3183 1318 3248 ejus
1361 3179 1520 3233 omnis
1560 3179 1713 3229 virtus
1755 3189 1928 3226 eorum
1957 3171 2122 3241 (Psal.

569 3295 749 3338 sun.
784 3278 858 3346 (ἲ).
907 3287 960 3331 et
983 3278 1260 3332 docentem
1303 3289 1400 3327 nos
1428 3289 1530 3326 non
1574 3273 1687 3325 sine
1715 3269 1914 3338 Spiritu
1943 3275 2126 3320 sancto

573 3369 753 3435 (quem
781 3381 1037 3432 corporeo
1058 3380 1151 3418 ore
1176 3378 1276 3417 suo
1306 3362 1536 3415 Veritum
1565 3360 1616 3412 in
1646 3359 1829 3411 faciem
1857 3355 2123 3424 apostolo-

571 3471 688 3507 rum
738 3454 1043 3520 inspiravit,
1087 3454 1264 3506 dicens
1296 3468 1310 3503 :
1341 3451 1560 3518 Accipite
1609 3447 1855 3516 Spiritum
1900 3451 2126 3497 sanctum

569 3545 750 3616 μοαη.
785 3561 850 3597 λι
875 3585 889 3605 ,
917 3544 1045 3615 22])
1091 3553 1382 3596 creaturam
1413 3557 1537 3601 e"se7
1560 3549 1811 3592 creatam.
1859 3537 2039 3605 Neque
2066 3549 2127 3590 ns

573 3633 829 3696 trahebat,
883 3648 1001 3684 cum
1053 3634 1122 3683 s‘t
1179 3631 1506 3690 incorporale
1549 3627 1778 3680 Veritum
1827 3626 1908 3677 vel
1975 3624 2128 3690 hujus

577 3718 645 3775 Pa
670 3733 750 3772 er.
778 3719 1020 3786 Alioquin
1051 3720 1093 3773 si
1132 3719 1198 3772 ab
1221 3719 1367 3771 initio
1395 3718 1510 3772 sine
1535 3717 1732 3775 Spiritu
1757 3722 1942 3767 sancto
1967 3713 2126 3767 creati

573 3821 786 3870 sumne,
834 3807 1097 3874 quomodo
1137 3821 1231 3874 per
1271 3820 1392 3859 eum
1442 3804 1764 3858 resurrectio
1802 3808 2126 3855 mortuorum

576 3895 866 3948 elﬁcietur?
896 3896 1084 3950 Paulus
1114 3904 1289 3947 autem
1320 3892 1385 3946 ad
1416 3892 1682 3944 Romanos
1713 3889 1842 3943 dicit
1868 3905 1884 3942 :
1915 3888 1974 3942 Si
2003 3887 2128 3952 δρία

576 3988 700 4037 ritus
727 3987 855 4054 ejus,
877 3986 961 4052 qui
983 3980 1431 4036 suteitasitJesuut
1452 3979 1706 4034 Christum
1730 3994 1762 4029 ιι
1786 3977 2013 4040 mortuis,
2039 3978 2128 4028 ια-
2179 4034 2184 4039 ,

578 4079 698 4130 bitat
718 4080 769 4130 in
791 4077 946 4139 vobis,
972 4075 1059 4144 qui
1086 4074 1341 4127 suscitauit
1362 4071 1537 4125 Jesum
1561 4068 1813 4131 Christum
1841 4084 1884 4118 a.
1897 4068 2124 4130 mortuis,

577 4168 846 4235 uiuiﬁcohit
877 4177 922 4219 et
959 4143 1192 4218 mortalia
1229 4177 1440 4229 corpora
1465 4167 1628 4213 uestra
1651 4170 1742 4227 per
1770 4143 2127 4209 inhabitatttent

579 4257 827 4323 Spiritum
855 4271 996 4305 suum
1025 4256 1076 4304 in
1105 4253 1239 4304 nobis
1265 4252 1439 4321 (Rom.
1469 4263 1579 4310 vttt,
1610 4248 1719 4315 Η).
1751 4247 2125 4300 Cunvenlentia

579 4357 704 4396 vero
749 4342 870 4394 huic
913 4338 1078 4392 David
1123 4349 1340 4392 cantans
1385 4337 1516 4398 Deo,
1559 4335 1684 4388 dicit
1727 4334 1795 4387 de
1838 4342 2122 4387 creatura:

2224 3177 2274 3218 et
2293 3165 2605 3235 prophetarit
2627 3181 2776 3232 super
2801 3164 2963 3216 altare
2991 3161 3166 3215 Bethel
3189 3161 3238 3230 (l
3254 3159 3294 3215 γ
3321 3161 3447 3232 Reg.
3475 3176 3604 3214 nm
3627 3201 3644 3224 ,
3675 3161 3772 3218 l7).

2226 3255 2434 3307 Necnon
2452 3254 2615 3306 etiam
2650 3252 2878 3305 titulatio
2905 3251 3209 3320 octogeslmi
3241 3251 3364 3304 noni
3404 3251 3629 3319 psalmi:
3663 3249 3775 3300 Ors-

2223 3341 2295 3399 tt‘o
2325 3341 2454 3396 Hosi
2481 3342 2697 3394 hominis
2730 3341 2820 3393 Dei
2845 3332 3012 3425 (Ρωι.
3039 3354 3262 3404 Lssxts,
3293 3339 3366 3407 l).
3402 3339 3570 3392 [Aeas
3592 3353 3712 3392 vero
3731 3338 3773 3388 iu

2221 3434 2441 3488 Actibus
2465 3432 2820 3497 apostolorum
2847 3434 2920 3486 ait
2947 3449 2960 3486 :
2998 3429 3218 3484 Factum
3239 3440 3309 3483 est
3328 3438 3496 3482 autem
3526 3439 3574 3482 et
3599 3430 3774 3493 integra

2224 3540 2358 3575 anno
2379 3538 2465 3574 eos
2493 3522 2757 3573 conuenire
2783 3527 2833 3572 in
2865 3519 3113 3584 Ecclesia,
3143 3528 3189 3571 et
3212 3520 3460 3587 appellari
3489 3520 3541 3570 in
3565 3517 3772 3569 Ecclesia

2228 3613 2445 3678 primum
2472 3608 2751 3678 discipulos
2771 3608 3082 3662 Christianos
3111 3609 3245 3674 (Act.
3277 3623 3347 3667 st.
3369 3607 3486 3675 20).
3515 3607 3578 3659 Et
3601 3606 3772 3659 Paulus

2210 3700 2291 3752 .ad
2318 3697 2624 3752 Corinthios
2647 3699 2835 3752 scribit
2859 3713 2873 3749 :
2905 3696 2982 3750 De
3006 3697 3315 3768 spiritalibus
3351 3707 3522 3748 autem
3557 3695 3671 3748 nolo
3700 3709 3771 3746 sas

2223 3788 2476 3856 ignorare,
2509 3789 2712 3854 fratres.
2745 3785 2924 3847 Scitis,
2952 3787 3069 3852 quia
3095 3787 3298 3853 quando
3324 3796 3492 3854 gentes
3510 3786 3688 3846 eratis,
3713 3783 3768 3834 ad

2227 3879 2367 3932 idola
2401 3888 2540 3930 muta
2577 3880 3020 3946 quantulacunque
3063 3880 3372 3935 ducebat-tisi
3410 3880 3640 3933 addicti:
3661 3894 3767 3945 qla-

2227 3977 2429 4037 propter
2447 3977 2637 4027 notant
2677 3969 2812 4034 facio
2840 3969 3010 4030 nobis,
3050 3969 3170 4037 quia
3201 3983 3345 4021 nemo
3372 3969 3427 4020 in
3458 3969 3651 4036 Spiritu
3685 3965 3766 4018 Dei

2224 4057 2370 4119 dicit,
2397 4054 2677 4108 Anathensa
2700 4053 2822 4108 Iesu
2848 4071 2868 4109 :
2894 4064 2940 4108 et
2960 4071 3103 4110 nemo
3128 4065 3284 4124 potest
3323 4057 3489 4110 dicere
3517 4056 3767 4109 Dauniam

2223 4144 2426 4208 Iesum,
2454 4145 2548 4198 nisi
2575 4145 2627 4197 in
2655 4144 2851 4211 Spiritu
2879 4155 3051 4199 sancto
3081 4143 3165 4214 (ll
3193 4145 3307 4198 Cor.
3338 4160 3438 4210 sit,
3474 4146 3546 4212 Ι).
3581 4144 3638 4198 Bt
3666 4156 3763 4196 rut-

2223 4251 2342 4288 sum
2369 4249 2385 4288 :
2417 4234 2659 4288 Animalia
2698 4233 2847 4287 homo
2873 4251 2971 4287 non
2997 4236 3132 4300 capit
3164 4250 3222 4286 ea
3257 4249 3371 4300 quc
3414 4234 3634 4300 Spiritus
3664 4237 3762 4284 sunt

2231 4327 2354 4389 Dei,
2381 4327 2593 4380 stultitia
2624 4328 2757 4378 enim
2784 4327 2830 4378 ei
2870 4336 2986 4379 sunt
3011 4342 3032 4380 .'
3058 4336 3108 4379 et
3146 4343 3244 4380 non
3274 4337 3434 4390 potest
3473 4328 3623 4387 scire,
3659 4324 3758 4390 quid

580 4431 789 4499 Auferes
825 4429 1062 4491 spiritum
1100 4441 1299 4488 eorum,
1329 4435 1375 4476 et
1417 4418 1676 4490 deﬁcient,
1720 4430 1771 4474 et
1799 4423 1853 4473 in
1880 4424 2127 4488 puluerem
2155 4437 2203 4494 υ
2228 4417 2517 4481 spiritaliter
2542 4417 2853 4485 diiudicatur
2881 4432 2899 4468 :
2929 4432 3048 4468 nam
3084 4415 3325 4484 spiritalis
3343 4417 3545 4484 judicat
3582 4411 3756 4468 omni.

578 4535 725 4577 suum
745 4530 1106 4575 convertentur.
1139 4515 1323 4571 Emitte
1343 4517 1588 4587 Sp'ritum
1612 4525 1780 4576 tuum,
1811 4523 1858 4567 et
1883 4514 2126 4566 creabun-

579 4625 681 4675 tur,
717 4622 762 4665 et
792 4611 1046 4663 renovatis
1080 4608 1260 4677 [aciein
1284 4617 1427 4659 terra:
1462 4603 1628 4672 (Ptol.
1649 4618 1770 4666 cui,
1799 4602 1913 4669 29).
1947 4601 2130 4655 lucun-

577 4714 770 4767 gruum
799 4707 878 4751 est
906 4697 1058 4749 aliter
1085 4696 1152 4748 ab
1177 4694 1330 4747 initio
1355 4691 1509 4746 condi
1535 4700 1826 4745 creatttram
1850 4727 1865 4754 ,
1895 4688 2048 4741 aliter
2077 4688 2127 4740 in

583 4789 873 4842 novissimo
909 4787 1098 4840 creari.
1128 4786 1305 4850 Itaque
1329 4784 1428 4837 etsi
1469 4797 1570 4835 non
1598 4780 1790 4842 vultis;
1818 4787 2025 4832 creatur
2054 4786 2131 4831 tae

583 4894 703 4932 nteu
733 4878 962 4945 Spiritus
985 4884 1195 4929 sanctus
1221 4875 1529 4935 Paraclitus,
1561 4872 1647 4939 qui
1687 4886 1714 4924 a
1747 4871 1853 4924 Deo
1880 4870 2125 4934 mittitur,

570 4967 900 5034 praedicatur
922 4979 948 5016 a
979 4964 1207 5017 sanctis:
1242 4961 1409 5014 llitm
1449 4961 1694 5029 Spiritum
1720 4967 1892 5023 luunt,
1924 4968 1967 5011 et
1991 4973 2129 5023 crea-

579 5056 857 5118 buntnr,et
876 5053 1135 5104 renovabis
1158 5051 1332 5116 {aciem
1355 5058 1515 5102 terra.
1536 5049 1601 5102 Et
1624 5060 1680 5101 ut
1702 5049 1873 5114 Pater,
1898 5057 1947 5100 et
1972 5047 2127 5100 Filius

577 5144 772 5197 iecisse
797 5143 990 5195 dicitur
1032 5142 1082 5193 in
1114 5139 1411 5205 Seriptura,
1446 5137 1521 5190 sic
1547 5136 1839 5190 invenietur
1863 5144 1915 5189 ct
1942 5135 2130 5191 fecisse

583 5235 1089 5313 Spiritussanctus.
1141 5231 1279 5284 Deus
1323 5229 1459 5282 enim
1511 5229 1581 5281 ait
1633 5229 1683 5280 in
1725 5227 1983 5289 Jeremia,
2037 5228 2130 5284 de-

582 5327 800 5380 duxisse
831 5325 967 5378 hunc
1009 5323 1166 5377 Israel
1198 5322 1246 5373 itt
1277 5320 1510 5387 deserto,
1541 5319 1719 5372 dicens
1742 5321 1802 5371 ad
1831 5320 2076 5387 populum
2110 5357 2124 5373 .

584 5413 652 5466 Et
694 5429 792 5464 non
834 5414 1065 5476 dixistis,
1105 5412 1189 5463 ubi
1217 5421 1287 5462 est
1320 5408 1594 5470 Dominus,
1635 5409 1717 5476 qui
1749 5407 1917 5461 eduxit
1952 5424 2040 5462 nos
2068 5409 2128 5463 de

589 5515 719 5550 terra
756 5500 995 5569 ngypti,
1027 5501 1109 5566 qui
1150 5487 1350 5550 induxit
1389 5512 1478 5550 nos
1508 5497 1780 5548 indcserto
1805 5496 2018 5561 (Jerem.
2051 5512 2124 5559 ll,

593 5587 684 5650 6)?
710 5587 843 5639 Dicit
862 5598 1034 5650 autem
1055 5598 1105 5637 et
1133 5587 1310 5648 lsa‘as,
1337 5585 1422 5653 qui
1445 5583 1732 5638 audicndus
1751 5593 1851 5650 est,
1880 5585 2128 5650 Spiritum

597 5681 829 5724 Sanctum
859 5673 1135 5727 deduxisse
1158 5675 1316 5730 lsracl
1349 5676 1402 5730 iu
1426 5674 1657 5738 deserto,
1684 5671 1758 5726 sic
1786 5672 1998 5726 dicens:
2033 5670 2131 5723 Dc-

2232 4512 2337 4579 ipse
2359 4521 2526 4562 autent
2551 4526 2580 4559 a
2610 4511 2805 4562 nemine
2821 4508 3103 4578 judicatstr.
3130 4508 3254 4573 Quis
3268 4510 3400 4560 enim
3421 4506 3640 4574 wgnosit
3663 4516 3755 4553 scn-

2229 4616 2344 4651 sum
2387 4599 2614 4662 Domini,
2658 4600 2743 4666 qui
2789 4599 3002 4650 instruat
3036 4600 3191 4652 eum?
3231 4596 3342 4650 Nos
3375 4607 3547 4650 autem
3585 4605 3758 4648 sessum

2232 4686 2417 4751 Christi
2447 4687 2678 4739 habemus
2707 4685 2754 4756 (l
2781 4685 2894 4739 Cor.
2924 4701 2982 4751 tt,
3007 4687 3116 4753 η).
3144 4686 3366 4739 Sensum
3391 4693 3569 4740 autem
3589 4679 3754 4736 Christi

2233 4776 2285 4829 itt
2329 4777 2617 4830 substantia
2671 4779 2879 4844 propria
2929 4777 3208 4842 Apostolus
3247 4776 3503 4844 Spiritum
3549 4785 3755 4830 sanctum

2234 4879 2351 4918 esse
2375 4865 2643 4944 professus
2671 4876 2753 4920 est
2777 4883 2788 4916 :
2820 4866 2948 4930 Quis
2973 4867 3070 4919 scit
3098 4883 3212 4935 qua:
3241 4878 3365 4920 sunt
3393 4867 3510 4933 Dei,
3542 4865 3630 4919 nisi
3657 4861 3753 4928 Spi-

2232 4957 2359 5009 ritus
2392 4955 2514 5007 Dei?
2543 4957 2686 5010 Sicut
2715 4957 2926 5023 spiritus
2953 4967 3149 5020 uester,
3183 4973 3298 5022 quae
3341 4972 3520 5012 nostra
3547 4969 3654 5012 sunt
3678 4969 3752 5004 no.

2231 5047 2324 5099 vit.
2375 5046 2443 5100 Ut
2496 5046 2610 5113 ipse
2651 5047 2841 5100 Paulus
2886 5047 2948 5098 ad
2996 5045 3293 5103 Corinthios
3339 5050 3525 5103 scribit
3563 5064 3575 5098 :
3616 5043 3730 5097 Noli

2229 5148 2392 5190 autem
2430 5139 2662 5191 reuelauit
2711 5138 2839 5191 Deus
2876 5155 2963 5207 per
3007 5137 3289 5206 Spirituum
3329 5155 3478 5190 suum
3516 5145 3712 5190 sanctum
3736 5147 3747 5179 .-

2233 5224 2452 5292 Spiritus
2488 5227 2618 5278 enim
2651 5234 2905 5278 scrutatur
2933 5228 3130 5287 omnia,
3171 5229 3317 5279 etiam
3357 5229 3606 5295 profunda
3637 5223 3748 5275 Dei:

2231 5316 2339 5384 quis
2359 5316 2488 5367 enim
2510 5318 2642 5368 nouit
2663 5315 2937 5379 hominum,
2951 5333 3062 5384 qua:
3079 5326 3194 5369 sunt
3214 5318 3448 5376 hominis,
3469 5320 3562 5372 nisi
3575 5317 3743 5385 spiritu

2234 5405 2469 5468 hominis,
2489 5407 2570 5468 qui
2589 5414 2658 5456 est
2680 5406 2732 5457 in
2753 5406 2899 5474 ipso?
2923 5405 3013 5459 Sic
3033 5416 3078 5457 et
3097 5421 3206 5471 qua:
3233 5404 3323 5457 Dei
3343 5417 3460 5458 sunt
3485 5421 3618 5459 nemo
3639 5403 3746 5453 uorti

2234 5496 2327 5546 nisi
2353 5495 2572 5560 Spiritus
2597 5493 2688 5547 Dei
2713 5511 2729 5547 :
2761 5511 2849 5547 nos
2867 5506 3028 5547 autem
3051 5511 3148 5546 non
3175 5497 3412 5561 spiritum
3444 5497 3588 5567 hujus
3603 5491 3743 5544 mundi

2234 5588 2532 5650 accepimus,
2556 5587 2638 5637 sed
2663 5586 2907 5652 Spiritum
2927 5585 3061 5649 quia
3085 5584 3188 5639 Deo
3206 5598 3276 5637 est
3295 5587 3344 5655 (Ι
3361 5586 3480 5640 Cor.
3507 5605 3557 5652 tt,
3582 5583 3672 5650 ιν).
3695 5580 3743 5629 [ι

2238 5685 2441 5724 rursum
2464 5673 2647 5742 :309
2668 5673 2847 5726 Videor
2867 5676 2993 5727 enim
3021 5686 3066 5729 et
3097 5692 3187 5746 ego
3217 5677 3468 5745 Spiritum
3494 5678 3575 5732 ι)ιὲ
3598 5673 3741 5724 huic"
