3856 6222
93 351 195 406 517

1291 338 1376 394 DE
1410 333 1947 393 TMNITATELIB.
1983 337 2100 393 XII.

3215 336 3318 395 ὅτε

93 471 142 534 (t
194 464 324 519 Cor.
355 478 452 527 vn,
481 459 599 531 i0).
639 458 701 512 Et
744 454 933 513 Paulus
959 467 1084 508 sane
1123 466 1149 503 a
1183 452 1290 505 Deo
1320 466 1378 506 se
1411 459 1654 504 vocatum
1685 457 1728 512 Α
1761 454 1901 504 tabes
1925 465 2002 503 tne
2030 452 2083 503 in
2111 447 2192 501 Isis
2238 447 2497 512 ominibus,
2527 449 2656 503 dicit
2697 446 2944 503 Dominus
2970 444 3180 520 (Each.
3213 467 3322 514 xvi,

95 554 208 618 ait,
262 553 336 608 ad
382 553 594 616 Galatas
645 547 881 602 scribens
935 561 948 597 :
1002 542 1142 596 Cum.
1175 549 1338 594 autem
1394 541 1664 607 placniuet

98 643 360 707 Pontiae,
398 642 485 710 qui
516 654 593 691 me
638 634 911 706 segregavit
953 632 1023 684 ab
1061 639 1203 682 utero
1230 628 1403 682 matris
1431 641 1584 690 mete,
1617 638 1665 680 et

95 735 299 789 uocauit
342 747 429 799 per
448 729 662 800 gratiam
684 740 850 787 nam,
872 721 1088 775 revelare
1114 719 1304 772 Fi.'ium
1330 732 1484 769 suum
1509 716 1662 779 mihi,

98 834 152 876 ut
175 822 517 890 euangelium
542 832 654 872 eum
688 816 744 869 in
772 813 996 884 gentibus
1029 809 1167 880 (Gul.
1199 825 1236 872 ι,
1265 809 1375 879 15).
1400 807 1666 860 Romanos

98 927 226 966 vero
251 926 286 964 a
317 909 534 965 Christo
561 914 780 961 vocatos
803 917 918 958 esse
947 901 1043 968 ait,
1073 899 1309 952 scribens
1337 897 1403 951 ad
1431 911 1523 950 eos
1552 912 1568 947 :
1601 893 1667 947 In

99 1003 280 1068 quibus
310 999 426 1053 estis
458 1008 503 1052 et
528 1011 614 1049 vos
651 993 810 1047 uocati
835 992 962 1046 Jesu
991 989 1178 1042 Christi
1213 987 1387 1055 (Rom.
1423 1002 1460 1049 I,
1492 983 1570 1051 6).
1603 985 1670 1038 Et

98 1091 334 1160 Spiritus
362 1098 576 1144 sanctus
614 1085 830 1138 Paulum
850 1092 904 1136 et
936 1081 1224 1134 Barnabam
1251 1092 1281 1133 a
1313 1093 1372 1132 se
1394 1077 1526 1132 dixit
1548 1091 1667 1130 esse

101 1196 355 1248 vocatos,
412 1194 469 1236 ut
515 1180 759 1250 gentibus
814 1176 1185 1230 attnuntiarent
1248 1172 1538 1227 Christum.
1595 1173 1663 1225 Et

102 1277 261 1345 plane
293 1275 564 1336 mirabile,
607 1285 726 1326 cum
769 1269 1008 1324 Salvator
1035 1266 1232 1320 diceret
1274 1265 1338 1345 ad
1370 1265 1586 1318 Paulum
1615 1265 1669 1316 in

107 1340 308 1434 templo
350 1383 364 1419 :
395 1362 479 1417 Ito
506 1363 626 1433 quia
666 1360 735 1414 ad
755 1369 920 1429 gentes
958 1359 1102 1425 longe
1127 1340 1437 1426 positas'cgo
1471 1356 1667 1406 mittam

108 1472 152 1512 te
177 1460 325 1528 (Act.
372 1469 502 1519 xm,
541 1452 650 1520 2i);
689 1461 740 1508 ct
776 1449 968 1504 Paulus
995 1446 1060 1500 ad
1105 1445 1318 1501 Galatas
1356 1443 1616 1496 scriberet
1654 1459 1668 1494 :

108 1548 308 1602 Paulus
325 1543 585 1614 apostolus
599 1557 699 1595 non
715 1541 776 1595 ab
792 1537 1096 1598 hominibus,
1116 1551 1273 1604 neque
1296 1551 1383 1600 per
1401 1533 1666 1596 hominem,

106 1639 193 1690 sed
213 1653 308 1706 per
327 1635 503 1688 Iesum
524 1631 776 1684 Christum
798 1637 845 1682 ct
878 1627 1037 1680 Deum
1060 1624 1280 1685 Patrem,
1305 1623 1390 1690 qui
1413 1622 1671 1674 suscitavit

93 1743 219 1780 eum
255 1743 290 1778 ιι
320 1720 528 1777 mortuis
567 1717 708 1788 (Gal.
738 1730 787 1780 ι,
821 1717 872 1786 1)
905 1732 918 1770 :
977 1715 1202 1783 Spiritus
1240 1721 1411 1766 tamen
1460 1721 1672 1765 sanctus

1763 542 1880 609 '43).
1905 541 2099 594 Paulus
2118 553 2242 594 vero
2261 541 2445 594 scribit
2463 541 2528 594 ad
2551 541 2816 596 novellum
2839 542 3087 610 populum
3112 557 3125 596 :
3155 541 3328 596 Nolite

1766 631 2060 684 contristare
2089 629 2342 700 Spiritum
2373 628 2496 696 Dei,
2531 633 2582 684 tn
2609 647 2706 699 quo
2733 634 2917 702 signati
2947 633 3065 688 estis
3115 632 3168 686 in
3195 634 3326 685 diem

1764 718 2116 786 redemptionis
2169 716 2383 789 (Ephes.
2425 733 2499 784 tv,
2527 718 2640 787 50).
2665 720 2730 774 Et
2778 721 2939 774 David
2983 713 3338 775 nihilominus

1766 817 1948 860 mura
1975 807 2187 862 indices
2206 807 2336 861 dicit
2361 825 2376 861 :
2419 807 2488 862 Et.
2507 809 2924 862 exacerbaverunt
2954 803 3231 863 Dominum
3273 813 3328 862 in

1765 898 1959 951 deserto
1978 895 2147 967 (Psal.
2170 912 2370 964 uxvn,
2390 896 2504 969 40).
2559 896 2718 950 Isaias
2732 898 2887 951 etiam
2910 899 2974 952 dc
3001 898 3186 952 iisdem
3211 898 3286 950 ait
3309 918 3326 954 :

1767 988 1878 1059 Ipsi
1921 1006 2034 1043 vero
2089 993 2454 1044 contumaciter
2507 998 2754 1060 egerunt,
2810 999 2858 1042 et
2912 990 3330 1045 exacerbaccrunt

1769 1082 2025 1152 Spiritum
2047 1092 2280 1136 sanctum
2305 1083 2462 1154 (Issi.
2501 1099 2650 1151 um,
2687 1083 2797 1152 10).
2823 1082 2888 1136 Et
2912 1079 2979 1137 ad
3023 1080 3330 1137 Corinthios

1767 1181 2008 1235 scribens
2035 1179 2227 1232 Paulus
2255 1180 2326 1233 ait
2359 1198 2372 1232 :
2403 1180 2480 1232 An
2513 1173 2912 1246 experimentum
2949 1168 3179 1246 queritis
3215 1170 3330 1248 ejus

1766 1271 1853 1338 qui
1877 1271 1930 1323 iu
1946 1286 2023 1322 me
2043 1267 2260 1338 loquitur
2276 1271 2462 1324 Christi
2487 1269 2574 1340 (11
2603 1268 2855 1334 Cor.'xm,
2880 1269 2976 1337 3)?
3001 1266 3067 1331 Et
3087 1283 3326 1322 mrsum:

1770 1360 1959 1414 Mulier
1980 1361 2136 1429 ligata
2159 1369 2232 1412 est
2253 1367 2443 1428 quanto
2465 1370 2688 1428 tempore
2710 1361 2828 1414 vicit
2845 1361 2919 1412 uir
2945 1359 3077 1425 eius,
3102 1357 3146 1412 si
3162 1355 3332 1411 autem

1769 1460 1996 1504 mortuus
2023 1450 2172 1516 fuerit
2200 1452 2297 1513 vir,
2324 1449 2538 1502 liberata
2567 1459 2673 1512 est;
2703 1449 2784 1501 cui
2807 1447 2910 1502 vult
2935 1434 3113 1518 nubat,
3134 1455 3334 1501 tantum

1770 1541 1822 1593 iu
1846 1537 2081 1592 Domino.
2113 1535 2320 1589 Beatior
2340 1544 2514 1588 nutent
2540 1536 2668 1600 erit,
2708 1535 2752 1589 si
2779 1537 2863 1590 sic
2876 1534 3117 1588 manserit
3155 1544 3335 1588 secun-

1771 1627 1893 1680 dum
1914 1640 2078 1678 meum
2098 1626 2394 1679 sententiam
2416 1638 2436 1677 :
2457 1625 2629 1677 uideor
2650 1625 2779 1676 enim
2799 1633 2846 1678 et
2871 1629 2962 1695 ego
2984 1623 3218 1692 spiritum
3243 1611 3335 1676 0.:

1773 1713 1954 1766 habere
1976 1712 2030 1780 (I
2055 1712 2174 1766 Cor.
2205 1728 2296 1777 vn,
2328 1711 2440 1780 59).
2466 1712 2531 1766 Et
2559 1711 2623 1764 ad
2651 1711 2916 1764 Rmnanos
2935 1704 3058 1765 dicit
3089 1706 3105 1763 ξ
3138 1707 3336 1763 Verita-

110 1817 252 1870 misit
277 1815 496 1867 Paulum
525 1819 578 1865 et
601 1808 888 1862 Barnabam
913 1805 1158 1874 probatos
1181 1801 1245 1856 ad
1273 1798 1669 1870 praedicandum

1782 1811 1875 1854 tem
1901 1803 2014 1854 dice
2053 1802 2105 1855 in
2146 1801 2346 1855 Christo
2376 1801 2504 1854 Jesu
2528 1841 2543 1865 ,
2593 1815 2704 1852 non
2739 1802 2970 1866 utentior,
3000 1791 3336 1852 testimonium

107 1906 354 1976 gentibus
388 1903 568 1960 Jesum
617 1900 904 1954 Christum.
954 1895 1086 1949 Dicit
1125 1905 1356 1961 namque
1400 1891 1674 1956 Scriptura

112 1998 187 2051 sic
219 2013 235 2050 :
275 1995 436 2049 Erant
476 1999 648 2045 autem
676 1988 950 2044 Antiochia
982 1985 1037 2038 in
1066 1981 1293 2038 Ecclesia
1337 1979 1594 2048 propheta
1628 1988 1676 2032 ct

110 2088 361 2152 doctores,
385 2085 437 2135 in
456 2082 636 2151 quibus
657 2089 762 2133 erat
783 2074 1065 2136 Barnabas,
1087 2083 1134 2126 et
1158 2072 1336 2126 Simon
1362 2071 1451 2139 qui
1470 2076 1678 2122 uocatur

118 2175 304 2245 Niger,
335 2183 381 2228 at
419 2171 606 2226 Lucius
628 2167 950 2239 Cyrenensis,
980 2174 1027 2219 et
1056 2162 1306 2216 Hanahcn
1328 2175 1525 2231 quoque
1543 2197 1560 2225 ,
1589 2161 1677 2228 qui

115 2273 216 2316 erat
243 2261 464 2316 Herodis
488 2259 774 2314 Tetrarcluc
799 2254 1137 2308 collactan'eus
1161 2289 1178 2317 ,
1216 2259 1262 2303 et
1304 2248 1518 2303 Saulus.
1549 2247 1674 2301 Ser-

121 2351 364 2405 cicutibus
381 2365 493 2403 vero
517 2349 589 2402 eis
611 2345 848 2410 Domino,
867 2353 916 2397 et
932 2340 1283 2414 jejunantibus
1301 2339 1428 2392 dixit
1448 2337 1675 2405 Spiritus

119 2451 319 2496 unctus
339 2457 357 2494 :
387 2440 663 2511 Segregate
686 2436 808 2490 mihi
835 2433 1120 2487 Barnabam
1148 2441 1193 2484 et
1215 2429 1432 2486 Saulutn
1459 2428 1512 2479 in
1539 2442 1671 2493 opus

128 2535 192 2586 ad
233 2534 364 2602 quod
404 2531 572 2585 vocavi
615 2544 721 2584 eos.
769 2525 866 2580 Illi.
894 2538 1008 2579 uero
1048 2525 1336 2594 jejuuantes
1362 2527 1408 2572 et
1437 2527 1672 2582 orantes,

125 2632 462 2695 imposuerunt
510 2626 581 2679 eis
619 2636 797 2675 manus
837 2628 884 2672 et
927 2617 1224 2668 dimiserunt
1260 2627 1280 2665 :
1329 2611 1416 2679 qui
1453 2610 1593 2662 missi
1641 2624 1675 2660 a

130 2685 321 2782 Spiritu
361 2722 534 2769 sancto
562 2708 919 2765 descenderunt
946 2703 1255 2763 Seleuciam,
1303 2706 1349 2752 et
1388 2699 1509 2751 inde
1541 2685 1694 2748 navi?

130 2812 362 2873 gemunt
411 2801 632 2871 Cyprum
675 2797 805 2868 (Act.
852 2809 964 2859 xm,
1004 2788 1138 2858 1-4).
1192 2788 1257 2842 Et
1305 2788 1382 2840 sic
1429 2787 1678 2850 deinceps

132 2894 426 2961 pradicatio
448 2892 691 2967 gentibus
720 2905 811 2958 per
841 2887 1058 2942 Paulum
1096 2884 1229 2937 lucta
1259 2884 1560 2961 exponitur.
1607 2882 1674 2934 Et

135 2959 210 3036 est
267 2959 734 3052 quideniqnando
777 2993 844 3032 ex
902 2989 1127 3044 persona
1175 2972 1343 3026 Patris
1397 2959 1680 3037 loquuntur

138 3071 419 3140 propheta.
450 3070 536 3124 Sic
579 3067 739 3122 David
766 3067 817 3120 in
847 3062 1067 3133 psalmis
1093 3061 1165 3114 ait
1197 3076 1214 3114 :
1247 3058 1414 3113 Semel
1430 3060 1597 3129 juravi
1629 3058 1678 3110 in

1781 1891 1905 1944 mihi
1951 1892 2240 1960 perhibentc
2303 1890 2607 1944 conscientia
2657 1902 2769 1942 mea
2820 1888 2872 1940 in
2916 1885 3114 1956 Spiritu
3166 1899 3351 1940 sancto

1778 1979 1952 2061 (Rom.
1983 1995 2064 2043 ιι,
2092 1980 2165 2048 1).
2205 1980 2269 2034 Et
2299 1982 2352 2033 in
2379 1979 2507 2032 Isaia
2543 1977 2796 2032 Dominus
2833 1991 2853 2031 :
2878 1972 3060 2029 Filios
3083 1974 3260 2051 genui,
3291 1983 3345 2027 et

1777 2069 1993 2122 exaltari
2041 2085 2061 2124 :
2115 2071 2213 2138 ipsi
2254 2086 2368 2123 vero
2412 2085 2492 2122 me
2528 2074 2819 2131 spreuerard
2869 2066 3019 2137 (lsoi.
3070 2080 3117 2131 ι,
3148 2063 3227 2133 2).
3281 2064 3338 2117 In

1779 2159 2062 2228 Evangelia
2086 2167 2209 2212 tero
2245 2175 2259 2209 :
2291 2158 2440 2224 Quod
2467 2167 2645 2209 natum
2671 2163 2745 2210 est
2772 2157 2836 2209 de
2870 2165 3042 2221 carne,
3072 2169 3194 2206 care
3219 2162 3290 2207 est
3310 2158 3347 2207 ’τ

1777 2257 1824 2299 ct
1850 2247 1989 2317 quod
2017 2256 2188 2298 natum
2218 2255 2289 2298 est
2317 2246 2380 2299 dc
2413 2245 2641 2314 Spiritu,
2673 2254 2903 2298 sanctum
2930 2251 3020 2306 est,
3058 2242 3186 2309 quid
3207 2240 3348 2294 Dens

1780 2339 2002 2408 Spiritus
2027 2347 2103 2390 est
2132 2335 2311 2406 (Joan.
2339 2351 2432 2398 tu,
2462 2335 2542 2403 6).
2581 2337 2895 2389 Etrnrsnm
2927 2351 2942 2385 :
2988 2332 3216 2402 Spiritus
3255 2330 3346 2385 ubi

1778 2425 1883 2480 vult
1913 2427 2092 2494 spirat,
2122 2435 2167 2478 et
2190 2425 2492 2493 uocem'ejus
2513 2425 2682 2487 audis,
2711 2431 2758 2476 et
2787 2424 2945 2476 neseis
2971 2423 3109 2474 unde
3145 2421 3346 2494 ueniat,

1779 2491 1949 2582 etquo
1975 2515 2147 2566 radat.
2186 2511 2276 2567 Sic
2314 2521 2389 2566 est
2406 2491 2578 2565 omnis
2624 2513 2706 2580 qui
2737 2521 2879 2563 natus
2915 2520 3001 2563 est
3039 2519 3110 2564 eat“
3141 2491 3342 2578 Spiritu

1777 2617 1952 2659 sancto
2001 2602 2186 2674 (Ibid.,
2217 2602 2316 2671 8).
2383 2602 2522 2669 Ergo
2550 2601 2664 2655 haec
2700 2600 2763 2652 ad
2816 2600 3020 2653 Initium
3070 2598 3350 2666 Evangelii-

1780 2709 2092 2762 comparana
2115 2736 2129 2760 ,
2163 2693 2353 2746 minuit
2385 2693 2615 2759 Spiritus
2645 2689 2810 2762 sancti
2839 2687 3183 2757 dignitatem?
3207 2684 3352 2740 Nam"

1779 2784 1832 2838 in
1865 2758 2123 2853 principio
2147 2781 2359 2850 quidem
2397 2758 2661 2847 Evangelii
2690 2758 2924 2831 Joinoes
2945 2775 3012 2831 de
3039 2774 3343 2841 Salvatare,

1779 2887 1832 2931 et
1851 2876 1917 2929 de
1937 2875 2019 2928 llis
2037 2874 2127 2942 qui
2149 2872 2492 2927 crediderunt
2510 2871 2611 2923 ait:
2629 2868 3009 2934 Quotquoteum
3027 2876 3352 2932 receperunt,

1783 2965 1924 3019 dedit
1952 2964 2024 3018 eis
2049 2967 2342 3032 potestatein
2368 2960 2500 3027 ﬁlios
2536 2959 2628 3012 Dei
2650 2958 2780 3026 ﬁeri,
2811 2958 2897 3026 qui
2922 2957 3134 3010 credunt
3167 2956 3223 3009 in
3246 2971 3344 3009 no-

1790 3059 1926 3110 mine
1947 3059 2078 3128 ejus,
2102 3055 2191 3124 qui
2217 3071 2315 3107 non
2335 3069 2398 3106 ea
2416 3050 2781 3121 ,sanguinibus,
2819 3063 2978 3117 neque
3000 3063 3065 3101 ea:
3089 3047 3347 3100 uoluntate

140 3135 300 3212 iuncto
327 3174 460 3223 πιοο,
488 3159 531 3211 si
555 3157 718 3210 David
746 3154 958 3207 mentiar
990 3164 1195 3202 :semen
1221 3149 1326 3211 eius
1363 3147 1416 3198 in
1442 3156 1684 3198 internum
1716 3147 1759 3209 C
1790 3147 1948 3217 311
1981 3146 2167 3210 comis,
2196 3160 2355 3214 neque
2382 3159 2444 3196 ea:
2471 3143 2721 3196 voluntate
2736 3140 2859 3204 viri,
2900 3145 2988 3191 sed
3011 3142 3075 3192 es
3105 3135 3211 3190 Deo
3239 3135 3348 3190 nati

140 3247 366 3310 mebit,
389 3256 436 3299 et
459 3247 600 3298 sedes
625 3246 732 3314 ejus
753 3245 879 3296 sicut
899 3239 977 3293 sal
999 3251 1112 3292 ante
1134 3255 1209 3291 me
1230 3237 1396 3308 (Psal.
1431 3253 1679 3302 Lxxxvm,

143 3336 242 3404 36).
274 3337 336 3390 Et
387 3349 592 3390 rursum
627 3349 642 3386 :
689 3331 762 3384 De
785 3335 950 3398 fructu
981 3329 1163 3383 uentris
1202 3328 1275 3380 tui
1306 3342 1489 3394 ponam
1529 3342 1683 3392 super

144 3424 291 3477 sedem
337 3439 498 3476 meum
527 3421 699 3487 (Psal.
725 3434 904 3481 ειη»,
942 3419 1048 3485 Η).
1079 3417 1223 3470 Sicut
1263 3428 1311 3474 et
1341 3415 1527 3468 Petrus
1561 3417 1637 3467 ait
1663 3430 1678 3470 :

149 3512 384 3579 Preplteta
409 3527 522 3566 cum
564 3520 685 3564 esset
711 3509 873 3562 David
893 3549 908 3573 ,
939 3517 986 3560 et
1013 3507 1192 3570 sciret,
1231 3505 1350 3572 quia
1386 3507 1683 3574 juramanto

148 3604 339 3672 iurasset
365 3603 444 3654 illi
470 3602 622 3664 Deus,
648 3601 709 3652 de
729 3599 898 3666 fructu
927 3596 1078 3649 lumbi
1104 3599 1212 3663 eius
1238 3611 1260 3648 s
1283 3595 1405 3647 dere
1431 3593 1684 3646 Christum

151 3694 407 3745 secundum
448 3706 648 3743 carnem
685 3701 832 3754 super
860 3686 1096 3740 thronum
1123 3700 1265 3737 suum
1307 3685 1443 3750 (Act.
1474 3697 1540 3745 ιι,
1569 3683 1681 3746 50).

150 3782 352 3844 Quando
371 3795 496 3834 vero
518 3795 580 3833 ex
601 3791 824 3846 persona
855 3774 1005 3828 Filii?
1027 3789 1142 3826 cum
1170 3773 1331 3825 lsaias
1353 3772 1482 3825 dicit
1510 3786 1525 3828 :
1559 3771 1688 3824 Hec

153 3872 258 3922 dicit
291 3871 535 3922 Dominus
572 3883 590 3920 :
635 3865 844 3932 Pmpter
870 3879 954 3916 vos
976 3877 1169 3930 semper
1196 3861 1571 3929 b.'asphentatur
1598 3876 1688 3912 no-

154 3980 250 4016 men
276 3980 436 4018 meum
464 3965 514 4015 in
553 3961 777 4032 gentibus
804 3973 823 4012 :
852 3964 1114 4025 praplerea
1165 3963 1423 4024 cognoscet
1463 3955 1689 4021 papulas

153 4071 272 4106 meus
298 4055 352 4107 in
380 4055 470 4106 illa
497 4053 576 4105 die
603 4066 780 4102 nomen
803 4063 991 4108 meum,
1008 4046 1126 4115 quia
1162 4060 1255 4112 ego
1281 4061 1392 4097 sum
1416 4059 1433 4096 :
1469 4045 1574 4109 ipse
1601 4043 1689 4108 qui

156 4144 374 4208 loquebar
395 4143 571 4194 adsum
617 4137 766 4206 (Isai.
793 4151 888 4195 Lit,
919 4132 996 4202 5).
1032 4133 1250 4198 Quando
1276 4143 1450 4186 autem
1476 4149 1536 4184 ex
1571 4147 1687 4200 per-

154 4246 266 4286 sona
286 4235 512 4302 Spiritus
533 4230 730 4285 sancti?
750 4238 806 4281 nt
827 4242 943 4282 cum
972 4223 1225 4293 propheta
1254 4222 1467 4290 Agahus
1493 4220 1636 4274 dicat
1668 4237 1682 4273 :

161 4325 266 4378 lies
311 4325 432 4377 dicit
460 4322 685 4389 Spiritus
736 4327 936 4370 sanctus
965 4330 982 4368 :
1014 4314 1192 4366 Virum
1228 4312 1395 4373 hunc,
1435 4311 1579 4380 cujus
1615 4317 1688 4361 est

159 4413 296 4482 διο
336 4413 431 4464 iste
459 4410 710 4477 cingulas,
751 4408 823 4458 sic
853 4404 1074 4473 ligabunt
1100 4402 1152 4453 in
1183 4398 1470 4452 Jerusalem
1497 4396 1685 4459 Judtei,

1785 3246 1901 3288 sunt
1934 3232 2110 3301 (Joan.
2141 3248 2175 3295 ι,
2212 3232 2321 3300 lit).
2348 3231 2422 3284 De
2449 3229 2854 3298 regeneratione
2874 3241 3081 3294 quoque
3101 3224 3344 3279 ‘tidelintn

1786 3337 2062 3391 exponens
2101 3321 2381 3384 Dominus,
2422 3330 2476 3374 et
2512 3315 2841 3388 postmodum
2877 3315 3216 3370 Nicodemum
3259 3313 3346 3367 in-

1785 3424 2019 3476 struens,
2045 3426 2137 3466 eos
2168 3410 2256 3479 qui
2285 3411 2335 3462 in
2365 3424 2423 3461 se
2453 3408 2707 3470 credunt,
2739 3407 2838 3459 hoc
2859 3391 3056 3471 estqui
3083 3401 3348 3474 accipiunt

1787 3519 1928 3568 eum,
1960 3520 1986 3557 a
2015 3503 2215 3570 Spiritu
2241 3509 2423 3554 sancto
2466 3496 2770 3567 regenerari
2798 3484 3040 3570 oportere
3065 3492 3198 3546 dixit
3222 3491 3301 3545 sic
3329 3507 3345 3544 :

1791 3598 1873 3651 Ne
1921 3568 2116 3646 mireris
2144 3594 2264 3656 quia
2311 3591 2418 3642 disi
2464 3590 2584 3652 tibi,
2637 3595 2827 3654 oportet
2872 3568 3123 3636 roe'nasci
3160 3581 3344 3633 denuo.

1791 3687 2014 3752 Spiritus
2043 3684 2128 3736 ubi
2161 3683 2266 3735 vult
2295 3682 2473 3749 spirat,
2505 3689 2550 3730 et
2576 3691 2743 3729 vocent
2766 3677 2876 3744 ejus
2903 3673 3049 3725 audis
3069 3710 3082 3731 ,
3123 3678 3169 3723 et
3189 3670 3364 3721 nescis'

1790 3775 1922 3827 unde
1961 3775 2125 3832 veniat
2172 3778 2217 3823 et
2258 3785 2356 3834 quo
2390 3762 2494 3820 eat.
2526 3765 2616 3820 Sic
2657 3771 2725 3817 est
2767 3761 2931 3814 omnis
2963 3758 3050 3826 qui
3095 3765 3245 3810 natus
3276 3763 3351 3809 est

1789 3880 1851 3919 ea:
1900 3863 2096 3931 Spiritu
2153 3869 2326 3912 saneto
2363 3856 2543 3926 (Joan.
2591 3869 2680 3916 ιιι,
2710 3853 2788 3920 7).
2832 3851 2893 3903 Et
2929 3843 3350 3931 commemorans

1789 3962 1910 4007 ante
1936 3927 1952 4004 ε’
1972 3951 2121 4014 Quod
2143 3959 2319 4001 nolunt
2340 3955 2412 3999 est
2433 3946 2495 3997 de
2516 3943 2728 4012 Spiritu,
2752 3930 2958 4008 spiritus
2974 3945 3044 3989 est
3064 3927 3252 4000 (Ibid,
3268 3932 3350 3998 8).

1793 4042 1867 4095 Ex
1895 4053 2075 4099 carne,
2096 4051 2222 4090 caro
2252 4051 2267 4089 :
2295 4032 2506 4100 etquod
2540 4029 2772 4083 nascitur
2795 4026 2860 4079 de
2888 4023 3107 4091 Spiritu,
3132 4020 3348 4088 spiritus
3396 4078 3403 4084 ,

1788 4138 1888 4184 est.
1915 4129 1967 4181 Si
1999 4128 2152 4194 igitur
2174 4124 2226 4177 hi
2257 4123 2346 4191 qui
2375 4119 2579 4174 cmiesti
2609 4112 3007 4184 regeneratione
3026 4114 3347 4178 generantur

1789 4232 1852 4272 ex
1883 4215 2080 4283 Spiritu
2111 4212 2294 4264 sancto
2312 4206 2571 4277 generati,
2603 4218 2668 4258 ex
2695 4203 2799 4256 Deo
2826 4207 2948 4253 sunt
2968 4196 3350 4266 generati,rur

1792 4321 1892 4360 non
1922 4305 1963 4357 si
1988 4301 2111 4369 quid
2144 4311 2393 4369 magnum
2423 4304 2476 4350 et
2512 4293 2750 4348 divinum
2776 4298 2830 4343 et
2855 4287 3113 4341 Trinitate
3131 4283 3350 4352 dignum
3444 4321 3447 4323 -

1791 4395 1858 4449 de
1878 4391 2076 4461 Spiritu
2101 4403 2198 4441 nos
2219 4386 2422 4455 minari
2444 4390 2675 4451 oportet,
2699 4384 2947 4446 quantum
2978 4372 3043 4427 ad
3064 4373 3352 4428 humanam

162 4463 423 4555 :erdent-
456 4500 507 4551 in
534 4463 713 4550 manui
753 4463 972 4563 gentium
997 4491 1134 4554 (Act.
1176 4503 1291 4552 ut,
1342 4483 1450 4552 il).
1493 4484 1679 4536 Paulus

1798 4481 2194 4551 possibilitatem
2225 4478 2339 4531 est?
2360 4473 2495 4541 Quid
2523 4484 2650 4524 vero
2673 4464 3018 4535 cog'nahimus
3044 4463 3230 4514 iterum
3250 4474 3349 4514 au-

164 4603 315 4646 antcm
333 4591 398 4643 ad
412 4589 443 4643 Ἰ
460 4589 744 4642 imOIheum
766 4584 946 4637 scribit
970 4599 982 4634 :
1012 4580 1230 4650 Spiritus
1245 4580 1414 4629 autem
1437 4574 1695 4640 manifeste

162 4683 282 4747 dicit,
304 4684 422 4745 quia
457 4683 507 4734 in
537 4679 816 4733 novissimis
855 4672 1157 4743 temporibus
1198 4668 1452 4722 discedent
1489 4667 1692 4735 quidam

160 4787 185 4822 α
204 4773 312 4839 μὴ,
332 4773 638 4824 attendentes
656 4767 915 4834 spiritibus
935 4759 1269 4817 seductoribus
1291 4758 1340 4826 (1
1367 4757 1495 4810 Tim.
1524 4771 1594 4821 tv,
1618 4755 1690 4824 i).

165 4871 208 4911 et
229 4862 476 4927 doctrinis
489 4860 783 4924 daemonum
803 4899 816 4921 ,
843 4863 893 4909 et
915 4853 1049 4907 sicut
1067 4853 1256 4905 caetera
1281 4863 1372 4916 per
1387 4847 1688 4915 prophetas.

167 4949 243 5002 Est
266 4951 402 5004 enim
425 4947 632 5015 quando
665 4945 832 5007 Pater,
867 4951 920 4995 et
938 4938 1147 5008 quando
1173 4936 1364 5000 Filius,
1396 4943 1448 4988 et
1482 4933 1690 5000 qttando

165 5035 374 5099 Spiritu
413 5045 622 5089 sanctus
659 5032 905 5101 loquitur.
937 5031 1025 5084 Sic
1053 5029 1292 5097 equidem
1330 5041 1424 5094 per
1460 5025 1690 5093 seipsnm

168 5124 298 5180 Pater
318 5126 386 5179 de
407 5125 677 5178 Salvatore
694 5121 770 5174 ait
800 5138 813 5171 :
837 5118 938 5172 Hic
954 5128 1023 5171 est
1046 5117 1206 5170 Filius
1229 5133 1363 5169 meus
1386 5115 1616 5177 dilectus,
1642 5115 1693 5166 in

165 5230 245 5282 quo
265 5216 541 5286 complacui
569 5212 779 5282 (Matth.
811 5224 898 5272 ιιι,
935 5208 1039 5274 Π).
1060 5206 1223 5258 Filius
1252 5217 1375 5257 vero
1414 5214 1692 5271 antequam

168 5317 543 5358 conversaretur
597 5302 734 5355 inter
788 5297 1065 5360 homines,
1126 5293 1344 5361 singulis
1397 5293 1694 5361 quibusque

169 5403 444 5447 sanctorum
500 5394 702 5446 locutus
757 5397 871 5453 est,
928 5398 979 5441 et
1016 5392 1132 5454 post
1157 5395 1430 5435 ascensum
1478 5381 1592 5449 ejus
1638 5381 1688 5433 in

172 5483 306 5537 uelos
360 5482 585 5550 Spiritus
631 5492 839 5548 quoque
877 5487 1086 5550 sanctus
1135 5471 1199 5524 ad
1226 5469 1509 5535 discipulos
1549 5470 1622 5523 ait
1671 5485 1686 5522 :

175 5545 412 5646 Segregate
441 5573 559 5624 mihi
581 5545 863 5622 Barnabam
904 5545 957 5621 ἐι
989 5565 1205 5619 Paulum
1225 5563 1275 5615 in
1304 5577 1430 5629 Opus
1457 5562 1525 5612 ad
1557 5561 1687 5628 quod

174 5671 309 5720 rotari
327 5684 407 5721 eos
433 5667 561 5733 (Act.
599 5679 715 5723 xm.
742 5662 819 5729 ‘2).
841 5662 905 5714 Et
932 5655 1178 5728 prophela
1201 5655 1410 5726 quidem
1441 5650 1686 5704 Ezechiel

176 5768 328 5813 contra
367 5768 597 5813 veterem
617 5753 870 5823 populum
899 5752 1149 5815 clamans,
1175 5745 1299 5802 dicit
1335 5760 1347 5797 :
1381 5742 1444 5795 Et
1469 5740 1685 5794 contris-

1796 4550 2002 4625 dicnlcs
2033 4568 2251 4622 Paulum
2269 4563 2338 4618 ad
2368 4559 2669 4617 Corinthios
2688 4556 2754 4609 de
2769 4551 2966 4620 Spiritu
2988 4550 3306 4604 scribentem
3329 4564 3348 4601 :

1795 4661 1873 4711 An
1902 4659 2123 4721 nescitis,
2150 4656 2274 4722 quia
2316 4664 2533 4715 corpora
2559 4655 2722 4702 uestra
2753 4642 2989 4708 templum
3025 4645 3099 4690 est
3125 4636 3352 4707 Spiritus

1795 4749 1977 4810 sancti,
1999 4746 2089 4815 qui
2118 4747 2170 4796 in
2190 4743 2327 4796 vobis
2352 4749 2446 4800 est,
2468 4752 2615 4807 quem
2644 4731 2901 4799 accepistis
2927 4744 2958 4780 ιι
2989 4725 3134 4779 Deo.’
3166 4733 3213 4778 et
3249 4740 3350 4778 non

1796 4836 1908 4890 estis
1932 4835 2079 4888 uestri
2110 4847 2131 4886 :
2159 4830 2313 4898 empti
2343 4831 2475 4881 enim
2502 4827 2618 4881 estis
2648 4823 2806 4891 pretio
2830 4833 3031 4889 stagno.
3059 4815 3358 4880 Cloriﬁrate

1796 4935 1842 4979 et
1883 4933 2082 4994 portate
2141 4923 2300 4975 Deam
2342 4921 2392 4972 in
2419 4916 2651 4971 cordibus
2688 4912 2859 4967 vestris
2908 4909 2958 4983 (1
2982 4911 3097 4964 Cor.
3125 4920 3201 4971 VI,
3235 4906 3359 4975 l9).

1797 5017 2010 5069 Taliane
2036 5014 2102 5067 de
2120 5012 2300 5079 aliquo
2324 5023 2390 5063 ex
2414 5008 2669 5060 creaturis
2695 5001 2907 5070 preprle
2934 5011 3056 5054 esse
3079 4996 3347 5056 dicuntur;

1795 5118 1845 5162 et
1874 5109 2041 5176 qualia
2072 5105 2140 5158 de
2177 5105 2314 5168 Deo,
2351 5101 2470 5154 talia
2508 5098 2577 5151 de
2604 5096 2800 5165 Spiritu
2823 5094 3114 5147 scriberent
3141 5094 3347 5176 sancto,

1796 5199 1840 5251 si
1879 5172 2079 5250 creatio
2115 5193 2288 5247 esset?
2329 5188 2464 5255 Quid
2504 5200 2629 5239 vero
2673 5183 2920 5237 faciemus
2949 5178 3220 5232 audientes
3247 5172 3348 5226 Pe-

1797 5298 1934 5341 trum
1964 5284 2028 5338 ad
2055 5285 2303 5337 Ananiam
2333 5279 2594 5332 dicentem
2635 5290 2650 5324 ι
2682 5270 2820 5338 Quid
2842 5270 2977 5340 quod
3003 5264 3206 5324 tentavit
3237 5261 3345 5315 Sa.

1796 5392 1937 5433 tanas
1963 5393 2047 5431 cor
2069 5385 2208 5428 tuum
2232 5383 2284 5426 ut
2308 5371 2587 5424 mentireris
2615 5366 2832 5437 Spiritui
2858 5369 3046 5423 sancto,
3076 5366 3119 5412 et
3144 5354 3349 5408 subtra-

1795 5471 1934 5522 heres
1960 5483 1990 5517 a
2011 5465 2168 5532 pretio
2199 5461 2383 5531 fundi?
2437 5457 2554 5512 Non
2578 5472 2629 5509 es
2658 5455 2888 5508 mentirus
2915 5443 3222 5532 hominibus,

1796 5557 1900 5608 Deo
1944 5528 2076 5625 (Act.
2109 5567 2162 5614 γ,
2199 5528 2277 5617 3).
2352 5547 2457 5602 Sed
2489 5546 2662 5598 dicunt
2689 5546 2856 5606 ioue,
2888 5540 2962 5625 sic
3001 5536 3084 5602 qni
3122 5528 3340 5625 Spiritui

1798 5645 1886 5698 Dei
1911 5617 2250 5702 mentiuntur,
2288 5645 2342 5691 et
2370 5634 2692 5688 mentiuntur
2723 5631 2857 5690 Deo,
2890 5624 3031 5677 velut
3067 5620 3152 5687 qui
3181 5617 3344 5667 mini-

1795 5745 1958 5789 strum
1981 5728 2296 5786 contumelia
2319 5725 2573 5790 alliciunt,
2600 5721 2787 5786 Regem
2806 5725 2949 5770 certe
2970 5711 3342 5767 dehonestum.
