3856 6222
75 325 156 374 set
1273 395 1277 399 ἢ
1349 317 1430 370 DE
1475 315 1837 371 numne
1877 316 2000 370 Ltn.
2037 315 2126 369 xu

3195 318 3300 374 522

71 440 151 490 sed
178 436 358 489 videre
392 435 448 488 in
481 433 719 488 secundo
742 432 856 501 ejus
884 429 1113 484 adventu
1135 407 1524 496 exspectamus.
1550 427 1640 482 Sic
1670 430 1713 486 Α
1745 443 1954 497 corpora
1979 438 2161 490 uestra,
2181 441 2269 494 per
2289 406 2643 508 inhabitantetit
2663 427 2910 496 Spiritum
2932 445 3076 481 suum
3096 431 3146 482 in
3169 434 3302 485 vobis

71 531 232 597 itaque
251 535 308 582 et
337 528 411 581 de
445 527 654 596 Spiritu
685 535 866 577 sancto
894 522 1171 575 audientes
1191 520 1588 573 consideramus
1623 533 1635 568 :

72 621 175 685 Ipse
209 620 356 672 enim
392 620 566 674 Filius
592 625 674 670 est
702 614 816 681 Dei,
863 616 949 683 qui
981 614 1112 668 dixit
1141 626 1154 668 :
1201 611 1265 666 Et
1311 627 1424 664 cum
1455 610 1640 664 venerit

77 709 381 772 Paraclitus,
408 716 593 777 arguet
613 711 743 758 hunc
763 706 1008 757 mundum
1035 705 1096 756 de
1126 712 1348 772 peccato,
1381 709 1427 754 et
1453 701 1516 752 de
1528 703 1642 770 jus-

73 803 194 866 titia,
225 809 274 853 et
304 799 374 850 de
409 798 611 869 judicio
649 795 823 866 (Joan.
857 812 965 858 xvr,
993 793 1083 867 8).
1128 795 1309 861 Neque
1352 792 1490 846 enim
1528 791 1642 845 sine

77 892 266 958 Spiritu
298 874 497 942 sancito
530 888 781 942 Dominus
824 887 1068 941 adveniet
1098 886 1149 938 in
1178 900 1359 950 carne,
1385 883 1477 938 sed
1512 898 1642 936 cou-

73 985 237 1033 tinrns
266 993 398 1032 cum
426 978 702 1032 divinitate
731 992 822 1030 sua
852 992 971 1031 eum
1001 977 1089 1044 qui
1121 975 1513 1030 universitatem
1545 975 1642 1026 im-

75 1074 192 1139 plet,
223 1084 351 1123 cum
388 1069 458 1122 sit
497 1069 676 1122 unctio
704 1082 864 1136 super
893 1083 1103 1121 carnem
1127 1082 1293 1122 suam.
1321 1067 1408 1121 Sic
1434 1080 1562 1119 sane
1590 1073 1645 1119 et

77 1161 225 1213 David
259 1159 572 1213 audivimus
602 1168 904 1213 cantantem
935 1167 988 1211 et
1013 1157 1277 1212 dicentem
1312 1172 1326 1207 :
1359 1157 1470 1222 Quo
1494 1156 1574 1207 ibo
1615 1170 1646 1206 a

76 1249 249 1313 spiritu
277 1261 398 1311 tuo,
429 1258 478 1302 et
501 1264 601 1316 quo
627 1265 656 1299 a
681 1247 811 1315 facie
835 1257 920 1299 tua
960 1247 1149 1316 fugiam
1177 1245 1347 1316 (Psal.
1379 1250 1609 1299 cxxsvtu
1629 1285 1642 1309 ,

76 1340 155 1404 'l)?
172 1340 275 1392 Aut
295 1354 409 1391 non
423 1338 910 1407 tanquamjudicem
928 1337 1167 1403 spiritum
1190 1343 1502 1403 exspectans
1519 1336 1645 1387 istas

77 1428 261 1480 emittit
285 1427 690 1496 professiones?
712 1428 880 1482 Omne
901 1428 1040 1481 enim
1065 1440 1196 1494 opus
1220 1426 1334 1489 Dei,
1355 1435 1406 1477 et
1426 1424 1644 1488 Christi,

65 1527 128 1571 'et
151 1519 394 1587 Spiritus
419 1521 585 1573 sancti
616 1528 698 1572 est
725 1519 1016 1586 proprium.
1064 1517 1167 1568 Aut
1210 1530 1313 1566 non
1349 1513 1649 1565 audivimus

80 1623 192 1662 eum
223 1611 276 1662 in
329 1610 677 1678 nonagesimo
713 1617 769 1663 et
816 1618 1004 1676 quarto
1041 1607 1242 1674 psalmo
1280 1604 1543 1658 dicentem
1584 1604 1649 1658 de

84 1701 183 1754 Deo
212 1719 225 1755 :
257 1701 432 1754 Hodie
459 1700 662 1770 quidem
686 1701 728 1751 si
755 1715 918 1752 vocem
947 1701 1055 1768 ejus
1076 1696 1357 1763 audieritis,
1389 1696 1542 1748 nolite
1565 1694 1649 1747 ob.

1747 518 1921 588 (llam.
1952 535 2062 583 vm,
2085 519 2195 586 Η).
2219 516 2280 570 Εί
2311 517 2470 571 David
2496 519 2546 572 in
2568 520 2860 573 centesimo
2887 522 3042 573 tertio
3069 509 3297 591 psalmo:

1743 608 1956 678 Auferes
1989 610 2240 678 Spiritum
2288 623 2482 672 eorum,
2526 621 2570 662 et
2598 609 2847 677 deficient,
2879 622 2926 663 et
2961 611 3014 664 in
3052 628 3303 680 pttroerem

1743 709 2108 754 convertentur.
2157 699 2341 754 Emitte
2370 699 2616 771 Spiritum
2654 711 2795 754 tuum
2823 710 2871 754 et
2899 704 3218 769 creabantur,
3252 713 3303 758 et

1742 791 2000 843 renovabis
2039 791 2219 861 facient
2259 800 2405 844 terra:
2440 790 2602 859 (Psal.
2628 806 2736 854 cut.
2764 793 2874 854 29).
2925 793 2990 847 Ει
3028 796 3303 863 quisquam

1746 879 2056 935 Paraclitum
2086 891 2380 937 creatorem
2413 897 2515 934 non
2545 884 2828 936 conﬁtetur
2855 897 2994 948 esse,
3025 885 3113 954 qui
3145 885 3303 938 mitti-

1744 980 1847 1036 tur,
1879 982 1929 1026 et
1959 982 2104 1026 creat
2130 987 2352 1038 corpora
2380 985 2408 1025 a
2435 969 2630 1026 Steculo
2657 972 2932 1038 dissoluta,
2964 984 3018 1028 et
3046 989 3303 1030 conversa

1747 1063 1796 1115 in
1828 1062 2098 1130 pulverem
2134 1077 2316 1125 suum;
2344 1069 2399 1115 et
2433 1070 2652 1116 renovat
2676 1058 2863 1113 faciem
2887 1060 3078 1116 terrae?
3115 1077 3303 1118 secun-

1746 1156 1868 1208 dtnn
1898 1155 1996 1208 hoc
2021 1156 2160 1224 quod
2190 1156 2241 1209 in
2272 1155 2402 1208 Isaia
2433 1153 2686 1222 propheta
2717 1154 2877 1223 316
2904 1155 3156 1223 scriptum
3185 1167 3303 1210 est:

1750 1245 1860 1297 Erit
1885 1256 2056 1297 autem
2082 1247 2258 1297 caelum
2288 1259 2470 1297 novum
2491 1252 2535 1297 et
2561 1253 2692 1295 terra
2714 1259 2839 1295 nova
2868 1242 3020 1312 (lsai.
3049 1260 3165 1307 va,
3193 1245 3304 1314 i7).

1749 1336 1876 1390 Sine
1905 1353 2007 1406 quo
2036 1336 2163 1390 nihil
2194 1351 2364 1404 neque
2393 1335 2568 1400 Pater,
2595 1350 2763 1401 neque
2787 1335 2951 1388 Filius
2982 1347 3228 1401 operatur
3257 1338 3307 1389 in

1751 1428 2037 1492 creatione,
2072 1427 2207 1479 sicut
2231 1436 2353 1480 ante
2385 1426 2672 1491 Scripturis
2698 1425 2896 1479 sanctis
2925 1426 3307 1480 demonstravi-

1750 1531 1886 1570 mus.
1931 1516 1996 1569 Et
2030 1517 2214 1568 iterum
2240 1515 2429 1568 Paulus
2457 1515 2521 1567 ad
2554 1515 2818 1568 Romanos
2848 1515 3032 1569 scribit
3075 1534 3088 1568 :
3133 1516 3308 1570 Habes

1751 1607 1884 1658 enim
1911 1604 2268 1672 conﬁdentiam
2304 1605 2357 1656 in
2382 1603 2578 1656 Christo
2601 1603 2724 1655 Jesu
2753 1604 2818 1655 ad
2841 1604 3114 1657 Dominum
3149 1622 3167 1658 :
3210 1623 3310 1659 non

1754 1703 1920 1746 autem
1948 1695 2110 1745 audeo
2141 1693 2200 1744 de
2231 1693 2456 1745 omnibus
2496 1691 2654 1760 loqui,
2686 1695 2818 1759 quod
2849 1710 2947 1745 non
2977 1704 3048 1747 est
3078 1706 3308 1763 aperatus

85 1792 263 1844 durare
299 1793 460 1843 corda
487 1799 671 1853 vestra,
703 1789 831 1841 sicut
860 1789 913 1839 in
961 1785 1339 1841 exacerbatione
1378 1785 1650 1838 secundum
1684 1781 1727 1840 Β
1755 1802 1841 1851 per
1874 1801 1952 1839 me
1981 1783 2233 1838 Christus.
2303 1785 2381 1836 Ad
2421 1784 2788 1837 obauditionem
2828 1786 3044 1852 gentium
3083 1789 3228 1840 verba
3265 1797 3310 1841 et

83 1884 203 1933 diem
236 1882 534 1934 tentationis
563 1881 614 1933 in
639 1880 860 1944 deserto,
891 1879 975 1932 ubi
1015 1886 1323 1931 tentaoerunt
1364 1893 1440 1929 me
1485 1886 1648 1943 patres

87 1974 230 2024 restt'i
259 1972 441 2042 (Psal.
467 1987 607 2036 xciv,
639 1971 715 2038 8).
746 1971 818 2026 De
844 1986 903 2025 se
934 1986 1057 2024 vero
1085 1988 1097 2022 :
1124 1968 1472 2022 Probaverunt
1501 1977 1549 2020 et
1576 1968 1648 2018 vi-

85 2068 258 2115 derunt
315 2081 470 2132 opera
523 2081 655 2118 mea.
691 2063 1036 2132 Quadraginta
1073 2063 1218 2114 armis
1266 2062 1525 2130 proximus
1573 2060 1649 2130 fui

87 2155 394 2219 generationi
414 2155 551 2219 huic,
578 2164 622 2206 et
645 2154 750 2206 dixi
777 2171 794 2205 :
820 2153 1028 2221 Semper
1067 2152 1115 2204 lti
1151 2163 1319 2205 errant
1341 2153 1510 2205 corde.
1536 2149 1648 2220 Ipsi

87 2257 190 2292 vero
210 2259 313 2294 non
338 2251 678 2312 cognouerunt
697 2245 800 2295 vias
824 2259 974 2304 meas,
995 2243 1118 2294 sicut
1132 2242 1306 2310 juravi
1327 2242 1379 2293 in
1401 2241 1478 2293 ira
1501 2257 1607 2292 mea
1629 2257 1648 2293 :

92 2329 144 2383 Si
160 2333 432 2385 introibunt
459 2333 510 2384 in
531 2333 747 2400 requiem
760 2349 916 2384 meam
943 2331 1123 2402 (Ibid.,
1147 2331 1230 2384 9-l
1247 2329 1318 2397 i).
1342 2330 1489 2396 Quod
1513 2332 1554 2383 si
1578 2330 1650 2382 di-

90 2430 203 2474 cant
224 2421 302 2475 illi
324 2422 489 2475 Deum
512 2437 652 2485 esse,
671 2431 723 2475 et
744 2437 846 2474 non
867 2423 1130 2490 spiritum,
1159 2420 1387 2487 quidicit
1404 2437 1415 2472 :
1435 2419 1653 2485 Pr0pte-
1692 2429 1696 2432 ’

95 2525 175 2562 rea
196 2511 312 2562 odio
324 2511 479 2564 habui
494 2511 635 2564 illam
653 2513 1037 2581 generationem,
1063 2521 1112 2564 ct
1137 2517 1257 2564 ante
1268 2510 1407 2564 dicta
1434 2509 1521 2562 illa
1535 2524 1651 2562 om-

94 2599 192 2662 nia,
207 2601 420 2654 audiant
438 2601 654 2654 Paulum
668 2615 727 2654 ea
744 2615 861 2669 quae
877 2602 924 2653 in
940 2601 1124 2655 eodem
1141 2601 1343 2669 psalmo
1356 2598 1650 2664 suntdicta,

94 2689 241 2762 315
263 2693 328 2744 ad
348 2693 595 2745 llebra'os
613 2691 928 2747 scribentem
956 2693 1060 2745 sic:
1089 2693 1255 2755 Quare
1281 2694 1410 2745 sicut
1428 2691 1654 2761 Spiritus

98 2793 284 2836 sanctus
321 2785 478 2849 dicit;
520 2783 683 2836 Hodie
729 2784 772 2836 si
813 2800 977 2838 roccm
1023 2787 1131 2855 ejus
1175 2784 1465 2848 audieritis,
1502 2785 1655 2838 nolite

99 2872 332 2927 obdurare
353 2876 509 2928 corda
536 2885 699 2928 vestra
727 2873 885 2940 (Heb.
911 2891 990 2937 Ill,
1015 2874 1092 2941 '7).
1128 2874 1352 2928 Veniant
1383 2884 1559 2927 autem
1590 2875 1656 2927 ad

112 2965 410 3029 prophetam
449 2965 668 3028 Isaiam,
705 2973 759 3017 et
795 2964 1009 3018 audiant
1048 2979 1166 3017 eum
1198 2964 1461 3018 dicentem
1495 2981 1509 3016 ε
1539 2964 1658 3017 Non

105 3054 302 3121 legatus.
344 3071 500 3125 neque
539 3054 772 3124 angelus,
808 3055 896 3108 sed
930 3056 1037 3121 ipse
1063 3052 1270 3108 salva'bit
1306 3070 1408 3118 eos,
1439 3069 1496 3106 eo
1523 3054 1657 3123 quod

1752 1879 1917 1944 facta,
1957 1885 2106 1944 atque
2149 1877 2198 1926 in
2239 1876 2445 1927 veritate
2491 1874 2745 1943 signorum
2790 1885 2836 1927 et
2875 1877 3218 1944 prodigiorum
3259 1877 3311 1929 in

1750 1968 1930 2019 v'rtute
1959 1966 2184 2031 Spiritus
2220 1965 2383 2017 sancti
2417 1963 2590 2035 (Rom.
2621 1979 2708 2028 xv,
2740 1961 2826 2032 i7)
2853 1982 2863 2015 :
2891 1955 3087 2018 docens
3115 1965 3314 2033 Spiritu

1750 2064 1936 2108 sancto
1965 2055 2229 2109 Christum
2263 2069 2356 2122 per
2386 2067 2443 2107 se
2472 2055 2617 2121 signa
2648 2063 2699 2106 et
2729 2053 2961 2121 prodigia
2992 2053 3199 2109 iecisse.
3232 2055 3311 2108 Ad

1754 2145 2013 2210 Ephesios
2042 2160 2166 2198 vero
2193 2161 2205 2196 :
2238 2143 2408 2214 Hujus
2445 2144 2519 2196 rei
2556 2145 2719 2214 gratia
2744 2147 2892 2212 ﬂecto
2918 2161 3082 2220 genua
3113 2163 3219 2200 mea
3247 2147 3314 2199 ad

1752 2233 1982 2298 Patrem,
2006 2251 2067 2287 ex
2088 2250 2188 2303 quo
2219 2236 2382 2286 omnis
2403 2235 2678 2303 paternitas
2698 2234 2749 2285 in
2779 2235 2900 2286 caelo
2921 2243 2965 2286 et
2991 2235 3041 2286 in
3067 2245 3200 2286 terra
3223 2251 3316 2289 ηας

1752 2327 1996 2390 minatur,
2026 2335 2078 2378 ttt
2107 2326 2191 2378 det
2220 2326 2355 2377 vobis
2377 2323 2652 2378 secundum
2677 2325 2984 2393 opulentiam
3017 2327 3191 2395 gloritz
3213 2340 3314 2377 sua:

1729 2418 1978 2468 -virtutem
2017 2415 2310 2480 confirmari
2351 2430 2437 2476 per
2469 2413 2713 2482 Spiritum
2745 2431 2892 2467 suum
2941 2416 2992 2468 in
3031 2416 3314 2468 interiorem

1755 2508 2032 2570 hominem,
2061 2506 2290 2558 habitare
2318 2505 2569 2558 Christum
2605 2521 2690 2573 per
2719 2506 2867 2572 fidem
2897 2506 2948 2557 in
2976 2506 3205 2558 cordibus
3235 2521 3315 2558 ne-

1755 2598 1871 2649 stris
1893 2595 2106 2664 (Ep/tes.
2137 2609 2215 2659 tu,
2236 2594 2346 2665 H).
2381 2592 2442 2646 Et
2468 2593 2580 2646 haec
2606 2593 2812 2662 quidem
2845 2592 2910 2645 de
2932 2593 3086 2645 Patre
3105 2603 3158 2647 et
3180 2592 3315 2647 Filio

1757 2686 1948 2739 Paulus
1976 2684 2315 2754 singulariter
2347 2673 2534 2737 scribit
2565 2698 2581 2739 :
2614 2684 2747 2735 sicut
2783 2682 2846 2733 ad
2874 2683 3316 2738 Thessalonicen-

1757 2790 1862 2838 ses,
1881 2776 2019 2842 quod
2042 2758 2345 2846 frequenter
2362 2774 2769 2832 memoravimus
2789 2774 2863 2827 ait
2884 2792 2894 2825 :
2915 2773 3033 2844 Ipse
3052 2790 3164 2828 uero
3184 2774 3319 2829 Deus

1757 2877 1803 2921 et
1841 2867 1992 2919 Pater
2021 2878 2186 2920 noster
2215 2867 2494 2930 sanctiﬁcet
2519 2881 2604 2917 vos
2642 2856 2710 2916 ad
2739 2868 3012 2934 perfectum
3048 2864 3222 2936 (Thes.
3263 2882 3312 2932 v,

1757 2961 1867 3026 2⁸5).
1893 2959 2006 3012 Νοη
2030 2958 2487 3012 dicit'sanctiticcnt
2509 2973 2594 3009 vos
2617 2957 2904 3024 pluraliter,
2929 2956 3021 3010 sed
3043 2958 3318 3025 sancti/icet

1761 3052 2117 3120 singulariter.
2148 3031 2372 3117 Quando
2401 3061 2574 3103 autem
2600 3055 2664 3102 ad
2692 3049 2992 3102 Corinthios
3020 3049 3087 3104 de
3108 3048 3241 3104 Filio
3267 3059 3319 3103 et

112 3145 325 3215 dligeret
354 3163 433 3200 eos
455 3164 471 3200 :
495 3160 542 3200 et
562 3147 667 3217 ipse
695 3147 911 3216 suscepit
934 3162 1035 3209 eos,
1063 3154 1110 3198 et
1135 3146 1369 3198 exultavit
1393 3161 1476 3198 eos
1499 3144 1662 3198 omni-
1693 3136 1737 3199 C
1772 3145 1966 3212 Spiritu
1996 3143 2124 3196 dicit
2152 3161 2164 3194 :
2201 3142 2304 3196 Sed
2329 3142 2491 3194 abluti
2515 3142 2648 3206 estis,
2677 3143 2763 3194 sed
2796 3142 3094 3210 sanctiﬁcati
3121 3143 3237 3194 estis
3265 3144 3317 3196 in

109 3235 187 3288 bus
221 3239 392 3291 diebus
433 3239 627 3291 steculi.
671 3235 783 3304 Ipsi
817 3254 933 3291 vero
964 3239 1317 3290 contumaciter
1351 3245 1576 3305 egerunt,
1610 3247 1656 3289 et

113 3335 507 3383 esacerbaverunt
540 3329 790 3397 Spiritum
823 3338 1052 3382 sanctum
1073 3371 1088 3396 ,
1121 3338 1166 3381 et
1197 3344 1461 3381 conversus
1490 3335 1560 3380 est
1589 3327 1658 3379 eis

115 3417 169 3466 ad
197 3419 510 3472 inimicitiam
537 3418 690 3488 (lsai.
718 3434 866 3482 um,
895 3419 973 3488 9).
1011 3419 1117 3472 Nec
1139 3434 1242 3471 non
1280 3420 1437 3472 etiam
1474 3418 1658 3486 prim’-

119 3504 202 3559 tias
247 3523 538 3580 martyrum
577 3508 903 3576 Stephanum
954 3508 1249 3562 auscultem
1298 3511 1656 3574 increpantem

117 3597 362 3666 principes
392 3599 693 3653 Judteorum
713 3638 728 3662 ,
753 3598 822 3651 ob
853 3599 1106 3653 beneﬁcia
1131 3613 1247 3666 qua:
1277 3598 1499 3651 contulit
1522 3597 1660 3651 Deus

121 3689 334 3752 patribus
362 3705 577 3755 eorum,
609 3706 728 3744 cum
758 3691 1009 3745 educeret
1038 3705 1129 3745 eos
1159 3691 1224 3743 de
1257 3701 1393 3743 terra
1426 3690 1660 3760 Egypti,

121 3781 328 3842 peractis
352 3782 515 3850 signis
536 3789 590 3836 et
613 3781 863 3850 prodigiis
888 3782 939 3835 in
963 3793 1100 3835 terra
1119 3781 1354 3852 Egypti,
1380 3792 1432 3835 et
1456 3783 1505 3834 in
1531 3782 1660 3836 mari

121 3865 297 3936 Rubro,
324 3880 377 3925 et
400 3873 451 3926 in
475 3873 712 3938 deserto,
740 3886 837 3941 per
855 3885 1020 3925 annos
1039 3872 1414 3941 quadraginta:
1439 3882 1491 3926 et
1512 3873 1580 3925 ob
1600 3887 1661 3926 ea

122 3970 219 4024 qua:
244 3960 535 4031 irreligiose
561 3970 805 4030 egerunt,
829 3961 970 4015 facto
989 3962 1153 4016 vitulo
1178 3974 1231 4016 et
1259 3963 1410 4016 idolis
1437 3963 1662 4017 adoran-

122 4058 215 4116 tes,
251 4065 303 4109 et
342 4063 557 4124 pr0pter
585 4055 760 4108 omnia
803 4070 919 4123 quae
958 4054 1157 4108 nefarie
1194 4056 1477 4109 machinati
1514 4067 1658 4120 sunt,
1697 4074 1702 4081 ’

123 4141 357 4200 dicentem
385 4146 450 4200 ad
477 4160 572 4199 eos
596 4163 608 4198 :
635 4143 780 4198 Dura
796 4146 1002 4209 cervice,
1037 4155 1084 4198 et
1123 4147 1459 4198 incircumcisi
1485 4148 1656 4211 corde,

126 4241 164 4283 et
187 4240 404 4302 auribus,
429 4254 514 4290 ros
534 4253 728 4307 semper
744 4236 959 4305 Spiritui
988 4250 1161 4290 sancto
1187 4238 1471 4290 obnitimini
1494 4253 1512 4290 :
1533 4239 1660 4290 sicut

128 4332 269 4387 patres
291 4330 438 4381 restri
460 4338 507 4381 et
531 4345 636 4381 vos.
672 4327 830 4392 Quem
853 4328 988 4380 enim
1012 4343 1074 4380 ex
1092 4321 1347 4396 praphetis
1373 4343 1472 4380 non
1493 4344 1660 4396 perse-

124 4417 206 4466 cuti
229 4429 340 4471 sunt
363 4427 530 4486 patres
559 4419 726 4480 vestri,
751 4427 796 4471 et
823 4419 1111 4470 occiderunt
1129 4419 1154 4471 ?
1184 4419 1563 4485 pronuntiantes
1591 4418 1658 4470 de

1759 3236 1958 3289 nomine
1991 3234 2189 3286 Domini
2214 3233 2378 3286 nostri
2405 3230 2527 3285 Jesu
2559 3230 2775 3297 Christi,
2819 3241 2865 3284 et
2905 3232 2956 3284 in
2987 3231 3185 3301 Spiritu
3226 3231 3317 3285 Dei

1759 3327 1915 3378 nostri
1945 3323 1996 3394 (l
2026 3323 2142 3377 Cor.
2174 3340 2247 3389 vt,
2276 3323 2379 3391 Η).
2417 3324 2480 3376 Et
2508 3323 2572 3377 de
2596 3323 2750 3376 Patre
2780 3324 3012 3391 quidem,
3041 3333 3093 3376 et
3118 3323 3184 3377 de
3204 3325 3319 3390 Spi-

1761 3411 1900 3469 ritui:
1937 3415 2154 3469 Nescitis
2193 3417 2311 3485 quia
2341 3417 2579 3485 templum
2613 3413 2705 3466 Dei
2733 3417 2866 3478 estis,
2897 3425 2943 3468 et
2974 3414 3196 3484 Spiritus
3228 3413 3321 3468 Dei

1760 3508 1952 3559 habitat
1975 3507 2026 3557 in
2047 3506 2218 3558 vobis?
2245 3505 2302 3559 Si
2329 3507 2441 3574 quis
2471 3507 2708 3572 templum
2734 3504 2824 3557 Dei
2841 3505 3104 3558 uiolauerit
3131 3506 3321 3574 disper-

1762 3599 1842 3650 det
1873 3598 2021 3650 illum
2053 3596 2185 3649 Deus
2215 3613 2231 3650 :
2260 3597 2378 3666 quia
2408 3599 2651 3661 templum
2685 3596 2774 3648 Dei
2804 3608 3035 3649 sanctum
3066 3605 3157 3661 est,
3189 3598 3324 3665 quod

1763 3691 1878 3742 estis
1905 3706 1988 3742 vos
2037 3688 2084 3757 (I
2118 3689 2235 3742 Cor.
2269 3687 2496 3755 111,16).
2545 3686 2650 3740 Sed
2699 3695 2753 3740 et
2790 3687 2954 3741 David
2991 3688 3056 3741 de
3095 3685 3247 3742 Patre
3275 3698 3324 3741 et

1764 3780 1961 3848 Spiritu
1989 3780 2130 3832 dicat
2154 3797 2165 3831 :
2190 3779 2302 3844 Quo
2329 3777 2406 3829 ibo
2427 3793 2457 3828 a
2481 3776 2680 3843 Spiritu
2702 3777 2822 3829 tuo?
2845 3789 2892 3829 et
2917 3793 2947 3828 a
2968 3777 3095 3846 facie
3120 3785 3207 3828 tua
3227 3793 3327 3846 quo

1762 3867 1999 3942 fugiam?
2064 3870 2124 3924 Si
2172 3869 2444 3922 ascendere
2505 3869 2557 3921 in
2604 3869 2810 3932 (telum,
2863 3876 2916 3920 tu
2964 3867 3029 3920 ibi
3068 3883 3123 3921 es
3156 3867 3323 3937 (Psal.

1763 3975 2013 4022 cxxxvrtt,
2040 3961 2116 4026 7);
2148 3967 2200 4012 et
2230 3973 2332 4010 non
2357 3959 2493 4011 dixit
2520 3973 2625 4022 vos,
2652 3959 2771 4010 licet
2793 3957 2857 4010 de
2879 3957 3075 4025 Spiritu
3097 3966 3152 4011 et
3172 3957 3327 4012 Patre

1763 4052 1996 4105 dixerit:
2033 4050 2131 4104 Ubi
2162 4060 2242 4103 est
2269 4050 2409 4102 enim
2440 4049 2599 4109 Deus,
2633 4049 2702 4101 ibi
2734 4056 2815 4101 est
2843 4056 2895 4101 et
2922 4047 3103 4112 Filius,
3130 4056 3181 4100 et
3203 4047 3320 4116 Spi-

1761 4143 1896 4195 ritus
1921 4155 2040 4194 esse
2064 4140 2383 4201 ostenditur,
2409 4148 2462 4191 et
2494 4138 2544 4191 in
2569 4137 2702 4191 Filio
2730 4146 2884 4206 atque
2906 4138 2955 4190 in
2978 4136 3176 4206 Spiritu
3196 4152 3318 4190 san-

1761 4245 1848 4288 cto
1875 4233 2015 4286 Deus
2047 4232 2314 4286 adoratur.
2350 4231 2477 4284 Nam
2506 4243 2624 4283 cum
2654 4229 2980 4285 Samaritana
3011 4229 3198 4282 mulier
3229 4230 3324 4281 ad-

1762 4324 1863 4378 huc
1885 4323 2169 4378 carnaliter
2189 4323 2447 4391 cogitaret
2465 4321 2532 4375 de
2556 4321 2682 4382 Deo,
2702 4327 2755 4373 et
2774 4319 3117 4372 arbitraretur
3137 4319 3189 4372 in
3210 4318 3328 4372 loco

1763 4415 1928 4468 Deum
1959 4414 2190 4476 adorari,
2222 4427 2283 4466 ac
2306 4412 2510 4465 diceret
2540 4427 2553 4463 :
2578 4408 2813 4471 Domine,
2836 4409 3179 4463 animadverto
3209 4411 3327 4479 quia

127 4506 316 4561 dventu
333 4509 486 4581 justi,
516 4513 664 4580 cujus
688 4525 773 4562 vos
802 4509 1080 4578 proditores
1102 4517 1151 4562 et
1179 4508 1520 4576 interfectores
1541 4509 1662 4578 facti
1690 4487 1741 4547 θ
1767 4504 2011 4576 propheta
2034 4519 2084 4558 es
2106 4514 2181 4558 tu.
2211 4502 2386 4555 Patres
2407 4501 2567 4554 nostri
2589 4502 2641 4552 in
2663 4508 2829 4552 monte
2855 4498 2948 4551 isto
2973 4501 3324 4562 adorat'erunt,

126 4597 235 4649 estis.
256 4599 352 4664 Qui
373 4599 632 4669 accepistis
656 4599 811 4668 legem
832 4600 898 4651 ad
924 4599 1213 4668 angelorum
1232 4599 1656 4663 constitutionem,

127 4693 264 4741 etnon
287 4692 520 4742 servastis
545 4689 681 4755 (Act.
714 4703 807 4754 vn,
832 4686 1058 4758 51-55).
1086 4688 1212 4754 Quis
1244 4691 1397 4759 igitur
1426 4704 1529 4743 non
1559 4689 1660 4743 mi-

127 4777 301 4833 rabitur
322 4780 549 4849 Spiritus
579 4780 749 4835 sancti
781 4780 1132 4846 divinitatem,
1159 4795 1279 4834 cum
1312 4781 1435 4834 talia
1461 4782 1566 4834 sint
1594 4780 1660 4835 de

129 4878 181 4916 eo
204 4867 371 4923 dicta?
400 4869 532 4934 Quis
568 4885 672 4922 non
702 4870 1036 4925 venerabitur
1064 4869 1376 4924 Paraclitum
1408 4870 1660 4938 Spiritum

130 4959 358 5024 veritatis,
388 4973 510 5014 cum
537 4959 733 5013 viderit
755 4975 875 5013 eum
904 4961 1287 5030 arguere-hunc
1316 4961 1568 5015 mundum
1594 4961 1662 5016 de

129 5057 350 5116 peccato,
393 5059 446 5104 et
485 5048 552 5102 de
577 5050 811 5113 iustitia,
850 5059 904 5103 et
931 5051 996 5104 de
1020 5051 1260 5119 judicio?
1297 5051 1428 5105 Cum
1471 5051 1663 5106 viderit

130 5152 225 5195 eum
250 5143 592 5196 suscitantem
623 5153 882 5206 mortuos,
904 5151 955 5195 et
983 5142 1354 5210 viviﬁcantem,
1386 5154 1438 5197 ct
1466 5143 1662 5198 iacien-

131 5237 212 5285 letn
243 5235 380 5302 quod
417 5234 578 5288 Pater
616 5242 669 5286 et
704 5232 868 5285 Filius
901 5232 1061 5286 facit?
1113 5233 1241 5288 Nam
1292 5236 1344 5286 in
1378 5234 1660 5302 Evangelio

131 5322 352 5390 scriptum
381 5335 462 5379 cst
485 5343 498 5376 :
529 5323 675 5380 Sicut
701 5324 832 5378 enim
855 5322 1007 5377 Pater
1035 5325 1242 5376 suscitat
1270 5333 1489 5377 mortuos
1514 5335 1557 5378 et
1588 5326 1664 5377 vi-

131 5413 299 5477 l’iﬁcat,
334 5418 407 5469 sic
445 5425 492 5469 et
528 5414 695 5469 Filius
728 5429 852 5483 quos
883 5416 989 5468 uult
1022 5415 1236 5479 viviﬁcat
1267 5413 1442 5484 (Joan.
1470 5430 1518 5477 v,
1545 5414 1657 5482 21).

133 5498 181 5551 Et
206 5506 464 5572 apostolus
507 5506 700 5559 Paulus
735 5504 800 5557 ad
837 5503 1102 5557 Romanos
1140 5504 1268 5555 dicit
1301 5521 1314 5557 :
1347 5503 1407 5556 Si
1437 5504 1662 5572 Spiritus

134 5593 213 5656 ejus
245 5597 330 5665 qui
358 5598 611 5648 suscitavit
631 5595 810 5649 Iesum
844 5612 876 5646 a
904 5595 1143 5659 mortuis,
1180 5594 1372 5647 habitat
1401 5596 1451 5646 in
1492 5596 1662 5646 vobis:

133 5690 196 5751 φιὶ
227 5690 476 5743 suscitavit
506 5686 683 5743 Iesum
712 5707 742 5742 a
775 5689 1011 5756 mortuis,
1053 5687 1318 5754 vittiﬁcabit
1347 5696 1394 5740 et
1426 5686 1659 5739 mortalia

1764 4606 1809 4649 et
1851 4612 1935 4649 vos
1975 4595 2139 4648 dicitis
2176 4596 2414 4660 quoniam
2448 4591 2813 4658 Hierosolymis
2848 4598 2918 4642 est
2956 4589 3113 4650 locus,
3144 4588 3196 4640 in
3228 4604 3326 4657 quo

1762 4686 1970 4739 adorari
1993 4694 2187 4750 oportet
2217 4681 2394 4752 (Joan.
2424 4696 2496 4747 ιν,
2527 4680 2635 4748 19).
2658 4677 2914 4731 Dominus
2940 4684 3115 4729 autem
3144 4675 3326 4730 exclu-

1763 4779 1894 4832 dens
1912 4777 1963 4830 in
1985 4777 2098 4830 loco
2119 4772 2330 4828 adorari
2351 4768 2682 4835 Deum,dixit
2704 4766 2768 4820 ad
2789 4781 2905 4820 eam
2925 4784 2936 4817 :
2955 4764 3162 4831 Mulier,
3180 4765 3328 4818 crede

1765 4871 1908 4933 mitti,
1932 4870 2051 4938 quia
2079 4868 2211 4920 venit
2236 4866 2379 4926 hora,
2402 4854 2601 4928 quando
2636 4873 2793 4927 neque
2819 4857 2869 4910 in
2900 4858 2996 4909 isto
3023 4865 3207 4919 ntonte,
3235 4871 3326 4907 ue-

1765 4977 1859 5026 que
1880 4961 1932 5012 in
1951 4956 2316 5025 Hierosolymis
2346 4951 2623 5005 adorabitis
2647 4948 2889 5002 Patrem:
2916 4948 3003 5000 sed
3028 4947 3158 4999 venit
3175 4947 3322 5007 hora,

1764 5051 1966 5119 quando
2006 5047 2110 5100 veri
2151 5049 2441 5097 adoratores
2484 5041 2767 5094 adorabunt
2805 5029 3012 5092 Patrem
3054 5038 3105 5090 in
3136 5036 3323 5103 spiritu

1762 5151 1810 5194 et
1833 5140 2055 5192 veritate.
2080 5135 2232 5188 Pater
2258 5135 2387 5186 enint
2409 5131 2533 5185 tales
2558 5129 2757 5200 quwrit,
2807 5138 2855 5182 et
2877 5128 3032 5197 317
3053 5125 3321 5178 adorantes

1765 5229 1928 5282 Deum
1951 5231 2000 5281 in
2020 5227 2198 5295 spiritu
2232 5232 2278 5277 et
2309 5224 2512 5276 veritate
2541 5229 2736 5287 oportet
2763 5219 2975 5272 adorare
2998 5215 3179 5281 (Ibid.,
3203 5212 3317 5282 21).

1765 5319 1914 5386 Quod
1945 5321 1985 5370 si
2017 5317 2067 5369 in
2091 5315 2278 5384 spiritu
2304 5323 2357 5366 et
2380 5311 2621 5374 veritate,
2645 5325 2771 5378 ergo
2799 5310 2851 5362 in
2877 5307 3008 5360 Filio
3031 5306 3165 5358 Deus
3185 5304 3318 5359 ado-

1765 5421 1947 5466 ratur:
1972 5424 2094 5462 nam
2123 5408 2315 5462 veritas
2341 5413 2424 5459 est
2447 5403 2630 5464 Filius,
2654 5403 2741 5470 qui
2771 5402 2897 5455 dixit
2920 5416 2933 5450 :
2958 5397 3066 5466 Ego
3086 5413 3196 5448 sum
3217 5398 3318 5464 via,

1762 5513 1811 5555 et
1841 5503 2020 5554 veritas
2039 5540 2054 5562 ,
2095 5507 2143 5550 et
2180 5498 2281 5549 vita
2305 5495 2479 5566 (Joan.
2515 5509 2624 5560 xw,
2644 5493 2720 5562 6);
2769 5505 2861 5544 cur
2886 5502 2988 5541 non
3018 5501 3136 5539 cum
3165 5485 3320 5541 Patre

1762 5593 1988 5661 Spiritus
2010 5589 2311 5644 adorandus
2334 5588 2400 5641 sit
2423 5603 2452 5640 a
2484 5585 2636 5639 nobis
2661 5600 2674 5636 :
2700 5594 2920 5649 namque
2946 5579 3323 5647 inacceptibile

1763 5693 1862 5751 est,
1885 5692 1941 5737 ut
1961 5680 2291 5751 cerporalcm
2312 5687 2625 5733 venerantes
2649 5675 2831 5737 Deum,
2854 5684 2954 5725 non
2981 5665 3029 5723 in
3050 5669 3244 5738 Spiritu
3269 5681 3324 5725 ct
