3856 6222
599 196 703 251 323

1882 204 2097 259 νιοιιιι
2137 206 2493 262 TAPSENSIS

3705 232 3799 282 5'34

580 304 645 359 in
671 305 801 372 Filio
820 307 1054 362 adorent.
1079 310 1191 362 Alio
1207 311 1330 378 quin
1354 310 1398 362 si
1425 310 1475 362 in
1498 309 1691 377 Spiritu
1717 311 1937 365 adorant
1961 313 2139 376 Deum,
2174 321 2222 376 Α
2251 333 2422 370 eorum
2447 333 2552 381 cor,
2577 335 2635 371 ne
2661 323 2789 389 forte
2817 324 3012 378 videant
3039 325 3218 390 oculis,
3243 338 3289 379 et
3315 331 3598 398 intelligant
3625 342 3799 398 corde,

595 395 915 469 candoratur
941 398 1162 464 Spiritus
1190 403 1230 450 :'
1259 413 1378 451 cum
1410 400 1459 451 in
1489 399 1945 454 Christoaudiant
1971 404 2136 469 glori-

581 465 742 538 ‘licari
766 485 971 539 Patrem
1001 489 1051 539 in
1081 487 1340 557 Ecclesia,
1365 489 1489 556 quid
1517 506 1574 545 se
1601 506 1719 546 esse
1742 492 1970 548 facturos
1998 509 2142 549 asse-

594 573 752 626 rentt
782 571 971 626 Paulus
999 576 1138 628 enim
1169 578 1408 632 scribens
1433 579 1499 632 ad
1531 580 1784 647 Ephesios
1813 583 1887 633 ait
1915 598 1931 636 :
1966 583 2028 636 Ei
2056 586 2140 650 qui

594 667 761 713 volens
785 668 855 711 est
879 665 1045 714 omnia
1064 665 1227 732 facere
1250 666 1563 720 abundanter
1584 684 1736 734 supra
1758 686 1904 736 quam
1925 671 2138 736 petimus

587 756 671 798 aut
700 749 944 816 sapimus,
975 752 1073 820 ipsi
1093 754 1258 822 gloria
1283 757 1334 808 in
1360 756 1604 819 Ecclesia,
1627 758 1678 809 in
1701 755 1897 810 Christo
1914 757 2058 823 Iesu,
2085 762 2136 812 in

586 852 757 889 omnes
788 843 1128 908 generationes
1152 846 1321 897 steculi
1346 849 1642 899 «sculorum
1674 845 1885 916 (Ep/tes.
1912 863 1989 912 tu,
2020 847 2133 917 20).

586 923 652 979 Et
681 943 883 982 rursum
919 930 1109 984 Paulus
1138 932 1265 987 dicit
1305 949 1319 988 :
1360 933 1489 998 Quia
1519 949 1610 1001 per
1645 932 1911 988 Christum
1941 937 2135 990 dicitur

585 1015 753 1071 Amen
785 1017 923 1075 Patri
950 1020 1014 1072 ad
1041 1021 1258 1089 gloriam
1284 1021 1334 1091 (Ι
1346 1019 1370 1072 1
1399 1021 1515 1075 Cor.
1549 1036 1594 1087 ι,
1629 1020 1720 1090 20)
1745 1038 1759 1075 :
1789 1037 1882 1090 pt-r
1910 1036 2007 1077 nos
2037 1023 2133 1078 Pa-

586 1115 719 1161 trem
746 1120 795 1162 et
817 1110 1028 1178 Filium,
1058 1121 1112 1166 et
1138 1113 1188 1165 in
1218 1112 1350 1166 Filio
1376 1112 1584 1166 Patrem
1614 1113 1998 1181 gloriﬁcantes,
2029 1129 2129 1168 non

586 1200 763 1265 utique
786 1202 1204 1269 conglorilicante
1227 1203 1376 1256 Filio.
1408 1203 1496 1279 Sic
1518 1202 1693 1272 itaque
1719 1203 1879 1256 Deum
1902 1205 2130 1258 adorau-

581 1294 662 1339 tes
691 1287 744 1340 in
771 1288 965 1356 Spiritu
995 1297 1047 1342 et
1076 1290 1126 1342 in
1161 1289 1320 1354 Filio,
1352 1291 1407 1344 id
1436 1299 1517 1344 est
1548 1305 1640 1358 per
1665 1291 1917 1357 Spiritum
1949 1306 2009 1345 ac
2041 1307 2132 1360 per

581 1372 768 1440 Filium
790 1374 1086 1442 adorantes,
1105 1377 1449 1432 coadoramus
1464 1379 1759 1445 Dominum,
1784 1389 1838 1434 et
1858 1380 2061 1443 Filium.
2079 1390 2132 1435 et

577 1459 852 1528 Spiritum.
883 1463 1116 1534 Denique
1143 1465 1334 1519 Paulus
1360 1467 1544 1520 scribit
1568 1484 1580 1518 :
1614 1466 1680 1521 Ut
1704 1469 1755 1521 in
1786 1471 1985 1521 nomine
2004 1470 2128 1522 Iesu

573 1549 764 1605 Christi
788 1568 957 1606 omnes
986 1571 1148 1623 genua
1176 1556 1400 1624 ﬂectant,
1432 1565 1479 1608 et
1503 1557 1663 1610 omnis
1690 1557 1863 1626 lingua
1889 1558 2130 1626 conﬁtea-

2243 415 2290 457 et
2322 417 2688 471 convertantur,
2722 418 2770 462 et
2803 427 2970 465 sonent
3013 416 3126 466 illos
3170 415 3346 483 (Ioan.
3378 433 3481 478 ιιι.
3511 422 3621 480 39).
3683 426 3802 481 Ib:

2245 493 2403 560 igitur
2431 494 2562 547 dixit
2587 495 2771 561 Jsaias,
2802 513 2920 552 cum
2949 504 3166 557 vidisset
3200 505 3420 572 gloriam
3461 508 3596 576 ejus,
3634 523 3693 565 et
3725 515 3799 568 lo-

2239 586 2390 666 cutus
2410 591 2488 634 est
2509 581 2575 634 de
2594 597 2676 636 eo.
2702 583 2763 637 Et
2784 587 2904 652 quid
2931 589 3120 644 facient
3142 593 3206 646 de
3227 593 3406 658 Paulo,
3429 598 3518 664 qui
3542 600 3797 666 Spiritum

2239 665 2366 718 dicit
2397 668 2446 718 in
2478 666 2566 719 illa
2597 671 2760 734 gluria
2789 674 2956 751 risum
2985 692 3104 731 esse
3137 679 3302 746 lsa'az,
3333 691 3388 735 et
3419 665 3660 738 locutum
3685 704 3802 743 esse

2236 752 2304 814 ei,
2329 767 2446 804 cum
2478 756 2705 808 misisset
2733 773 2852 810 eum
2883 761 2946 813 ad
2981 767 3223 830 populqu
3254 773 3551 836 supradicta
3581 777 3797 830 dicere?

2236 840 2499 907 Scriptum
2530 851 2609 896 est
2633 845 2770 896 enim
2803 847 2878 899 sic
2911 848 2959 900 in
2985 853 3205 907 Actibus
3233 860 3626 922 apostolorum:
3665 863 3796 916 Coa-

2237 930 2478 983 venicntes
2519 942 2682 984 autem
2727 936 2794 986 ad
2845 937 3147 995 alterutrum
3180 943 3351 999 Iudaei
3391 950 3792 1018 dimittebant",

2233 1019 2427 1072 dicente
2447 1017 2610 1075 Paulo
2632 1024 2828 1077 verbum
2853 1043 3005 1081 unum
3022 1046 3040 1082 :
3062 1031 3191 1095 Quia
3212 1035 3332 1088 bene
3347 1035 3572 1103 Spiritus
3589 1055 3796 1095 metu

2233 1110 2425 1162 locutus
2448 1120 2521 1163 est
2544 1111 2610 1162 ad
2638 1111 2813 1166 Patres
2841 1124 3024 1168 vestros
3050 1135 3137 1184 per
3159 1123 3452 1189 prophetam
3472 1124 3694 1189 Isaiam,
3719 1133 3794 1180 di-

2233 1211 2348 1248 cens
2369 1212 2389 1251 :
2412 1197 2548 1270 Aure
2568 1199 2779 1252 audietis
2807 1211 2851 1251 et
2872 1217 2972 1254 non
3003 1205 3300 1275 in'elligetis,
3332 1220 3385 1262 et
3410 1212 3635 1265 videntes
3667 1218 3793 1269 cide.

2232 1284 2346 1337 bitis
2367 1292 2412 1336 et
2439 1300 2535 1338 non
2560 1285 2826 1354 aspicietis.
2854 1286 3195 1343 Incrassatum
3216 1301 3285 1346 (st
3307 1311 3393 1347 cor
3414 1301 3590 1364 populi
3619 1301 3792 1365 hujus,

2228 1384 2275 1427 et
2306 1375 2512 1430 auribus
2536 1377 2636 1452 suis
2665 1379 2881 1446 graviter
2908 1380 3198 1444 audierunt,
3227 1394 3276 1434 et
3304 1387 3473 1439 oculos
3503 1404 3620 1440 suos
3654 1392 3790 1442 clas-

2229 1478 2433 1532 serunt,
2465 1483 2526 1521 ne
2556 1458 2684 1537 forte
2715 1469 2913 1522 uideant
2941 1471 3100 1526 oculis
3118 1512 3133 1534 ,
3161 1481 3207 1524 et
3234 1475 3443 1528 auribus
3467 1479 3720 1544 “diem,
3748 1495 3790 1534 et

2223 1556 2378 1608 corde
2410 1556 2722 1624 intelligant,
2758 1564 2805 1609 et
2835 1569 3204 1628 convertantur,
3233 1568 3281 1613 et
3307 1577 3479 1615 sanam
3507 1565 3624 1619 illos
3655 1568 3783 1634 (Act.

575 1648 682 1704 tur,
716 1641 836 1709 quia
862 1641 1100 1696 Dominus
1119 1642 1270 1696 Iesus
1298 1644 1350 1697 in
1380 1643 1546 1712 gloria
1575 1654 1646 1698 est
1671 1645 1764 1698 Dei
1787 1644 1960 1711 Patris
1982 1646 2133 1714 (Pni-
2164 1658 2208 1716 Β
2239 1639 2434 1710 xxviii,
2458 1645 2668 1712 2527).
2700 1646 2834 1700 Ecce
2854 1646 3084 1700 Joannes
3105 1651 3312 1716 quidem
3339 1651 3531 1705 Filium
3549 1693 3563 1713 .
3594 1653 3785 1708 Paulus

583 1728 678 1796 lip.
715 1743 772 1796 ιι,
801 1729 910 1798 10).
945 1730 1092 1796 Quod
1125 1729 1168 1783 si
1199 1730 1284 1795 lii,
1312 1735 1397 1798 qui
1437 1732 1489 1786 in
1535 1733 1744 1788 nomine
1779 1735 1904 1788 Jesu
1933 1734 2129 1788 Christi

578 1806 795 1872 ﬂectunt
833 1831 997 1883 genua
1017 1856 1030 1880 ,
1063 1817 1248 1871 Filium
1277 1820 1573 1886 glorillcant
1599 1836 1717 1875 cum
1749 1820 1925 1887 Patre,
1951 1835 2046 1874 cur
2075 1823 2126 1874 hi

572 1905 660 1972 qui
692 1905 742 1957 in
773 1904 968 1972 Spiritu
1003 1904 1204 1958 Patrem
1233 1917 1284 1958 et
1311 1905 1499 1958 Filium
1527 1907 1767 1969 adorant,
1800 1922 1904 1960 non
1933 1908 2125 1961 adora-

572 1991 702 2045 bunt
729 2006 847 2045 enm
877 2005 994 2044 cum
1023 1991 1195 2056 Patre,
1235 2000 1288 2044 et
1315 1990 1469 2057 Filio,
1492 2001 1546 2046 et
1581 1992 1777 2060 Spiritu
1820 1996 2038 2046 sancto?
2067 1993 2121 2048 Si

569 2079 744 2148 itaque
763 2079 1056 2134 audivimus
1075 2080 1282 2147 Moysen
1310 2079 1574 2134 dicentem
1610 2097 1624 2132 :
1654 2080 1924 2133 Dominum
1963 2081 2121 2134 Deum

565 2175 707 2222 tuum
729 2166 982 2232 adorabis,
1005 2178 1050 2221 et
1073 2168 1154 2221 illi
1173 2169 1268 2221 soli
1295 2169 1476 2222 servies
1502 2167 1674 2238 (Deut.
1699 2170 1901 2237 v1,13),
1925 2171 2119 2227 scimus

565 2261 887 2328 pronuntiari
913 2274 1030 2316 cum
1063 2260 1379 2316 De'iFilium
1410 2271 1463 2313 et
1488 2261 1768 2328 Spiritum.
1813 2260 1878 2314 Et
1907 2275 1974 2314 ne
2007 2271 2120 2318 tan-

567 2364 724 2418 quam
763 2365 866 2403 non
905 2349 1096 2416 scripta
1141 2357 1517 2412 memorantes,
1563 2355 1615 2402 et
1650 2346 1718 2402 de
1760 2356 1943 2402 nostro
1979 2349 2118 2417 loqui

561 2438 851 2504 videamur,
873 2437 1275 2492 demonstranda
1299 2446 1382 2492 est
1401 2437 1692 2492 caelestium
1717 2436 1962 2491 virtutum
1991 2439 2118 2494 ado-

504 2561 509 2565 -
564 2527 725 2592 ratio,
742 2535 798 2580 et
818 2526 952 2580 sicut
973 2539 1004 2580 e
1025 2525 1219 2582 sanctis
1240 2524 1519 2578 didicimus
1541 2525 1844 2592 Scripturis.
1871 2523 2110 2580 Forsitan

560 2614 634 2668 illi
654 2614 986 2669 :emulatores
1005 2611 1199 2676 effecti,
1218 2611 1293 2667 sic
1313 2619 1369 2668 et
1390 2612 1628 2665 venerari
1642 2611 1849 2669 discent
1867 2622 1921 2664 et
1935 2625 2107 2668 orare.

559 2702 724 2767 Quem
755 2703 932 2757 visum
957 2701 1135 2764 volunt
1165 2699 1311 2754 [asiae
1340 2700 1392 2753 in
1424 2700 1620 2769 templo
1651 2699 1875 2781 laudari,
1903 2709 1957 2754 et
1983 2702 2110 2757 ado-

559 2791 686 2858 rari,
716 2800 770 2846 et
795 2791 1072 2859 gloriticari
1107 2805 1136 2843 a
1164 2790 1452 2858 seraphim,
1488 2790 1766 2847 Patrenme
1795 2805 1858 2844 an
1887 2791 2102 2858 Filium;

554 2877 695 2938 forte
741 2879 882 2939 enim
911 2892 1065 2933 aures
1109 2877 1389 2933 obstruent
1434 2877 1479 2931 si
1526 2878 1741 2936 audiant
1770 2887 1826 2933 et
1853 2879 2104 2947 Spiritum

552 2977 815 3027 sanctum.
864 2968 1021 3021 Isaias
1060 2967 1202 3020 enim
1249 2967 1322 3019 ait
1353 2983 1365 3018 :
1404 2965 1470 3018 Et
1501 2967 1692 3034 factum
1735 2976 1808 3020 est
1846 2985 1979 3022 anno
2007 2986 2106 3039 quo
2131 2989 2174 3050 ρ

550 3075 774 3115 nortuus
802 3070 872 3114 est
896 3059 1046 3114 Osias
1065 3076 1175 3123 rex,
1198 3061 1298 3113 vidi
1323 3059 1588 3113 Dominum
1610 3058 1833 3115 Sabaoth
1857 3063 2106 3116 sedentem

550 3171 702 3222 super
725 3154 955 3207 thronum
976 3154 1134 3206 altum
1155 3165 1197 3207 et
1223 3153 1485 3217 eleuatum,
1508 3159 1568 3208 et»
1577 3155 1724 3223 plena
1748 3154 1924 3208 domus
1943 3154 2105 3222 gloria

548 3246 685 3314 ejus:
703 3255 748 3298 et
767 3245 1017 3314 seraphim
1036 3244 1232 3298 stabant
1250 3245 1300 3296 in
1319 3244 1531 3297 circuitu
1552 3244 1678 3313 ejus,
1695 3258 1783 3296 sea:
1794 3245 1900 3295 alas
1922 3243 2104 3299 habens

547 3350 668 3398 una,
700 3343 743 3389 et
773 3335 932 3387 altera
953 3350 1080 3398 sex;
1110 3343 1156 3387 et
1178 3333 1373 3388 duabus
1403 3335 1607 3398 quidem
1632 3335 1726 3386 alis
1756 3333 1984 3386 uelabant
2026 3338 2104 3402 fa-

547 3422 673 3475 ciem
697 3437 713 3474 :
735 3420 929 3476 duabus
957 3437 1067 3474 vero
1098 3421 1265 3490 pedes,
1300 3430 1346 3472 et
1379 3420 1581 3473 duabus
1599 3420 1849 3482 volabant,
1873 3421 2032 3490 318
2055 3430 2100 3475 et

545 3507 825 3561 clamabant
874 3509 1187 3570 alterutrum,
1235 3515 1283 3561 et
1320 3507 1547 3559 dicebant
1592 3507 1832 3571 Sanctus,
1878 3519 2097 3575 sanctus,

544 3604 750 3648 sanctus
778 3593 1022 3646 Dominus
1054 3593 1184 3647 Deus
1215 3592 1470 3658 Sabaoth;
1499 3595 1645 3663 plena
1677 3602 1747 3647 est
1776 3597 1935 3648 omnis
1970 3606 2101 3650 terra

544 3683 708 3752 gloria
726 3683 856 3753 ejus,
882 3690 927 3737 et
949 3683 1161 3741 levatum
1184 3692 1253 3738 est
1281 3685 1431 3736 limen
1451 3698 1516 3736 ea:
1537 3698 1768 3751 voceque
1794 3685 2096 3751 clamabant,

541 3781 591 3825 et
618 3772 797 3824 domus
822 3768 1033 3840 impleta'
1045 3781 1116 3824 est
1137 3776 1298 3840 fumo.
1326 3771 1390 3824 Et
1411 3773 1520 3825 dixi
1549 3789 1564 3826 :
1595 3772 1639 3826 0
1670 3773 1818 3825 miser
1843 3789 1952 3842 ego,
1976 3792 2098 3842 quo-

542 3861 678 3911 niam
716 3867 1044 3927 compunctus
1082 3876 1191 3912 sum
1233 3875 1252 3912 :
1289 3861 1407 3928 quia
1444 3876 1557 3916 cum
1595 3861 1689 3915 sint
1720 3861 1890 3928 homo,
1922 3872 1969 3915 et
1997 3866 2092 3917 int-

579 3949 728 4003 .unda
748 3947 881 4002 labia
900 3948 1128 4013 habeam,
1151 3960 1201 4002 et
1225 3950 1276 4002 in
1301 3951 1464 4003 medio
1487 3949 1661 4020 papuli
1679 3953 1939 4005 immunda
1963 3954 2096 4008 labia

539 4036 760 4090 habentis
782 4051 873 4103 ego
893 4036 1126 4103 habitem,
1152 4053 1318 4106 regem
1339 4036 1609 4091 Dominum
1633 4038 1856 4093 Sabaotlt
1882 4057 1973 4110 ego
1993 4044 2095 4095 vidi

538 4125 695 4179 oculis
723 4125 863 4198 meis.
897 4122 961 4175 Et
992 4124 1169 4177 missus
1195 4134 1266 4178 est
1296 4128 1362 4178 ad
1393 4144 1468 4180 me
1496 4144 1624 4202 unus
1656 4130 1716 4181 de
1744 4130 2016 4198 seraphint.
2050 4142 2093 4184 et

538 4216 589 4268 in
613 4231 761 4268 manu
781 4214 990 4266 habebat
1018 4216 1302 4280 carbonem,
1328 4233 1472 4284 quem
1500 4219 1550 4271 in
1572 4222 1764 4288 forcipe
1788 4224 2002 4288 sumpsit
2030 4224 2092 4275 ab

537 4303 720 4365 altari,
759 4313 805 4356 et
836 4303 993 4372 tetigit
1021 4319 1073 4355 os
1103 4319 1293 4368 meum,
1323 4316 1370 4358 et
1405 4309 1528 4359 dixit
1561 4309 1679 4359 mihi
1722 4324 1740 4362 :
1777 4310 1904 4362 Ecce
1933 4313 2090 4380 tetigit
2122 4340 2170 4398 ο

537 4392 672 4445 istud
688 4390 823 4444 labia
845 4401 950 4455 tua,
980 4401 1025 4445 et
1044 4393 1232 4462 auferet
1255 4395 1533 4463 iniquitates
1557 4405 1688 4460 tuas,
1715 4407 1760 4450 et
1783 4410 1981 4465 peccata
2007 4409 2092 4453 tua

538 4481 843 4532 emundabit.
869 4480 932 4533 Et
954 4497 1040 4550 ego
1060 4483 1224 4535 audivi
1244 4499 1410 4536 vocem
1430 4485 1646 4549 Domini,
1670 4489 1910 4542 dicentis:
1933 4491 2091 4554 Quem

530 4570 727 4621 mittam
757 4577 804 4620 et
828 4570 936 4636 quis
964 4568 1048 4620 ibit
1083 4572 1148 4621 ad
1178 4571 1418 4639 populum
1448 4573 1596 4625 istum
1621 4575 1645 4626 ?
1687 4573 1755 4629 Et
1783 4575 1886 4628 dixi
1915 4594 1931 4630 .·
1964 4577 2091 4632 Ecce

536 4670 644 4724 ego,
669 4656 804 4708 mitte
825 4671 919 4708 me.
950 4655 1010 4707 Et
1033 4658 1159 4712 dixit
1185 4659 1308 4710 mihi
1330 4675 1349 4713 :
1388 4658 1469 4712 Ito
1494 4663 1560 4713 ad
1580 4665 1823 4732 populum
1850 4665 2020 4728 istum,
2044 4677 2090 4720 et
2117 4675 2121 4678 ’

535 4747 615 4796 dc
645 4745 692 4797 ei
705 4761 724 4798 .'
742 4745 874 4812 Δια-ε
892 4746 1122 4811 audietis,
1146 4757 1303 4800 etnon
1327 4748 1630 4818 intelligetis,
1649 4762 1695 4803 et
1713 4752 1929 4806 videntes
1953 4755 2087 4807 vide-

533 4836 663 4898 bitis,
692 4843 857 4888 etnon
884 4834 1149 4902 aspicietis.
1176 4834 1518 4890 Incrassatunt
1549 4850 1617 4894 ηε
1646 4843 1773 4894 enim
1801 4858 1886 4895 cor
1913 4846 2088 4913 populi

532 4925 704 4995 hujus,
725 4933 772 4977 et
799 4925 1000 4978 auribus
1022 4927 1123 4978 suis
1150 4929 1361 4995 graviter
1382 4931 1671 4997 audierunt,
1704 4943 1751 4985 et
1771 4935 1944 4986 oculos
1966 4951 2085 4990 suos

532 5018 840 5077 clauserunt,
865 5028 926 5064 ne
947 5016 1074 5081 forte
1097 5015 1288 5069 videant
1318 5020 1473 5072 oculis
1495 5027 1541 5072 et
1562 5021 1788 5085 credant,
1814 5032 1858 5073 et
1881 5024 2083 5076 auribus

533 5103 761 5166 audiant,
795 5112 840 5155 et
865 5102 1012 5155 corde
1044 5103 1348 5173 intelligant,
1379 5116 1424 5160 et
1453 5119 1816 5175 convertantur,
1840 5123 1886 5164 et
1912 5127 2081 5164 sonent

533 5191 667 5245 illos.
693 5188 757 5242 Et
777 5189 915 5243 dixi:
943 5188 1204 5259 Usquequo
1226 5191 1433 5247 Domine
1453 5193 1602 5262 (Isai.
1627 5212 1698 5260 Vl,
1716 5195 1801 5251 i-l
1818 5197 1894 5267 l)"
1914 5199 2078 5264 Quem

533 5281 688 5348 igitur
723 5281 858 5333 hunc
892 5293 1009 5337 esse
1039 5283 1251 5346 voiunt,
1289 5282 1540 5349 all'erant,
1573 5287 1748 5340 dicent
1777 5290 1914 5340 enim
1945 5289 2079 5344 lorte

535 5370 739 5423 Filium.
766 5370 819 5422 In
844 5370 1123 5438 Evangelio
1149 5374 1284 5422 enim
1309 5375 1438 5426 κατὰ
1460 5376 1676 5431 Ἰωάννην
1701 5377 1952 5444 scriptum
1976 5389 2074 5430 est:

535 5456 602 5508 Et
627 5467 882 5525 propterea
911 5475 1008 5511 non
1039 5467 1266 5524 poterant
1293 5459 1491 5512 credere
1518 5462 1568 5512 in
1587 5459 1782 5526 Iesum,
1804 5465 1921 5532 quia
1948 5466 2075 5517 dixit

539 5545 700 5598 Isaias
738 5547 972 5615 prapheta
999 5564 1015 5603 :
1044 5546 1324 5602 Exctecavit
1353 5550 1521 5603 eorum
1553 5553 1738 5620 oculos,
1764 5549 1808 5607 et
1835 5555 2071 5607 hebetavit

2232 1747 2355 1785 vero
2377 1733 2628 1802 Spiritum
2658 1747 2894 1791 sanctum
2921 1753 3036 1793 esse
3063 1742 3210 1807 dicit,
3236 1745 3322 1811 qui
3347 1745 3418 1798 sit
3446 1746 3592 1799 visus
3619 1749 3780 1810 Isaiae,

2226 1820 2418 1875 sedens
2447 1837 2604 1890 super
2635 1824 2876 1878 thronum
2907 1826 3068 1882 altum
3096 1839 3151 1884 et
3179 1833 3437 1887 elevatum
3457 1873 3470 1898 ,
3503 1836 3667 1907 διο
3697 1841 3782 1906 qui

2224 1909 2510 1976 adora'ur,
2549 1920 2603 1965 ct
2645 1913 2910 1981 laudatur,
2969 1927 3022 1971 et
3061 1920 3383 1987 gloriﬁcatur
3415 1938 3446 1976 a
3495 1928 3777 1994 seraphim.

2225 1997 2476 2054 Ecclesia:
2510 2009 2688 2054 autem
2711 2000 2902 2057 Christi
2943 2021 3126 2060 omnes
3165 2010 3230 2062 ab
3255 2008 3471 2065 Oriente
3507 2028 3678 2081 nsqoe
3718 2017 3776 2066 ad

2221 2084 2556 2141 Occidentem
2585 2091 2961 2146 convenienter
2989 2092 3192 2149 Patrem
3223 2111 3251 2147 a
3279 2101 3548 2164 seraphim
3579 2102 3775 2154 laudari

2223 2171 2534 2239 proﬁtentur
2564 2174 2614 2227 in
2645 2177 3054 2233 ministeriorum
3087 2181 3366 2237 relatione.
3390 2185 3578 2240 Dicant
3605 2188 3774 2255 itaque

2222 2260 2372 2315 nobis
2425 2261 2514 2327 qui
2558 2265 2947 2320 venerationem
2998 2268 3212 2336 Spiritui
3257 2284 3442 2328 sancto
3492 2276 3772 2344 denegarat,

2218 2346 2458 2413 quisnam
2480 2364 2545 2403 ex
2572 2350 2652 2404 his
2676 2366 2854 2406 verum
2877 2353 3036 2414 dicat.
3056 2365 3145 2411 aut
3167 2359 3280 2428 quis
3301 2360 3482 2414 fallat?
3515 2363 3766 2421 Utrumne

2215 2433 2459 2501 Joannes,
2484 2451 2546 2489 an
2573 2439 2795 2494 Paulus?
2819 2456 2884 2496 an
2909 2458 3037 2498 vero
3057 2460 3238 2502 omnes
3263 2448 3514 2505 Ecclesia
3533 2452 3730 2507 Christi
3751 2456 3770 2506 ι

2213 2525 2459 2589 quoniam
2488 2527 2697 2593 quidem
2728 2544 2911 2585 omnes
2939 2533 3185 2590 Ecclesia:
3216 2538 3420 2592 Patrem
3452 2545 3766 2608 proﬁtentur

2211 2624 2328 2664 esse
2352 2615 2439 2680 qui
2466 2613 2713 2668 adorator
2737 2631 2765 2672 a
2784 2615 3079 2686 Seraphim,
3101 2621 3328 2679 Joannes
3345 2625 3557 2690 Filium.
3582 2630 3766 2683 Paulus

2211 2716 2338 2757 vero
2372 2702 2625 2770 Spiritum
2665 2717 2924 2762 sanctum.
2970 2710 3024 2764 Si
3057 2728 3182 2765 vero
3218 2731 3371 2770 nemo
3400 2728 3585 2772 eorum
3617 2720 3763 2784 fallit,

2210 2790 2305 2845 sed
2333 2805 2518 2846 omnes
2542 2793 2814 2849 veritatem
2845 2797 3051 2862 dicunt,
3080 2801 3665 2872 manifesteprobatum
3690 2820 3763 2861 est

2211 2879 2350 2946 quod
2378 2880 2585 2935 etiamsi
2618 2881 2787 2938 Patris
2815 2900 3005 2952 nomen
3036 2888 3261 2955 dicatur,
3295 2891 3454 2947 habet
3483 2904 3659 2950 tamen
3686 2899 3764 2952 Fi-

2212 2969 2336 3022 lium
2365 2979 2419 3022 et
2437 2969 2688 3038 Spiritum
2715 2983 2951 3028 sanctum
2976 2990 3152 3033 secum
3176 2983 3587 3045 pronuntiatum.
3614 2989 3756 3040 Alio.

2207 3057 2294 3124 qui
2326 3058 2448 3125 quid
2492 3057 2686 3114 facient
2727 3061 3002 3120 audientes
3036 3064 3364 3122 Salvatorem
3405 3070 3667 3127 dicentem
3700 3077 3759 3129 ad

2205 3145 2492 3214 discipulos
2529 3166 2542 3199 :
2589 3149 2780 3204 Euntes
2818 3152 2986 3206 docete
3026 3171 3197 3208 omnes
3225 3167 3412 3226 g-ntes,
3455 3161 3758 3229 baptiaantes

2205 3254 2286 3291 eos
2330 3240 2383 3291 in
2428 3241 2624 3293 nomine
2666 3239 2878 3306 Patris,
2930 3255 2976 3296 et
3020 3233 3173 3311 Filii,
3220 3255 3270 3299 et
3318 3247 3543 3318 Spiritus
3591 3257 3750 3306 uncti

2203 3329 2409 3398 (Matth.
2444 3346 2630 3396 sunt,
2660 3333 2782 3402 l9)?
2829 3349 2947 3388 cum
2977 3335 3244 3405 Scriptura
3287 3354 3392 3392 non
3418 3340 3750 3409 Trinitatem,

2201 3419 2292 3474 sed
2340 3419 2584 3474 unionem
2633 3424 2942 3477 nominaret.
2995 3425 3258 3494 Scriptum
3304 3438 3387 3482 est
3429 3433 3673 3486 enimsic
3704 3435 3753 3489 in

2202 3511 2418 3567 Actihus
2447 3513 2820 3580 apostolorum,
2854 3515 2920 3569 de
2947 3515 3028 3570 his
3050 3519 3136 3584 qui
3168 3519 3217 3571 in
3245 3519 3482 3573 Samaria
3509 3521 3752 3577 credide-

2201 3597 2317 3651 runt
2338 3639 2352 3661 ,
2394 3608 2447 3653 et
2479 3599 2726 3670 baptizati
2762 3612 2881 3656 sunt
2915 3619 2943 3656 a
2975 3604 3242 3673 Philippo,
3271 3606 3486 3661 Tantam
3517 3613 3751 3676 ιοιιὰιό

2201 3696 2342 3740 erant
2386 3688 2436 3740 iu
2475 3692 2670 3744 nomine
2710 3691 2911 3746 Domini
2947 3694 3069 3747 Iesu
3111 3696 3242 3764 (Act.
3275 3711 3386 3757 vttt.
3415 3699 3528 3766 16).
3560 3701 3634 3756 De
3671 3701 3747 3756 his

2201 3790 2326 3830 vero
2350 3779 2436 3846 qui
2462 3779 2650 3846 Ephesi
2678 3795 2707 3834 a
2731 3783 2891 3837 Paulo
2923 3787 3163 3854 baptizati
3206 3798 3327 3841 sunt
3362 3808 3374 3843 :
3413 3791 3464 3842 li
3500 3808 3613 3846 cunt
3657 3812 3747 3846 as-

2199 3863 2405 3933 disserit,
2438 3856 2675 3940 baptizats'
2701 3884 2813 3928 sunt
2848 3877 2902 3928 in
2931 3880 3127 3931 nomine
3159 3879 3364 3934 Domini
3416 3881 3541 3937 Iesu
3566 3885 3746 3938 Christi

2203 3952 2390 4025 (Ibid.,
2420 3959 2510 4022 l2;
2543 3962 2652 4018 Αιε.
2684 3979 2790 4029 xix,
2821 3965 2900 4034 5).
2949 3967 3131 4024 Petrus
3175 3972 3334 4025 etiam
3369 3973 3581 4029 Iuda-os
3618 3978 3741 4029 allo-

2195 4061 2360 4111 quens
2385 4067 2396 4100 :
2424 4049 2792 4120 Paenitentiam,
2824 4056 3007 4125 inquit,
3032 4060 3180 4128 agite,
3209 4071 3255 4113 et
3280 4062 3564 4127 baptisefur‘
3586 4081 3736 4119 unus-

2195 4137 2400 4205 quisque
2438 4150 2647 4192 vestrum
2683 4143 2736 4195 in
2769 4147 2966 4199 nomine
2990 4146 3113 4200 Iesu
3145 4149 3329 4203 Christi
3366 4152 3417 4203 in
3458 4156 3738 4208 remissione

2196 4236 2511 4292 peccatorum
2541 4241 2813 4285 vestrorum
2844 4234 2976 4303 (Act.
3006 4253 3063 4302 ιι,
3095 4239 3206 4306 58).
3255 4240 3290 4292 li
3321 4257 3439 4294 cum
3470 4245 3732 4297 audissent

2196 4321 2249 4365 et
2283 4319 2712 4382 comprobassent
2757 4336 3022 4378 sermones
3049 4327 3196 4394 ejus,
3235 4330 3479 4394 bapt'snti
3517 4345 3656 4394 sunt,
3683 4349 3727 4387 et

2199 4403 2385 4457 addita:
2413 4417 2527 4458 sunt
2557 4409 2606 4459 in
2637 4410 2716 4464 die
2742 4412 2829 4464 illo
2859 4415 3038 4468 animo:
3063 4420 3205 4485 quasi
3241 4421 3337 4471 tria
3366 4422 3530 4474 millia
3559 4423 3731 4490 (Ibid,

2197 4491 2309 4560 41).
2341 4491 2580 4562 Nunquid
2613 4501 3037 4564 prmvaricatores
3069 4506 3298 4559 mandati
3327 4507 3616 4562 Salvatoris
3653 4509 3731 4562 el-

2197 4579 2318 4634 l‘ecti
2345 4584 2503 4634 sunt?
2540 4596 2594 4638 et
2622 4598 2803 4640 contra
2831 4591 3161 4645 traditionem
3189 4593 3475 4648 Salvatoris
3511 4596 3728 4665 baptiza~

2196 4679 2382 4723 verunt
2406 4678 2599 4728 tantam
2623 4675 3040 4733 multitudinem?
3059 4681 3169 4734 Non
3195 4683 3332 4735 enim
3357 4685 3610 4753 scriptum
3632 4693 3724 4745 est,

2195 4758 2312 4825 quia
2340 4759 2732 4828 baptizaveruxt
2759 4767 2807 4818 in
2838 4770 3047 4823 nomine
3075 4771 3261 4833 Patris.
3289 4784 3341 4826 et
3370 4773 3507 4840 Filii,
3539 4787 3591 4828 et
3615 4775 3722 4840 Spi—

2194 4850 2322 4901 ritus
2359 4851 2556 4915 sancti,
2601 4855 2689 4905 sed
2744 4863 2942 4910 tantum
2993 4857 3043 4911 in
3090 4861 3300 4914 nomine
3344 4863 3544 4915 Domini
3585 4861 3719 4917 Iesu.

2187 4934 2427 5004 Nunquid
2475 4953 2600 5006 ergo
2643 4944 2960 5006 prmvaricati
3017 4948 3174 4999 sunt?
3218 4948 3387 5000 Ab-it.
3432 4951 3556 5002 Nam
3611 4950 3721 5003 licet

2187 5023 2303 5076 Filii
2327 5040 2512 5079 nomen
2539 5031 2894 5084 tantummodo
2914 5031 3132 5099 dicatur,
3156 5034 3312 5087 habet
3334 5046 3503 5090 tamen
3523 5037 3716 5090 Patrem

2186 5122 2238 5167 et
2259 5112 2504 5178 Spiritum
2534 5130 2712 5170 secum
2738 5121 3158 5186 pronuntiatum,
3192 5122 3408 5175 sicut'in
3438 5123 3714 5190 Scriptum

2184 5205 2377 5255 sanctis
2415 5206 2773 5273 probavimus.
2817 5210 2993 5275 Itaque
3031 5219 3084 5263 et
3111 5211 3336 5278 Spiritus
3382 5223 3596 5267 sanctus
3631 5214 3715 5266 Sa-

2186 5290 2338 5344 baoth
2362 5293 2571 5357 dicitur,
2595 5305 2645 5347 et
2666 5306 2744 5348 est
2767 5312 2880 5349 cum
2906 5298 3010 5350 Deo
3034 5307 3085 5350 et
3109 5313 3225 5350 cum
3250 5299 3384 5351 Filio
3409 5314 3437 5351 a
3460 5302 3711 5366 serapbim

2183 5377 2448 5431 adoratus.
2480 5376 2698 5447 Propter
2722 5383 2857 5449 quod
2887 5384 2997 5436 haec
3024 5395 3100 5437 ter
3124 5385 3321 5448 dicunt,
3345 5385 3583 5450 Sanctus,
3610 5404 3714 5439 san-

2182 5475 2307 5530 ctus,
2330 5475 2528 5518 sanctus
2549 5468 2698 5534 (lsai.
2719 5486 2785 5533 γι,
2811 5472 2887 5538 5),
2909 5472 3280 5543 υιΤιίιιὶιειιςιιι
3305 5477 3708 5544 pronuntiarent.

2183 5553 2327 5608 Unde
2359 5564 2411 5607 ct
2434 5554 2620 5611 Paulus
2652 5557 2922 5612 Dominum
2948 5562 3119 5616 vocari
3141 5562 3390 5629 Spiritum
3416 5578 3521 5616 non
3550 5571 3708 5626 nexa!-
