3856 6222
37 242 128 295 325

1314 224 1395 279 DF.
1434 218 1799 277 TRINITATE
1838 220 1964 276 LIB.
2008 219 2118 274 XII.

3178 223 3280 279 326

39 355 206 407 dicens
229 349 294 403 ad
321 348 488 419 320
502 342 843 400 Corinthios'
872 337 1246 391 Dominus'vcro
1266 337 1490 405 Spiritus
1511 345 1605 396 est,
1637 335 1684 392 Α
1713 344 1814 385 tua!
1835 350 1926 388 nos
1957 336 2204 419 vobiscum
2224 336 2274 388 in
2303 333 2523 396 Christo,
2557 342 2605 388 et
2641 335 2785 388 nutrit
2811 348 2903 389 nos
2933 333 3097 400 Drtts,
3120 339 3206 404 qui
3229 348 3277 392 et

39 457 77 497 et
111 445 188 495 ubi
213 443 449 511 Spwitus
475 437 679 489 Domini
697 442 790 498 est,
813 432 881 483 ibi
909 432 1113 484 libertas
1144 427 1229 497 (II
1252 427 1369 489 Cor,
1397 442 1475 491 ιιι,
1500 427 1607 494 ιτ).
1635 442 1640 448 ·

41 525 93 589 Et
118 534 177 587 ad
205 533 486 585 Romanos
507 526 582 580 ait
605 542 618 579 :
647 522 748 578 Lex
768 530 931 575 autem
957 521 1169 591 spiritus
1194 521 1307 572 vita:
1332 519 1386 571 in
1413 517 1611 570 Christo

40 626 80 675 .l.
96 643 150 676 su
173 621 412 675 liberavit
432 634 509 671 me
546 633 575 667 a
608 615 713 684 lege
734 612 919 682 peccati
942 620 987 664 et
1012 609 1185 662 mortis
1207 608 1380 677 (Rom.
1402 621 1514 672 vm,
1530 605 1607 672 2).

42 713 308 780 ρυειωοιιο
345 722 477 779 ergo
507 707 617 761 ausi
648 710 777 760 eatis
806 702 1060 772 Spiritum
1107 710 1349 754 sanctum
1396 711 1608 751 servum

45 810 229 866 dcere,
261 801 356 870 qui
389 810 687 854 creaturam
736 793 1017 848 liberavit?
1048 791 1102 848 Si
1132 790 1276 844 enim
1309 788 1485 842 omnia
1516 801 1613 855 per

47 897 203 963 ip:qu
249 890 396 945 facta
446 897 598 953 sunt,
646 885 875 940 ostendit
919 894 1156 939 creatum
1204 894 1322 936 esse
1359 878 1612 947 Spiritum

49 983 316 1038 sanetum?
363 980 558 1048 Utique
577 977 738 1031 etiam
763 976 814 1029 id
838 972 974 1042 quod
1016 974 1066 1026 in
1097 969 1392 1026 centesimo
1424 977 1614 1021 octavo

47 1075 239 1125 decimo
275 1068 486 1137 psalmo
511 1067 768 1134 scriptum
796 1075 898 1130 est,
933 1061 1066 1126 Quia
1089 1060 1258 1114 omnia
1286 1056 1618 1142 seruiuntttbi

50 1164 204 1232 (Psat.
232 1176 425 1223 cwm,
451 1159 563 1228 9t),
587 1170 794 1212 servum
824 1169 942 1209 esse
969 1153 1198 1208 ostendit
1217 1150 1470 1218 Spiritum
1495 1151 1618 1201 san-

49 1253 220 1308 ctum?
249 1250 364 1306 Sed
411 1262 580 1318 netlue
622 1247 673 1301 in
711 1258 813 1315 quo
843 1243 1057 1311 dicitur,
1093 1242 1268 1295 omnia
1302 1245 1398 1308 per
1427 1237 1615 1289 Filium

1711 425 1924 493 signavit
1960 418 2073 495 nos,
2095 434 2141 479 et
2163 426 2296 480 dedit
2321 430 2531 479 arrltam
2555 425 2784 492 Spiritus
2815 425 3136 480 in'cordibus
3161 442 3283 480 nos-

1712 514 1803 567 tris
1826 512 1909 582 (11
1939 513 2058 569 Cor.
2095 530 2132 582 ι,
2163 515 2256 583 21)
2302 516 2370 572 Et
2412 517 2600 569 iterum
2631 515 2696 570 ad
2737 515 2997 584 Ephesius
3043 517 3158 571 sit:
3196 515 3284 570 In

1711 615 1809 668 qua
1838 605 2093 657 credentes
2121 605 2305 675 signati
2334 606 2452 658 estis
2475 605 2670 670 Spiritu
2695 606 3042 677 promissionis
3078 616 3276 672 sancto,

1712 695 1797 759 qui
1825 703 1894 747 est
1923 693 2411 748 arrlta‘lttercditats's
2441 696 2849 768 nostrar(Epltes.
2873 697 3022 764 1,43)
3053 715 3064 748 :
3091 708 3281 762 magna

1716 795 1814 838 nos
1834 797 2026 851 sapere
2045 783 2216 836 sancti
2251 795 2546 852 praeparant
2584 785 2651 840 de
2690 787 2886 855 Spiritu
2911 796 3120 842 sancto.
3150 787 3282 842 Nam

1714 888 1832 928 cum
1861 874 2021 926 David
2049 873 2252 928 diceret
2283 874 2334 928 in
2365 876 2550 944 quinto
2577 876 2784 930 decimo
2815 882 3059 946 psalmo:
3105 880 3288 935 Domi-

1716 981 1810 1020 nus
1832 983 1956 1035 pars
1993 963 2301 1020 Mreditotis
2313 973 2456 1030 mete,
2486 978 2533 1021 et
2561 970 2732 1022 colicis
2770 972 2866 1023 mei
2896 971 3066 1043 (Psal.
3090 989 3177 1038 av,
3202 972 3287 1041 5).

1722 1059 1788 1112 Et
1808 1059 1990 1113 Moses
2019 1057 2316 1113 scriberet:
2347 1058 2466 1112 Non
2491 1062 2583 1112 erit
2607 1062 2790 1128 portio,
2824 1067 2979 1132 neque
3011 1063 3286 1118 hereditas

1719 1146 1882 1199 teritis
1909 1147 1962 1200 in
1993 1151 2168 1209 terra;
2219 1141 2470 1200 Dominus
2508 1146 2616 1218 ipse
2650 1151 2816 1218 portio
2871 1167 3042 1204 eorum
3090 1164 3182 1207 est.
3224 1153 3288 1206 Et

1723 1235 1979 1291 Jeremlas
2006 1237 2263 1290 clamaret
2295 1237 2464 1307 :Quia
2512 1236 2603 1306 qui
2635 1237 2885 1292 formavit
2938 1241 3116 1293 omnia
3173 1242 3287 1309 ipse

52 1346 170 1399 lat-ta
199 1353 349 1406 sunt,
377 1343 609 1409 assignat
631 1337 886 1408 Spiritum
913 1341 1155 1388 sanctum
1183 1348 1197 1384 :
1228 1333 1342 1398 ipse
1366 1327 1508 1382 enim
1539 1335 1622 1379 est
1656 1338 1657 1341 ‘
1719 1336 1801 1380 est
1831 1324 2114 1381 b’mreditas
2140 1326 2297 1395 hujus
2321 1327 2505 1393 Jacob,
2530 1327 2782 1382 Dominus
2811 1344 3003 1383 nomen
3027 1340 3108 1385 est
3129 1328 3198 1384 el.
3227 1331 3288 1384 Et

50 1439 126 1504 qui
165 1434 407 1504 loquitur
447 1451 458 1485 :
503 1446 675 1498 neque
715 1426 766 1482 id
805 1424 945 1496 quod
994 1423 1173 1477 omnia
1220 1420 1455 1474 serviunt
1502 1416 1618 1480 tibi,
1717 1429 1840 1490 cum
1895 1415 2180 1470 Dominum
2225 1413 2588 1470 tta-redemtum
2640 1427 2947 1474 sanctorum
2998 1411 3292 1488 Scriptura!

52 1543 246 1582 scrtum
291 1526 420 1580 esse
450 1519 682 1576 ostendit
716 1531 858 1571 eum.
905 1511 1153 1578 Alioquin
1186 1522 1231 1566 et
1262 1508 1454 1562 Paulus
1492 1520 1623 1573 quo-
1721 1505 1979 1569 dicereut,
2010 1504 2208 1559 Paulus
2235 1505 2447 1559 art-ham
2484 1508 2808 1562 lucreditatis
2833 1521 3136 1564 sanaturum
3162 1511 3284 1579 Spi-

54 1617 198 1671 modo
243 1611 546 1668 audiendus
589 1613 700 1673 est',
756 1604 938 1660 dicens
979 1616 992 1655 :
1028 1594 1147 1655 Non
1189 1600 1322 1653 enim
1362 1588 1621 1666 accepistis
1725 1599 1884 1651 ritum
1915 1590 2153 1650 sanctum
2178 1612 2298 1652 esse
2326 1596 2488 1651 dati:
2547 1598 2608 1663 In
2657 1611 2777 1667 quo,
2803 1600 2992 1669 inquit,
3032 1603 3291 1655 credentes

56 1707 275 1774 spiritum
306 1700 568 1756 seruitutis
596 1699 777 1752 iterum
806 1697 856 1747 in
885 1695 1082 1757 timore,
1113 1690 1201 1745 sed
1228 1688 1490 1759 accepistis
1519 1687 1618 1758 spi-
1645 1683 1696 1743 ’Β
1726 1687 1912 1764 signati
1940 1688 2057 1741 estis
2081 1682 2280 1754 Spiritu
2301 1689 2647 1756 promissionis
2683 1699 2878 1755 sancto,
2905 1692 2988 1758 qui
3017 1700 3090 1744 est
3134 1692 3293 1747 arrlm

55 1800 195 1849 ritum
215 1792 510 1862 adoptionis
533 1790 755 1858 ﬁliorum
778 1787 828 1839 in
850 1801 948 1850 quo
969 1780 1271 1848 clamamus,
1292 1781 1448 1840 Abba.
1473 1777 1623 1831 Pater
1730 1775 2041 1828 hwreditatis
2069 1788 2255 1831 nostrte
2279 1776 2492 1843 (Ephes.
2528 1793 2563 1843 ι,
2599 1777 2683 1850 15)
2721 1797 2732 1832 :
2762 1780 2958 1833 docens
2990 1780 3294 1840 hereditarl

60 1886 222 1960 (llum.
245 1861 366 1952 "ll,
390 1883 513 1950 15)?
537 1882 714 1949 Itaque
736 1877 833 1931 me
853 1891 1038 1931 servus
1063 1889 1161 1929 nec
1182 1873 1381 1929 creatio
1397 1871 1624 1940 Spiritus
1727 1861 1914 1917 etnon
1940 1863 2275 1960 bteretlitare.
2304 1865 2665 1950 Prokssiones
2714 1876 3014 1920 sanctorum
3045 1880 3173 1923 cons
3193 1868 3290 1925 de'o

62 1952 266 2031 ganeum
295 1989 419 2030 esse
444 1971 685 2026 domm...
714 1968 816 2024 Sed
840 1982 934 2021 νος
957 1975 1010 2020 ει
1032 1979 1304 2024 “meum,
1334 1972 1384 2016 ει
1413 1954 1622 2016 servm"
1727 1960 1862 2005 rate.
1889 1952 2138 2007 Aitcnim
2163 1952 2323 2008 Isaias
2347 1956 2411 2006 ad
2434 1969 2527 2007 eos
2575 1955 2661 2023 qui
2708 1966 2810 2009 non
2842 1954 3098 2011 haberent
3125 1957 3295 2025 Splri«

62 2085 167 2121 eum
198 2083 321 2122 esse
357 2064 643 2130 infamatis,
674 2069 792 2118 eum
827 2077 930 2115 non
961 2062 1136 2114 solum
1164 2059 1297 2112 liber
1325 2057 1415 2122 sit,
1449 2056 1542 2110 sed
1572 2055 1627 2110 et

64 2167 306 2210 creatura:
340 2155 640 2208 libertatem
672 2149 942 2221 largiatur,
983 2151 1123 2202 sicut
1159 2146 1406 2212 superius
1436 2143 1626 2213 proba-

63 2247 240 2297 vimus.
289 2243 362 2297 Et
399 2256 609 2296 rursum
649 2238 841 2293 Paulus
881 2233 1109 2290 scribit:
1147 2233 1423 2287 Diuisiones
1460 2243 1627 2285 autem

68 2336 301 2386 donorum
352 2326 502 2396 sunt,
551 2329 683 2382 idem
730 2342 840 2380 vero
887 2324 1124 2394 Spiritus
1170 2322 1220 2394 (l
1263 2321 1377 2376 Cor.
1415 2337 1520 2387 stt,
1549 2320 1628 2388 t).

76 2423 154 2488 Et,
180 2424 363 2476 Omnia
387 2430 556 2474 autem
580 2419 686 2471 Ita'c
726 2423 963 2487 aperatur
985 2431 1115 2469 unus
1137 2422 1184 2466 et
1225 2412 1357 2469 idem
1385 2409 1629 2485 Spiritus,

73 2517 286 2570 dividens
359 2513 574 2581 singulis
628 2511 756 2563 sicut
802 2509 906 2562 vult
956 2503 1140 2577 (Ibid.,
1174 2502 1282 2574 Η).
1357 2502 1425 2556 Et
1478 2501 1635 2556 lesus

74 2609 138 2659 ait
161 2624 174 2657 :
201 2605 423 2677 Spiritus
446 2603 530 2656 ubi
554 2601 657 2654 vult
681 2600 862 2666 spirat.
888 2595 944 2653 Si
975 2604 1149 2650 autem
1181 2593 1301 2648 lacit
1330 2590 1470 2663 quod
1501 2590 1631 2651 vult,

76 2695 168 2764 iam
193 2711 297 2749 nun
329 2705 407 2748 est
438 2707 659 2756 servus,
687 2687 780 2744 sed
811 2688 966 2743 liber.
1016 2683 1170 2752 Quali
1213 2698 1338 2736 vero
1375 2681 1544 2734 morte
1577 2678 1634 2732 li-

80 2785 272 2837 uientur
301 2785 390 2852 qui
429 2782 710 2838 Dominum
752 2772 985 2833 cmlestis
1026 2771 1223 2829 militiae
1265 2787 1477 2828 servum
1516 2786 1643 2842 esse

82 2873 414 2940 proﬁtentur?
468 2861 721 2925 Dominus
766 2870 905 2925 enim
953 2859 1201 2920 virtutum
1254 2866 1638 2932 interpretatur

86 2962 316 3016 Dominus
341 2962 607 3027 Sabaoth;
637 2959 722 3028 qui
750 2945 929 3028 utique
954 2957 1254 3012 libertatem
1286 2972 1388 3007 non
1417 2953 1638 3020 largitur

1729 2049 1836 2119 tum
1868 2050 2132 2105 sanctum,
2161 2049 2209 2094 et
2236 2052 2513 2111 propterea
2544 2045 2846 2114 ignorantes
2899 2059 3017 2100 esse
3049 2048 3281 2101 Incredi-

1730 2117 1888 2186 ωε...
1925 2130 2125 2185 sanctis
2169 2135 2289 2199 post
2321 2132 2476 2200 hujus
2519 2112 2701 2188 saeculi
2758 2132 2963 2187 'e‘xitutn
3017 2136 3290 2191 instruens
3387 2112 3397 2116 ί

1731 2221 1944 2286 pariter,
1975 2231 2028 2276 et
2051 2221 2234 2275 dicetis
2262 2234 2275 2274 :
2308 2223 2398 2276 Est
2426 2217 2696 2277 hereditas
2725 2222 2997 2278 colentibus
3029 2218 3209 2292 Deum,
3233 2238 3286 2280 et

1729 2324 1814 2362 vos
1838 2310 1975 2362 eritis
2000 2308 2290 2378 justi,dicit
2314 2311 2564 2365 Dominus
2589 2312 2738 2382 (Isui.
2773 2325 2882 2380 LIV,
2916 2315 3023 2384 l'l).
3057 2317 3158 2382 Qui
3182 2318 3292 2371 siti-

1733 2396 1818 2465 tis,
1843 2401 1910 2451 ite
1926 2393 1991 2450 ad
2006 2415 2188 2469 aquam
2205 2397 2360 2469 (Isai.
2377 2415 2461 2466 ιν,
2479 2391 2550 2470 l),
2564 2401 2813 2473 Spiritum
2840 2411 3076 2458 sanctum
3101 2419 3295 2474 aquam

1735 2487 2033 2556 appellans,
2062 2488 2199 2542 sicut
2230 2489 2560 2558 postmodum
2593 2489 3006 2546 monstrabimus
3036 2508 3050 2545 :
3084 2505 3202 2546 eum
3225 2495 3296 2547 sit

1733 2573 1889 2629 arrha
1923 2569 2225 2631 sanctarum
2247 2577 2598 2642 hm’reditatis,
2630 2578 2768 2632 hunc
2782 2577 3034 2649 Spiritum
3057 2595 3299 2636 sanctum

1735 2671 1789 2719 et
1819 2663 1980 2719 David
2009 2657 2340 2738 signaculum
2363 2671 2415 2722 et
2436 2668 2649 2720 arrltam
2692 2667 3015 2721 ltmreditatis
3058 2685 3176 2722 cum
3207 2669 3301 2723 ha-
3368 2698 3375 2705 -

1738 2753 1955 2809 buissct.
1974 2754 2078 2811 Sed
2111 2756 2207 2810 hos
2227 2754 2438 2825 quidem
2461 2757 2549 2826 qui
2565 2773 2667 2811 non
2692 2759 2913 2811 credunt
2935 2757 3297 2814 btereditatem

1738 2848 1857 2901 esse
1878 2847 2118 2913 sanctis,
2151 2857 2268 2918 post
2296 2847 2448 2914 huius
2476 2848 2596 2901 vita:
2641 2850 2837 2901 exitum
2864 2846 3024 2922 322
3075 2848 3299 2901 miseros
3355 2902 3360 2909 _

1737 2949 1857 2990 esse
1885 2932 2034 2989 dicit.
2069 2935 2144 2990 De
2190 2951 2248 2990 se
2277 2952 2402 2990 veto
2435 2945 2487 2991 et
2514 2937 2612 3008 sibi
2665 2937 2924 2991 similibus
2967 2937 3304 2992 conlideuter

87 3063 340 3117 creatum,
374 3052 474 3105 nisi
511 3063 653 3106 esset
681 3049 969 3104 creationis
1004 3047 1254 3100 Dominus
1287 3061 1300 3097 :
1333 3045 1384 3099 in
1417 3046 1630 3097 nomine

1734 3037 1895 3096 agens
1922 3029 1998 3083 ait
2019 3026 2070 3080 in
2093 3026 2297 3097 psalmo
2314 3037 2501 3096 quarto
2527 3042 2554 3080 :.
2574 3025 2727 3081 Multi
2753 3029 2958 3080 dicunt:
2991 3028 3114 3094 Quis
3135 3036 3302 3112 osten-

91 3143 210 3194 euim
236 3143 356 3196 Jesu
385 3153 437 3194 et
466 3142 694 3209 Spiritus
725 3147 937 3192 sanctus
961 3146 1064 3200 est,
1096 3137 1226 3190 sicut
1254 3136 1506 3190 Dominus
1531 3135 1631 3188 ait:

92 3227 357 3284 Paraclitus
405 3247 519 3285 vero
552 3229 774 3298 Spiritus
819 3236 1059 3294 sanctus,
1100 3242 1247 3293 quem
1299 3225 1457 3276 mittet
1499 3224 1635 3278 vobis

96 3319 228 3373 Pater
254 3323 304 3374 in
331 3323 530 3374 nomine
558 3336 687 3384 meo,
718 3319 804 3372 ille
833 3334 916 3371 ros
944 3318 1137 3392 docebit
1196 3314 1374 3381 (Joan.
1410 3330 1512 3380 xlv,
1540 3315 1634 3382 26)

96 3427 262 3465 nomen
289 3412 479 3477 Patris,
513 3421 565 3466 et
607 3409 744 3473 Filii,
784 3418 838 3463 et
864 3407 1090 3477 Spiritus
1118 3407 1308 3471 sancti,
1342 3408 1393 3459 in
1427 3421 1584 3473 propr
1606 3420 1636 3459 a

97 3500 188 3552 vita
209 3513 254 3555 et
275 3500 568 3556 substantia
593 3512 934 3568 permanens,
955 3512 1078 3549 cum
1106 3497 1220 3565 ipse
1245 3500 1314 3548 sit
1335 3488 1462 3550 vita.
1493 3493 1638 3548 Alio-

97 3589 314 3657 quiquid
360 3589 570 3643 iacietis
610 3587 883 3640 audientes
928 3587 980 3637 in
1019 3583 1255 3638 Canticis
1294 3583 1638 3655 Canticorum.

97 3675 402 3735 Salomonem
453 3679 716 3730 dicentem
752 3692 768 3725 :
817 3673 1140 3750 Unguentum
1194 3673 1413 3741 e/fusum
1464 3690 1639 3726 nomen

100 3778 239 3831 luunt,
255 3777 514 3839 propterea
536 3765 923 3819 adolescentutte
939 3764 1221 3816 dilexerunt
1245 3773 1290 3817 te
1312 3762 1484 3830 (Cant.
1509 3778 1544 3826 I,
1561 3763 1643 3832 2)?

104 3858 241 3914 lsaias
260 3877 380 3915 vero
399 3879 419 3916 :
443 3861 504 3914 Et
526 3861 674 3930 faciet
700 3858 944 3912 Dominus
968 3857 1196 3912 Sabaoth
1215 3859 1522 3927 gentibusju
1547 3858 1642 3910 ista

103 3937 260 4015 monte,
284 3951 443 4004 bibent
471 3951 522 4002 in
549 3950 742 4011 ltrtitia,
767 3947 927 4000 bibent
954 3949 1144 4011 uinum,
1170 3959 1424 4015 unguento
1449 3954 1651 4014 ungen-‘

102 4046 185 4102 tur,
213 4041 397 4093 tradent
422 4041 527 4093 [nec
556 4027 724 4090 omnia
750 4038 982 4106 gentibus
1010 4034 1162 4104 (lsai.
1195 4050 1319 4097 xxv,
1350 4034 1430 4098 6).
1458 4025 1643 4086 Nonne

103 4123 322 4192 Spiritum
362 4135 603 4182 sanctum
645 4140 752 4193 quo
783 4123 925 4176 uncti
956 4138 1160 4188 sumus,
1193 4133 1515 4191 unguentum
1550 4136 1643 4173 vo.

103 4220 218 4270 cavit
268 4218 566 4288 propheta?
637 4216 805 4283 Quem
867 4221 920 4266 et
968 4212 1132 4265 David
1179 4212 1353 4266 oleum
1409 4209 1645 4266 exsulta-

107 4305 236 4361 tionis
286 4309 440 4378 321
470 4305 700 4374 appellat
744 4309 794 4358 in
825 4305 1235 4373 quadragesimo
1261 4312 1448 4371 quarto
1504 4302 1646 4369 psal-

1736 3116 1808 3169 di:
1831 3114 1971 3172 nobis
2000 3118 2157 3172 bona?
2185 3117 2456 3187 Srgnatum
2480 3127 2554 3171 est
2599 3134 2750 3188 super
2779 3114 2872 3173 nos
2915 3119 3081 3172 lumen
3133 3105 3305 3172 vultus

1734 3209 1827 3273 tui,
1863 3206 2076 3262 Domine
2105 3207 2274 3284 (Psal.
2294 3225 2365 3273 tv,
2387 3210 2440 3280 6)
2476 3229 2488 3261 :
2520 3213 2869 3279 signat'toucm
2918 3211 3100 3265 dicens
3127 3227 3154 3264 s
3176 3226 3303 3280 gna-

1737 3301 1934 3368 culum,
1958 3303 2097 3369 quod
2129 3304 2306 3357 lumen
2339 3293 2742 3356 vultusDoauiui
2767 3318 2887 3357 €838
2909 3304 2978 3357 sit
3009 3300 3301 3378 professus.

1740 3389 1919 3460 Itaque
1949 3391 2171 3445 credant
2212 3391 2375 3445 Paulo
2416 3391 2636 3457 dicenti,
2682 3392 2883 3460 Spiritu
2935 3393 3305 3461 promissmuis

1739 3494 1923 3538 sancto
1951 3486 2185 3553 signatos
2213 3501 2334 3539 esse
2357 3501 2447 3539 cre
2468 3487 2656 3541 tentes.
2691 3487 2780 3542 Et
2808 3485 2992 3551 David,
3024 3487 3111 3552 qui
3143 3488 3303 3542 liabe-

1743 3592 1818 3631 ret
1848 3581 2093 3632 eumdem
2116 3579 2358 3647 spiritum
2393 3579 2536 3645 ﬁdei,
2571 3565 2846 3648 psal‘eutit
2871 3578 3079 3634 Credidi
3107 3592 3312 3650 propter

1725 3669 1876 3761 5quod
1915 3667 2115 3720 locutus
2143 3683 2255 3720 sum
2281 3667 2450 3754 (Paul.
2482 3683 2604 3733 ειν,
2640 3668 2748 3737 10).
2777 3670 2958 3724 Sciant
2988 3660 3124 3738 quod
3148 3681 3200 3724 et
3224 3671 3305 3723 lu-

1745 3772 1865 3810 men
1891 3760 2066 3820 vultus
2089 3752 2298 3814 Domini
2335 3775 2454 3815 esse
2491 3761 2622 3815 dicit
2644 3761 2968 3831 signaculum
3001 3765 3136 3832 quod
3159 3762 3314 3819 acce-

1747 3853 1841 3919 pit,
1864 3851 1914 3906 id
1939 3836 2296 3924 est‘Spiritum
2330 3865 2594 3922 sanctum,
2620 3857 2753 3910 adeo
2775 3838 2839 3910 ut
2885 3867 2939 3910 et
2992 3858 3184 3913 Filium
3215 3859 3294 3915 De

1746 3942 1924 3996 lumen
1955 3944 2047 3996 Dei
2075 3958 2193 3998 esse
2239 3944 2710 4014 scieus'psalleret
2762 3946 2894 4009 De",
2930 3947 2981 4000 in
3037 3948 3314 4002 tricesimo-

1744 4032 1928 4100 quinto
1969 4036 2194 4103 psalmo,
2225 4035 2408 4090 dicens
2441 4054 2452 4088 :
2488 4036 2550 4089 In
2577 4037 2767 4090 lumine
2796 4049 2882 4092 tuo
2906 4038 3180 4092 uidebimus
3221 4043 3306 4092 lu-

1744 4136 1857 4172 men
1886 4120 2055 4193 (Prol.
2089 4117 2251 4201 κήν,
2283 4123 2391 4193 l0);
2418 4124 2468 4178 id
2507 4136 2612 4189 est,
2645 4126 2695 4180 in
2715 4125 2847 4180 Filio
2875 4136 2969 4180 tuo
3011 4128 3316 4183 videbimus

1747 4211 2002 4278 Spiritum
2034 4223 2296 4266 sanctum.
2324 4215 2412 4268 Sic
2435 4224 2489 4268 et
2521 4213 2682 4271 Isaias
2709 4216 2962 4284 Spiritum
2995 4218 3081 4285 qui
3107 4221 3309 4273 sanati-

1749 4298 1998 4353 licat'nou
2023 4301 2191 4354 solum
2225 4287 2426 4366 lumen,
2462 4318 2642 4374 verum
2684 4305 2842 4358 e'i'atn
2884 4305 3054 4374 ignem
3087 4308 3186 4360 scit
3211 4322 3309 4376 ap-

105 4410 177 4449 mo
215 4374 492 4454 dicitis—in
540 4398 940 4467 coiversatione
984 4469 986 4471 b
1016 4396 1245 4450 humana
1290 4394 1582 4449 Salvatoris
1613 4411 1624 4443 :
1658 4374 1713 4434 D
1733 4394 1949 4461 pellare,
1980 4393 2164 4449 dicens
2197 4394 2226 4446 ε’
2250 4394 2315 4448 Et
2340 4397 2628 4449 erit-lumen
2655 4395 2808 4466 hujus
2841 4395 3025 4462 Israel,
3041 4407 3087 4450 et
3117 4402 3312 4453 sancti-

111 4483 350 4556 Propterea
379 4489 521 4543 unxit
552 4500 596 4541 te
623 4487 778 4552 Deus,
803 4484 940 4541 Deus
969 4495 1083 4539 tuus
1117 4488 1225 4550 olea
1276 4485 1629 4539 exsultationis

107 4593 192 4640 pro:
212 4581 514 4634 consortibus
540 4579 636 4632 luis
670 4576 836 4648 (Psat.
875 4593 1014 4642 xuv,
1044 4576 1123 4648 8).
1172 4577 1323 4644 Quod
1355 4589 1632 4630 assumens

109 4664 263 4722 Petrus
282 4671 387 4724 ait:
443 4667 640 4731 Iesum,
666 4669 753 4737 qui
775 4677 846 4720 est
884 4682 916 4719 a
972 4664 1255 4732 Nazareni,
1289 4667 1434 4717 unxit
1493 4663 1633 4719 Deus

109 4768 202 4804 eum
225 4756 271 4807 in
301 4757 497 4827 Spiritu
526 4766 702 4807 sancto
724 4763 772 4806 et
815 4756 995 4808 uirtute
1017 4757 1156 4827 (Art.
1187 4771 1240 4819 ι,
1271 4751 1384 4822 58).
1406 4753 1633 4821 Spiritus

110 4838 256 4909 itspte
280 4854 486 4899 sanctus
518 4859 635 4896 cutn
666 4855 715 4896 ct
767 4845 942 4897 oleum
976 4854 1030 4898 et
1069 4852 1392 4912 unguentum
1424 4831 1635 4911 dicitur,

114 4947 276 5000 nomen
301 4945 382 4991 est
411 4934 502 4990 Dei
531 4942 585 4993 et
615 4933 753 4996 Filii,
779 4935 831 4987 in
864 4935 1078 5003 propria
1109 4937 1213 4988 vita
1240 4942 1294 4986 et
1336 4931 1632 4999 substantia

114 5033 397 5085 permanens
426 5043 437 5077 :
471 5039 589 5080 cum
619 5026 685 5077 sit
716 5024 850 5094 ipse,
885 5034 945 5077 ut
977 5039 1138 5089 supra
1183 5026 1416 5079 diximus
1444 5017 1639 5078 secun-

114 5109 213 5165 dum
240 5125 538 5186 prophetam
558 5155 576 5180 ,
607 5124 929 5194 unguentum
957 5107 1182 5170 ettusum
1230 5130 1424 5170 nomen
1471 5126 1640 5170 tuum.

116 5204 406 5286 Manilestnm
429 5222 521 5274 est,
544 5223 718 5268 autem
748 5211 866 5281 quia
887 5210 1148 5278 Spiritum
1186 5222 1430 5266 sanctum
1450 5210 1634 5266 elIudit

121 5295 330 5356 Dominus
356 5304 861 5370 abundantersuper
889 5315 982 5355 eos
1006 5303 1092 5369 qui
1114 5318 1179 5356 ex
1198 5304 1439 5370 gentibus
1465 5303 1638 5358 credi-

119 5387 292 5455 derunt;
318 5393 453 5452 sicut
482 5393 675 5446 Paulus
721 5391 924 5446 scribit.
951 5385 1037 5453 ‘Et
1066 5407 1186 5448 cum
1232 5394 1533 5459 unctionem
1581 5404 1636 5446 et

122 5471 401 5544 signaculum
432 5488 745 5548 habeamus;
762 5493 816 5541 et
841 5482 1184 5554 rursusidem
1219 5485 1413 5538 Paulus
1444 5486 1506 5538 in
1551 5500 1637 5539 se-

125 5571 258 5627 cunda
283 5575 507 5645 Epistula
533 5577 598 5644 ad
619 5575 919 5654 corinthios
946 5574 1145 5637 scribat
1174 5592 1186 5628 :
1226 5575 1325 5639 Qui
1351 5589 1516 5629 tutam
1547 5578 1633 5645 ﬁr-

1738 4489 1903 4555 ﬁcabit
1924 4499 2036 4542 eum
2053 4488 2165 4559 igne
2191 4490 2389 4549 ardenti
2411 4487 2561 4558 (lsai.
2580 4507 2630 4551 κ.
2651 4489 2763 4556 17).
2783 4491 2843 4543 Et
2858 4506 2984 4550 ecce
2996 4492 3053 4549 in
3078 4492 3301 4566 lumine,

1736 4579 1874 4648 quod
1888 4589 1966 4633 est
1979 4579 2136 4647 ignis,
2150 4582 2446 4634 sanctiliett
2464 4579 2598 4638 Deus
2630 4582 2767 4632 hunc
2784 4579 2962 4644 Israel,
2979 4591 3030 4634 et
3050 4569 3314 4637 Dominus

1739 4676 1915 4724 UOStel'
1940 4667 2074 4735 ignis
2092 4681 2407 4725 consumens
2458 4664 2561 4734 est,
2584 4668 2720 4720 sicut
2748 4667 2957 4738 Moyses
3000 4665 3119 4725 ait:
3170 4669 3312 4727 Deus

1739 4770 1899 4815 vester
1933 4762 2069 4831 ignis
2109 4777 2399 4816 consumens
2427 4771 2498 4814 est
2521 4762 2697 4829 (Deut.
2726 4778 2800 4829 tv,
2821 4763 2932 4833 34).
2962 4765 3064 4822 Sed
3087 4773 3142 4822 et
3167 4765 3307 4822 Patr-.-

1745 4852 1824 4904 lus
1854 4851 1981 4907 dicit
2007 4868 2018 4904 :
2056 4851 2122 4904 Ut
2148 4851 2441 4920 ﬁatoblatio
2468 4867 2542 4922 ge.
2565 4853 2703 4910 tium'_
2722 4853 3308 4922 acceptabilis,sanctiﬁ-

1743 4954 1858 4997 cata
1884 4945 1939 5000 its
1960 4944 2159 5014 Spiritu
2197 4953 2370 4998 saneto
2399 4944 2573 5014 (ltum.
2609 4961 2697 5010 xv,
2732 4947 2844 5013 16).
2889 4945 3106 5001 Etnon
3153 4944 3308 5001 alter

1743 5042 1952 5104 gentes,
1969 5033 2124 5087 aliter
2149 5033 2305 5097 Israel
2330 5034 2730 5090 sanctalicautur
2754 5049 2785 5087 a
2814 5026 3086 5103 Dcoquam
3110 5034 3160 5087 in
3185 5035 3308 5104 Spi-

1745 5132 1846 5185 ritu
1865 5139 2071 5195 saneto,
2097 5129 2295 5187 lumine
2330 5140 2389 5186 et
2419 5132 2537 5198 igne
2567 5134 2847 5195 existente.
2884 5133 3017 5185 Dicit
3043 5139 3222 5184 autem
3251 5138 3306 5182 ut

1745 5221 1999 5287 Sapientia
2018 5220 2319 5277 Salomonis
2337 5225 2391 5277 in
2418 5222 2721 5279 Proverbiis
2747 5240 2762 5277 :
2792 5222 2904 5274 Lux
2932 5218 3310 5288 Dominiinspi-

1746 5311 1877 5365 ratio
1901 5321 1974 5379 est
2003 5310 2285 5378 hominum,
2321 5313 2407 5378 qui
2433 5320 2687 5364 scrutatur
2707 5313 2898 5364 interna
2924 5307 3103 5361 ventris
3123 5305 3308 5375 (Prov.
3341 5357 3344 5360 .
3406 5347 3409 5350 μ

1749 5413 1844 5461 xx,
1870 5398 1985 5461 27).
2022 5396 2088 5451 Et
2141 5398 2480 5470 manifestum
2512 5407 2613 5465 est,
2647 5399 2788 5465 ,quia
2843 5397 3070 5465 Spiritus
3121 5396 3305 5451 omnia

1749 5497 2034 5551 scrutatur,
2060 5489 2500 5554 quemadmodum
2552 5490 2734 5544 scribit
2754 5487 2970 5552 Paulus,
2997 5498 3072 5544 et.
3103 5494 3243 5558 quod
3274 5507 3310 5550 a

1749 5581 2009 5650 principio
2032 5581 2268 5639 lormato.
2285 5581 2474 5649 Adam,
2500 5582 2552 5636 in
2582 5580 2764 5636 faciem
2790 5582 2904 5650 ejus
2927 5583 3144 5650 spiravit
3169 5582 3310 5640 Deus
