3856 6222
540 244 641 300 39.7

1819 239 2038 292 VIGILII
2081 238 2453 295 TAI’SENSIS

3670 250 3764 301 33.8

447 420 455 425 _
539 357 794 424 Spiritum
822 361 1083 419 sanctum,
1114 353 1248 405 sicut
1274 351 1479 421 Moyses
1501 351 1588 405 ait:
1623 351 1683 404 Et
1715 351 1915 420 spiravit
1947 350 2085 404 Deus
2117 357 2166 414 Α
2195 352 2316 431 Lus
2334 353 2531 406 Domini
2557 353 2821 421 inspiratio
2852 355 3197 407 esthminum
3221 352 3402 426 (Prov.
3434 369 3524 416 xx,
3560 355 3679 423 27).
3714 359 3768 410 Et

537 446 588 496 in
611 446 792 514 facient
812 444 934 495 Δάαι
971 441 1346 508 inspirationem
1373 442 1504 502 vilic,
1527 451 1570 494 et
1598 444 1758 508 factus
1784 447 1852 491 est
1871 437 2020 490 homo
2041 439 2094 491 in
2197 458 2225 496 a
2255 443 2433 512 Moyse
2464 445 2702 496 instructi
2733 444 2852 510 quia
2876 445 3084 510 spiravit
3105 444 3352 497 Dominus
3373 445 3424 496 in
3439 446 3631 510 faciem
3653 448 3767 497 Ade

535 534 758 584 animam
779 531 1011 583 virentem
1037 526 1189 598 (Gen.
1214 543 1272 593 ιι,
1305 528 1384 596 7).
1413 528 1592 596 Neque
1613 527 1659 581 id
1683 526 1820 595 quod
1837 526 2092 593 spiratum

536 627 664 672 csta
696 617 938 680 Domino,
969 616 1144 668 anima
1186 625 1286 678 est,
1317 615 1604 670 secundum
1651 614 1966 670 tabulatores
1994 613 2091 670 Ju-

534 710 696 764 dmos.
727 709 933 776 Alioqui
955 708 1224 778 quomodo
1251 710 1351 762 hoc
1379 705 1515 776 quod
1537 718 1565 757 a
1615 718 1673 758 se
1703 704 1956 770 spiratum
1985 713 2088 768 est,

536 807 670 860 Deus
694 807 795 875 igni
815 815 1014 860 aeterno
1036 805 1395 859 condemnat?
1424 800 1528 856 Sed
1563 798 1832 852 vivificans
1861 798 2090 865 Spiritus

531 903 629 958 est,
645 895 710 948 de
727 909 830 962 quo
841 905 893 947 ct
910 893 1104 948 Paulus
1126 893 1227 946 ait:
1254 891 1474 960 Spiritus
1495 903 1608 940 vero
1623 887 1836 953 viviﬁcat
1859 885 1944 957 (ll
1966 885 2084 941 Cor.

532 1001 608 1048 ιιι,
635 988 712 1054 6);
744 997 794 1040 et
819 988 1038 1056 spiravit
1078 987 1218 1040 Deus
1253 985 1305 1038 in
1337 985 1517 1036 faciem
1568 979 1682 1048 ejus
1739 979 2084 1047 spirationem

533 1076 675 1139 vitae,
703 1083 757 1130 et
779 1076 945 1130 factus
969 1086 1052 1130 est
1083 1076 1239 1128 homo
1269 1073 1320 1126 in
1344 1071 1568 1124 animam
1598 1068 1886 1120 viventem.
1907 1067 2088 1136 Itaque

531 1165 760 1231 Spiritus
784 1173 999 1220 sanctus
1024 1171 1106 1218 est
1129 1160 1353 1230 Spiritus
1387 1158 1528 1219 vitm,
1561 1169 1590 1207 a
1633 1169 1739 1223 quo
1780 1154 2086 1210 excidentes

529 1255 788 1321 nonnulli,
821 1256 1055 1308 viventes
1084 1253 1276 1306 mortui
1299 1259 1444 1313 sunt,
1478 1249 1613 1302 sicnt
1637 1247 1829 1300 Paulus
1853 1247 2037 1301 scribit
2068 1265 2080 1302 :

530 1343 668 1395 Nam
692 1359 801 1411 quw
817 1343 868 1394 in
890 1342 1079 1394 deliciis
1107 1341 1229 1411 agit,
1259 1339 1420 1389 vivens
1447 1343 1645 1387 mortua
1677 1341 1746 1387 est
1778 1331 1832 1402 (Ι
1863 1333 1997 1388 Tim.
2030 1350 2083 1399 v,

527 1430 601 1497 6).
619 1431 858 1496 Alioquin
889 1426 1151 1495 quomodo
1178 1423 1471 1478 audiendus
1491 1430 1574 1476 est
1603 1422 1852 1477 Salomon
1877 1421 2079 1476 dicens:

525 1516 637 1568 Lux
653 1513 861 1568 Domini
885 1515 1041 1584 323
1068 1514 1276 1582 spiratio
1297 1523 1368 1565 est
1391 1510 1676 1575 hominum,
1698 1524 1812 1579 qua:
1826 1518 2084 1562 scrutatur

520 1608 721 1659 interna
747 1606 928 1667 ventris
954 1604 1133 1675 (Prov.
1155 1619 1243 1666 xx,
1259 1603 1380 1668 '27),
1411 1602 1453 1654 si
1480 1601 1681 1653 animas
1703 1598 1978 1654 hominum
2002 1600 2083 1652 lu-

2193 533 2573 602 inspirationem
2603 534 2734 595 vitte,
2765 541 2807 583 et
2838 532 3005 600 factus
3031 543 3104 586 est
3130 535 3282 587 homo
3308 534 3363 586 in
3413 534 3647 586 animum
3699 537 3764 584 ai-

2193 633 2383 675 ventem
2403 621 2550 690 (Gen.
2577 637 2632 686 ιι,
2668 621 2744 688 7).
2777 623 3065 678 Audientes
3096 638 3224 679 vero
3241 633 3296 678 et
3317 623 3658 678 Salvatorem
3691 626 3763 676 di-

2191 721 2395 765 centem
2423 731 2435 764 :
2472 711 2578 780 Ege
2608 729 2718 764 sum
2751 713 2851 765 vita
2871 711 3047 780 (Joan.
3076 715 3598 782 xlv,6).EtPau|um
3632 715 3760 768 scri-

2190 800 2400 856 bentem
2429 817 2444 854 :
2472 800 2578 854 Leu,
2597 803 2727 855 enim
2769 801 2996 872 Spiritus
3043 804 3156 855 vitta
3208 803 3390 873 (Rom.
3422 818 3534 868 vnt,
3571 803 3656 872 2).
3706 803 3763 856 ει

2189 905 2396 945 rursum
2424 909 2436 941 :
2469 890 2610 943 Misit
2632 878 2780 944 Deus
2803 890 3052 961 Spiritum
3069 888 3197 944 Filii
3218 894 3299 945 sui
3324 891 3379 944 in
3399 894 3557 946 corda
3585 903 3758 945 nostra

2189 981 2330 1052 (Gal.
2358 996 2434 1045 tv,
2463 981 2540 1050 6).
2579 981 2830 1036 Videntcs
2858 990 3037 1036 autem
3062 984 3223 1037 etiam
3241 983 3572 1053 unigenitum
3595 984 3762 1039 insul-

2187 1071 2402 1124 ﬂantem
2435 1069 2485 1122 in
2503 1068 2698 1123 faciem
2729 1071 3092 1138 apostolorum
3122 1079 3178 1125 et
3207 1071 3474 1127 dicentem
3500 1091 3511 1123 :
3540 1073 3762 1142 Accipite

2185 1162 2436 1231 Spiritum
2456 1172 2686 1215 sanctum
2715 1163 2898 1230 (Joan.
2928 1179 3021 1230 xx,
3052 1163 3171 1232 22).
3225 1164 3638 1234 Ιιιερὶηιίοιι-πιι
3665 1166 3757 1232 igi-

2195 1263 2278 1308 tur
2311 1251 2451 1316 Filii,
2481 1254 2532 1304 in
2577 1253 2788 1320 propria
2843 1253 2948 1306 vita
2989 1263 3044 1307 et
3092 1255 3386 1308 substantia
3432 1265 3757 1318 manentem,

2185 1339 2439 1407 Spiritum
2469 1354 2589 1394 esse
2636 1340 2943 1408 doceamur,
2969 1350 3025 1395 et
3071 1357 3242 1410 neque
3289 1344 3553 1410 genitum,
3592 1358 3759 1412 neque

2184 1439 2421 1483 creatum
2449 1443 2572 1484 esse
2593 1445 2624 1483 a
2656 1427 2795 1484 Filio
2820 1430 3120 1496 credamus,
3155 1447 3490 1500 nequaquam
3518 1436 3758 1502 unigeni-

2184 1525 2292 1571 tum
2327 1516 2518 1572 Filium
2546 1520 2828 1574 credamus
2855 1533 2974 1575 esse
3018 1520 3294 1588 Spiritum,
3353 1529 3410 1574 et
3458 1522 3606 1588 quod
3659 1536 3758 1576 nou

2181 1606 2251 1658 sit
2282 1605 2502 1660 verbum
2533 1603 2673 1672 Filii;
2703 1609 2941 1676 genitum
2967 1623 3094 1662 vero
3117 1622 3144 1660 a
3167 1609 3274 1662 Deo
3314 1606 3549 1662 Verbum
3605 1624 3755 1662 suum

524 1713 643 1752 neu
675 1695 768 1750 Dei
790 1711 907 1750 esse
935 1693 1130 1760 dicitis,
1177 1692 1276 1747 nisi
1309 1692 1564 1762 Spiritum
1618 1696 1860 1742 sanctum
1906 1689 2082 1743 lumen
2115 1704 2160 1763 Β
2189 1695 2240 1747 ἱιι
2270 1697 2483 1763 propria
2515 1697 2617 1749 vita
2645 1697 3005 1750 etsubstantia
3039 1711 3376 1763 permanens,
3409 1711 3527 1751 cum
3551 1697 3670 1766 ipse
3695 1701 3754 1752 sit

522 1790 620 1844 Dei
640 1787 1034 1851 confiteamini?
1058 1787 1159 1840 Sed
1185 1784 1585 1851 inspirationem
1617 1781 1734 1835 Filii
1761 1787 1878 1835 esse
1890 1781 2078 1835 creda-

521 1882 606 1944 tis,
638 1881 846 1934 dicente
866 1877 1080 1947 Moyse:
1118 1865 1488 1943 SpiravitDeus
1509 1872 1558 1922 in
1581 1868 1893 1938 {aciemAdte
1919 1869 2078 1939 inspi-

518 1969 761 2022 rationem
788 1967 903 2019 vita
945 1961 1095 2035 (Gen.
1122 1975 1180 2023 ιι,
1209 1959 1286 2027 7).
1316 1958 1380 2010 Et
1407 1957 1572 2010 Filius
1627 1957 1715 2009 Dei
1744 1974 1756 2007 :
1809 1955 1920 2024 Ego
1965 1972 2076 2009 sunt

518 2059 618 2112 vita
645 2057 821 2125 (Joan.
842 2069 952 2119 xtv,
971 2055 1047 2121 ὁ).
1081 2048 1185 2105 Sed
1209 2058 1261 2102 et
1299 2046 1553 2114 sapientia
1583 2042 1879 2098 Salomonis
1909 2042 2076 2098 intro-

519 2147 719 2200 ducens
743 2144 1073 2200 Salvatorem
1113 2136 1241 2192 dicit
1269 2151 1284 2188 :
1316 2133 1448 2187 Ecce
1472 2133 1724 2204 proferam
1776 2131 1913 2186 vobis
1946 2147 2073 2186 mea:

513 2233 855 2303 inspirationis
884 2229 1244 2301 professionem
1291 2222 1467 2298 (Prov.
1495 2239 1534 2288 t,
1577 2222 1691 2293 23);
1739 2221 1818 2276 sic
1847 2223 1986 2277 enim
2019 2222 2073 2276 in

2184 1783 2314 1836 vita.
2346 1783 2632 1851 Propterea
2668 1799 2798 1837 vero
2834 1800 2937 1839 non
2970 1794 3050 1839 est
3073 1786 3284 1854 genitus
3315 1787 3383 1839 ab
3413 1794 3476 1839 eo
3502 1786 3749 1854 Spiritus,

2176 1872 2299 1940 quia
2334 1887 2443 1926 non
2473 1882 2555 1927 est
2585 1865 2818 1927 Verbum
2849 1874 2983 1944 ejus.
3007 1874 3256 1928 Creatum
3287 1889 3410 1928 vero
3430 1874 3612 1928 dicere
3640 1875 3750 1941 Spi-

2176 1959 2334 2011 ritum
2367 1968 2607 2014 sanctum
2635 1961 2782 2014 nefas
2808 1971 2910 2015 est.
2935 1961 3308 2016 Verumtamen
3345 1961 3747 2030 inspiratiouem

2175 2045 2294 2102 Filii
2326 2048 2415 2103 Dei
2439 2064 2559 2103 eum
2596 2063 2716 2104 esse
2767 2051 2966 2106 sanctis
2995 2050 3284 2119 Scripturis
3312 2051 3484 2106 edocti
3543 2067 3747 2107 sumus.

2176 2133 2399 2191 Fontem
2426 2151 2555 2190 vero
2585 2136 2814 2205 Spiritus
2831 2141 3000 2193 sancti
3025 2138 3216 2193 Filium
3243 2139 3336 2194 Dei
3350 2155 3469 2194 esse
3495 2140 3742 2202 dicimus,

2175 2227 2293 2296 ipso
2322 2226 2459 2282 Filio
2488 2227 2542 2281 in
2586 2227 2814 2284 Jeretnia
2839 2229 3055 2297 dicente
3076 2246 3090 2282 :
3122 2231 3244 2299 quia
3266 2231 3368 2284 duo
3396 2248 3614 2302 nequam
3631 2234 3745 2302 {ait

515 2321 814 2377 Proverbiis
840 2319 940 2373 ait:
974 2317 1240 2387 Sapientia
1262 2317 1312 2369 in
1350 2315 1489 2368 exitu
1526 2314 1745 2376 canitur,
1784 2314 1838 2366 iu
1895 2312 2074 2379 plateis
2173 2319 2392 2386 populus
2430 2320 2544 2384 iste,-
2601 2335 2677 2373 ine
2707 2319 3079 2391 dereliquerunt
3111 2325 3304 2393 fontem
3328 2338 3473 2392 aqua:
3501 2325 3645 2387 vit-te,
3702 2333 3743 2375 et

511 2429 624 2467 vero
653 2412 959 2477 ﬁducialiter
980 2410 1104 2478 agit.
1125 2405 1188 2460 In
1206 2406 1363 2477 portis
1385 2415 1551 2459 autem
1582 2404 1830 2470 potentior
1857 2404 2068 2472 assistit,
2173 2410 2409 2478 {oderunt
2439 2412 2534 2464 sibi
2561 2413 2703 2466 lacus
2734 2414 2995 2481 contritas,
3018 2415 3103 2482 qui
3121 2430 3219 2466 non
3241 2421 3512 2482 potuerunt
3558 2427 3741 2481 aquam

508 2501 564 2556 in
601 2501 757 2554 inuris
786 2514 977 2568 quoque
996 2495 1212 2550 civitatis
1243 2495 1551 2562 conﬁdenter
1570 2494 1670 2546 ait:
1704 2491 1908 2556 Ωιιαηῑο
1947 2499 2073 2567 Nam“
2170 2510 2379 2569 portare
2401 2501 2616 2572 (Jerem.
2647 2518 2705 2567 ιι,
2730 2501 2841 2570 I3).
2868 2507 3014 2573 Aqua
3049 2519 3177 2558 vero
3200 2505 3316 2556 viva
3363 2503 3593 2569 Spiritus
3621 2517 3738 2555 san-

510 2604 632 2658 pore
655 2589 902 2659 sintplices
927 2587 1148 2640 obtinent
1160 2584 1431 2654 justitiam,
1465 2598 1565 2635 non
1595 2580 1884 2634 erubescent
1903 2582 1928 2633 ἲ
1958 2579 2068 2632 lin-
2170 2598 2312 2653 ειυς,
2335 2590 2476 2643 sicut
2495 2589 2729 2644 Joannes
2759 2590 2938 2645 ἀοςυίι
2961 2590 3160 2645 dixisse
3188 2590 3519 2646 salvatorem
3557 2591 3624 2642 ad
3650 2590 3739 2643 δε.

511 2680 780 2749 prudentes
818 2685 984 2728 autem
1029 2671 1346 2727 contumelia:
1380 2686 1493 2724 cum
1543 2671 1641 2723 sint
1680 2670 1878 2738 cupidi,
1922 2670 2064 2738 impii

2169 2680 2482 2733 maritauam
2512 2680 2791 2735 mulierem
2825 2700 2836 2732 :
2865 2681 2925 2735 Si
2963 2682 3117 2734 scires
3146 2681 3336 2734 donum
3367 2679 3484 2746 Del,
3541 2691 3589 2734 et
3632 2681 3733 2750 qui:

509 2766 692 2834 e/fecti,
718 2765 832 2818 odio
859 2763 1139 2815 habuerunt
1184 2774 1407 2824 sensum,
1451 2768 1502 2813 et
1531 2759 1734 2812 obnoxii
1788 2759 1910 2826 {acti
1953 2769 2064 2812 sunt

2168 2778 2240 2824 est
2260 2770 2345 2838 qui
2367 2770 2486 2822 dicit
2514 2769 2636 2835 tibi,
2668 2771 2734 2823 da
2775 2769 2903 2822 mihi
2929 2770 3112 2834 bibere,
3145 2778 3198 2822 tu
3225 2770 3393 2837 utique
3444 2770 3650 2836 petisses
3680 2767 3735 2818 αι

507 2853 942 2923 increpationibus.
981 2849 1111 2903 Ecce
1133 2853 1389 2919 proferam
1419 2846 1556 2901 vobis
1605 2863 1729 2901 metu
1771 2848 2064 2917 spirationis

2168 2872 2244 2921 eo;
2267 2867 2312 2912 et
2340 2858 2558 2911 dedisset
2580 2857 2668 2911 tibi
2697 2874 2884 2927 aquam
2914 2858 3076 2912 vivam
3099 2857 3280 2929 (Joan.
3314 2872 3386 2924 tv,
3414 2859 3524 2927 I0).
3543 2858 3609 2912 Et
3627 2873 3737 2911 rur-

505 2943 881 3014 professionem,
916 2939 1100 2993 docebo
1124 2954 1209 2992 vos
1229 2953 1392 2990 meum
1421 2937 1889 3007 sernaonem(Prov.
1908 2938 2062 3004 1,20-
2166 2959 2283 2998 sum
2311 2962 2324 2997 :
2360 2944 2654 3012 Quicunque
2702 2947 2881 2999 biberit
2919 2963 2982 2999 ea:
3009 2963 3165 3016 aqua,
3185 2962 3338 3016 quant
3359 2962 3450 3016 ego
3496 2949 3544 3000 ei
3584 2949 3734 3008 dabo,

503 3031 612 3102 25).
640 3032 703 3084 Et
729 3029 888 3086 Isaias
910 3026 2056 3098 prmdicansSpiritussanctipromissionem,
2088 3047 2132 3107 ε
2166 3048 2268 3086 non
2302 3035 2434 3086 sitiet
2461 3035 2513 3086 in
2540 3043 2786 3088 (sternunt
2827 3033 3012 3105 (lbid.,
3054 3036 3163 3104 l3).
3218 3035 3347 3090 Nam
3367 3046 3420 3090 et
3457 3038 3510 3090 in
3564 3038 3736 3092 medio

500 3122 574 3175 sic
603 3120 713 3176 ait:
743 3118 880 3171 Dixit
906 3116 1155 3171 Dominus
1180 3116 1265 3184 qui
1287 3115 1405 3184 fecit
1431 3117 1630 3182 crelum,
1659 3126 1705 3171 et
1733 3118 1890 3186 afﬁcit
1904 3118 2057 3185 illud,

500 3214 588 3282 qui
613 3210 846 3264 solidavit
869 3217 1072 3271 terram,
1104 3217 1150 3260 et
1179 3208 1360 3278 qutein
1384 3221 1442 3260 ea
1469 3216 1588 3260 sunt
1611 3221 1630 3261 :
1667 3208 1753 3276 qui
1781 3208 1869 3260 dat
1896 3208 2058 3278 inspi-

499 3308 745 3360 rationem
776 3306 983 3373 populo,
1016 3301 1102 3369 qui
1131 3310 1204 3356 est
1231 3317 1384 3371 super
1399 3317 1532 3368 eam,
1555 3311 1601 3355 et
1613 3301 1846 3372 spiritum
1858 3302 2061 3355 calcan-

499 3397 627 3450 tibus
655 3412 764 3450 eam
794 3392 945 3467 (Isai.
985 3409 1115 3461 xut,
1147 3393 1228 3463 5).
1258 3394 1428 3448 Dicite
1463 3395 1584 3462 quis
1610 3403 1692 3448 est
1727 3395 1948 3463 populus
1970 3391 2058 3461 qui

498 3489 696 3556 accepit
714 3483 1080 3555 spirationem?
1114 3483 1359 3552 Nunquid
1389 3494 1442 3538 et
1462 3484 1546 3537 hic
1575 3485 1921 3552 spirationem
1945 3484 2060 3538 ani-

499 3593 636 3634 mam
663 3591 782 3631 esse
808 3574 1037 3630 dicetis?
1083 3573 1185 3627 Aut
1209 3572 1405 3626 dabitis
1434 3572 1549 3628 sine
1591 3572 1763 3627 anima
1812 3573 2058 3642 populum

499 3682 658 3738 super
679 3679 873 3720 terram
900 3662 1230 3719 constitisse?
1257 3661 1362 3717 Sed
1391 3677 1494 3717 non
1520 3671 1602 3718 est
1626 3678 1641 3728 ;
1677 3662 2058 3733 professionem

500 3754 726 3823 namque
746 3755 980 3824 Spiritus
1000 3753 1167 3807 sancti
1192 3752 1483 3818 przedicans
1497 3755 1750 3822 propheta
1773 3753 1888 3808 haec
1910 3754 2056 3808 dicit.

501 3849 737 3915 Denique
766 3845 1084 3916 completam
1137 3841 1521 3911 professionem
1548 3857 1709 3913 super
1759 3837 1942 3899 Iideles
1967 3846 2058 3914 qui

498 3938 702 3992 fuerant
725 3934 816 3988 illo
849 3943 1117 4002 tempore,
1145 3931 1358 4000 scripsit
1411 3931 1582 3986 Lucas
1610 3949 1624 3986 :
1656 3929 1722 3986 Et
1760 3948 1874 3986 cum
1921 3950 2057 3987 com-

496 4028 752 4100 plerentur
780 4028 888 4079 dies
914 4023 1351 4092 Quinquagesimat
1371 4063 1388 4088 ,
1414 4033 1558 4077 erant
1586 4025 1779 4094 pariter
1794 4041 1966 4079 omnes
2004 4027 2057 4079 in

496 4137 669 4176 unum.
691 4116 756 4174 Et
782 4120 944 4188 [actus
967 4129 1034 4172 est
1052 4118 1215 4172 subito
1237 4119 1434 4172 sonitus
1480 4119 1541 4172 de
1567 4119 1710 4188 cazlo,
1742 4129 1978 4189 tanquam
2012 4119 2056 4172 si

493 4212 698 4278 spir.'tus
745 4213 1003 4265 vehemens
1032 4209 1244 4276 ferretur
1267 4223 1286 4261 :
1315 4216 1360 4261 et
1400 4208 1625 4278 implevit
1657 4216 1814 4261 totam
1849 4208 2054 4261 domum

493 4305 577 4359 ubi
606 4314 748 4358 erant
783 4303 1004 4356 sedentes
1035 4316 1053 4354 :
1082 4309 1128 4353 et
1157 4300 1401 4353 vistesunt
1431 4299 1500 4353 eis
1529 4301 1699 4353 divisa:
1726 4300 1912 4370 linguis
1941 4308 2054 4353 tan-

2163 3123 2345 3192 templi
2365 3125 2592 3179 clamat:
2628 3125 2689 3179 Si
2714 3124 2826 3194 quis
2847 3126 2951 3178 sitit
2973 3128 3138 3179 veniat
3167 3127 3233 3178 ad
3262 3141 3358 3189 me,
3373 3136 3415 3179 et
3445 3125 3601 3179 bibat.
3639 3125 3736 3191 Qui

2160 3213 2319 3265 credit
2342 3213 2394 3265 in
2424 3229 2522 3278 me,
2552 3213 2832 3268 sicut-dicit
2859 3213 3154 3283 Scriptura,
3197 3216 3414 3281 ﬂumina
3463 3217 3527 3268 de
3571 3225 3735 3268 centre

2160 3301 2270 3366 eius
2298 3303 2457 3371 ﬂuent
2485 3317 2630 3372 aqua:
2659 3303 2782 3356 viva:
2801 3301 2984 3372 ann.
3014 3317 3104 3361 vn.
3125 3302 3239 3371 57).
3266 3303 3332 3356 Et
3361 3304 3736 3371 interpretatus

2159 3401 2240 3444 est
2263 3391 2338 3445 sic
2365 3408 2377 3444 :
2422 3389 2540 3445 Hoc
2568 3404 2738 3446 autem
2790 3393 2985 3447 dicebat
3012 3395 3075 3447 de
3111 3393 3311 3462 Spiritu
3341 3405 3538 3458 sancto,
3591 3413 3734 3466 quens

2159 3480 2416 3548 accepturi
2440 3491 2584 3533 erant
2614 3482 2700 3548 qui
2727 3482 2970 3534 credituri
2993 3491 3136 3536 erant
3172 3483 3223 3534 in
3254 3499 3368 3536 eum
3400 3481 3590 3553 (Ibid.,
3625 3485 3730 3553 39).

2162 3567 2234 3621 Ita
2265 3570 2424 3623 etiam
2450 3581 2502 3626 et
2522 3571 2682 3626 Isaias
2697 3571 2975 3626 Dominum
2999 3573 3197 3629 d.xisse
3219 3575 3312 3628 ait:
3335 3575 3466 3640 Quia
3493 3593 3586 3646 ego
3607 3578 3733 3628 dabo

2159 3655 2212 3708 in
2242 3657 2328 3709 siti
2375 3672 2558 3728 aquam
2586 3659 2649 3712 iis
2678 3660 2764 3727 qui
2800 3659 2853 3713 in
2900 3660 3035 3714 sicco
3059 3662 3154 3714 iter
3186 3662 3430 3730 fecerunt,
3475 3675 3521 3717 et
3551 3680 3732 3734 ponant

2162 3743 2413 3813 Spiritum
2471 3761 2635 3800 meum
2677 3756 2833 3814 super
2890 3763 3058 3802 semen
3095 3758 3275 3816 tuum,
3335 3761 3379 3803 et
3435 3751 3731 3804 benedic:io-

2161 3849 2246 3887 nes
2307 3850 2441 3887 meas
2495 3850 2645 3904 super
2688 3834 2824 3904 ﬁlios
2875 3845 3024 3890 tuos:
3068 3848 3114 3892 et
3153 3832 3354 3893 'orietur
3401 3849 3646 3908 tanquam
3682 3843 3730 3893 in

2159 3943 2294 3995 aqua
2339 3931 2512 3996 fenum
2545 3967 2561 3991 ,
2612 3928 2746 3980 velut
2789 3927 2925 3982 satis:
2973 3930 3104 3982 inter
3143 3932 3318 3999 ﬂuxus
3375 3947 3521 3999 aqua:
3575 3931 3726 4005 (Isai.

2161 4033 2306 4084 xuv,
2364 4017 2443 4088 5).
2493 4018 2631 4087 Ergo
2681 4019 2960 4073 manifeste
3008 4017 3300 4088 Scripturis
3351 4021 3552 4075 sanctis
3609 4037 3726 4092 pro-

2161 4109 2429 4162 ﬁtentibus
2459 4151 2473 4173 ,
2549 4123 2742 4178 aquam
2801 4108 2971 4164 vivam
3019 4109 3273 4178 Spiritum
3323 4125 3440 4166 esse
3478 4112 3727 4182 cognovi-

2157 4211 2294 4252 mus.
2343 4198 2502 4268 325
2535 4198 2790 4254 Dominus
2836 4213 2896 4256 se
2923 4198 3123 4256 fontem
3166 4201 3420 4271 Spiritum
3450 4216 3573 4259 esse
3603 4204 3728 4258 dixit

2159 4291 2236 4344 sic
2269 4308 2284 4344 :
2319 4289 2400 4344 Me
2440 4291 2816 4360 dereliquerunt
2847 4294 3035 4363 fontem
3071 4309 3216 4362 aqua
3253 4296 3378 4346 vive
3414 4293 3627 4364 (Jereni.
3652 4312 3687 4349 ιι
3709 4335 3724 4358 .

495 4411 644 4464 quam
663 4394 817 4464 ignis,
841 4400 888 4445 et
917 4390 1045 4444 sedit
1076 4405 1227 4457 super
1259 4404 1652 4458 unumquemque
1672 4405 1863 4452 eorum,
1890 4401 1937 4444 et
1953 4406 2050 4444 τωο
2085 4406 2131 4467 υ
2161 4387 2273 4450 IS).
2306 4386 2394 4443 Sic
2418 4395 2473 4442 et
2496 4387 2666 4442 David
2696 4396 2878 4442 cantat
2907 4389 2960 4443 in
2989 4389 3263 4444 tricesimo
3291 4389 3476 4458 quinto
3505 4391 3723 4458 psalmo,

497 4495 674 4554 perunt
704 4483 838 4553 loqui
867 4482 1015 4536 variis
1046 4481 1233 4550 linguis
1257 4477 1636 4548 proutSpiritus
1675 4489 1876 4533 sanctus
1902 4480 2054 4533 dabat

497 4576 829 4646 pronuntiare
844 4573 1065 4640 eis(Act.
1098 4587 1154 4634 ιι,
1190 4569 1266 4640 ι).
1297 4568 1469 4625 Simili
1495 4567 1652 4624 mndo
1697 4585 1917 4640 magnus
1964 4571 2053 4626 ille

498 4666 592 4720 Job
613 4665 864 4718 adversus
887 4664 1086 4716 amicos
1107 4675 1249 4725 suos,
1283 4674 1401 4714 cum
1429 4668 1609 4713 essent
1637 4659 1832 4729 Spiritu
1869 4669 2054 4715 sancto

493 4754 704 4822 privati,
740 4761 793 4806 et
823 4752 950 4806 nihil
976 4760 1164 4806 verum
1197 4751 1459 4811 dicerent,
1502 4763 1674 4819 neque
1710 4751 2051 4818 opinarentur

487 4862 546 4901 se
571 4854 694 4900 ante
723 4845 887 4898 Deum
944 4846 1108 4914 loqui,
1149 4841 1355 4897 aiebat:
1405 4839 1594 4895 Nonne
1631 4851 1746 4895 ante
1777 4841 2047 4897 Dominum

488 4937 748 5006 loquimini
777 4934 916 5004 (Job.
945 4950 1059 4999 xm,
1089 4934 1172 5002 τη
1202 4932 1265 4986 Ει
1287 4945 1498 4985 rursum
1527 4947 1539 4982 :
1585 4929 1686 4985 Cui
1737 4935 2051 4986 annuntiasti

489 5021 632 5085 verba
647 5030 672 5082 .7
699 5027 972 5097 Inspiratia
995 5041 1110 5078 vero
1131 5026 1276 5095 cujus
1299 5031 1390 5088 est,
1415 5037 1528 5090 qua:
1549 5022 1772 5090 procedit
1795 5033 1885 5076 ate
1900 5021 2047 5093 (Job.

490 5137 633 5182 xxvr,
663 5119 746 5188 4)?
769 5119 842 5172 Ex
874 5115 1064 5185 quibus
1110 5129 1249 5169 unus
1300 5127 1490 5182 magna
1547 5112 1767 5180 loquens
1794 5112 2003 5167 dicebat
2032 5129 2048 5169 :

489 5208 713 5276 Spiritus
736 5207 913 5274 estqui
939 5203 1235 5256 mortalibus
1276 5201 1562 5265 intercedit,
1612 5200 1874 5269 inspiratio
1930 5217 2044 5255 vero

487 5298 858 5367 omnipotentite
878 5303 949 5348 est
969 5308 1080 5362 qua
1119 5307 1196 5345 me
1231 5292 1393 5354 docet
1424 5289 1564 5362 (Job.
1589 5305 1780 5358 xxxnt,
1804 5291 1884 5360 4).
1913 5293 2049 5347 0m-

489 5393 727 5457 nipotens
777 5398 951 5441 autem
1013 5385 1176 5440 Filius
1206 5383 1321 5449 Dei,
1359 5383 1427 5438 de
1472 5397 1577 5452 quo
1622 5382 1904 5437 Zacharias
1931 5384 2045 5438 ait:

489 5476 762 5544 Propterea
789 5479 858 5530 sic
887 5477 1006 5529 dicit
1041 5473 1287 5529 Dominus
1333 5474 1494 5544 324
1537 5474 1872 5540 omnipotens.
1917 5473 2045 5527 Post

489 5571 697 5640 g'oriam
720 5570 848 5623 misit
873 5586 948 5623 me
973 5585 1122 5638 super
1147 5579 1336 5638 gentes,
1355 5583 1466 5636 qua
1491 5583 1574 5620 vos
1606 5566 1908 5633 depretiata:
1931 5578 2048 5620 sunt

495 5657 672 5724 (lacti.
700 5661 824 5731 n,8)
876 5660 1184 5716 Audivimus
1207 5660 1364 5716 ctiam
1385 5659 1720 5715 Salomonetn
1737 5657 2005 5714 dicentem
2033 5673 2047 5713 :

2157 4481 2339 4533 dicens
2361 4480 2425 4533 ad
2456 4478 2738 4532 Dominum
2766 4479 2932 4546 :Quia
2953 4479 3091 4550 apud
3118 4489 3165 4532 te
3191 4490 3264 4532 est
3285 4480 3398 4548 fons
3418 4481 3529 4532 vita:
3554 4477 3721 4546 (Psal.

2158 4585 2318 4637 xxxv,
2377 4569 2490 4638 10).
2534 4568 2696 4638 Igitur
2747 4579 2940 4638 pra-ter
2983 4570 3261 4624 Dominum
3307 4569 3529 4624 o_-tende
3568 4571 3722 4622 alium

2155 4660 2356 4715 fontem
2387 4675 2505 4716 esse
2533 4660 2678 4726 vitai,
2708 4662 2797 4731 qui
2828 4661 2968 4730 apud
2998 4675 3121 4716 eum
3147 4661 3217 4716 sit
3250 4677 3263 4713 :
3296 4676 3400 4715 non
3423 4662 3562 4716 enim
3599 4660 3724 4715 dixit

2157 4750 2412 4818 Quoniam
2444 4738 2498 4805 tu
2523 4768 2574 4807 es
2606 4753 2719 4823 fons
2744 4753 2876 4818 vitta,
2909 4752 3002 4807 sed
3048 4752 3181 4819 Quia
3208 4753 3348 4822 apud
3382 4762 3430 4806 te
3465 4754 3580 4821 fons
3620 4753 3721 4806 vita

2158 4851 2251 4896 est.
2289 4841 2387 4896 Est
2428 4857 2556 4897 vero
2577 4843 2716 4912 apud
2750 4843 2937 4909 Deum,
2968 4851 3026 4897 et
3051 4852 3133 4897 εει
3160 4843 3324 4898 Filius
3355 4843 3472 4899 fons
3495 4845 3722 4899 existens

2153 4933 2404 5002 Spiritus,
2435 4935 2502 4989 tle
2530 4949 2636 5003 quo
2665 4934 2859 4988 Paulus
2882 4935 2947 4987 ad
2989 4933 3260 4988 Romanos
3304 4935 3488 4989 scribit
3515 4951 3526 4985 :
3557 4933 3721 5003 Spiri-

2151 5036 2231 5079 tus
2261 5039 2376 5079 vero
2404 5027 2517 5078 vitta
2539 5033 2746 5095 propter
2761 5026 3022 5096 justitiam
3043 5025 3222 5097 (Rom.
3253 5040 3371 5092 vm,
3400 5023 3508 5094 10).
3535 5024 3611 5078 Ita
3626 5039 3719 5078 non

2151 5117 2405 5182 alienum,
2437 5115 2530 5170 sed
2561 5115 2828 5185 proprium
2857 5115 3028 5171 Patris
3066 5131 3187 5172 esse
3221 5130 3346 5171 eum
3376 5114 3507 5170 dicit
3538 5132 3550 5168 :
3610 5129 3718 5170 natu

2151 5222 2270 5262 cum
2314 5205 2586 5276 professus
2632 5203 2856 5260 fuisset:
2894 5205 3030 5274 Quia
3059 5206 3198 5276 apud
3241 5215 3289 5259 te
3331 5216 3405 5260 est
3446 5209 3561 5274 fons
3591 5207 3719 5265 vita.

2156 5299 2396 5368 adiunxit
2417 5315 2430 5351 :
2455 5295 2521 5351 In
2549 5295 2737 5351 lumine
2778 5307 2864 5351 tuo
2885 5297 3157 5351 videbimus
3178 5295 3347 5349 lumen
3370 5293 3538 5365 (Psal.
3563 5309 3716 5358 xxxv,

2158 5391 2278 5459 lO);
2313 5389 2362 5443 id
2393 5399 2473 5443 est
2505 5390 2556 5443 in
2587 5388 2725 5443 Filio
2756 5397 2846 5443 tuo
2878 5387 3174 5442 videbimus
3201 5386 3484 5454 Spiritum.
3510 5380 3715 5444 Necnon

2157 5479 2313 5531 etiam
2345 5487 2399 5532 et
2424 5479 2474 5531 in
2508 5479 2721 5532 nomine
2753 5476 2962 5532 virtutis
2998 5477 3092 5532 Dci
3123 5477 3422 5546 appellatus
3451 5478 3677 5546 Spiritus
3699 5513 3714 5540 ,

2159 5578 2211 5622 et
2253 5569 2438 5630 virtus,
2472 5579 2526 5623 et
2569 5570 2827 5637 sapientia
2856 5582 2979 5623 esse
3025 5578 3371 5625 monstratur.
3415 5569 3714 5623 Audivimus

2158 5661 2300 5716 enim
2346 5659 2672 5718 Salvatorcm
2699 5661 2751 5716 in
2784 5661 3092 5733 Evangelia,
3121 5663 3523 5735 promittentem
3562 5659 3710 5717 disci-
