3856 6222
115 123 248 182 535

1204 135 1293 189 DE
1329 134 1623 190 UNITATE
1663 136 2044 194 TBiNlTATlS
2081 138 2302 193 LIBER.

3250 145 3348 204 33!

118 240 297 292 ritum
320 245 549 291 sanctum
578 256 590 290 :
621 244 673 291 rt
703 237 839 291 sicut
863 237 1108 305 baptizati
1130 241 1180 294 in
1207 242 1421 297 nomine
1443 241 1617 296 Patris
1638 254 1693 298 et
1720 249 1764 304 Α
1794 245 1863 298 ita
1889 248 2176 301 sentientes
2204 252 2269 299 de
2296 246 2576 308 Trinitale.
2611 262 2661 301 et
2688 249 2960 302 imitantes
2993 249 3352 308 ndorationcut

119 327 283 389 Filii,
310 330 374 380 ita
403 327 649 400 baptizati
691 343 872 383 sumus
923 329 974 382 in
1010 331 1207 400 Spiritu
1249 343 1456 387 Sancto.
1506 334 1563 388 In
1599 351 1690 388 no-

120 419 281 472 mine
309 418 421 480 hoc,
454 420 502 469 in
531 432 635 485 quo
675 419 810 470 sicut
837 434 927 473 cre
948 419 1101 473 limus
1128 433 1178 475 et
1201 423 1450 489 bapttzati
1483 438 1702 507 sumus,

1799 334 2092 403 serapbitn,
2128 337 2366 391 lucredt-s
2396 341 2544 408 regni
2571 339 2828 394 cmlorum
2862 339 3000 394 eﬂici
3046 343 3357 408 poterimus.

1798 426 1985 477 Amen.

141 527 3354 558 mw

3002 564 3346 576 ————————-—-—

1931 563 2315 572 ~—

864 635 1551 748 VIGILII
1631 579 2622 750 Tarsa-mssa

1044 802 1358 864 CONTRA
1402 801 1891 866 FELICIANUM
1932 802 2035 862 ET
2071 791 2439 867 ARIANUM

567 1059 610 1102 _
674 934 911 1059 DE
1005 934 1788 1074 UNITATE
1875 917 2840 1068 TRlNlTATIS

1253 1129 1381 1203 AD
1411 1127 1896 1203 OPTATUM
1931 1129 2246 1209 LIBER.

645 1277 863 1333 CAPUT
896 1280 1178 1336 PRIMUM.

205 1398 355 1470 331
403 1398 684 1453 Extorsisti
714 1399 865 1464 mihi,
898 1399 1244 1453 dilectissime
1270 1401 1360 1466 ηεξ,
1402 1411 1457 1453 ιιι
1483 1401 1550 1455 de
1580 1403 1693 1455 titti-

1796 1286 1915 1352 quia
1947 1285 2297 1353 eloquentiam
2331 1292 2529 1358 pariter
2556 1308 2675 1349 cum
2705 1295 2926 1352 scientia
2954 1293 3074 1353 ﬁdci
3097 1299 3194 1354 tibi
3216 1300 3367 1357 video

1799 1388 1906 1426 non
1929 1375 2132 1428 deesse.
3323 1404 3330 1410 ’

121 1463 249 1544 late
268 1463 556 1557 ir—tnitatis,
598 1505 714 1560 quae
753 1490 1016 1559 perfectus
1048 1492 1183 1546 Deus
1212 1506 1426 1560 semper
1454 1508 1516 1546 ac
1547 1509 1680 1546 sunt-

1871 1463 2004 1516 Tum
2035 1479 2156 1533 ego,
2187 1465 2320 1522 Num
2352 1484 2517 1538 usque
2542 1471 2698 1536 adeo,
2730 1474 2964 1543 inquam,
2993 1477 3114 1532 duci
3147 1495 3234 1535 me
3261 1496 3362 1551 ειη.

123 1594 256 1633 mus
282 1589 386 1643 est,
424 1578 587 1632 ofﬁcii
629 1594 731 1632 non
773 1580 1050 1633 immemor
1076 1581 1416 1634 sacerdotalis
1445 1623 1458 1647 ,
1495 1583 1690 1651 aliquid

121 1671 406 1723 scnbereut
439 1686 454 1720 :
482 1667 639 1738 idque
659 1684 688 1722 a
711 1684 810 1734 me,
841 1683 959 1722 cum
986 1668 1194 1738 preprie
1215 1670 1535 1725 inﬁrmitatis
1557 1687 1687 1726 cou-

125 1759 276 1812 scius
297 1758 485 1826 szepius
513 1772 844 1821 excusarem,
870 1749 1051 1820 multis
1073 1754 1247 1815 modis
1267 1760 1488 1829 exegisti
1510 1776 1525 1825 ;
1548 1775 1707 1830 asse:

124 1866 260 1903 rens
287 1851 574 1904 communis
605 1849 723 1904 ﬁdei
745 1850 1026 1917 rationem,
1050 1860 1104 1905 et
1125 1852 1402 1920 religiosos
1428 1852 1693 1920 accipere,

126 1952 184 1995 ct
214 1932 504 1996 saccniotcs
534 1942 728 1996 debere
754 1941 992 1996 ﬁdelibus
1015 1958 1116 1996 non
1143 1958 1335 2011 negare
1360 1960 1372 1994 :
1401 1958 1467 1997 ne
1493 1951 1581 1996 aut
1613 1944 1688 1996 illi

129 2032 263 2084 dum
291 2047 388 2086 non
415 2031 699 2100 accipiunt,
734 2032 986 2098 incipiant
1009 2031 1076 2085 ab
1098 2032 1578 2087 inﬁdelibus'i’acile
1600 2033 1691 2087 de-

127 2123 262 2189 cipi,
285 2111 368 2173 aut
394 2123 460 2174 ab
489 2121 572 2174 his
613 2135 734 2174 cum
766 2121 1059 2174 desiderata
1091 2136 1195 2174 non
1225 2121 1495 2187 tribuunt,
1530 2123 1692 2176 ecete-

126 2215 232 2267 stis
273 2217 543 2268 thesaurus
579 2212 772 2268 Christi
802 2212 1053 2266 membris
1091 2227 1196 2268 non
1225 2212 1472 2278 expendi,
1505 2213 1599 2267 sed
1633 2214 1710 2266 in.

137 2317 281 2360 terra
295 2304 678 2374 quodammodo
692 2304 888 2358 sterilis
908 2303 1108 2371 peritia:
1128 2302 1404 2357 videantur
1416 2302 1689 2356 abscondi.
1744 2352 1747 2354 _

143 2397 322 2462 Itaque
368 2394 563 2448 vietum
617 2407 700 2446 me
748 2391 915 2447 fatebr
963 2392 1320 2460 probabilibus
1364 2387 1570 2458 causis,
1624 2407 1693 2446 ne

139 2496 371 2538 inermes
399 2483 606 2538 tradere
634 2482 812 2537 videar
841 2481 1216 2556 obsistentibus
1237 2483 1412 2550 malis,
1443 2482 1570 2540 dum
1597 2483 1694 2537 ad-

139 2587 325 2626 versus
353 2573 591 2627 inﬁdeles
617 2588 720 2626 non
743 2573 1073 2626 instruuntur
1102 2572 1394 2627 munimine
1425 2572 1682 2628 veritatis.

147 2663 333 2716 Verum
361 2663 480 2731 quia
521 2662 576 2716 in
611 2660 867 2731 ejusmodi
909 2661 1288 2730 quaestionibus
1323 2661 1563 2730 quaadam
1595 2649 1716 2717 ob-I

135 2755 357 2807 seuritas
383 2754 630 2807 continua
658 2752 895 2807 oratione
924 2750 1226 2821 frequenter
1254 2751 1563 2818 incurritur,
1587 2752 1680 2807 'id-

1806 1564 1887 1607 tas
1915 1554 2159 1609 laudibus
2184 1559 2338 1623 meis,
2371 1560 2690 1630 utinjuriam
2719 1563 2904 1619 faciam
2936 1568 3362 1636 praecedentibus

1794 1644 2012 1706 sanctis,
2046 1659 2144 1700 nec
2171 1648 2486 1721 praesumam
2520 1666 2747 1721 unquam
2775 1654 2825 1707 in
2851 1657 3103 1727 sapientia
3122 1661 3276 1726 verbi,
3306 1678 3369 1716 ne

1792 1749 2059 1788 evacuatur
2079 1753 2204 1792 crux
2233 1738 2418 1795 Christi
2456 1739 2511 1813 (Ι
2542 1742 2661 1798 Cor.
2714 1760 2754 1812 ι,
2790 1745 2911 1816 l7);
2943 1749 3038 1822 sed
3068 1749 3364 1819 Scriptura-

1794 1838 1910 1880 rum
1960 1827 2279 1883 auctoritate
2307 1839 2613 1898 conte..tus,
2644 1831 2972 1903 simplicitati
3012 1839 3235 1899 obedire
3265 1858 3365 1911 po-

1795 1915 1898 1968 tius
1925 1917 2117 1973 studeo
2167 1935 2323 1986 quam
2366 1924 2583 1979 tumori.
2629 1925 2736 1981 Sed
2783 1930 2991 1993 melius,
3024 1933 3228 2001 inquis,
3277 1948 3363 1990 ra-

1795 2006 1937 2059 tione
1982 2009 2098 2075 quis
2143 2024 2298 2078 quatn
2348 2013 2661 2069 te5titnoniis
2687 2016 2962 2074 edocetur.
3011 2021 3145 2087 Quid
3190 2024 3362 2094 ergo!

1791 2111 1950 2162 quam
1977 2098 2234 2153 rationem
2257 2101 2445 2157 aﬁ'erre
2474 2113 2642 2173 potes,
2665 2107 2710 2162 si
2734 2118 2940 2177 partum
2967 2112 3226 2180 praedicas
3253 2117 3360 2172 vir-

1791 2187 1946 2254 ginis,
1978 2189 2022 2241 si
2048 2189 2486 2263 redditosoculos
2530 2211 2633 2250 non
2665 2214 2825 2269 negas
2853 2203 3029 2273 caecis,
3055 2203 3103 2259 si
3125 2207 3363 2276 sepultos

1794 2275 1998 2330 redisse
2027 2279 2267 2335 ostendis
2293 2294 2324 2333 a
2351 2287 2610 2340 mortuis?
2641 2287 2698 2342 Si
2725 2305 2850 2359 ergo
2876 2291 3062 2349 horum
3078 2305 3133 2350 et
3158 2275 3360 2352 incom.

1793 2366 2165 2451 preltensibilis
2189 2371 2326 2426 ratio
2355 2383 2408 2428 et
2435 2378 2627 2431 veritas
2653 2393 2894 2450 prompta
2924 2392 3027 2451 est,
3059 2388 3264 2444 facilius
3298 2381 3352 2447 in

1793 2457 2020 2525 negotiis
2050 2448 2169 2514 ﬁdei
2210 2465 2527 2521 testimoniis
2556 2448 2822 2538 creditur,
2853 2448 3022 2542 quam
3045 2479 3180 2532 ratio
3209 2479 3363 2535 inve-

1788 2546 2032 2615 stigatur.
2070 2549 2260 2606 Verum
2287 2553 2408 2622 quia
2441 2570 2545 2610 non
2580 2557 2736 2612 nimis
2780 2560 3226 2635 inconscquenter
3255 2568 3363 2624 duo

1791 2633 1889 2689 ista
1917 2635 2198 2705 discernis,
2228 2655 2347 2698 cum
2378 2645 2582 2701 ratione
2611 2642 2902 2716 praemissa,
2930 2633 3088 2710 etiam
3120 2659 3355 2713 testimo-
3425 2670 3427 2672 ’

1790 2723 1874 2778 nia
1904 2741 2010 2780 non
2046 2729 2284 2787 omittis:
2317 2731 2512 2788 idcirco
2552 2736 2605 2790 in
2649 2737 2746 2792 bac
2782 2739 3139 2810 disputatione
3185 2749 3236 2802 id
3270 2766 3358 2808 tne

127 2845 275 2898 circa
300 2843 347 2897 id
373 2844 498 2898 milii
529 2847 698 2898 visum
728 2852 834 2906 est,
868 2851 924 2898 ut
951 2857 1070 2898 eum
1093 2857 1395 2898 sermonem
1425 2845 1519 2913 qui
1549 2845 1680 2899 inter

1796 2811 1958 2870 fateor
1986 2828 2309 2887 secuturum,
2340 2824 2477 2890 quod
2509 2825 2622 2894 ipse
2650 2831 2976 2896 probaveris.

133 2950 220 2989 me
253 2946 299 2988 et
327 2935 649 2990 Felicianutn
674 2950 841 3003 nuper
864 2943 947 2992 est
970 2934 1199 3002 habitus,
1227 2937 1533 3004 prtenotatis
1563 2951 1687 3005 pro-

131 3034 251 3093 pt--r
291 3040 630 3093 personarum
678 3026 1049 3083 discretionem
1098 3027 1476 3095 principalibus
1505 3031 1680 3085 nomi-

133 3125 255 3164 num
304 3111 530 3178 litteris,
588 3114 866 3181 pratsetttis
922 3113 1088 3170 inbelli
1145 3113 1403 3170 brevitate
1450 3116 1684 3186 compleo

131 3209 316 3254 cum“
738 3227 980 3331 CAPUT],
999 3271 1062 3326 ιι.

197 3386 320 3440 Nam
351 3403 469 3442 cum
513 3397 636 3444 ante
684 3388 780 3443 bos
822 3390 936 3444 dies
964 3393 1159 3460 pariter
1205 3395 1536 3460 sederemus,
1571 3405 1681 3452 tum

134 3477 254 3533 ille:
286 3480 423 3534 Inter
453 3482 577 3547 alia,
608 3482 797 3550 inquit,
828 3499 944 3554 qua:
971 3501 1054 3540 me
1080 3488 1133 3540 in
1162 3489 1353 3543 vestris
1374 3491 1687 3560 disputatio-

135 3572 275 3625 oibus
302 3571 605 3640 frequenter
633 3573 928 3639 oﬁendunt,
957 3576 1086 3629 nihil
1110 3576 1351 3633 deterius
1374 3591 1498 3649 puto
1527 3597 1684 3652 quam

134 3664 260 3730 quod
295 3665 372 3718 sic
407 3674 670 3733 praecepta
701 3665 821 3721 ﬁdei
861 3668 1081 3722 rudibus
1128 3673 1355 3747 traditis,
1398 3684 1452 3729 ut
1483 3693 1586 3731 non
1616 3679 1684 3734 de

132 3755 577 3824 intelligendarum
609 3772 782 3810 rerum
826 3758 1054 3826 ratione,
1090 3751 1254 3831 332
1292 3764 1382 3816 sed
1415 3767 1588 3834 potius
1618 3769 1684 3823 dc

133 3844 342 3911 quaddm
381 3845 799 3899 testimoniorum
847 3850 1198 3904 ostentatione
1241 3854 1673 3922 colloquentibus

132 3935 488 3997 praescribatis.
536 3933 685 3999 Quod
730 3944 782 3987 ut
832 3951 934 3987 non
979 3937 1149 3992 dicam
1197 3937 1425 4004 vstrum,
1462 3944 1676 3998 interitu

133 4035 271 4088 quam
305 4027 553 4076 ruSticutn
583 4025 682 4088 sit,
716 4025 888 4078 nullus
934 4026 1156 4094 ignorat.
1191 4029 1422 4100 Primum
1464 4036 1601 4102 quod
1634 4037 1677 4090 si

131 4110 272 4179 is—qui
302 4111 550 4166 educetur
579 4114 723 4168 libris
759 4115 868 4183 jam
909 4117 1153 4183 credidit,
1186 4121 1519 4189 obetnperat
1552 4127 1671 4191 iste,

2390 2960 2614 3017 CAPUT
2648 2964 2734 3018 lii.
2767 3001 2770 3005 -

1856 3087 1972 3143 Fel.
2006 3092 2153 3146 dixit.
2185 3093 2343 3165 Ergo,
2379 3095 2566 3165 inquit,
2596 3099 2844 3167 quoniam
2876 3103 3033 3156 otiosi
3059 3121 3267 3175 sumus,
3287 3109 3354 3164 ad

1782 3177 2046 3236 itomousii
2085 3179 2243 3261 vestri
2286 3189 2662 3254 qumstioncm,
2694 3189 2760 3244 de
2791 3206 2897 3259 quo
2938 3210 3041 3247 non
3085 3195 3222 3249 inter
3254 3214 3352 3251 nos

1787 3281 2012 3340 tantum,
2053 3276 2148 3331 sed
2171 3280 2330 3332 etiam
2371 3279 2510 3333 inter
2540 3281 2770 3348 majores
2804 3293 3014 3339 nostros
3043 3288 3355 3359 plerumque

1786 3370 2066 3444 tractatum
2096 3376 2198 3432 cst,
2227 3369 2524 3425 veniamus.
2556 3371 2715 3444 333
2745 3373 2812 3426 Et
2842 3389 2909 3429 ne
2942 3375 3148 3446 longius
3167 3393 3358 3449 CVage-

1786 3461 1871 3507 tur
1895 3442 2088 3520 oratio,
2119 3455 2380 3535 ipsejam,
2411 3466 2470 3511 ut
2490 3442 2652 3526 soles,
2686 3476 2964 3530 personam
3010 3442 3358 3536 p'toponen't'ts

1785 3561 2016 3611 assume,
2044 3555 2100 3602 et
2136 3562 2164 3600 a
2195 3550 2349 3603 nobis
2389 3551 2653 3606 rationem
2698 3565 2895 3610 nostra:
2925 3556 3045 3613 ﬁdei
3075 3563 3356 3629 quaerenti-
3428 3558 3431 3560 ’

1785 3635 1903 3700 bus,
1933 3635 2164 3708 yicissim
2194 3639 2498 3695 redditurus
2522 3641 2753 3712 inquire.

1855 3725 1986 3778 Tum
2015 3741 2134 3794 ego,
2163 3727 2251 3781 Dic
2278 3729 2425 3792 mihi,
2456 3729 2691 3800 inquam,
2727 3748 2981 3790 verumne
2999 3736 3086 3801 sit,
3120 3740 3261 3807 quod
3297 3752 3348 3798 te

1783 3809 1940 3867 audio
1970 3814 2168 3883 dicere,
2198 3817 2336 3871 Patri
2380 3817 2690 3875 bombusion
2723 3838 2827 3877 non
2853 3839 2973 3880 esse
3014 3829 3224 3897 penitus
3257 3831 3346 3885 ιη.

1782 3905 1952 3956 lium?
2693 3911 2697 3915 ’

1854 4001 1967 4059 Fel.
2017 4004 2164 4058 dixit.
2200 4003 2392 4062 Verum
2421 4017 2524 4072 est,
2555 4024 2654 4064 nec
2678 4013 2986 4080 persuaderi
3018 4015 3143 4081 mihi
3173 4030 3350 4087 potest

1781 4094 1831 4147 id
1866 4095 2155 4163 ingenitum
2184 4112 2301 4152 esse
2327 4100 2468 4175 quod
2498 4103 2759 4170 genitum,
2781 4121 2846 4160 ne
2867 4109 3112 4164 eumdem
3138 4111 3344 4169 Patrem

131 4215 222 4254 non
252 4212 507 4270 repugnat
544 4221 555 4254 :
584 4204 814 4272 alioquin:
851 4221 953 4260 non
985 4208 1149 4276 magis
1179 4210 1270 4271 tibi
1299 4184 1452 4279 quam
1485 4184 1669 4271 iisdeui
1704 4211 1751 4268 D
1784 4184 1960 4238 videar
1992 4187 2280 4254 [modicam
2308 4205 2462 4259 quem
2487 4192 2700 4249 Fm‘m"

132 4291 430 4345 testimoniis
474 4304 590 4360 qua:
637 4310 728 4359 pro
771 4293 1032 4348 afﬁrmata
1072 4298 1400 4366 ingeruntur,
1454 4319 1670 4360 necesse

129 4392 200 4440 est
225 4383 563 4436 contradicat.
614 4383 679 4437 Et
724 4385 842 4439 ideo
873 4387 1059 4441 melior
1102 4390 1228 4442 mibi
1269 4392 1333 4444 ad
1373 4392 1668 4450 do-.endum

131 4473 322 4528 videtur
364 4474 474 4529 haec
503 4476 607 4541 via,
648 4492 750 4545 qua
781 4479 1006 4546 primum
1042 4481 1156 4534 ﬁdei
1201 4483 1334 4536 ratio
1374 4485 1489 4539 sine
1528 4491 1672 4540 testi-

130 4563 306 4616 maniis
353 4566 587 4620 redditur
623 4584 636 4618 :
680 4579 796 4635 post
843 4571 1047 4625 ratione
1092 4575 1355 4639 convicto,
1402 4577 1444 4630 it
1477 4592 1502 4631 r
1544 4579 1668 4637 illud

128 4650 396 4720 Scrip1uris
440 4656 881 4722 respondentibus
924 4661 1207 4728 expolitur.
1256 4665 1320 4717 Et
1352 4680 1454 4719 non
1488 4666 1670 4721 imme-

127 4746 236 4796 rito.
264 4741 318 4798 Si
351 4745 489 4797 enim
519 4748 813 4801 testimonia
840 4750 952 4804 lucc
979 4766 1044 4806 eo
1075 4754 1384 4833 probantur,
1417 4758 1553 4824 quod
1586 4775 1670 4812 ra-

129 4834 255 4887 tione
301 4847 401 4885 non
427 4847 639 4888 careant
661 4876 673 4900 ,
706 4844 877 4904 potest
907 4855 999 4908 per
1027 4855 1085 4896 se
1126 4842 1214 4897 illa
1245 4846 1520 4914 sufﬁcere,
1553 4865 1670 4916 qua:

126 4921 273 4973 etiam
305 4921 412 4976 haec
457 4938 559 4975 non
587 4923 689 4976 nlsi
728 4939 824 4992 per
862 4940 921 4980 se
958 4928 1127 4996 ipsam
1161 4933 1365 4988 videtur
1406 4944 1664 4994 astruere.

126 5010 209 5062 Siu
254 5021 429 5063 contra
463 5029 474 5062 :
506 5013 624 5080 quis
667 5017 838 5080 potest
883 5017 1271 5076 irrationalibus
1322 5027 1663 5094 testimoniis,

127 5097 234 5151 licet
263 5097 344 5152 illa
364 5099 536 5153 divina
568 5102 845 5171 ﬁngantur,
879 5110 1205 5166 rationabilis
1227 5114 1346 5168 ﬁdei
1378 5118 1516 5172 colla
1541 5121 1666 5175 sub-

126 5188 350 5242 mittere?
373 5189 436 5243 Et
467 5191 609 5246 illam
635 5190 846 5262 quidem
877 5198 1177 5265 disputandi
1208 5207 1366 5273 viam,
1395 5207 1583 5275 fateor,
1610 5211 1662 5265 in

125 5276 228 5330 aliis
265 5278 557 5344 tolerarem.
591 5298 722 5348 quos
753 5285 1032 5354 imperitia:
1063 5295 1373 5363 necessitas,
1409 5300 1531 5365 quia
1564 5315 1662 5367 per

124 5380 170 5420 sc
197 5375 330 5420 stare
371 5383 470 5421 non
501 5383 720 5438 queunt,
751 5377 889 5444 cogit
920 5376 985 5429 ad
1029 5378 1199 5433 aliena
1227 5381 1510 5454 conlugere
1542 5406 1554 5439 :
1600 5388 1656 5444 lu

126 5465 165 5512 te
204 5469 319 5511 vero
346 5456 544 5516 idcirco
576 5462 720 5518 nullo
767 5479 980 5533 prorsus
1025 5468 1181 5525 modo
1213 5473 1305 5526 ista
1353 5479 1640 5548 perpetior,

1844 4283 1978 4354 Aug.
2011 4286 2163 4339 dixit.
2191 4287 2303 4341 Non
2327 4299 2407 4344 est
2435 4282 2502 4345 ita
2530 4310 2543 4345 :
2571 4309 2688 4347 nam
2716 4309 2784 4350 ne
2812 4296 2938 4350 mihi
2966 4299 3174 4366 quidem
3210 4303 3345 4358 istud

1776 4375 1829 4428 in
1862 4377 2040 4430 animo
2063 4386 2164 4445 est,
2183 4381 2428 4436 eumdem
2454 4383 2745 4453 ingenitum
2770 4403 2887 4445 esse
2907 4405 3062 4458 quem
3083 4394 3344 4462 genitum,

1773 4468 1866 4521 sed
1899 4467 2152 4536 id'puiius
2183 4472 2474 4541 ingenitum
2504 4490 2623 4530 esse
2654 4479 2789 4545 quod
2820 4482 3078 4548 genitum.

1847 4566 1960 4621 Fel.
2007 4571 2157 4629 dixit.
2200 4573 2264 4626 Et
2296 4575 2565 4643 quomoda
2614 4592 2718 4631 non
2757 4580 3000 4635 eumdem
3051 4583 3341 4653 ingenitum

1771 4654 1904 4709 dicis
1944 4672 2064 4713 esse
2093 4675 2250 4728 quem
2296 4666 2567 4733 genitum,
2598 4668 2642 4721 si
2676 4676 2959 4740 utrumque
2999 4688 3158 4727 unum
3187 4685 3345 4745 putas

1772 4760 1913 4810 esse,
1948 4761 2051 4800 non
2079 4749 2342 4829 alterum?

1844 4844 1975 4913 Aug.
2001 4847 2154 4901 dixit.
2181 4851 2560 4908 Anitnadverto
2583 4855 2687 4909 vim
2719 4865 2770 4912 te
2803 4861 3011 4926 penitus
3036 4877 3138 4917 non
3167 4872 3342 4921 atteno

1770 4933 1913 4987 disse
1957 4939 2283 4993 verborum:
2319 4958 2438 4996 nam
2485 4944 2608 5003 dum
2662 4955 2943 5017 utrumque
2991 4967 3149 5005 unum
3196 4954 3339 5024 dico,

1771 5027 2116 5082 substantiam
2159 5032 2268 5086 veri
2302 5033 2469 5088 Patris
2510 5051 2570 5090 ac
2592 5040 2708 5091 veri.
2734 5039 2850 5094 Filii
2873 5056 2938 5096 ex
2980 5052 3086 5097 toto
3116 5059 3220 5098 non
3250 5061 3336 5101 se-

1772 5134 1918 5187 paro.
1973 5121 2035 5174 Et
2081 5125 2204 5177 dum
2247 5141 2352 5179 non
2402 5130 2647 5183 eumdem
2699 5132 2905 5185 Patrem
2934 5148 3088 5202 quem
3142 5135 3334 5192 Filium

1770 5210 2024 5276 pra-dico,
2058 5215 2334 5282 utriusque
2365 5231 2642 5284 personam
2685 5229 2890 5274 servata
2920 5222 3337 5294 uniuscujusque

1771 5301 2090 5368 proprietate
2122 5304 2385 5360 discerno.
2420 5309 2599 5376 itaque
2621 5311 2685 5364 'si
2735 5310 3080 5365 substantiam
3111 5317 3328 5384 qttwris,

1769 5390 1877 5457 ipa
1910 5391 2139 5449 Trinitas
2167 5411 2301 5450 unus
2331 5407 2410 5453 est
2442 5399 2578 5456 Deus
2615 5418 2628 5453 :
2671 5403 2712 5456 si
2741 5416 3018 5470 personam
3043 5445 3058 5472 ,
3090 5407 3225 5463 alter
3253 5420 3334 5469 est

1770 5481 1952 5539 Filius.
