3856 6222
784 433 850 511 Et
877 447 1137 534 quomodo
1161 455 1216 503 et
1257 445 1394 503 idem
1430 442 1750 543 essecdicis,
1795 451 1848 538 et
1877 437 2099 530 alterum
2128 474 2180 533 Α

540 528 780 603 ‘Eiiuttri
852 542 854 544 ’

957 633 1190 707 inquam,
1220 619 1590 703 communione
1620 591 1944 700 substantim,
1975 623 2101 681 aitc-
2156 682 2159 686 ,

549 737 667 783 rum
696 724 1015 796 proprietate
1043 735 1322 800 personam.
1672 727 1676 731 '
1938 748 1957 756 -

621 809 736 899 Fel.
784 812 972 869 Nescio
1001 825 1109 881 quo
1136 819 1286 881 pacto
1324 809 1426 898 uad
1451 802 1696 901 creetur
1708 805 2112 901 etse‘aahailtt-
2133 805 2148 891 ς

549 907 641 972 tia,
665 897 784 958 cum
807 918 912 958 non
942 901 1274 957 un.i.dicatur
1301 889 1419 955 esse
1444 889 1692 971 persona.

620 997 748 1066 Aug.
772 993 885 1048 Non
915 1003 1015 1058 est,
1047 993 1282 1060 inquam,
1309 1006 1407 1043 υηι
1437 999 1680 1055 persona,
1712 977 1834 1055 quia
1861 990 1966 1038 una
2005 997 2112 1053 ge-

553 1086 750 1147 nuisse,
780 1094 834 1140 et
857 1075 1023 1138 altare
1051 1082 1247 1155 dicitur
1271 1080 1447 1150 genita
1476 1094 1490 1131 :
1521 1087 1576 1132 et
1602 1087 1686 1132 est
1715 1073 1891 1130 tamen
1923 1075 2033 1129 nati
2057 1083 2112 1130 et

523 1176 811 1246 lgignentis
836 1188 940 1229 non
965 1173 1171 1228 diversa
1196 1170 1508 1237 substantia,
1547 1159 1670 1236 quia
1695 1182 1803 1220 non
1828 1157 2114 1223 dissimilis

551 1266 824 1336 generanti
843 1263 1066 1320 docetur
1093 1270 1298 1326 erortn.

623 1354 736 1412 Fel.
754 1353 945 1420 Velim,
970 1365 1173 1422 quasso,
1193 1349 1435 1420 exemplo
1452 1347 1578 1402 mihi
1607 1347 1845 1404 faciliore
1869 1345 2009 1402 dicta
2031 1339 2114 1402 di-

541 1447 774 1502 ittcides.
904 1470 907 1473 ·
1111 1493 1115 1500 ,
1731 1508 1734 1511 λ

625 1541 756 1608 Aug.
778 1535 832 1589 In
870 1533 1027 1588 rebus
1049 1531 1261 1604 quidem
1285 1527 1918 1599 incomprehensibiiibus
1935 1541 2117 1593 exem-

492 1684 494 1686 ,
555 1630 640 1700 pla
687 1643 793 1684 non
833 1633 1121 1696 suppetunt
1154 1622 1489 1691 disputanti;
1533 1629 1716 1674 tamen
1759 1619 1816 1675 lu
1863 1625 2119 1687 quantum.

559 1721 670 1775 ﬁeri
692 1727 885 1789 potest,
915 1719 1072 1773 etiam
1102 1715 1153 1768 in
1178 1714 1280 1768 hac
1308 1721 1456 1782 parte
1494 1727 1601 1766 non
1633 1710 1817 1765 deero.
1852 1701 1991 1774 Eone
2015 1709 2117 1779 igi-

501 1877 507 1883 ,
555 1820 644 1866 tur
663 1811 822 1866 ltcme
848 1817 996 1878 pater
1022 1807 1184 1861 habet
1207 1805 1472 1860 hominem
1497 1805 1682 1858 ﬁlium.
1716 1802 1812 1856 Est
1827 1815 2115 1866 commune

552 1904 831 1973 utriusque
866 1899 1008 1970 quod
1035 1898 1195 1952 homo
1224 1905 1310 1951 est
1329 1935 1346 1962 ,
1377 1896 1468 1974 uni
1495 1904 1671 1956 tamen
1697 1891 1842 1963 quod
1866 1892 2011 1948 ﬁlius
2036 1893 2114 1947 ai-

555 1996 658 2053 teri
689 1992 960 2062 proprium
1009 1987 1218 2043 videtur
1242 2000 1364 2042 esse
1406 1985 1544 2058 quod
1571 1992 1725 2053 pater
1760 1992 1875 2060 est.
1901 1983 2031 2038 Nam
2059 1983 2114 2038 in

555 2092 780 2154 utroque
801 2075 884 2137 sic'
908 2091 1132 2150 persona
1158 2076 1495 2141 dite-mitur,
1514 2085 1576 2129 ut
1595 2073 1896 2131 eumunis
1918 2073 2114 2129 buma-

555 2168 697 2228 nitss
719 2186 825 2226 nou
863 2177 1114 2239 negetur;
1141 2166 1266 2222 dum
1299 2179 1437 2220 unus
1460 2164 1645 2236 gignit,
1673 2165 1810 2219 alius
1830 2164 2062 2234 gignitur
2095 2182 2110 2218 :

555 2274 708 2333 aque
746 2267 940 2314 autem.
963 2257 1123 2312 homo
1154 2265 1208 2312 et
1240 2256 1337 2326 qui
1360 2255 1544 2326 genuit
1574 2255 1789 2321 dicitur,
1821 2266 1873 2310 et
1900 2254 1989 2332 ille
2026 2253 2120 2326 qui

553 2350 810 2423 sis-“In

1161 2437 1385 2494 CAPUT
1424 2437 1512 2492 IV.

632 2571 751 2627 Fel.
783 2570 919 2627 illud
963 2577 1110 2626 certe
1143 2569 1294 2626 dicas
1329 2571 1513 2636 velim,
1562 2564 1768 2638 genitus
1795 2570 1861 2626 ab
1889 2569 2121 2640 ingenito

565 2673 745 2720 utrum
771 2653 1100 2735 “finitio
1127 2671 1422 2736 separetur,
1450 2677 1517 2715 an
1547 2660 1694 2717 non?

595 2749 598 2752 ’
637 2757 776 2825 Aug.
806 2753 882 2808 Ne
915 2750 967 2806 id
996 2749 1206 2820 quidem
1234 2750 1486 2821 spiritalis
1513 2736 1874 2822 intelligentiae
1903 2752 2124 2806 veritate

557 2843 835 2912 recipitur,
862 2850 920 2896 ut
948 2841 1103 2896 Pater
1129 2855 1159 2894 a
1185 2839 1320 2895 Filio
1346 2841 1669 2910 interventu,
1707 2855 1812 2897 non
1840 2842 1963 2896 dico
1990 2851 2124 2896 tem-

565 2931 734 3005 poris,
754 2930 895 3004 quod
921 2930 1108 2987 diebus
1129 2941 1336 2986 constat
1357 2944 1418 2986 ac
1438 2931 1700 2997 noctibus,
1722 2932 1817 2987 sed
1841 2931 2124 3002 cujuslibet

559 3023 663 3080 avi
693 3023 777 3078 vel
797 3022 966 3078 atatis
994 3021 1166 3091 spatio
1195 3029 1496 3089 separetur.

1684 296 1698 384 ἶ
1760 381 1766 383 .
1814 290 2068 383 non.“
2106 305 2485 380 nussum"

2185 1524 2192 1530 ‘
2244 1523 2248 1526 ·
2287 1528 2405 1584 ρει.
2432 1528 2506 1584 ita
2533 1543 2767 1599 prorsus.

3645 319 3750 376 336

2206 433 2447 508 tempore
2483 430 2646 507 capit
2671 443 2792 492 esse
2833 428 3022 492 Filius.
3064 427 3202 492 Nam
3243 434 3289 512 si
3313 427 3618 507 ’paternitat'
3641 453 3745 490 non

2205 521 2368 602 eripit
2397 529 2587 596 Patris,
2631 519 2837 582 initium
2867 528 3090 583 inveniri
3129 543 3238 584 non
3265 535 3446 599 potest
3485 528 3648 598 prolis.
3680 530 3744 584 Si

2206 623 2409 677 initium
2440 618 2593 676 datur
2614 618 2797 690 prolis,
2827 634 2931 672 non
2954 629 3150 674 aeterna
3176 621 3469 688 paternitas
3488 615 3744 674 docebitur

2207 713 2398 768 Patris.
2423 712 2486 767 Et
2511 694 2778 781 quomodo
2803 712 2983 775 stabit,
3017 712 3141 780 quia
3162 721 3332 766 totum
3355 711 3410 766 in
3431 709 3586 766 Patre
3603 711 3748 767 dote-

2211 805 2282 864 tis
2308 802 2629 883 ingenim,
2658 804 2752 880 qui
2789 803 2960 874 ipsius
2984 803 3318 872 paternitatis
3346 819 3536 858 nomen
3567 803 3746 857 habere

2210 883 2672 973 pttfatis.'t‘nitium,
2703 901 2824 948 cum
2861 893 3089 961 cooplsse
3113 908 3176 945 es
3211 902 3453 961 tempore
3477 891 3634 946 dicitis
3661 891 3746 945 F.-

2211 969 2362 1050 iium,
2395 969 2554 1051 quem
2586 983 2823 1038 nondum
2846 991 3091 1038 esstante
3124 983 3283 1049 Patre
3319 982 3426 1037 dici
3451 996 3550 1037 non
3589 991 3748 1051 potest

2212 1062 2540 1133 vocitatum?
2734 1057 2747 1071 ’

2182 1201 2192 1214 ι
2232 1150 2258 1240 ς
2286 1151 2568 1225 παι-Ποῦ
2609 1181 2734 1223 sum
2772 1166 3116 1237 tamttuitus
3150 1171 3212 1220 ut
3247 1171 3459 1235 tmpus
3498 1163 3748 1235 paeleum

2217 1258 2370 1325 lilio,
2399 1258 2494 1315 sed
2511 1257 2730 1313 initium
2759 1258 2873 1312 dari
2903 1258 3061 1328 335
3090 1264 3297 1311 certum
3325 1264 3411 1310 est
3439 1256 3628 1324 genito.

2283 1347 2415 1420 Aug.
2446 1345 2581 1415 Quid
2607 1346 2774 1417 ergo?
2799 1346 2940 1401 Inter
2969 1347 3180 1428 Patrem
3203 1355 3257 1401 et
3275 1345 3475 1400 Filium
3502 1344 3622 1399 dicis
3647 1359 3748 1400 tne-

2214 1438 2359 1496 dium
2383 1437 2514 1491 nihil
2541 1435 2738 1492 luisse?

2831 1639 3055 1702 CAPUT
3094 1639 3159 1696 γ.

2219 1780 2221 1782 -
2287 1752 2428 1825 Aug.
2453 1751 2732 1819 Quomodo
2769 1751 2927 1821 igitur
2953 1765 3115 1819 negas
3156 1749 3344 1828 Filium
3375 1749 3518 1805 Patri
3544 1759 3746 1806 coaeter-

2140 1831 2187 1890 B
2215 1858 2362 1910 num,
2395 1843 2487 1910 qui
2527 1843 2664 1897 inter
2710 1842 2918 1896 Patrem
2957 1850 3011 1896 et
3038 1842 3229 1896 Filium
3271 1843 3452 1896 lateris
3488 1856 3601 1899 esse
3635 1840 3750 1894 nihil

2216 1933 2473 1997 medium,
2519 1946 2589 1986 ne
2631 1931 2858 2000 idipsum
2906 1946 3012 1986 non
3058 1933 3289 1987 medium
3333 1941 3533 1987 tantum
3567 1940 3750 1986 conatu

2216 2038 2338 2078 esse
2364 2037 2523 2092 quam
2546 2022 2802 2077 tertium?

2287 2111 2406 2167 Fel.
2431 2113 2692 2180 Quoniam
2739 2128 2826 2168 me
2874 2112 3180 2182 disputandi
3222 2124 3339 2170 arte
3378 2113 3662 2181 concludis,
3704 2115 3750 2169 id

2217 2207 2355 2276 quod
2382 2221 2413 2260 a
2443 2205 2738 2276 majoribus
2763 2206 2962 2260 nostris
2988 2207 3184 2261 dictum
3212 2216 3315 2273 est,
3353 2206 3581 2262 breviter
3601 2208 3753 2276 expli-

2218 2297 2374 2350 cabo.
2408 2296 2572 2350 Aiunt
2607 2295 2774 2360 enim,
2819 2295 3030 2364 quoties
3069 2296 3136 2349 de
3179 2295 3333 2349 initio
3371 2295 3489 2349 Filii
3527 2306 3575 2350 et
3604 2296 3749 2349 Patris

2220 2388 2516 2442 aeternitate
2546 2396 2802 2440 tractatur
2826 2407 2840 2442 :
2865 2387 2991 2441 Erat
3009 2385 3220 2457 quando
3242 2400 3350 2439 non
3387 2395 3523 2453 erat,
3547 2399 3598 2441 et
3617 2395 3748 2440 ante-

2221 2492 2380 2548 quam
2410 2486 2721 2532 nasceretur
2742 2492 2847 2531 non
2867 2489 3004 2531 erat.

2290 2567 2426 2637 Aug.
2448 2567 2708 2633 Quantum
2734 2565 2973 2622 adverto.
3002 2574 3249 2620 manente
3279 2566 3432 2621 main
3458 2565 3754 2621 credulitatis

2221 2671 2424 2724 errore,
2453 2657 2568 2710 sola
2589 2656 2749 2710 verba
2773 2666 2976 2710 mutata
2998 2665 3147 2726 sunt.
3166 2657 3358 2711 Dixisti
3385 2673 3620 2728 namque,
3646 2659 3752 2712 Erat

2222 2747 2432 2816 quando
2453 2761 2559 2800 non
2579 2754 2714 2801 erat.
2745 2745 2873 2799 Erat
2900 2746 3036 2801 istud
3073 2747 3140 2801 ad
3179 2762 3350 2802 avum
3382 2749 3637 2817 pertinere
3659 2751 3752 2798 vni-

2226 2843 2310 2906 tis,
2337 2855 2405 2895 an
2433 2840 2501 2894 ad
2528 2839 2752 2895 Filium?
2774 2840 2832 2896 Si
2861 2839 2926 2894 ad
2955 2855 3149 2908 mrum,
3177 2840 3228 2895 id
3259 2851 3342 2896 est
3367 2842 3509 2895 velut
3527 2841 3588 2895 ad
3606 2840 3752 2910 quod-

2224 2933 2346 2988 dam
2370 2941 2495 2987 ante
2523 2933 2642 2987 Filii
2673 2933 3004 2987 nativitatem
3035 2934 3347 2988 atternitatis
3375 2935 3618 3002 spatium,
3648 2947 3757 2987 eccs

2223 3025 2290 3076 ad
2336 3023 2670 3090 superiorem
2719 3022 3099 3091 blasphemiam
3147 3025 3466 3079 necessitate
3508 3025 3752 3088 dilabcris,

632 3113 750 3170 Fel.
795 3113 906 3169 Hoc
932 3115 977 3168 si
1016 3115 1088 3169 ita
1118 3122 1222 3177 est,
1247 3111 1354 3167 duo
1379 3102 1561 3167 lateris
1604 3112 1856 3182 ingenita.
1889 3111 1956 3166 Et
1993 3125 2122 3181 quo-
2179 3183 2183 3184 ,
2225 3113 2511 3169 cnm‘inter
2533 3113 2741 3168 Patrem
2757 3125 2811 3167 at
2825 3113 3036 3180 Filium,
3063 3115 3549 3184 tertium_quiddam
3572 3125 3755 3184 tempus

561 3209 724 3273 modo
741 3211 908 3263 altera
937 3206 1135 3273 Patris,
1156 3206 1317 3261 altera
1343 3203 1459 3259 Filii
1490 3181 1705 3272 putatur
1729 3217 1851 3273 esse
1870 3218 2119 3273 persona,
2147 3183 2194 3246 ο
2227 3203 2502 3267 immittis;
2533 3202 2774 3272 dicisque
2800 3206 2924 3274 quia
2949 3214 3065 3258 erat
3102 3216 3228 3259 ante
3253 3181 3446 3260 Filium
3475 3207 3606 3261 Deus
3623 3181 3755 3259 Pater

561 3314 686 3354 cum
730 3313 823 3366 per
851 3295 1284 3366 signiﬁcationem
1314 3295 1614 3350 communis
1653 3293 1873 3367 ἰηιεηίιὶ
1901 3293 2126 3366 utraque

567 3386 805 3456 videatur
832 3399 954 3441 esse
980 3385 1238 3442 confusa?

635 3452 771 3549 Aug.
801 3477 857 3532 ln
898 3476 1002 3534 hoc
1027 3474 1240 3549 quidem
1269 3489 1300 3529 a
1340 3449 1631 3543 majoribus
1653 3475 1846 3531 vestris
1883 3490 1988 3531 non
2017 3460 2132 3530 me:

562 3568 764 3625 diocris
809 3567 1087 3623 calumni'ai
1133 3563 1398 3634 sophisma
1448 3567 1772 3632 contexitur,
1824 3575 2002 3622 tamen
2034 3581 2128 3636 per

563 3659 823 3714 auxilium
847 3657 1014 3726 ipsius
1040 3655 1313 3710 Trinitatis
1340 3653 1602 3710 catholica
1633 3669 1858 3712 necesse
1895 3666 1978 3710 est
2007 3655 2130 3732 sim-

567 3750 806 3820 plicitate
830 3747 1088 3803 solvatur.
1114 3745 1322 3800 Patrem
1347 3759 1574 3816 namque
1599 3745 1915 3816 ingenitum,
1937 3746 2127 3802 Filium

565 3841 802 3911 genitum
828 3839 966 3903 dico,
997 3851 1096 3891 nec
1121 3835 1243 3890 ideo
1269 3845 1448 3890 tamen
1469 3836 1706 3907 genitum
1731 3835 1966 3905 ingenito
1990 3851 2130 3891 coe-

567 3945 775 3988 ternum
798 3944 919 3986 esse
949 3943 1056 3984 non
1079 3927 1336 3996 praedico;
1362 3941 1428 3984 eo
1456 3923 1662 3982 tantum
1689 3926 1886 3983 docens
1919 3928 2127 3998 ingeni-

455 4043 462 4051 ·
565 4033 679 4078 tum
709 4021 940 4086 Patrem,
981 4018 1104 4088 quia
1133 4033 1238 4074 non
1267 4019 1530 4088 processit
1553 4033 1617 4074 er
1645 4017 1847 4081 altero;
1876 4032 1944 4073 eo
1980 4019 2130 4088 geni-

563 4121 676 4167 tum
705 4111 919 4178 Filium,
947 4110 1070 4180 quia
1096 4124 1200 4163 non
1225 4109 1430 4164 exstitit
1452 4124 1483 4163 a
1504 4109 1700 4178 seipso.
1731 4108 1846 4162 Non
1873 4109 2016 4164 enim
2046 4117 2151 4166 est.

562 4217 852 4259 commune
879 4201 1089 4270 utrique
1129 4201 1272 4254 nasci
1295 4239 1310 4265 ,
1338 4214 1441 4254 non
1481 4206 1564 4254 est
1602 4213 1884 4254 commune
1916 4215 2023 4254 non
2051 4201 2130 4269 gi-

565 4295 659 4364 gni
688 4301 1083 4348 :etcommnne
1108 4299 1284 4344 tamen
1312 4297 1396 4344 est
1420 4290 1642 4344 alterum
1673 4290 1740 4344 ab
1768 4290 1940 4345 altero
1966 4289 2130 4345 inter-

569 4394 731 4441 ventu
753 4382 911 4440 medii
938 4379 1190 4449 temporis
1212 4389 1317 4434 non
1346 4376 1550 4434 divelli.
1583 4379 1762 4449 itaque
1783 4380 1827 4432 si
1856 4380 2128 4448 proprium

569 4472 743 4528 Patris
765 4468 1072 4542 quaerimus,
1101 4466 1301 4542 sufficit
1339 4467 1461 4538 quia
1498 4467 1647 4522 solus
1676 4482 1783 4522 non
1827 4468 1985 4524 habet
2033 4469 2130 4522 Pa-

2226 3303 2284 3349 et
2308 3302 2538 3362 tempus.
2557 3292 2682 3364 Post
2706 3294 2820 3349 hac
2844 3279 2953 3348 duo
2984 3295 3171 3349 Filius.
3203 3295 3330 3349 Post
3371 3297 3473 3350 tria
3498 3297 3591 3351 tm
3614 3309 3756 3365 quar-

2227 3393 2312 3440 tus
2331 3382 2739 3455 Spiritus.Quod
2755 3383 2800 3440 si
2818 3384 3163 3455 admittimus,
3179 3393 3236 3439 ut
3250 3386 3365 3440 sine
3385 3396 3616 3456 tempore
3635 3384 3754 3457 gigni

2231 3491 2338 3530 non
2358 3477 2586 3540 potuerit
2618 3476 2780 3530 Filius
2810 3493 2824 3530 :
2858 3476 2973 3531 tide
2989 3491 3145 3545 quam
3174 3477 3278 3532 late
3292 3488 3509 3545 pateant
3538 3480 3632 3532 ista
3657 3492 3756 3544 qua:

2227 3566 2474 3623 dicimus.
2487 3569 2618 3620 Nam
2631 3568 2674 3620 si
2693 3581 2797 3619 non
2811 3567 2926 3620 sine
2943 3578 3183 3635 tempore
3209 3577 3290 3621 est
3308 3566 3494 3634 Filius,
3512 3579 3652 3624 certe
3677 3581 3756 3620 nec

2230 3656 2333 3710 nisi
2359 3657 2412 3710 in
2444 3656 2566 3709 loco
2587 3655 2840 3710 dicendus
2877 3664 2959 3710 est
2984 3658 3213 3724 genitus.
3246 3657 3357 3711 Hoc
3379 3659 3629 3722 admisso,
3657 3666 3758 3710 ante

2232 3739 2418 3801 Filium
2439 3757 2492 3803 οι
2520 3747 2797 3816 Spiritum,
2821 3758 3056 3801 comvum
3079 3749 3469 3817 quodammodo
3489 3746 3624 3802 Patri
3646 3758 3756 3802 istu-

2231 3855 2328 3908 pus
2353 3837 2573 3894 docetur
2591 3835 2646 3893 et
2675 3840 2840 3893 locus.
2874 3838 3024 3905 Quod
3053 3841 3097 3892 si
3127 3841 3195 3892 ita
3221 3849 3326 3906 Bal,
3359 3849 3417 3893 ut
3439 3842 3556 3894 sine
3588 3846 3692 3894 loco
3715 3849 3757 3892 et

2231 3940 2470 3999 tempore
2509 3932 2650 3984 nasci
2679 3945 2782 3983 non
2813 3931 3045 3999 potuerit
3073 3932 3109 3984 F
3117 3931 3260 3996 ilius,
3304 3934 3354 3986 in
3395 3948 3505 4001 quo.
3529 3933 3659 3994 luco,
3685 3941 3758 3984 aut

2231 4023 2282 4077 in
2309 4032 2680 4092 quo-tempore
2707 4020 2902 4075 factum
2923 4022 3096 4077 locum
3136 4023 3271 4077 dicis
3300 4034 3356 4077 et
3383 4023 3621 4093 tempus?
3642 4023 3690 4076 Si
3715 4026 3757 4074 in

2231 4111 2396 4180 nullo,
2436 4125 2562 4165 ecce
2585 4111 2700 4164 sine
2730 4119 2968 4180 tempore
2997 4121 3049 4166 et
3080 4112 3196 4166 loco
3234 4111 3344 4168 ﬁeri
3377 4116 3549 4183 potuit
3574 4123 3758 4180 tempus

2228 4214 2285 4260 et
2310 4207 2476 4261 locus.
2505 4204 2560 4260 Si
2587 4205 2640 4260 in
2665 4204 2863 4273 aliquo,
2897 4205 2948 4259 id
2975 4207 3142 4272 ipsum
3173 4217 3384 4278 tempus
3408 4208 3609 4265 videtur
3624 4221 3670 4263 et
3694 4208 3757 4260 lo-

2229 4309 2343 4362 cus,
2378 4295 2429 4347 in
2456 4295 2605 4362 citius
2644 4294 2851 4364 origine
2876 4296 3119 4350 similiter
3145 4308 3199 4352 et
3238 4299 3387 4360 locus
3430 4302 3694 4370 requiritur
3715 4307 3758 4351 rt

2230 4393 2460 4452 tempus.
2482 4383 2632 4449 Quod
2657 4385 2702 4439 si
2727 4400 2891 4453 usque
2911 4386 3045 4439 adeo
3069 4388 3184 4440 sine
3208 4401 3447 4456 tempore
3460 4399 3514 4444 et
3533 4393 3640 4444 loco
3662 4390 3756 4446 lieri

2231 4471 2427 4540 aliquid
2452 4473 2642 4542 potuit,
2670 4483 2723 4526 ut
2749 4489 2848 4527 nec
2887 4477 2938 4527 in
2965 4473 3082 4527 loco
3111 4475 3305 4539 locum,
3339 4492 3439 4532 nec
3469 4479 3520 4532 in
3550 4487 3758 4546 tempero

569 4573 742 4626 trem;
770 4560 817 4616 si
839 4558 976 4624 Filii,
997 4557 1126 4613 satis
1141 4557 1374 4628 estquod
1396 4572 1502 4612 uon
1526 4558 1683 4614 habet
1703 4558 1940 4627 prolem;
1971 4566 2127 4614 unam
2163 4545 2211 4605 Ι)
2234 4561 2431 4617 factum
2471 4562 2667 4616 doceas
2705 4573 2910 4638 tempus
2942 4580 2957 4616 :
2989 4565 3169 4617 nescio
3206 4580 3307 4635 qua
3339 4568 3631 4623 temeritate
3655 4545 3758 4622 con-

567 4661 748 4706 autem
769 4652 1152 4705 «maternam
1177 4647 1345 4702 Patris
1374 4655 1424 4703 et
1454 4646 1576 4701 Filii
1605 4647 1831 4702 dicimus
1851 4645 2124 4705 deitatem.

643 4747 763 4801 Fel.
794 4744 1151 4812 Quantum'ad
1185 4756 1272 4801 me
1303 4745 1516 4810 attinet,
1545 4732 1653 4800 non
1682 4745 1843 4800 video
1871 4746 1997 4816 quid
2029 4747 2130 4802 ista

565 4854 712 4898 nunc
733 4837 971 4907 colligas.
1001 4834 1137 4890 ιιιω-
1154 4838 1393 4904 quamvis
1417 4835 1754 4891 Aristotetica
1777 4850 1982 4890 mecum
2003 4837 2130 4891 sub-

565 4931 761 4989 tilitate
801 4923 1131 4992 contendas,
1181 4923 1299 4979 ﬁeri
1340 4933 1515 4980 tamen
1546 4939 1652 4979 non
1696 4932 1873 4993 potest
1909 4931 1967 4979 ut
2002 4940 2124 4982 eum

564 5021 658 5091 qui
677 5018 892 5089 genitus
919 5023 1023 5085 est,
1049 5013 1119 5070 ab
1143 5025 1211 5069 eo
1244 5013 1334 5084 qui
1357 5015 1568 5083 genuit,
1593 5015 1738 5069 nulla
1765 5014 1864 5070 avi
1903 5015 2125 5072 interce-

564 5098 744 5168 dentis
772 5107 1086 5178 antiquitate
1108 5098 1414 5160 discernis.

638 5211 917 5285 Aug..Scio
931 5207 1200 5278 equidem,
1223 5215 1280 5261 ut
1304 5205 1395 5261 ille
1415 5205 1508 5273 ait,
1530 5220 1688 5276 quam
1709 5207 1762 5261 in
1784 5205 1985 5262 difﬁcili
2005 5206 2124 5264 loco

566 5312 812 5361 versetur
829 5303 999 5358 oratio
1027 5318 1044 5354 :
1076 5308 1252 5373 tamen
1272 5295 1557 5352 verendam
1578 5296 1734 5352 nobis
1756 5297 1888 5351 nihil
1908 5307 2010 5368 est,
2023 5298 2126 5369 ‘qui

570 5408 668 5461 per
714 5391 1030 5462 adiutorium
1052 5388 1226 5444 sancti
1254 5383 1484 5460 Spiritus
1507 5385 1867 5441 testimonium
1898 5385 2124 5442 dicimus

572 5482 702 5535 Deo.
731 5480 866 5547 Quid
891 5482 1022 5549 ergo
1039 5477 1315 5534 dicemus!
1343 5474 1505 5531 Estne
1518 5474 1713 5544 aliquid
1740 5475 1793 5529 iu
1811 5473 1968 5531 Patre
1987 5476 2124 5546 quod

575 5578 794 5637 negetur
819 5569 1129 5640 ingenitum,
1154 5583 1222 5622 an
1247 5566 1388 5621 non?
1415 5564 1471 5620 Si
1499 5573 1603 5633 est,
1648 5579 1754 5620 non
1785 5565 1837 5620 in
1867 5573 1998 5629 toto,
2030 5564 2126 5621 sed

561 5656 632 5709 vin
662 5661 1018 5727 parte‘potius
1063 5659 1266 5716 dicatur
1295 5655 1586 5727 ingenitus;
1633 5655 1868 5726 alioquin
1911 5670 2017 5712 non
2059 5669 2124 5712 ex

2234 4655 2438 4721 tentias,
2473 4657 2613 4724 quod
2641 4656 2754 4710 sine
2784 4657 2866 4709 bis
2905 4659 3049 4710 nasci
3080 4672 3183 4710 non
3228 4660 3462 4726 potuerit
3488 4660 3662 4728 ll‘iiius,
3688 4660 3757 4728 qui

2231 4756 2486 4817 quantum
2510 4746 2575 4799 ad
2602 4760 2782 4800 sanam
2823 4746 2980 4800 fidem
3011 4751 3256 4816 pertinet,
3285 4759 3342 4802 et
3383 4749 3555 4806 locum
3598 4751 3759 4806 iecisse

2230 4836 2453 4892 docetur
2477 4845 2530 4892 et
2567 4846 2792 4905 tempus.
2825 4837 2932 4892 Sed
2960 4840 3028 4893 de
3069 4840 3168 4894 hoc
3205 4841 3358 4894 satis.
3401 4842 3551 4898 Nunc
3589 4843 3713 4912 quod
3736 4857 3757 4894 a

2232 4930 2520 5000 majoribus
2539 4931 2726 4987 vestris
2753 4933 2950 4985 dictum
2979 4933 3256 5000 pnrdicas.
3277 4944 3604 4996 rerutamns.
3636 4935 3756 4992 Erat.

2231 5022 2437 5093 inquis,
2466 5024 2680 5092 quando
2708 5039 2812 5078 non
2837 5031 2973 5078 erat.
3001 5024 3054 5079 Si
3084 5035 3192 5079 erat
3219 5025 3358 5078 istud
3380 5024 3448 5077 ad
3477 5035 3673 5088 ieiunus
3693 5040 3721 5077 τι
3739 5052 3757 5063 -

2231 5114 2392 5178 lel’as,
2416 5129 2542 5169 ecce
2569 5124 2691 5167 ante
2722 5107 2911 5166 Filium
2959 5121 3166 5181 tempus
3190 5130 3209 5178 ;
3233 5113 3276 5165 si
3307 5115 3373 5167 ad
3411 5112 3617 5179 Filium,
3649 5128 3756 5168 unn-

2229 5218 2386 5275 quam
2416 5219 2522 5258 non
2550 5213 2664 5258 erat
2693 5202 2855 5257 Filios
2883 5221 2896 5257 :
2927 5211 3042 5257 erat
3077 5204 3220 5257 enim
3244 5203 3353 5270 jam
3387 5201 3551 5256 Filius
3577 5202 3756 5271 quando

2232 5307 2340 5347 non
2369 5301 2484 5346 erat
2512 5302 2740 5363 tempus,
2769 5304 2800 5347 ι
2824 5307 2932 5362 quo
2947 5293 3107 5362 336
3129 5291 3320 5346 factum
3346 5291 3537 5345 dicitur
3556 5301 3751 5358 tentpus.

2232 5383 2340 5440 Sed
2383 5392 2662 5453 antequam
2707 5391 3032 5451 nasceretur,
3077 5383 3274 5451 inquis,
3322 5398 3428 5436 non
3474 5383 3583 5436 ibit.
3626 5380 3750 5447 Quit.

2230 5487 2438 5544 quaso,
2482 5488 2588 5528 non
2634 5472 2733 5527 iuit
2772 5483 3054 5542 antequam
3102 5475 3446 5528 nasceretur?
3485 5471 3542 5526 Si
3585 5471 3752 5544 Filius;

2229 5542 2353 5621 ecce
2400 5564 2516 5634 ipso
2556 5564 2827 5620 intellectu
2855 5572 2977 5617 ante
3019 5561 3208 5616 Filium
3250 5563 3410 5620 fuisse
3433 5564 3613 5617 d‘citur
3645 5542 3753 5610 ten]-

2233 5669 2355 5725 pus.
2398 5654 2456 5711 Si
2475 5663 2654 5710 autem
2679 5664 2958 5725 antequam
2992 5662 3298 5709 nasceretur
3329 5653 3514 5720 Filius,
3544 5665 3636 5704 nou
3659 5653 3756 5708 erat
