3802 6246
96 326 169 382 557

95 532 196 584 inter
217 535 368 594 Quem
397 535 455 579 et
478 525 684 578 Patrem
711 524 911 577 nullum
942 524 1102 578 fuisse
1128 524 1324 579 dicitur
1348 533 1556 588 tempus
1585 543 1597 578 :

94 618 283 672 maxime
305 629 422 670 cum
453 614 593 667 inter
619 621 810 668 etatem
837 614 1176 683 evangelistis
1201 613 1597 677 attestantibns,

91 710 214 764 etiam
246 715 452 773 tempus
479 703 670 758 fecisse
687 702 889 757 dicatur
909 704 1093 758 Filius.
1120 702 1228 759 Sed
1251 703 1384 757 forte
1407 702 1476 758 de
1502 701 1603 755 Pa-

94 809 153 850 tre
173 795 358 849 dictum
387 793 579 861 aliquis
603 801 750 861 putet
780 811 794 845 :
824 793 966 860 Erat,
994 794 1211 862 quando
1234 808 1340 846 non
1364 805 1476 847 erat
1510 792 1600 846 Fi—

92 889 186 940 lius.
209 885 299 939 Cui
324 883 598 937 sententia:
634 886 905 954 sequentia
945 901 1046 938 non
1075 886 1381 946 concinunt.
1411 884 1601 954 quibus

93 979 243 1031 dicitur
273 993 286 1027 :
320 975 389 1028 Et
414 983 692 1042 antequam
730 983 1035 1029 nasceretur
1071 991 1176 1029 non
1207 977 1320 1029 fuit.
1347 973 1478 1027 Nam
1507 989 1602 1043 per

89 1083 132 1120 te
157 1067 297 1118 Pater
321 1078 532 1131 semper
559 1065 811 1132 existens,
836 1060 994 1119 etiam
1012 1080 1042 1119 a
1070 1066 1220 1120 vobis
1244 1066 1347 1120 diei
1374 1080 1476 1119 non
1503 1079 1602 1134 po-

91 1163 169 1208 test
189 1164 369 1216 natus;
399 1153 485 1221 qui
523 1167 628 1206 non
657 1153 725 1207 ab
762 1153 913 1208 initio
939 1154 1158 1209 docetur
1192 1163 1436 1220 exortus,
1467 1153 1600 1207 etin

90 1247 260 1298 latrem
302 1243 494 1298 cadere
536 1258 641 1298 non
679 1253 894 1314 potest:
928 1245 1074 1314 Erat,
1116 1244 1327 1315 quando
1353 1259 1459 1297 non
1488 1250 1604 1298 erat

87 1337 278 1403 genitus.

655 1425 882 1480 CAPUT
923 1424 1009 1515 νιτ

142 1533 240 1588 Fel.
271 1535 530 1602 Quoniam
562 1551 647 1589 me
677 1535 872 1599 verbis,
905 1543 962 1586 ut
988 1547 1105 1586 mea
1133 1531 1235 1586 fert
1258 1531 1456 1600 opinio,
1487 1530 1600 1583 inoo

83 1626 228 1694 pinata
265 1627 554 1681 subtilitate
594 1625 919 1680 certantibus
946 1640 1051 1678 non
1100 1624 1431 1679 mediocriter
1457 1622 1604 1678 defa-

84 1716 211 1783 tigas,
239 1714 289 1768 id
324 1716 436 1769 irco
465 1728 643 1782 quaeso
682 1722 756 1777 ut,
791 1712 835 1767 si
866 1713 977 1766 ﬁeri
1005 1720 1210 1780 potest,
1239 1711 1484 1779 exemplo
1510 1726 1601 1765 cu-

79 1803 256 1871 juslibet
296 1804 395 1865 rei.
430 1804 682 1872 possibile
710 1803 763 1858 id
807 1818 927 1858 esse
955 1804 1093 1872 quod
1137 1803 1328 1857 docere
1369 1803 1599 1866 conaris,

79 1894 320 1947 ostendas.
360 1893 540 1962 Neque
567 1893 706 1947 enim
748 1881 902 1946 aliter
939 1893 1158 1946 credere
1196 1906 1440 1960 possum,
1482 1892 1604 1946 licet

79 1985 118 2037 ri
138 1986 380 2040 orationis
411 1999 715 2054 oppressus,
743 1996 1064 2039 etimternum
1091 1998 1208 2037 esse
1233 1982 1463 2051 genitum
1507 1982 1602 2035 Pa-

79 2078 152 2140 tri,
180 2078 272 2131 nisi
290 2088 383 2133 aut
403 2087 680 2147 utrumque
697 2076 952 2147 genitum,
975 2083 1066 2128 aut
1086 2082 1363 2141 utrumque
1388 2072 1597 2127 Patrem

75 2165 248 2220 dixeris
272 2168 397 2221 sibi.

133 2257 252 2329 Aug.
313 2255 574 2322 Quoniam
628 2269 712 2310 me
765 2253 830 2308 ad
884 2250 1367 2321 incomparabilinm
1420 2266 1596 2305 rerum

75 2349 290 2416 eremp’a
320 2347 620 2414 compeliis,
650 2345 846 2398 idcirco
867 2357 984 2412 qua
1012 2342 1082 2396 sit
1106 2341 1239 2409 ignis
1267 2341 1496 2408 potentia
1521 2341 1599 2393 vi-

72 2437 286 2502 deamus,
323 2452 390 2490 ex
414 2448 747 2505 quoseuiper
774 2441 855 2486 est
885 2431 1154 2500 splendor,
1183 2444 1392 2498 semper
1411 2436 1493 2482 est
1511 2437 1611 2482 va-'

73 2545 170 2595 pur.
203 2515 488 2596 Utrumque
516 2525 581 2579 de
607 2540 672 2580 eo
696 2523 956 2592 nascitur,
983 2536 1078 2576 nec
1118 2522 1236 2575 ideo
1264 2529 1437 2574 tamen
1467 2518 1601 2588 ignis

70 2619 169 2668 sine
193 2619 374 2669 horum
403 2613 641 2684 quolibet
659 2613 992 2682 aliquatenus
1021 2608 1307 2666 invenitur.
1344 2609 1465 2662 Hec
1502 2609 1599 2662 tria

71 2719 159 2756 non
180 2719 236 2758 se
261 2705 484 2758 invicem
523 2703 762 2771 gignunt,
793 2701 912 2767 quia
938 2714 1042 2754 non
1067 2699 1133 2753 de
1160 2697 1441 2765 splendore
1467 2697 1601 2763 ignis

67 2801 113 2844 et
141 2807 314 2859 vapor,
345 2804 435 2846 aut
475 2792 540 2846 de
585 2805 773 2858 sapore
819 2789 953 2856 ignis
993 2798 1045 2840 et
1085 2787 1356 2856 Splendor,
1400 2785 1493 2840 sed
1534 2786 1608 2840 de‘

69 2882 171 2948 igne
193 2881 445 2948 splendor
472 2889 525 2935 et
549 2895 712 2945 vapor
741 2892 950 2944 semper
969 2884 1052 2929 est
1077 2876 1302 2944 genitus.
1331 2875 1458 2939 Quae
1479 2889 1598 2927 cum

65 2972 125 3021 ita
150 2975 274 3034 sint,
306 2970 526 3024 videsne
551 2971 711 3023 etiam
743 2970 791 3020 in
813 2967 1071 3021 creaturis
1099 2979 1253 3033 posse
1279 2963 1472 3033 aliquid
1503 2978 1598 3016 na-

63 3065 146 3125 sci.
170 3081 264 3118 nee
283 3065 494 3143 osteqdi
522 3075 695 3122 tamen
731 3073 938 3130 tempus
965 3061 1102 3128 quod
1131 3060 1180 3113 id
1209 3061 1277 3112 de
1296 3074 1399 3128 quo
1421 3069 1597 3112 natum

59 3166 127 3207 est
156 3158 268 3209 sine
294 3156 480 3225 genitu
511 3152 739 3224 potuerit
775 3151 1028 3208 inveniri?
1054 3149 1108 3204 Si
1148 3163 1274 3217 ergo
1303 3146 1596 3201 visibilibus

58 3246 304 3312 exemplis
329 3245 432 3298 ista
463 3243 828 3312 perspicimus,
856 3255 950 3294 cur
979 3255 1081 3293 non
1106 3239 1172 3292 de
1193 3239 1346 3291 Patre
1370 3246 1420 3288 et
1439 3235 1590 3301 Filia,

61 3334 128 3384 vel
150 3343 334 3386 sancto
361 3333 583 3399 Spiritu,
612 3341 862 3401 quantum
886 3329 952 3382 ad
979 3331 1311 3401 communem
1340 3326 1594 3378 duntaxat

57 3433 195 3490 atque
244 3423 638 3478 indifferentem
686 3421 1054 3482 mternitatem,
1102 3418 1292 3470 similia
1336 3415 1592 3483 praedice-

55 3514 195 3567 mus?
222 3515 410 3583 Neque
433 3515 574 3568 enim
602 3513 722 3566 ideo
744 3525 960 3566 necesse
987 3519 1069 3563 est
1093 3508 1298 3561 Patrem
1328 3515 1380 3560 et
1400 3505 1592 3559 Filium

53 3613 100 3656 et
125 3604 382 3670 Spiritum
417 3614 654 3657 sanctum
683 3616 832 3670 aeque
859 3599 1096 3654 dicamus
1135 3597 1444 3667 ingenitum,
1473 3596 1592 3664 quia

51 3691 240 3747 nullum
280 3693 354 3748 ab
385 3693 556 3747 alzero
584 3706 696 3745 aevo
725 3688 1110 3744 interveniente
1135 3687 1355 3741 dicimus
1380 3699 1594 3753 separa-

49 3789 144 3834 tetn
177 3800 194 3836 :
238 3799 369 3838 curn
413 3785 569 3838 etiam
602 3783 755 3852 337
785 3797 850 3836 es
885 3780 1002 3834 aliis
1039 3778 1195 3832 rebus
1223 3777 1462 3848 quaedam
1503 3791 1595 3845 ge-

48 3871 163 3937 nita,
192 3888 296 3927 nec
325 3872 453 3927 ideo
483 3880 656 3926 tamen
681 3880 772 3924 aut
795 3884 943 3939 reque
962 3868 1246 3938 gignentia,
1267 3876 1357 3922 aut
1376 3869 1489 3921 sine
1519 3870 1594 3919 iu-

45 3963 198 4016 vicem
229 3963 807 4024 docenturexstantia.
849 3960 954 4016 Sed
998 3959 1122 4029 quid
1163 3958 1378 4028 prodest
1409 3958 1594 4011 horum

45 4055 192 4107 multa
220 4056 506 4124 colligere,
533 4068 650 4108 cum
677 4044 960 4122 paucorum
981 4049 1296 4104 testimoniis
1314 4049 1471 4102 etiam
1492 4049 1596 4101 cte-

40 4153 139 4196 tera
161 4146 321 4198 liceat
357 4145 650 4197 aestimare.

101 4232 214 4286 Fel.
267 4234 540 4301 Quoniam
591 4233 905 4294 sententiam
947 4244 1138 4295 meam,
1187 4227 1593 4299 prmcedentium

35 4322 242 4378 Patrum
272 4325 601 4378 auctoritate
649 4324 942 4386 fundatam,
984 4337 1123 4376 nova
1153 4321 1453 4388 disputandi
1482 4327 1596 4373 arte

1117 319 1202 375 DE
1247 309 1541 393 USITATE
1576 319 1955 377 TNMTATIS
1992 320 2207 375 LIBER.

91 449 276 503 tempus,
319 433 560 503 sequitur
587 441 642 485 tll
681 432 889 486 dicatur
919 432 1058 487 Patri
1089 432 1254 486 Filius
1283 441 1597 496 coazteruus,
1627 434 1676 492 Δ
1705 443 1923 514 terrere.
1955 432 2088 498 Quid
2119 433 2277 502 igitur
2300 433 2430 491 dicis
2445 434 2477 485 ἲ·
2497 449 2560 489 ex
2585 433 2874 489 substantia
2899 436 3060 491 credo
3083 437 3254 492 Patris

1689 523 1846 575 nasci
1868 521 2055 576 Filium
2085 517 2416 592 nequivisse;
2442 540 2510 580 ne
2539 524 2825 594 ingenitum
2861 525 3092 591 Patrem,
3133 527 3250 582 Filii

3153 326 3273 383 35$

1702 611 1972 666 vidi-amur
1989 613 2328 679 generatione
2356 613 2610 669 dividere.
2640 614 2788 682 Quod
2816 617 2858 669 si
2890 615 2960 672 ita
2986 625 3085 671 est.
3116 618 3253 670 male

1702 700 1931 755 creditur
1955 701 2120 755 Filius
2147 703 2234 770 qui
2281 718 2384 757 non
2413 719 2474 758 ex
2502 705 2678 771 Patre,
2712 707 2762 759 id
2805 714 2888 760 est
2925 720 3030 760 non
3067 720 3132 761 ex
3161 689 3253 760 eu-

1700 789 1819 843 dem
1841 791 1954 858 ipso
1999 792 2229 860 genitus,
2287 793 2380 856 sed
2423 796 2744 850 extrinsecus
2781 795 2947 850 factus
2987 797 3122 850 inter
3145 796 3246 849 alia

1701 880 2030 948 prmdicatur.
2059 880 2205 947 Quod
2235 889 2290 935 ut
2316 881 2386 934 sit
2427 881 2691 937 intellectu
2730 883 2955 956 facilius.
2995 884 3044 938 id
3074 884 3276 959 ipsunr

1700 983 1796 1037 pro
1825 969 2291 1039 posseexplicabo.
2324 969 2575 1024 Filiorum
2607 987 2832 1041 namque
2859 973 3095 1040 adoptivi
3132 974 3253 1039 ali,

1701 1057 1964 1110 naturales
1991 1058 2080 1112 alii
2107 1066 2248 1111 sunt.
2270 1055 2310 1111 li
2338 1057 2429 1126 qui
2451 1057 2630 1127 geniti,
2660 1059 2726 1113 ab
2755 1060 2900 1113 initio
2922 1061 3012 1114 lilii
3038 1052 3247 1130 semper

1699 1160 1762 1203 ac
1789 1147 1985 1216 preprii
2010 1164 2025 1200 :
2057 1147 2128 1202 illi
2150 1148 2318 1215 primo
2345 1148 2525 1212 alieni,
2562 1157 2678 1216 post
2707 1147 2820 1214 lilii,
2849 1165 2968 1202 cum
2997 1166 3092 1219 per
3113 1151 3246 1205 ado-

1703 1237 1930 1306 ptionem
1982 1238 2034 1292 in
2080 1238 2330 1293 familiam
2359 1240 2603 1294 videntur
2643 1240 2850 1295 ascisci.
2876 1241 3075 1308 Quibus
3117 1257 3262 1314 ergo-

1699 1328 2082 1394 comparandus
2102 1337 2182 1382 est
2212 1328 2378 1384 Filius
2404 1328 2540 1382 Dei?
2579 1327 2637 1384 Si
2665 1328 2950 1397 adeptivis,
2980 1328 3082 1384 erit
3105 1329 3244 1398 apud

1604 1430 1609 1434 ν
1703 1414 1912 1470 Patrem
1941 1416 2129 1470 similis
2150 1417 2323 1471 nobis.
2353 1417 2408 1472 Si
2433 1416 2680 1485 propriis,
2703 1432 2767 1472 ex
2796 1417 3088 1472 substantia
3121 1415 3245 1473 sub-

1697 1503 1894 1558 stitisse
1917 1502 2168 1558 dicendus
2196 1513 2277 1559 est
2320 1505 2592 1574 genitoris.
2640 1504 2743 1586 Sed
2776 1506 2827 1560 in
2879 1505 3006 1571 duo,
3047 1507 3242 1576 inquis,

1700 1596 1988 1649 substantia
2014 1604 2224 1662 paterna
2250 1595 2518 1657 dividitur,
2538 1595 2582 1648 si
2609 1610 2670 1650 ex
2693 1595 2808 1650 solo
2831 1596 2982 1649 Patre
3002 1596 3244 1650 substan-

1699 1681 1894 1736 tialiter
1919 1682 2106 1736 Filius
2155 1693 2450 1750 generatur.
2504 1683 2614 1738 iloc
2667 1699 2822 1752 quam
2880 1685 3094 1756 stultum
3148 1685 3240 1750 sit,

1633 1776 1675 1834 Β
1701 1771 1861 1825 etiam
1896 1771 2121 1826 visibilia
2166 1770 2279 1840 ipsa
2317 1787 2413 1826 nos
2453 1770 2662 1826 docent.
2697 1773 2830 1837 Quis
2853 1773 2990 1826 enim
3016 1789 3245 1842 unquam

1706 1858 1789 1912 vel
1816 1858 2103 1913 carnalium
2133 1869 2338 1927 patrum
2364 1857 2625 1928 gignendo
2647 1859 2844 1915 divisus
2870 1861 2984 1915 est?
3013 1861 3159 1925 Quod
3195 1863 3242 1916 si

1703 1966 1801 2006 nec
1829 1951 1881 2005 in
1909 1949 2264 2005 conditionem
2292 1949 2529 2019 corporis
2580 1949 2722 2006 cadit
2773 1950 2882 2020 ipsa
2932 1949 3138 2013 divisio,
3190 1961 3244 2005 ct
3345 1973 3351 1979 ·
3413 1986 3424 1995 α

1701 2055 1858 2094 nemo
1883 2041 1962 2095 sic
1984 2039 2164 2110 genuit
2191 2039 2351 2093 lilium
2381 2047 2438 2092 ut
2461 2053 2520 2093 se
2549 2038 2789 2108 perderet
2815 2040 3073 2102 medium;
3097 2040 3242 2094 salva

1701 2127 1999 2198 integritate
2023 2129 2194 2183 Patris
2215 2144 2320 2182 non
2364 2127 2597 2196 potuisse
2624 2128 2766 2181 nasci
2811 2128 2983 2183 dicitis
3011 2129 3198 2183 Filium
3218 2130 3249 2180 τ

1698 2217 1802 2273 Sed
1823 2218 1945 2286 quid
1989 2217 2170 2287 plura?
2199 2218 2533 2285 Nativitatcm
2580 2217 2695 2271 Filii
2730 2219 2842 2283 Dei,
2869 2228 3144 2287 ortumque
3166 2220 3240 2273 ri-

1699 2309 1981 2372 mantibus,
2005 2308 2138 2372 hac,
2164 2308 2216 2362 ni
2242 2307 2412 2372 fallor,
2442 2317 2750 2372 occurrunt;
2779 2307 2828 2361 id
2856 2317 2960 2372 est,
2991 2317 3046 2361 ut
3067 2318 3155 2362 aut
3175 2325 3241 2364 es

1701 2397 1853 2452 Patre
1881 2398 1969 2463 sit,
1999 2406 2089 2451 aut
2117 2413 2180 2450 ex
2208 2398 2388 2465 nihilo,
2417 2407 2504 2451 aut
2540 2412 2604 2452 es
2629 2395 2809 2462 altero,
2847 2408 3018 2452 autex
3041 2402 3236 2467 seipse.

1702 2486 1896 2539 llorum
1925 2500 2104 2555 qumso
2125 2486 2552 2554 consequentiam
2594 2484 2878 2550 videamus.
2909 2488 3066 2556 333
3088 2488 3144 2542 Si
3173 2505 3237 2541 ex

1699 2577 1904 2642 seipse;
1936 2589 2038 2629 non
2065 2583 2206 2628 recte
2237 2572 2400 2628 Filius
2437 2571 2645 2636 dicitur,
2673 2573 2767 2639 qui
2791 2587 2896 2626 non
2927 2584 3098 2637 natus,
3146 2577 3245 2629 sed

1700 2667 1964 2734 ingenitus
1997 2663 2343 2734 'pmdieatur.
2395 2661 2450 2718 S.
2507 2677 2570 2716 ex
2601 2662 2795 2727 nihilo;
2837 2671 3071 2717 creatura
3123 2677 3248 2718 cum.

1699 2759 1922 2823 arteria
1948 2773 2051 2812 non
2077 2767 2330 2812 creatura
2350 2754 2535 2810 auctor
2551 2756 2862 2812 ostenditur.
2888 2754 2943 2810 Si
2961 2772 3023 2810 ex
3044 2757 3209 2812 altero
3223 2775 3246 2822 ;_

1701 2865 1803 2902 non
1833 2849 1947 2919 ejus
1975 2849 2056 2902 cui
2104 2848 2400 2911 credimus,
2447 2846 2757 2900 sed‘nescio
2796 2846 2946 2914 cujus
2996 2848 3243 2915 incogniti

1703 2939 1864 3005 patris
1893 2937 2034 2992 filius
2058 2937 2388 3006 praedicatur.
2414 2935 2562 3003 Quod
2585 2937 2628 2990 si
2658 2946 2849 3004 praeter
2868 2943 3092 3002 quatuor
3108 2937 3239 3000 haec,

1703 3028 1938 3082 inveniri'
1953 3044 2055 3082 non
2086 3034 2255 3096 potest
2273 3027 2542 3097 quintum;
2576 3041 2671 3080 nec
2700 3027 2766 3079 de
2794 3027 2872 3080 his
2896 3037 3109 3094 prepter
3131 3026 3240 3080 evi-

1625 3119 1670 3181 C
1701 3118 1912 3172 dentem
1939 3118 2311 3186 blasphemiam
2335 3118 2430 3171 tria
2451 3116 2722 3183 praedicari
2750 3116 2955 3184 penitus
2981 3123 3236 3184 possunt:

1697 3218 1858 3262 restat
1887 3218 1942 3262 ut
1986 3205 2398 3262 substantialiter
2436 3205 2502 3260 de
2537 3205 2690 3259 Patre
2725 3205 2792 3257 sit
2817 3205 3018 3273 genitus
3050 3221 3064 3256 :
3093 3203 3241 3271 quia,

1696 3309 1750 3351 ut
1781 3298 2030 3362 dit-imus,
2055 3311 2152 3350 nec
2173 3295 2398 3349 inveniri
2420 3296 2653 3363 quintus,
2679 3308 2774 3348 nec
2796 3301 2987 3362 praeter
3007 3291 3233 3359 primum

1694 3385 1760 3440 de
1791 3387 1870 3438 his
1895 3372 2068 3440 doceri
2100 3393 2270 3452 potest
2297 3384 2490 3453 aliquis
2517 3383 2702 3438 modus
2726 3398 2740 3436 :
2768 3391 2827 3436 ut
2851 3391 2972 3450 pote
2999 3396 3116 3436 cum
3141 3397 3236 3436 nec

1693 3485 1953 3540 creatura,
2002 3487 2100 3527 nec
2139 3473 2541 3542 alteriuspatris
2570 3471 2724 3536 (ilius,
2775 3487 2870 3526 nec
2897 3464 2952 3526 ut
2979 3469 3130 3525 Pater
3154 3472 3238 3525 di-

1693 3577 1840 3620 catur
1866 3565 2144 3633 ingenitus.
2480 3622 2483 3626 _

2203 3643 2214 3649 ’
2267 3683 2490 3739 caper
2531 3681 2664 3736 VHL

1767 3828 1880 3885 Fel.
1919 3829 2079 3896 Quasi
2101 3843 2225 3883 vero
2257 3841 2356 3897 ego
2380 3837 2468 3881 aut
2507 3836 2698 3896 prteler
2725 3826 2839 3880 hac
2861 3826 3120 3895 quintum,
3149 3837 3240 3881 aut

1695 3921 1762 3975 de
1789 3919 1872 3974 bis
1909 3921 2077 3974 tribus
2124 3918 2318 3988 aliquid
2372 3916 2698 3986 praedicarim
2729 3934 2742 3967 :
2791 3916 2878 3984 Qui
2921 3917 2998 3970 sic
3031 3932 3132 3970 non
3170 3933 3236 3970 ex

1695 4011 1987 4076 substantia
2016 4009 2183 4063 Patris
2208 4008 2470 4064 exstitisse
2497 4006 2615 4059 dico
2644 4006 2828 4069 lilium,
2861 4013 2916 4058 ut
2959 4015 3133 4077 tamen
3170 4021 3238 4060 ex

1694 4102 1808 4170 ejus
1830 4101 2099 4154 voluntate
2128 4114 2232 4153 non
2258 4112 2444 4167 negem
2469 4096 2726 4166 genitum.

1762 4201 1892 4269 Aug.
1930 4200 1985 4253 in
2007 4213 2165 4251 unum
2188 4197 2254 4250 de
2278 4181 2590 4264 supradictis
2615 4193 2985 4260 consequentia
3013 4195 3124 4261 ipsa
3145 4194 3236 4247 de-

1695 4289 1943 4344 truderis.
1969 4288 2100 4341 Cum
2127 4287 2265 4340 enim
2313 4285 2378 4339 de
2421 4280 2538 4338 Filii
2569 4282 2856 4336 substantia
2904 4283 3244 4349 requirimus,

1473 4371 1594 4462 Filii}
1697 4395 1852 4449 quem
1886 4388 1938 4434 tu
1966 4394 2033 4433 ex
2055 4378 2211 4432 Patre
2231 4372 2892 4470 substantialitcr-genitum
2915 4387 3016 4425 non
3042 4371 3242 4436 fateris,

33 4502 138 4572 Dei,
163 4505 220 4560 id
249 4516 342 4560 est
370 4503 665 4558 substantia
707 4504 818 4572 ipsa
845 4503 968 4572 quid
992 4503 1205 4557 sentias.
1237 4501 1292 4556 Si
1324 4501 1486 4566 enim,
1523 4512 1592 4558 .ut

33 4595 200 4651 dicere
232 4611 335 4650 vos
379 4596 591 4661 soletis,
625 4595 934 4649 homousion
981 4602 1062 4647 est
1100 4592 1266 4656 Patri,
1308 4592 1421 4658 ip:e
1468 4605 1596 4657 quo-

33 4689 319 4741 dammodo
366 4687 531 4740 Pater
557 4693 639 4739 est
679 4683 815 4748 sibi;
861 4683 1092 4750 alioquin
1135 4668 1596 4735 consubstantiaiis

30 4792 123 4828 non
158 4784 349 4843 potest
380 4788 506 4829 esse
531 4773 776 4842 genitori.
825 4773 950 4826 Nam
983 4774 1193 4841 quidam
1225 4779 1458 4823 nostrum
1487 4769 1594 4821 Ho—

27 4865 204 4920 tn-«usii
237 4864 564 4935 opinionem
595 4863 769 4917 ridere
788 4862 865 4916 sic
890 4861 1119 4924 solebat,
1150 4861 1332 4914 dicens
1361 4877 1375 4912 :
1401 4859 1456 4913 Si
1492 4873 1597 4912 non

25 4958 391 5018 extrinsecus,
431 4952 524 5008 sed
569 4969 631 5006 ex
662 4953 846 5007 eodem
877 4952 994 5020 ipso
1032 4951 1266 5019 prolatus
1295 4960 1377 5004 est
1413 4948 1596 5013 Filius,

26 5045 71 5098 in
113 5048 253 5101 duos
295 5041 708 5115 quodammodo
735 5042 934 5095 divisus
959 5050 1043 5096 est
1069 5055 1228 5104 unus,
1267 5039 1600 5107 quandoqui-

24 5139 132 5190 dem
162 5153 274 5192 non
302 5133 466 5191 aliud
490 5135 712 5204 gignens
732 5119 929 5187 dicitur
948 5147 1068 5187 esse
1091 5145 1250 5209 quam
1273 5132 1501 5200 genitus.

561 5346 569 5353 ,
635 5271 856 5328 CAPUT
897 5272 1004 5327 vn.

82 5404 212 5473 Aug.
258 5401 411 5454 Dum
469 5411 567 5450 nos
598 5395 730 5450 dicis
761 5393 1093 5449 Aristotelica
1122 5404 1236 5449 arte
1264 5393 1605 5455 contendere,

1629 4470 1675 4528 D
1701 4471 1817 4524 siue
1844 4467 2004 4522 dubio
2042 4469 2178 4521 inter
2202 4465 2303 4519 alia
2333 4479 2395 4518 ex
2434 4464 2602 4516 nihilo
2635 4461 2823 4514 factum
2869 4475 2985 4515 esse
3026 4469 3242 4514 conten-

1697 4559 1777 4614 dis
1803 4574 1818 4612 :
1850 4548 2273 4628 quandoquidem
2301 4569 2395 4609 nec
2421 4552 2784 4620 eorruptibiies
2809 4551 3018 4620 quidem
3038 4561 3245 4604 creatu-

1698 4664 1785 4704 ras
1814 4649 2039 4702 dicimus
2067 4645 2221 4700 aliter
2263 4643 2581 4701 substitisse,
2627 4641 2724 4692 nisi
2755 4649 2812 4694 ut
2862 4639 2955 4692 has
2990 4637 3151 4693 Deum
3192 4643 3245 4692 et
3283 4673 3292 4694 ι

1700 4739 1933 4793 γοῖιιίςεθ
1961 4752 2050 4806 per
2079 4732 2395 4789 ineffabilem
2427 4728 2898 4796 dispensationem,
2930 4737 2979 4782 et
3012 4729 3254 4796 potuisse

1699 4844 1794 4899 per
1823 4827 2141 4896 singularem
2184 4823 2467 4891 potentiam
2500 4819 2735 4872 dicamus
2769 4816 3001 4880 efﬁcere,
3042 4817 3164 4870 dmn
3186 4826 3247 4870 et

1705 4919 2026 4972 voluntatem
2063 4915 2225 4970 fuisse
2264 4911 2524 4972 novimus,
2554 4925 2654 4976 qua
2685 4909 2877 4975 placuit
2908 4909 3034 4973 Deo,
3064 4916 3116 4960 et
3155 4921 3247 4973 po-

1705 5020 1967 5073 testatem,
2000 5023 2098 5076 qua
2126 5019 2278 5072 pos~e
2305 5001 2538 5068 subjacet
2561 5000 2802 5054 Domino.
3175 4983 3179 4992 ’

1778 5108 1892 5161 Fel.
1926 5106 2072 5174 "Ergo
2091 5102 2157 5156 ad
2184 5099 2498 5186 exstantiam
2521 5097 2638 5151 Filii
2660 5105 2892 5166 potestas
2912 5103 3120 5164 paterna
3144 5106 3254 5148 non

1707 5198 1933 5254 sufﬁcit?

1776 5299 1907 5364 Aug.
1944 5291 2105 5362 Quasi
2126 5306 2224 5361 ego
2251 5291 2318 5345 de
2345 5295 2604 5359 potestate
2630 5286 2822 5349 Patris,
2843 5292 2896 5341 et
2923 5297 3025 5337 non
3046 5281 3114 5335 de
3139 5281 3254 5344 ipsa

1709 5385 2036 5455 paternitatis
2068 5383 2292 5437 veritate
2318 5379 2651 5436 contendam.
2680 5378 2757 5430 An
2784 5375 2831 5428 ei
2857 5389 2913 5428 se
2937 5370 3040 5427 dici
3068 5372 3252 5429 maluit

23 5495 127 5558 ipse
154 5461 221 5544 ad
255 5487 683 5542 dialecticorum
713 5486 928 5552 laqueos
947 5484 1142 5560 videris
1161 5483 1482 5553 confugisse.
1503 5482 1606 5538 Sed
1711 5482 1938 5539 Patrem,
1975 5489 2131 5544 quem
2183 5488 2288 5528 non
2335 5471 2457 5539 sibi,
2492 5469 2606 5560 sed
2647 5464 2904 5560 creaturis
2929 5461 3094 5560 voluit
3131 5476 3253 5560 esse

29 5550 116 5637 nos
152 5580 282 5636 fidei
314 5575 562 5633 veritate
589 5550 822 5632 conlisos
869 5550 1197 5645 nequaquam
1239 5550 1458 5639 possunt
1509 5573 1608 5629 ista
1709 5564 2071 5624 con-imilem?
2100 5563 2164 5618 Et
2185 5561 2302 5648 idco
2328 5559 2596 5617 fatendum
2626 5555 2713 5612 tibi
2744 5563 2846 5619 est.
2875 5568 2936 5608 cx
2963 5550 3256 5608 Submitti:
