3856 6222
1784 400 2005 459 VlGlLll
2041 392 2406 456 TAPSENSIS
2488 406 2493 410 ‘

3614 371 3730 426 350

492 531 665 594 Patris
688 534 950 592 exstitisse
975 529 1182 598 Filium,
1212 527 1254 586 si
1285 534 1338 582 et
1367 531 1519 580 natus
1545 531 1598 578 et
1625 522 1762 576 Dius
1793 527 1874 573 est
1899 536 1914 571 :
1942 524 2033 571 aut
2063 535 2077 578 Α

2185 505 2302 578 ιω
2331 498 2577 574 loquendi
2609 496 2787 566 modo,
2829 506 2886 553 et
2908 504 3110 550 natura:
3137 492 3274 563 lege,
3309 489 3448 559 prior
3468 486 3732 557 gignens

497 626 686 684 Filium
722 625 916 696 pariter
954 631 1011 678 et
1058 622 1221 675 Deum
1269 631 1484 687 negare,
1529 615 1573 669 si
1601 627 1704 667 non
1731 625 1794 664 ex
1824 620 2040 677 paterna

493 715 914 781 substantia,sed
937 728 1002 768 ex
1029 712 1189 775 nulla,
1207 715 1461 779 operante
1479 715 1700 768 tantum,
1728 701 2042 756 sicntetlam

494 808 550 863 ln
573 808 690 861 aliis
716 804 988 871 creaturis,
1018 800 1188 856 Patris
1217 799 1485 854 voluntate
1513 800 1576 852 et
1601 800 1858 863 potestate
1895 803 2044 844 erea-

496 910 581 954 IUS
609 907 709 952 esi.

568 1006 675 1059 Fel.
717 1004 974 1070 Quoniam
1021 1016 1104 1056 me
1147 1001 1212 1054 ad
1242 991 1925 1069 ejusmodiconfessiouem
1958 1005 2049 1042 ne-

494 1097 740 1151 cessitate
762 1093 1055 1162 eompellis,
1087 1092 1138 1145 id
1165 1091 1301 1160 quod
1328 1105 1358 1142 a
1402 1085 1691 1154 majoribus
1721 1082 1914 1135 nostris
1943 1079 2048 1133 dici

496 1186 712 1250 assolet,
739 1199 841 1238 non
873 1183 1076 1237 tacebo.
1108 1181 1269 1236 Aiunt
1295 1180 1456 1238 enim,
1489 1185 1785 1230 creaturam
1809 1187 1928 1226 esse
1961 1169 2049 1224 Fi-

499 1277 643 1334 lium.
667 1275 758 1329 sed
790 1272 1101 1343 perfectam,
1128 1279 1180 1326 et
1203 1284 1317 1340 qua:
1342 1263 1599 1320 dominari
1624 1263 1786 1330 possit
1805 1260 2050 1314 omnibus

498 1367 776 1421 creaturis.

570 1482 700 1548 Aug.
742 1477 952 1532 Gaudeo
981 1474 1191 1544 quidem
1220 1469 1358 1541 quod
1381 1466 1688 1537 irreligiosa‘.
1717 1463 2050 1534 praedica'io-

502 1569 584 1621 nis
611 1569 847 1620 intimum
879 1568 1020 1618 virus
1048 1561 1321 1616 manifesta
1359 1557 1694 1612 confessione
1719 1551 2013 1623 prodideris
2037 1568 2050 1602 :

503 1657 628 1710 nihil
653 1666 824 1709 tamen
853 1653 990 1723 quod
1021 1650 1327 1707 credulitate
1355 1647 1515 1716 339
1541 1644 1756 1713 dignum
1789 1641 2052 1705 videatur,

503 1751 742 1820 opponis.
767 1749 1016 1803 Creatura
1045 1758 1269 1811 namque
1293 1750 1398 1802 est,
1427 1755 1492 1793 ex
1520 1752 1583 1793 eo
1609 1734 1748 1806 quod
1775 1742 1864 1787 aut
1887 1732 2057 1786 adhuc

506 1854 609 1895 non
639 1849 740 1901 (εει,
781 1845 873 1891 aut
916 1832 1192 1903 aliquando
1221 1846 1327 1884 non
1376 1828 1488 1893 luit,
1520 1826 1595 1881 rei
1626 1823 1907 1893 cujuslibet
1935 1835 2053 1874 cor-

507 1928 785 1998 ruptibilis,
813 1934 1061 1995 quantum
1113 1923 1165 1976 in
1202 1937 1258 1976 se
1285 1929 1387 1984 est,
1433 1933 1525 1986 per
1562 1911 1938 1980 omnipotentis
1964 1908 2056 1964 Dei

509 2019 828 2071 Voluntatem
862 2014 991 2069 facta
1037 2008 1500 2084 substantitllazc
1538 2004 1775 2058 definitio
1805 2009 1975 2054 utrum
2006 2000 2056 2050 in

509 2108 598 2161 Dei
638 2109 788 2160 cadat
819 2105 1003 2158 Filium
1045 2103 1333 2155 videamus.
1365 2097 1494 2151 Nam
1531 2096 1694 2150 Flius
1739 2095 1790 2147 in
1817 2106 1882 2147 eo
1921 2087 2059 2158 quod

449 2221 452 2224 η
509 2204 609 2257 est,
642 2194 986 2249 indill‘erentis
1017 2200 1216 2246 naturae
1243 2189 1464 2243 veritate
1507 2185 1741 2255 prolatus
1782 2192 1862 2236 est
1894 2196 1908 2232 :
1940 2177 2060 2248 quia

510 2300 574 2340 ex
601 2301 664 2340 eo
689 2285 776 2354 qui
803 2293 904 2351 est,
934 2283 982 2336 id
1027 2292 1105 2337 est
1134 2296 1195 2336 ex
1226 2281 1495 2351 gignente,
1544 2292 1649 2330 non
1677 2271 1949 2331 dissimilis
1972 2285 2063 2322 na-

514 2385 596 2428 tus
616 2384 736 2428 est:
775 2382 827 2428 et
864 2373 982 2426 ideo
1022 2373 1157 2425 inter
1199 2372 1385 2424 Filium
1409 2376 1462 2422 et
1485 2374 1783 2437 creaturam
1815 2363 2060 2428 jrimum,

514 2463 612 2514 nisi
640 2461 810 2522 fallor.
837 2460 936 2514 ista
967 2459 1218 2514 di~cretio
1245 2468 1348 2522 est,
1379 2458 1499 2524 quia
1538 2455 1623 2508 ille
1654 2468 1717 2506 ex
1749 2452 1905 2504 Patre
1941 2451 2067 2504 sub-

515 2552 830 2605 stantialiter
857 2551 1118 2619 gignitur;
1160 2559 1398 2602 creatura
1443 2560 1545 2598 non
1577 2561 1637 2598 ex
1669 2542 1959 2596 snb~taut'a
1993 2540 2068 2591 fa-

517 2643 729 2708 cientis,
755 2641 847 2695 sed
876 2658 940 2693 ex
976 2641 1088 2695 sola
1112 2641 1378 2693 voluntate
1399 2652 1461 2691 ac
1492 2642 1748 2703 potestate
1778 2633 2064 2700 perficitur.

521 2731 624 2783 lsta
649 2728 1010 2796 corruptibilis
1038 2743 1130 2796 per
1157 2736 1419 2793 naturam,
1442 2724 1540 2775 nisi
1565 2720 1717 2774 fuerit
1746 2728 1946 2772 servata
1977 2730 2070 2782 per

522 2822 760 2889 gratiam.
795 2819 886 2872 llle
922 2817 1331 2885 incorruptibilis
1358 2855 1373 2878 ,
1417 2814 1509 2882 qui
1548 2809 1810 2868 nascendo
1839 2808 2072 2860 ineoirn-

524 2909 753 2978 piibilcm
777 2921 836 2962 ex
872 2906 1248 2974 incorruptibili
1298 2905 1450 2959 Patre
1479 2903 1683 2955 vidi-tur
1727 2897 1919 2952 habere
1947 2899 2071 2950 suh-

522 2998 788 3051 stantfam.
821 2996 982 3049 Filius
1013 3011 1103 3063 per
1128 2995 1305 3047 Omnia
1357 2992 1542 3046 similis
1591 2989 1750 3055 Patri,
1800 2987 2072 3040 dis.~iu.i’is

523 3100 759 3142 creatura
805 3086 1008 3140 facturi.
1053 3086 1144 3139 Ille
1177 3099 1278 3138 non
1301 3099 1364 3138 ex
1395 3098 1458 3137 eo
1489 3081 1624 3150 quod
1657 3097 1759 3133 non
1789 3089 1889 3146 est,
1943 3081 1992 3130 iu
2021 3079 2092 3131 id-

2147 600 2388 655 videatur
2415 608 2534 652 esse
2559 605 2714 662 quam
2742 591 2966 660 genitus.

2758 680 2981 735 CAPUT
3022 680 3088 734 Χ.

2218 781 2348 848 Aug.
2407 775 2462 835 Si
2517 781 2715 826 natura:
2768 777 3040 823 auctorem
3097 775 3455 823 creaturarum
3493 756 3738 828 legibus

2147 867 2492 926 aestimamus,
2525 861 2648 915 dum
2678 857 2994 911 anteriorem
3020 869 3138 908 esse
3174 854 3382 908 Patrem
3409 849 3549 916 Filio
3587 859 3742 911 pra—

2148 955 2383 1008 dicamus
2412 969 2426 1016 ;
2454 965 2549 1004 cur
2577 964 2678 1002 non
2703 946 2886 1001 eadem
2919 954 3116 997 natura:
3145 944 3280 1010 lege,
3315 941 3596 994 fortiorem
3635 935 3742 987 Pa-

2151 1055 2230 1096 tre
2261 1041 2446 1094 Filium
2478 1052 2571 1105 per
2593 1048 2861 1088 accessum
2886 1032 3133 1101 temporis
3157 1031 3412 1084 dicimus:
3449 1030 3586 1081 dum
3633 1037 3744 1074 nec

2151 1131 2271 1185 huic
2313 1129 2501 1182 desunt
2555 1127 2876 1178 incrementa
2924 1119 3185 1181 nascenti,
3234 1127 3288 1172 et
3336 1114 3746 1170 imbeciilitnt-s

2151 1219 2392 1286 injuriam
2414 1223 2662 1289 senectus
2693 1209 2881 1279 ingerit
2911 1208 3088 1262 Patri?
3138 1207 3287 1274 Quod
3337 1205 3382 1258 si
3430 1204 3526 1256 hoc
3587 1200 3746 1249 ratio

2153 1306 2260 1373 ipsa
2290 1319 2391 1356 non
2425 1302 2628 1369 recipit,
2655 1300 2958 1353 omittamus
2984 1297 3035 1350 in
3063 1297 3170 1350 Deo
3195 1293 3484 1363 corporalis
3513 1291 3747 1352 intelli-

2151 1391 2339 1465 gentia:
2367 1391 2557 1459 legem,
2587 1403 2652 1442 ne
2678 1387 2925 1454 operibus
2954 1385 3061 1439 suis
3083 1385 3308 1446 signiticm
3330 1384 3576 1435 dicamus
3606 1393 3746 1429 esse

2156 1484 2443 1546 factorem;
2473 1481 2698 1534 maxime
2725 1493 2842 1532 cum
2866 1493 2928 1530 ex
2958 1490 3023 1530 eo
3043 1473 3180 1543 quod
3212 1473 3349 1541 apud
3377 1485 3469 1524 nos
3495 1469 3748 1523 evidens

2155 1581 2256 1634 est,
2276 1571 2434 1624 etiam
2454 1568 2504 1622 id
2529 1567 2665 1637 quod
2692 1567 2743 1620 in
2774 1565 2980 1620 occulto
3003 1569 3085 1618 est
3111 1562 3377 1631 possimus
3405 1557 3744 1612 ostendere.

2156 1658 2302 1713 Sit-ut
2351 1660 2490 1712 enim
2541 1653 2654 1709 sine
2704 1654 2947 1720 exemplo
2999 1663 3167 1705 mater
3213 1650 3394 1718 genuit
3443 1655 3746 1698 auctorem

2156 1755 2306 1799 stium
2341 1761 2354 1797 :
2380 1744 2456 1797 sic
2495 1742 2829 1796 inetlabiliter
2850 1732 3016 1793 Pater
3042 1736 3289 1807 genuisse
3315 1733 3623 1790 credendus
3655 1742 3747 1785 est

2162 1831 2350 1885 Filium
2377 1839 2718 1886 coaiternum.
2763 1828 2836 1882 De
2866 1835 3032 1881 matre
3058 1835 3212 1880 natus
3241 1832 3325 1878 est
3352 1824 3436 1892 qui
3465 1831 3595 1875 ante
3617 1821 3747 1888 jam

2163 1908 2261 1973 fuit
2294 1936 2307 1971 :
2353 1919 2418 1972 de
2461 1919 2611 1994 Putre
2637 1918 2722 1985 qui
2754 1914 3036 1984 aliquando
3066 1929 3168 1967 non
3217 1912 3405 1967 defuit.
3447 1910 3562 1964 lloc
3591 1908 3748 1962 ﬁdes

2157 2009 2358 2069 Credat,
2381 2006 2719 2073 intelligentia
2744 2019 2844 2056 non
2877 2002 3110 2071 requirat
3139 2017 3153 2053 :
3186 2015 3253 2054 ne
3281 2008 3374 2053 aut
3403 2013 3505 2052 non
3533 1998 3747 2050 inreu-

2159 2104 2268 2152 turn
2302 2105 2450 2166 putet
2485 2094 2814 2157 incredibile,
2841 2101 2933 2147 aut
2961 2101 3227 2161 repertum
3263 2105 3368 2144 non
3398 2089 3584 2143 credat
3615 2087 3750 2140 sin-

2159 2193 2357 2262 gulare.
2393 2188 2526 2243 Ecce
2554 2188 2693 2242 enim
2723 2186 2790 2241 de
2818 2197 2985 2242 matre
3014 2193 3167 2237 natus
3209 2192 3291 2236 est
3322 2180 3588 2243 Christus,
3636 2192 3748 2231 nec

2163 2281 2282 2336 ideo
2311 2289 2482 2333 tamen
2513 2293 2603 2344 per
2629 2283 2926 2332 contactum
2955 2275 3060 2328 viri
3086 2273 3270 2327 matris
3317 2271 3486 2340 pudor
3514 2279 3602 2324 est
3637 2272 3750 2320 im-

2163 2370 2412 2425 minutus.
2438 2363 2595 2436 Virgo
2620 2365 2843 2434 peperit,
2873 2361 2997 2433 quia
3023 2363 3170 2430 virgo
3198 2360 3445 2428 concepit
3471 2375 3486 2411 :
3526 2368 3586 2412 et
3628 2373 3747 2409 non

2123 2523 2134 2532 .
2165 2463 2380 2510 servato
2421 2469 2596 2508 rerum
2623 2453 2830 2517 ordine,
2862 2467 2925 2505 ex
2951 2452 3158 2520 integro
3195 2450 3380 2503 matris
3402 2463 3631 2516 corpore
3665 2448 3752 2497 in-

2168 2552 2368 2613 tegrum
2395 2536 2583 2610 corpus
2611 2541 2851 2616 Christus
2878 2541 3182 2607 assumpsit.
3217 2538 3271 2594 Si
3299 2552 3427 2604 ergo
3450 2549 3592 2589 uero
3622 2550 3751 2586 mo-

2126 2679 2131 2685 .
2168 2647 2225 2688 rc
2247 2675 2260 2695 ,
2299 2633 2443 2685 nullo
2469 2631 2731 2695 escmplo,
2773 2628 3060 2682 secundum
3092 2640 3304 2680 carnem
3334 2634 3486 2677 natus
3509 2624 3754 2675 docetur

2152 2735 2233 2788 ex
2264 2732 2486 2786 corpore
2520 2736 2532 2769 :
2560 2717 2680 2786 quid
2707 2717 2894 2769 mirum
2925 2715 2968 2769 si
3001 2729 3104 2768 non
3132 2713 3422 2768 secundum
3450 2723 3756 2764 consuetu-

2167 2809 2344 2863 dinem
2376 2807 2589 2860 humani
2632 2814 2812 2872 partus
2835 2804 3090 2872 processit
3110 2817 3173 2856 ex
3199 2803 3390 2856 Patre?
3411 2800 3520 2854 Non
3549 2799 3754 2851 minuit

2171 2895 2521 2950 subsmntiam
2551 2894 2753 2958 matris,
2799 2909 2864 2947 ex
2917 2893 3027 2946 sola
3076 2892 3283 2960 genitus
3335 2889 3490 2949 ﬁlius,
3540 2898 3596 2940 et
3632 2887 3756 2938 sine

2173 2983 2365 3035 damno
2392 2983 2630 3048 corporis
2667 2982 2937 3048 parientis,
2989 2989 3166 3033 natum
3209 2979 3298 3031 fl'ii
3345 2977 3593 3030 norimus
3629 2989 3758 3026 cor-

2175 3085 2303 3140 pus:
2344 3079 2397 3125 et
2441 3073 2694 3124 minuisse
2747 3071 3131 3138 incorporalem
3180 3070 3353 3123 Patris
3392 3067 3758 3120 substantiam

524 3177 660 3246 quod
707 3187 809 3244 est,
865 3186 918 3230 et
969 3186 1241 3243 propterea
1283 3189 1546 3242 nunquam
1600 3173 1649 3225 in
1699 3171 1749 3224 id
1800 3170 1939 3238 quod
1969 3185 2072 3222 non
2101 3200 2146 3260 Ο
2176 3161 2429 3218 creditur.
2463 3174 2580 3212 cum
2613 3153 2906 3213 ex'eodem
2952 3158 3066 3227 ipso
3113 3157 3526 3210 substantialitcr
3588 3164 3759 3222 atque

527 3280 630 3332 est,
658 3284 727 3321 ex
751 3283 815 3320 eo
845 3265 981 3335 quod
1012 3275 1113 3319 est.
1159 3264 1245 3317 llla
1272 3278 1339 3316 ex
1372 3278 1436 3316 eo
1467 3261 1604 3329 quod
1658 3275 1761 3312 non
1803 3268 1905 3322 est,
1937 3259 1987 3312 in
2020 3259 2072 3311 id

529 3359 665 3427 quod
687 3368 764 3412 est
796 3374 807 3408 :
848 3366 899 3410 et
931 3368 1203 3425 prep'erea
1231 3355 1480 3420 quantum
1512 3351 1575 3403 ad
1603 3365 1659 3403 se
1697 3351 1881 3402 astinet
1919 3363 1982 3402 ex
2014 3363 2080 3400 eo

531 3451 666 3518 quod
697 3457 799 3511 est,
820 3449 871 3501 in
898 3446 1110 3514 idquod
1140 3460 1242 3498 non
1269 3452 1368 3508 est,
1399 3442 1480 3496 sui
1507 3450 1657 3494 ortus
1674 3439 1976 3493 conditione
2000 3453 2080 3515 re-

534 3551 770 3593 Vertitur.

1124 3623 1344 3680 CAPUT
1395 3620 1485 3677 IX.

614 3761 728 3817 Fel.
789 3764 898 3816 Non
929 3761 1080 3814 video
1103 3759 1224 3828 quid
1255 3759 1306 3811 in
1348 3771 1540 3810 arcano
1566 3755 1724 3823 hujus
1749 3752 2085 3812 obscuritatis

540 3855 820 3908 involveris
841 3869 856 3921 _:
889 3862 940 3905 et
981 3852 1026 3892 i"
1077 3879 1096 3904 θ
1164 3859 1281 3903 eete
1325 3846 1507 3910 facies,
1538 3847 1580 3899 si
1612 3846 1660 3899 id
1689 3844 1828 3914 quod
1872 3860 1900 3895 a
1933 3853 2003 3909 te,
2033 3853 2089 3895 ut

543 3959 656 3997 mea
716 3944 817 3995 fert
867 3943 1064 4008 ομῑιιὶο,
1103 3936 1712 4004 incomprehensibiliter
1756 3934 1961 3988 dictum
1995 3940 2078 3984 est

544 4035 922 4103 intelligibilius
963 4020 1328 4099 esplieaverfs.

613 4151 744 4217 Aug.
787 4148 901 4201 Dixi
933 4149 1140 4214 inquam
1169 4145 1233 4200 de
1260 4143 1415 4208 Filio,
1461 4135 1740 4198 cum‘eum
1778 4155 1806 4193 a
1837 4149 2092 4195 creatura:

545 4239 848 4291 definitione
879 4240 1229 4292 discernerent
1264 4256 1275 4288 :
1302 4236 1547 4306 quoniam
1580 4236 1621 4288 is
1651 4248 1754 4287 non
1778 4248 1843 4287 ex
1865 4246 1930 4286 eo
1954 4231 2091 4298 quod

550 4341 652 4378 non
679 4337 776 4388 est,
807 4329 857 4378 in
882 4328 930 4379 id
962 4327 1099 4394 quod
1129 4337 1206 4379 est
1241 4345 1250 4376 :
1282 4327 1420 4394 quod
1453 4327 1553 4378 tale
1579 4333 1663 4378 est
1690 4338 1751 4378 ac
1775 4322 1817 4375 si
1839 4322 2092 4383 dicerem,

552 4431 654 4467 non
680 4430 742 4466 ex
771 4414 857 4467 uih
884 4415 932 4466 lo
962 4413 1127 4467 factus
1153 4423 1250 4466 est.
1281 4414 1344 4466 Et
1370 4422 1646 4481 propterea
1676 4424 1941 4479 nunquam
1973 4410 2021 4461 in
2048 4410 2096 4463 id

551 4504 688 4570 quod
746 4519 847 4555 non
888 4513 986 4566 est,
1019 4518 1084 4556 ex
1116 4517 1177 4556 eo
1225 4502 1362 4571 quod
1393 4510 1472 4555 est
1503 4517 1520 4554 :
1570 4500 1620 4553 id
1652 4509 2014 4564 estnunquant
2048 4500 2094 4549 in

555 4595 775 4647 nihilum
803 4609 864 4647 ex
896 4610 958 4647 eo
990 4595 1102 4661 ipso
1130 4598 1266 4662 quod
1293 4604 1393 4659 est,
1420 4602 1616 4646 natura:
1645 4606 1755 4644 sum
1782 4590 2099 4657 proprietate

558 4686 840 4739 solvendus
869 4694 965 4740 est.
1001 4686 1246 4740 Creatura
1283 4701 1426 4748 vero,
1457 4699 1523 4737 ex
1569 4698 1634 4737 eo
1660 4681 1797 4750 quod
1848 4694 1951 4731 non
1999 4691 2099 4743 cs',

560 4775 611 4826 in
637 4773 685 4825 id
733 4775 868 4842 quod
899 4783 994 4828 est.
1033 4777 1146 4839 Quo
1176 4775 1487 4837 ostenditur,
1523 4775 1642 4842 quia
1673 4788 1736 4826 ex
1783 4770 1948 4824 nihilo
1986 4787 2102 4834 pro-

563 4870 664 4922 lata
691 4878 787 4919 est.
819 4867 882 4918 Et
910 4877 1179 4934 propterea
1208 4877 1454 4935 quantum
1485 4869 1550 4918 ad
1600 4880 1658 4919 se
1688 4867 1891 4925 attinct,
1935 4878 1998 4917 ex
2042 4879 2105 4916 eo

563 4957 698 5023 quod
729 4966 828 5020 est,
863 4959 910 5008 in
936 4956 982 5008 id
1012 4956 1144 5022 quod
1183 4972 1283 5010 non
1315 4965 1412 5019 εει,
1444 4955 1493 5009 id
1524 4965 1604 5009 est
1627 4957 1678 5008 in
1716 4956 1956 5021 nihilum,
2009 4956 2106 5010 nisi

567 5059 813 5114 perpetua
868 5049 1030 5114 gratia
1076 5046 1275 5110 fecerit,
1318 5057 1513 5100 naturm
1552 5060 1662 5098 sua:
1701 5047 1953 5112 qualitate
1993 5061 2113 5099 ιρι·-

567 5142 718 5191 tentia
747 5149 843 5188 est.
881 5140 1014 5204 lirgo
1043 5154 1301 5205 nunquam
1352 5154 1453 5190 non
1480 5139 1581 5191 erit
1626 5137 1808 5199 Filius,
1852 5139 1938 5206 qui
1989 5139 2116 5188 sub-

566 5228 878 5278 stantialitcr
907 5228 1123 5279 docetur
1153 5241 1269 5279 esse
1299 5241 1611 5293 perpetuu-;
1663 5237 1716 5280 et
1765 5228 1863 5280 hoc
1909 5236 1965 5279 ut
1996 5239 2115 5293 pote

571 5318 799 5382 proprio,
830 5330 856 5365 a
885 5315 1181 5367 eonilitioue
1212 5316 1442 5366 omnium
1475 5325 1832 5367 creaturarum
1875 5331 1993 5380 quo
2020 5329 2114 5381 per

570 5403 679 5470 lpsn
707 5423 732 5450 u
769 5404 915 5455 facta:
943 5412 1080 5460 sntit.
1114 5419 1213 5454 non
1244 5403 1424 5469 injuria
1457 5403 1689 5454 noscitur
1719 5403 2062 5469 separandus.

644 5491 751 5542 Fel.
792 5492 925 5542 Licet
959 5491 1349 5557 intelligentiam
1383 5505 1548 5543 meatu
1581 5506 1710 5541 nova
1743 5508 1915 5543 rerum
1952 5491 2118 5543 Subti-

575 5582 716 5636 litate
763 5584 1100 5650 terstringas,
1137 5585 1311 5634 nescio
1367 5593 1540 5633 tamen
1590 5597 1694 5648 quo
1750 5594 1899 5649 pacto
1931 5585 2072 5633 dicas
2103 5623 2116 5640 ,

578 5675 710 5740 quod
746 5686 1032 5727 comzernus
1068 5673 1202 5727 Patri
1259 5674 1324 5727 sit
1355 5673 1518 5726 Filius
1550 5690 1560 5724 :
1606 5686 1723 5726 cum
1769 5683 1819 5726 cl
1852 5673 2117 5726 communi

2180 3249 2582 3317 ineorporaliter
2611 3248 2866 3317 prolatus,
2896 3248 3089 3301 dicitur
3111 3247 3356 3316 genitus?
3402 3246 3534 3312 Ergo
3565 3244 3615 3297 si
3663 3259 3759 3294 ua-

2181 3341 2350 3392 turam
2379 3353 2551 3390 rerum
2585 3337 2927 3404 intelligentia
2959 3336 3092 3389 duce
3111 3335 3517 3402 perpendimus;
3548 3332 3759 3384 deuius

2180 3427 2410 3492 initium,
2436 3429 2477 3478 si
2514 3442 2615 3479 nou
2649 3440 2897 3493 negamus
2917 3440 3189 3477 occasum.
3223 3422 3468 3488 Alioquin
3510 3421 3646 3473 idco
3675 3421 3762 3473 l-‘i-

2184 3515 2308 3568 lium
2343 3527 2445 3567 non
2477 3513 2670 3567 habere
2697 3515 2933 3566 dicamus
2959 3513 3186 3574 inztium,
3214 3513 3332 3580 quia
3370 3525 3470 3562 non
3502 3524 3604 3575 per
3637 3525 3764 3575 gra-

2185 3601 2334 3665 tiam,
2366 3600 2457 3654 scd
2489 3616 2580 3668 per
2606 3609 2840 3653 naturam
2885 3601 3110 3654 fatemur
3135 3613 3252 3652 esse
3299 3608 3644 3666 perpetuum.
3681 3599 3763 3650 Ad

2185 3701 2468 3751 summam,
2493 3688 2660 3754 major
2688 3695 2742 3739 et
2766 3688 2957 3749 minor,
2983 3687 3148 3740 tribus
3188 3685 3359 3739 mo'dis
3390 3685 3491 3737 dici
3525 3693 3720 3751 potest
3747 3702 3762 3737 :

2191 3777 2242 3829 id
2274 3785 2376 3839 est,
2415 3785 2593 3838 :etate,
2628 3773 2814 3834 forma.
2849 3776 3099 3841 potentia.
3131 3773 3310 3827 Aﬁtate
3337 3775 3514 3826 senior
3541 3787 3763 3838 puere;

2192 3862 2360 3916 forma
2407 3862 2607 3930 longior
2658 3876 2863 3935 parvo;
2918 3862 3147 3928 potentia
3225 3861 3408 3915 fortior
3456 3859 3764 3913 imbecillo.

2195 3949 2473 4003 Videamus
2517 3958 2686 4002 utrum
2731 3949 2924 4017 aliquid
2973 3949 3157 4002 horum
3189 3948 3390 4002 acc'dat
3433 3948 3588 4000 Filio.
3629 3947 3766 3999 Nam

2196 4053 2291 4092 nec
2327 4048 2478 4091 aetate
2508 4039 2680 4090 minor
2707 4046 2805 4098 est,
2847 4051 3000 4105 quem
3031 4035 3105 4090 de
3151 4033 3408 4102 principio
3439 4035 3594 4087 Patre
3628 4049 3767 4086 cou-

2192 4131 2586 4185 statexstitisee
2617 4128 2968 4194 principium:
3017 4143 3112 4180 nec
3160 4125 3314 4195 3.71.1
3361 4124 3548 4188 forma,
3595 4141 3767 4190 quem

2199 4236 2300 4274 non
2326 4221 2463 4273 aliud
2495 4221 2568 4271 fas
2595 4230 2674 4273 est
2705 4220 2990 4285 przedicare
3029 4234 3182 4286 quam
3220 4217 3406 4278 Deum,
3439 4231 3536 4270 nec
3567 4227 3770 4284 poten-

2198 4311 2291 4376 tia,
2321 4323 2350 4360 a
2378 4323 2482 4377 quo
2513 4319 2678 4361 totum
2712 4309 2950 4361 novimus
2985 4321 3104 4359 esse
3135 4304 3447 4373 perfecuttn.

2797 4404 3020 4459 CAPUT
3060 4403 3148 4456 XI.

2279 4507 2390 4560 Fel.
2429 4507 2574 4561 Scire
2612 4506 2765 4572 cnp'o
2801 4519 2903 4570 quo
2943 4513 3095 4570 pacto
3123 4503 3187 4554 ad
3217 4503 3407 4556 Filium
3454 4504 3647 4557 ιηιιιμη
3688 4506 3772 4556 di-

2209 4599 2379 4665 gnitas
2421 4597 2612 4659 Patris,
2654 4604 2707 4648 et
2747 4594 2808 4646 ad
2851 4593 3059 4646 Patrem
3093 4606 3196 4644 non
3240 4595 3455 4646 recurrit
3494 4595 3772 4646 humilitas

2209 4689 2388 4758 prolis.

2283 4781 2412 4845 Aug.
2452 4775 2572 4827 Non
2592 4772 2876 4827 secundum
2909 4782 3148 4824 naturam
3179 4771 3276 4824 ista
3307 4785 3445 4826 nunc
3470 4772 3599 4836 dici,
3633 4789 3770 4838 quo.

2212 4869 2407 4922 tidianzi
2436 4878 2613 4919 rerum
2643 4864 2881 4930 exempla
2913 4878 3006 4916 nos
3035 4863 3244 4918 docent.
3283 4863 3419 4918 Ecce
3443 4865 3584 4918 enim
3619 4876 3772 4930 pute-

2216 4972 2334 5012 mus
2375 4956 2601 5024 aliquem
2643 4967 2820 5020 regem
2862 4967 2922 5004 ac
2951 4954 3090 5022 regis
3126 4953 3286 5007 filium
3325 4955 3579 5022 depositis
3609 4958 3772 5023 regii:

2216 5047 2512 5116 majestatis
2542 5044 3084 5113 insignibus,suhjecti
3111 5046 3293 5100 militis
3318 5046 3620 5100 indumenta
3651 5061 3770 5099 sus-

2216 5142 2419 5207 cipere,
2464 5146 2515 5189 et
2568 5145 2782 5202 propter
2809 5144 3002 5188 certam
3036 5137 3198 5202 patris
3235 5137 3681 5205 dispensationem
3713 5153 3771 5189 ac

2217 5230 2482 5282 sociorum
2510 5226 2756 5285 stilutem,
2790 5227 3062 5279 rebellium
3093 5227 3442 5280 contumelias
3465 5226 3727 5279 susitinere
3757 5247 3767 5277 :

2219 5316 2452 5381 nunquid
2495 5316 2613 5382 quia
2657 5315 2717 5366 ad
2762 5315 2898 5368 hunc
2938 5316 3266 5384 participium
3301 5317 3457 5382 regite
3501 5323 3772 5382 polestalFs

2218 5417 2422 5461 certum
2452 5415 2534 5458 est
2568 5405 2837 5459 nativitate
2878 5407 3176 5467 decurrere,
3207 5405 3403 5459 idcirco
3429 5407 3489 5458 ad
3534 5422 3653 5459 eum
3688 5411 3770 5470 qui

2219 5499 2422 5564 genuit,
2471 5495 2712 5563 iujnriam
2762 5496 2849 5547 lilii
2893 5511 2994 5548 non
3035 5496 3392 5559 componendi
3439 5495 3643 5554 affectu.
3683 5503 3768 5549 sed

2222 5587 2331 5650 ipsa
2360 5600 2422 5649 pa
2439 5585 2632 5635 ssionis
2657 5586 2974 5650 proprietate
2995 5595 3198 5636 certon.
3223 5593 3304 5639 est
3329 5588 3643 5654 pervenire?
3662 5587 3770 5641 Non

2225 5675 2293 5736 ita
2325 5684 2426 5741 est,
2459 5675 2580 5742 quia
2609 5689 2710 5750 non
2742 5689 2809 5728 ex
2842 5674 2945 5728 filio
2974 5684 3197 5743 patrem,
3227 5677 3319 5731 sed
3341 5693 3402 5732 es
3437 5688 3583 5745 patre
3612 5677 3768 5731 tilium
