3856 6222
133 193 263 251 541

327 264 355 281 κ

1261 196 1347 252 DE
1390 192 1682 253 [ΙΜΤΛΤΕ
1722 194 1775 249 ἸΙ

1886 196 2104 252 I'l‘ATIS
2142 195 2379 251 [Λεω-
3321 196 3427 251 δεῖ

134 321 399 366 certum
422 319 501 369 est
528 320 706 368 natum
727 316 864 367 esse.
898 310 958 365 Et
990 316 1269 379 propterea
1294 315 1460 362 totum
1487 308 1624 362 inter
1652 306 1751 361 hus
1784 313 1833 373 Α
1861 311 2136 366 mortalem
2176 308 2461 378 prmdicem
2504 304 2777 364 deitatem.
2824 305 2936 360 Non
2976 320 3186 376 separo,
3220 323 3285 362 nc
3331 310 3423 363 Dei

134 402 371 459 simile
405 405 621 459 dicimus
659 402 797 471 quod
837 400 1065 471 pertinet
1096 399 1157 453 ad
1186 398 1617 454 communionem
1656 412 1751 452 na-
1858 401 2031 456 Patris
2055 416 2213 457 unam
2239 397 2530 455 secundum
2553 412 2790 465 carnem,
2819 408 2872 454 et
2890 398 3110 454 alteram
3132 400 3424 453 seeumlnm

142 501 322 547 tura:
347 513 367 558 ;
392 496 516 549 illud
537 493 806 562 preprium
834 492 975 560 quod
1004 506 1098 560 per
1128 490 1374 546 accidens
1402 489 1490 543 uni
1518 490 1757 543 noscitur

142 583 440 638 evenisse
468 598 726 653 personas.
749 582 921 636 liabet
947 586 1071 651 ergo
1100 581 1368 636 nascendo
1395 588 1560 634 totum
1591 578 1758 633 Filius

144 687 307 727 essent
354 673 503 728 Patre
528 673 667 743 quod
701 674 855 728 l‘aler
894 681 1008 735 est.
1053 671 1145 727 sed
1175 687 1279 725 non
1308 672 1373 726 de
1401 670 1537 726 Filio
1579 670 1753 725 Pater.

149 762 461 831 Quidqttid
480 762 777 829 specialiter
794 766 906 829 ipse
922 776 1205 832 perpessus
1225 772 1328 832 εει,
1354 763 1592 832 utrisque
1610 776 1758 816 cont-

152 857 364 908 usuu'e
386 869 484 907 non
506 863 605 907 est.
634 853 784 919 Quod
811 868 875 908 es
900 854 1112 908 homine
1137 864 1288 908 natus
1311 863 1390 909 est
1410 855 1593 917 homo,
1621 852 1759 907 acci-

155 945 331 996 dens
367 942 589 1010 speciale
617 953 718 997 est.
765 942 913 1010 Quod
959 946 1270 1013 plerumque
1308 945 1424 999 sine
1451 943 1760 1013 pra-judicio

154 1032 496 1085 rom-nimis
528 1042 731 1087 natura:
773 1036 962 1087 neuter
996 1034 1196 1108 habere
1231 1036 1454 1089 docetur
1482 1034 1535 1087 in
1567 1033 1756 1088 altero.

166 1120 305 1174 Una
336 1131 420 1176 est
448 1122 612 1177 Patris
637 1123 954 1189 substantia,
982 1139 1080 1179 una
1111 1141 1354 1193 persona.
1380 1123 1503 1181 Haec
1528 1140 1647 1180 cum
1670 1127 1761 1195 ge-

162 1210 335 1275 nuit,
369 1226 435 1267 ει
465 1214 561 1267 hac
598 1213 716 1269 sine
751 1216 913 1269 dubio
950 1231 1051 1269 non
1083 1215 1287 1270 diversa
1320 1217 1557 1271 nosciinr
1592 1214 1759 1269 exsti-
1836 1218 1842 1223 ’

166 1300 355 1365 tisse,
394 1303 485 1358 sed
513 1304 713 1372 altera;
746 1323 864 1376 qua:
892 1323 995 1361 non
1026 1307 1166 1361 aliud
1198 1307 1416 1362 docetur
1442 1320 1560 1360 esse
1603 1319 1761 1374 quam

166 1392 402 1459 prima,
432 1395 552 1449 dum
583 1405 638 1451 et
673 1412 771 1451 con
796 1400 972 1451 nmnis
1001 1398 1221 1451 docetur
1251 1409 1299 1450 et
1335 1412 1448 1465 pro;
1470 1399 1568 1450 ria.
1603 1398 1761 1449 (Zom-

168 1476 397 1550 mu‘nis,
427 1488 661 1558 inquam,
703 1489 906 1543 unitate
934 1490 1271 1551 substmtim,
1313 1489 1523 1557 propria
1553 1488 1762 1542 discre-

169 1578 345 1630 tione
373 1592 629 1647 persontc.
664 1579 795 1633 Cum
835 1593 961 1647 ergo
992 1579 1044 1631 in
1074 1594 1135 1634 se
1173 1588 1343 1632 εχειει
1371 1579 1457 1633 illa
1492 1594 1611 1649 qua:
1642 1587 1763 1632 nata

1842 491 2191 579 ‘majrstatcm
2238 490 2577 545 introducere
2615 488 2796 565 videar
2838 490 3042 559 prolem
3078 505 3092 542 :
3135 491 3255 557 quia
3288 488 3427 540 idem

1861 578 2144 637 DeiFilius
2170 591 2227 638 et
2254 582 2370 636 sine
2398 579 2550 634 initio
2577 578 2839 649 processit
2865 595 2931 634 ex
2957 579 3135 643 Patre,
3156 586 3211 632 et
3238 591 3429 632 secun-

1858 674 1982 729 dum
2013 682 2223 743 tempus
2246 674 2392 728 nasci
2421 681 2502 728 est
2531 671 2779 741 dignatus
2808 687 2873 727 ex
2905 672 3138 741 Virgine.
3176 670 3429 739 lmpassh-

1859 766 1979 821 Ιιίιὶς
2007 766 2057 821 in
2084 780 2204 833 suo,
2230 779 2416 835 passos
2439 766 2491 818 in
2518 771 2702 818 nostro
2726 803 2741 828 ,
2768 763 2893 817 dum
2926 759 3431 831 incomprehensibi-

1861 849 1964 913 lem
1994 846 2325 926 majestatem
2355 856 2515 927 343
2545 854 2696 911 velut
2721 852 2950 922 quodam
2979 842 3289 908 indumento
3314 866 3435 905 car-

1862 951 1943 1005 nis
1971 949 2167 1004 vestire
2190 935 2444 1019 dignatus
2480 954 2583 1002 est.
2632 945 2708 1000 Ex
2740 951 2966 1013 utroque
2995 957 3096 996 una
3126 941 3437 996 mediatoris

1861 1052 2110 1108 persona,
2152 1053 2257 1093 non
2300 1053 2403 1091 una
2444 1035 2766 1092 substantia.
2794 1032 2912 1090 Una
2935 1033 3149 1102 inquam
3182 1030 3431 1098 persona,

1864 1147 1930 1187 ne
1970 1132 2041 1187 sit
2070 1146 2174 1185 non
2210 1144 2349 1185 unus
2389 1128 2665 1194 Christus;
2717 1142 2823 1181 non
2866 1141 2970 1180 una
3012 1122 3330 1189 substantia,
3367 1137 3436 1175 ne

1864 1223 2172 1278 mediatoris
2192 1220 2590 1284 dispensatione
2611 1220 2878 1285 submota,
2901 1227 2991 1273 aut
3014 1218 3107 1272 Dei
3131 1224 3333 1271 tantum
3355 1212 3437 1268 di-

1863 1322 2033 1383 catur,
2063 1323 2151 1366 aut
2182 1313 2412 1368 hominis
2434 1312 2621 1367 Filius.
2652 1313 2769 1367 Non
2790 1324 2918 1379 ergo
2948 1310 2999 1364 in
3024 1309 3237 1365 Christo
3264 1320 3438 1363 susce-

1864 1413 2006 1473 ptam
2042 1418 2256 1458 carnem
2305 1403 2672 1471 perpethitate‘
2699 1398 2894 1458 diviitte
2938 1401 3296 1472 generationis
3339 1415 3437 1453 cx-

1866 1495 2027 1550 tendo
2051 1512 2062 1546 :
2091 1509 2189 1549 nec
2212 1494 2523 1548 immen~am
2549 1493 2803 1548 deitatem
2832 1495 3075 1562 corporei
3100 1502 3249 1546 ortus
3280 1500 3439 1546 :etate

1866 1586 2161 1652 concludo;
2191 1587 2311 1656 quia
2344 1586 2483 1640 idem
2511 1587 2564 1640 in
2597 1585 2873 1640 divinitate
2898 1595 3084 1639 auctor
3110 1594 3193 1640 est
3235 1600 3435 1649 rerum,

169 1678 291 1733 est,
328 1685 430 1723 non
452 1669 703 1741 quidquid
728 1662 849 1724 huic
872 1671 1145 1739 acciderit,
1165 1672 1229 1724 ad
1253 1672 1551 1739 gignentum
1576 1685 1763 1725 neces-
1796 1676 1841 1736 Β
1866 1680 1952 1749 qui
1988 1681 2039 1734 in
2068 1694 2230 1734 came
2259 1677 2583 1747 Redempior
2610 1685 2693 1731 εει
2730 1675 3003 1731 hominum
3029 1691 3044 1731 ;
3075 1676 3213 1730 idem
3246 1675 3440 1742 ίηηιες-

170 1761 340 1814 s:irio
367 1763 553 1816 transit
573 1759 757 1825 ;'sicut
782 1763 848 1817 ad
880 1772 1182 1818 nascentem
1214 1764 1465 1833 quidquid
1490 1764 1761 1832 proprium

170 1864 246 1903 ac
272 1852 629 1909 substantiale
653 1854 918 1924 gignentis
947 1865 1153 1909 constat
1180 1870 1211 1910 c
1240 1870 1317 1917 se,
1355 1854 1613 1922 pervenit.
1646 1853 1762 1909 Non
1813 1872 1818 1880 ·

172 1942 341 1995 enim
365 1944 499 2023 sicut
520 1944 790 2015 Filioipsa
819 1946 1161 2016 generatione
1190 1946 1380 1999 collata
1411 1953 1493 1999 est
1518 1944 1764 2000 divinitas

174 2027 394 2098 Patris,
421 2035 496 2087 sic
524 2034 589 2087 ad
620 2032 832 2091 Patrem
875 2036 1107 2090 refertur
1135 2036 1424 2105 a-gritudo,
1461 2045 1763 2105 paupertas,

179 2137 365 2188 mors,
388 2124 659 2182 humilitas
683 2127 871 2196 prolis.
889 2129 1039 2195 Quod
1064 2128 1184 2184 ideo
1207 2145 1309 2183 non
1342 2129 1418 2193 tit,
1438 2129 1557 2198 quia
1582 2110 1767 2192 quam-

179 2214 271 2267 vis
303 2214 374 2269 de
399 2214 521 2282 una,
550 2218 603 2271 id
634 2227 717 2274 est
746 2220 912 2287 patris
941 2219 1235 2285 substantia
1268 2217 1430 2275 fuerit
1457 2220 1648 2274 similis
1671 2234 1765 2287 ge-

183 2304 307 2358 nita
351 2322 363 2357 :
406 2308 580 2361 tamen
611 2307 731 2379 quia
759 2309 868 2378 jam
901 2309 954 2364 in
995 2308 1170 2376 seipse
1199 2318 1407 2373 exstat,
1440 2325 1770 2379 quacunque

185 2396 327 2451 huic
349 2396 668 2453 intrinsecus
695 2401 1026 2469 ingeruntur,
1056 2415 1161 2455 non
1190 2401 1491 2455 communia
1520 2400 1771 2455 dicuntur

185 2501 327 2555 esst,
368 2492 462 2545 sed
493 2491 729 2561 prapria.
769 2492 824 2547 Si
854 2507 984 2563 ergo
1024 2492 1242 2547 humani
1270 2491 1483 2563 generis
1514 2494 1611 2547 iata
1642 2507 1771 2546 con-

186 2578 330 2634 ditio
365 2590 467 2647 est,
498 2597 617 2636 cum
647 2581 807 2654 352
846 2598 950 2639 non
989 2591 1157 2654 usque
1193 2584 1326 2639 adeo
1367 2584 1458 2639 [liii
1496 2586 1563 2637 ab
1591 2599 1656 2638 eo
1680 2585 1769 2654 qui

190 2672 381 2737 genuit
402 2672 453 2725 in
476 2673 619 2726 aliud
647 2690 879 2750 unquam
906 2683 1103 2729 mutata
1132 2675 1421 2730 substantia
1454 2684 1554 2739 est,
1582 2687 1635 2728 nt
1660 2690 1773 2729 non

192 2762 387 2815 eadem
418 2763 589 2831 possit
613 2778 755 2830 esse,
785 2764 878 2819 sed
910 2768 1074 2818 a'tera
1103 2782 1117 2829 ;
1149 2764 1273 2817 dum
1304 2765 1634 2819 extrinsecus
1666 2763 1773 2817 filio

195 2851 563 2907 accidentibus
590 2854 795 2922 multis,
826 2867 1005 2923 manet
1027 2855 1379 2909 nihilominus
1403 2864 1589 2913 natura
1622 2869 1772 2909 com-

194 2950 406 3015 munis;
430 2948 555 3016 quid
587 2964 684 3004 nos
710 2950 777 3007 de
802 2952 908 3006 Deo
932 2960 1093 3021 atque
1134 2951 1247 3021 ejus
1279 2952 1417 3005 Filio
1445 2951 1658 3019 dignum
1690 2960 1771 3006 est

198 3039 435 3106 credere,
467 3040 594 3109 quid
622 3040 776 3097 decet
792 3016 1126 3111 praedicare?
1152 3016 1389 3108 Quorum
1420 3016 1658 3109 quamvis
1686 3056 1771 3096 se-
1796 3016 1847 3076 C

199 3130 428 3184 cundum
459 3131 700 3185 indivisa:
743 3132 1034 3203 majestatis
1064 3132 1360 3202 simplicem
1400 3134 1624 3202 gloriam
1665 3147 1769 3185 non

199 3222 260 3275 sit
289 3234 474 3277 natura
497 3222 792 3291 dissimilis,
817 3226 1122 3293 specialiter
1143 3240 1171 3277 a
1198 3225 1333 3280 Filio
1355 3240 1546 3294 corpus
1568 3240 1773 3278 assum-

202 3322 344 3380 ptum
362 3325 467 3377 est,
484 3328 537 3369 ut
558 3316 927 3374 humiliaretur
951 3318 1004 3372 in
1032 3317 1342 3373 inﬁrmitate
1362 3319 1535 3371 carnis
1554 3329 1770 3381 nostrae,

202 3406 290 3474 qui
331 3408 437 3474 pati
480 3409 611 3463 nihil
656 3419 864 3478 poterat
906 3410 959 3464 in
998 3414 1299 3466 communis
1336 3410 1614 3465 divinitate
1649 3411 1775 3464 sub-

205 3500 429 3554 stantiae.
469 3500 583 3555 Non
613 3505 903 3570 assumpsit
934 3502 1093 3557 homo
1121 3502 1351 3557 hominis
1382 3504 1523 3557 ﬁlius
1552 3504 1772 3557 alti-ram

206 3596 467 3643 naturam.
489 3590 555 3645 Et
581 3607 701 3646 cum
731 3592 782 3647 in
804 3592 990 3647 eadem
1013 3609 1133 3663 qua:
1154 3609 1273 3647 cum
1302 3594 1457 3649 Patre
1480 3595 1778 3649 communis

208 3688 287 3732 est
313 3680 577 3747 patiatur,
622 3682 687 3736 ad
717 3682 926 3738 Patrem
959 3693 1134 3739 tamen
1165 3700 1267 3737 non
1298 3687 1606 3738 transmittit
1636 3687 1776 3749 inju-

209 3767 335 3823 riam
362 3788 375 3822 :
401 3786 503 3827 nec
532 3772 840 3829 humiliatus
871 3774 921 3828 in
955 3773 1089 3829 Filio
1115 3774 1253 3829 Deus
1276 3774 1431 3843 Pater
1458 3776 1781 3844 passihiliter

210 3860 463 3927 creditur,
491 3877 611 3941 cum
643 3878 747 3919 non
779 3865 830 3918 in
862 3866 1049 3921 eadem
1080 3868 1193 3935 ipsa
1222 3882 1338 3935 qua:
1370 3872 1607 3936 utrisque
1633 3883 1779 3921 com-

212 3952 378 4004 munis
407 3960 513 4017 est,
537 3952 631 4008 sed
661 3955 711 4007 in
744 3965 923 4009 nostra
956 3956 1131 4024 potius
1156 3950 1312 4025 quam
1341 3960 1485 4011 solus
1516 3959 1631 4025 ipse
1660 3971 1781 4011 sus-

212 4040 364 4107 cepit,
405 4040 713 4097 Judzcorum
761 4046 999 4101 creditur
1039 4048 1319 4115 pertulisse
1367 4049 1663 4117 perﬁdiam.
1703 4048 1781 4103 Ad

213 4144 507 4198 summam,
543 4136 670 4203 quid
707 4149 895 4204 precor
933 4146 1016 4191 est
1043 4137 1181 4207 quod
1216 4139 1553 4205 pendebat‘iu
1586 4139 1784 4193 cruce?

215 4220 344 4287 Quid
376 4230 461 4276 est
490 4224 630 4292 quod
666 4224 849 4281 lancea
891 4226 1085 4281 dicitur
1114 4228 1460 4283 vulnerasse?
1503 4228 1640 4283 Caro
1669 4244 1787 4297 p::s-

216 4312 399 4378 sibilis,
422 4328 490 4367 an
512 4315 811 4370 substantia
831 4318 1077 4372 deitatis?
1102 4319 1154 4375 Si
1182 4322 1509 4387 maiestatem
1536 4322 1784 4387 protinus

217 4405 512 4473 incorporei
564 4407 884 4474 prtedicztor
933 4412 1325 4479 assunipseris,
1383 4413 1782 4481 Cttrtttplibi'etn

218 4494 376 4550 Deum
401 4496 601 4551 videris
627 4500 951 4556 crederm-Si
980 4504 1280 4570 pas~ihtlrm
1310 4520 1543 4567 carnem,
1578 4522 1680 4556 nnn
1704 4517 1787 4559 cst

218 4590 511 4644 communis
540 4591 637 4645 ista
670 4608 791 4647 cum
840 4593 995 4650 Patre
1021 4633 1038 4659 ,
1082 4597 1262 4664 ulpcr
1293 4596 1427 4651 hanc
1469 4613 1587 4651 cum
1622 4600 1789 4666 ιιοεεὶι

218 4698 341 4737 crux
368 4684 454 4739 illa
482 4685 816 4756 contingere.

817 4778 1041 4834 CAPUT
1078 4778 1191 4834 ΧΠ.

286 4866 403 4924 Fel.
448 4868 582 4922 Dum
610 4870 858 4925 torrentis
881 4869 1039 4924 modo
1064 4871 1239 4926 omnia
1270 4886 1388 4941 qua:
1412 4887 1440 4927 a
1464 4872 1616 4927 nobis
1640 4880 1783 4937 sunt,

218 4957 350 5012 dicta
375 4958 701 5028 prtecipitas,
731 4958 866 5015 duos
892 4959 1176 5015 admodum
1204 4960 1467 5029 Christus,
1492 4977 1596 5016 non
1620 4978 1782 5016 unum

220 5051 493 5117 pr.edicas.
528 5049 594 5104 Et
624 5066 726 5109 non
756 5043 1052 5116 immerito;
1086 5068 1208 5106 nam
1233 5054 1277 5108 si
1308 5054 1359 5108 in
1387 5069 1453 5109 eo
1478 5036 1785 5123 nihil'peni-

217 5149 297 5195 tus
324 5140 577 5195 divinitas
618 5141 863 5211 pertulit,
910 5141 1202 5196 secundum
1251 5142 1517 5197 hominem
1545 5143 1787 5199 Christus

218 5231 348 5285 alius
373 5231 501 5294 luit;
547 5231 782 5299 alioquin
812 5247 906 5301 per
930 5230 1176 5296 allectum
1218 5233 1517 5288 communis
1553 5234 1787 5302 deitatis,

218 5321 374 5374 etiam
402 5320 469 5374 ad
498 5320 706 5375 Patrem
733 5321 912 5389 passio
928 5322 1045 5391 ipsa
1078 5322 1338 5389 pervenit.

278 5414 417 5482 Aug.
458 5410 574 5465 Non
609 5414 680 5468 ita
711 5423 812 5470 est.
858 5415 970 5484 Ego
1006 5416 1144 5489 enim
1177 5416 1508 5471 Salvatorem
1551 5425 1792 5473 nostrum

180 5552 183 5553 ,
221 5519 319 5566 non
346 5502 640 5568 euulundo,
668 5519 772 5559 non
799 5506 993 5561 divido.
1027 5507 1137 5562 Non
1171 5507 1463 5574 confttntlo,
1498 5524 1563 5563 ne
1593 5519 1685 5563 aut
1708 5512 1793 5582 'ill-

222 5608 551 5664 torpoream,
575 5603 627 5649 et
655 5596 1016 5667 imaginariam
1046 5613 1261 5655 carnem
1289 5615 1302 5665 ;
1328 5606 1417 5653 aut
1437 5600 1707 5655 carnalem
1739 5612 1793 5657 ct

1868 1770 2040 1826 sibilis
2067 1765 2118 1825 in
2141 1785 2219 1831 se.
2246 1769 2334 1838 qui
2359 1783 2545 1837 passus
2565 1768 2617 1821 in
2642 1781 2866 1836 corpore
2889 1784 2903 1832 ;
2928 1767 3050 1820 dum
3074 1767 3149 1820 sie
3170 1766 3443 1835 utriusque

1871 1873 2075 1918 natura:
2104 1862 2481 1932 proprietatem
2508 1870 2631 1913 vere
2652 1872 2717 1913 cx
2740 1867 2964 1927 utraque
2996 1857 3228 1926 gignenti
3255 1857 3443 1911 similis

1872 1964 2027 2010 natus
2052 1938 2350 2020 expressit,
2386 1960 2441 2005 ut
2469 1958 2521 2005 et
2549 1963 2728 2003 veram
2760 1962 2971 2003 carnem
2995 1947 3291 2014 suscepisse
3322 1949 3442 1999 éutn

1834 2065 1840 2071 '
1870 2053 2080 2100 constet
2107 2060 2170 2099 ex
2200 2053 2395 2107 matre,
2434 2051 2489 2097 et
2525 2040 2912 2095 indifferentem
2954 2033 3206 2093 deitatem
3246 2038 3443 2115 habere

1870 2145 2079 2193 constet
2110 2154 2175 2191 ex
2206 2136 2382 2191 Patre.
2429 2134 2633 2202 Quibus
2663 2134 2713 2189 in
2746 2149 2903 2207 unam
2934 2147 3213 2202 personam
3246 2132 3445 2184 incom-

1875 2244 1923 2298 pl
1938 2227 2220 2284 ehensibili
2244 2226 2553 2280 mediatoris
2574 2226 2973 2295 dispensatione
2995 2223 3314 2292 conjunctis,
3332 2238 3444 2275 scr-

1874 2318 2017 2372 vavit
2045 2318 2268 2386 singulis
2296 2315 2536 2386 propria,
2568 2316 2659 2369 sed
2688 2315 2963 2383 conjunxit
2992 2315 3220 2384 propriis
3250 2309 3442 2366 a‘iena.

1872 2408 2117 2463 Servavit
2140 2406 2372 2476 propria,
2401 2404 2525 2461 dum
2552 2420 2659 2461 non
2684 2400 2860 2458 amisit
2886 2404 3294 2458 immensitatem
3316 2398 3445 2456 diii-

1875 2500 2079 2564 nitatis,
2107 2508 2157 2554 et
2187 2498 2553 2553 infirmitatem
2584 2512 2690 2571 non
2719 2496 2922 2564 respuit
2941 2496 3137 2550 carnis.
3160 2494 3447 2563 Conjnnxit

1878 2580 2108 2661 propriis
2137 2590 2310 2645 aliena
2339 2630 2354 2653 ,
2385 2592 2509 2645 dum
2538 2588 2680 2642 idem
2715 2597 2870 2657 atque
2900 2582 3270 2656 inseparabilis
3297 2585 3449 2638 Cliti-

1876 2694 2011 2745 stus,
2044 2690 2099 2737 et
2124 2665 2339 2750 proprio
2372 2670 2550 2735 carnis
2590 2678 2867 2744 occiditur,
2907 2686 2961 2732 et
3000 2675 3215 2746 proprio
3242 2676 3450 2730 deitatis

1874 2771 2238 2842 'apudjnl’rros
2261 2785 2365 2826 non
2396 2778 2626 2824 tenetur.
2651 2767 2873 2838 Proprio
2892 2766 3070 2821 carnis
3091 2765 3321 2834 gustavit
3344 2765 3392 2817 vi
3419 2781 3448 2819 τι

1878 2870 2135 2919 mortem:
2163 2872 2217 2919 et
2237 2862 2455 2933 proprio
2480 2861 2719 2927 deitatis,
2742 2870 3051 2930 perpetuam
3085 2856 3312 2912 reddidit
3332 2875 3448 2913 car-

1876 2971 2019 3010 nem.
2054 2953 2166 3010 Non
2190 2969 2319 3023 ergo
2358 2963 2506 3009 recte
2540 2953 2737 3008 dicitttr
2766 2951 2816 3004 in
2848 2950 2980 3004 Filio
3005 2948 3160 3003 Pater
3186 2963 3306 3005 esse
3329 2963 3447 3021 pas-

1872 3062 1983 3113 sus,
2011 3046 2259 3117 quoniam
2304 3046 2358 3099 in
2400 3059 2560 3099 carne
2605 3058 2725 3112 qua:
2764 3043 2968 3095 ci'non
3014 3050 3093 3096 est
3134 3055 3255 3093 cum
3292 3034 3449 3093 Patre

1874 3138 2191 3207 (ommunis,
2237 3151 2425 3207 passus
2468 3148 2546 3193 est
2591 3135 2777 3190 Filius.
2812 3135 2995 3202 itaque
3032 3130 3325 3201 glorificata
3367 3140 3448 3184 est

1875 3246 1999 3286 caro
2039 3231 2347 3300 majestate,
2390 3230 2514 3284 dum
2548 3226 2801 3295 maiestas
2829 3224 3104 3279 humiliata
3142 3222 3362 3276 docetur
3394 3223 3445 3274 in

1874 3338 2053 3378 carne.
2086 3322 2190 3379 Sed
2221 3331 2507 3390 utrumque
2540 3335 2645 3385 non
2671 3318 2736 3372 de
2767 3316 2973 3370 duobus
2999 3314 3226 3369 Christis
3252 3353 3265 3376 ,
3313 3313 3451 3365 sicut

1876 3428 2054 3483 putas.
2085 3412 2179 3468 sed
2209 3412 2277 3466 de
2305 3426 2412 3466 uno
2439 3419 2596 3479 atque
2621 3409 2809 3464 eodem
2826 3393 2977 3473 ipso,
3006 3418 3160 3473 quem
3194 3412 3308 3471 post
3332 3418 3453 3461 uar-

1878 3514 1988 3559 tum
2017 3501 2244 3572 Virg‘nis
2267 3500 2434 3557 Deum
2461 3509 2514 3556 et
2538 3499 2807 3555 hominem
2837 3495 3098 3559 novimus,
3132 3508 3227 3547 nos
3247 3501 3450 3549 certum

1879 3606 1959 3653 cst
1982 3611 2028 3665 p:
2042 3592 2287 3649 mdicare.
2992 3576 2995 3577 ⁷

2463 3680 2687 3737 CAPUT
2727 3678 2863 3735 XIII.

1956 3775 2074 3832 Fel.
2115 3764 2171 3831 Si
2201 3790 2329 3845 ergo
2356 3761 2419 3828 ex
2447 3768 2663 3842 Virgine
2704 3781 2859 3824 natus
2901 3777 2983 3822 est
3025 3767 3293 3831 Christus,
3326 3781 3457 3835 quo-

1883 3870 2041 3925 modo
2068 3870 2178 3925 Deo
2205 3868 2343 3922 Patri
2374 3866 2565 3921 dicitur
2594 3860 2924 3917 coartet-nus?

1957 3961 2087 4030 Aug.
2133 3960 2208 4013 De
2251 3958 2351 4011 hoc
2384 3954 2595 4025 quidem
2636 3952 2792 4005 nobis
2834 3951 2994 4003 etiam
3039 3947 3296 4000 adversus
3320 3948 3455 4000 alios

1883 4055 2095 4110 diversa
2117 4052 2389 4106 contentio
2418 4057 2537 4105 est:
2565 4059 2616 4102 et
2648 4047 2767 4099 ideo
2795 4059 2861 4098 ne
2891 4041 3156 4096 difﬁcilior
3184 4044 3456 4110 sitevp'a-

1885 4145 2027 4197 natio
2057 4140 2321 4205 vi-ritatis,
2351 4152 2564 4193 causam
2598 4134 2826 4203 primum
2854 4144 3204 4199 prnpmiamns
3235 4132 3452 4183 erroris.

1885 4232 2016 4287 Nam
2049 4231 2118 4284 ab
2142 4245 2251 4284 uno
2279 4229 2430 4283 malae
2452 4223 2786 4281 credulitatis
2816 4222 2925 4275 orsi
2959 4218 3241 4287 principio,
3271 4218 3323 4271 in
3353 4219 3461 4271 duo

1888 4319 2281 4390 quodammodo
2350 4315 2715 4385 intelligentia:
2771 4309 3050 4366 di~similis
3105 4305 3458 4363 deliramenta

1892 4412 2201 4466 funduntur.
2255 4409 2350 4464 Est
2399 4421 2630 4475 namque
2674 4403 2910 4469 utrisque
2955 4414 3257 4462 commune,
3302 4415 3462 4451 unam

1892 4500 2090 4556 Christi
2142 4500 2494 4562 nativitatem,
2540 4511 2646 4550 non
2692 4493 2825 4547 duas
2859 4492 3177 4567 prn‘dicare.
3227 4488 3330 4544 Sed
3376 4489 3466 4544 alii

1893 4595 2036 4649 illam
2071 4592 2415 4661 principalem
2458 4604 2561 4659 qua
2602 4600 2725 4642 ante
2751 4583 2926 4639 omnia
2959 4598 3022 4638 ex
3053 4582 3163 4636 Deo
3200 4591 3356 4635 natus
3384 4591 3467 4636 est

1899 4684 2057 4749 Deus,
2098 4664 2184 4736 alii
2218 4683 2355 4735 hanc
2385 4687 2584 4734 tantum
2612 4692 2716 4747 qua
2754 4691 2819 4731 ex
2847 4674 3065 4744 Virgine
3094 4674 3353 4742 processit
3381 4672 3466 4728 hic

1886 4773 2056 4845 3M
2068 4774 2342 4838 Dominus,
2361 4772 2555 4842 proprii
2574 4769 2835 4841 dogmatis
2851 4767 3164 4822 definitione
3179 4767 3284 4822 reci
3292 4766 3459 4835 piunt;

1896 4866 1982 4933 qui
2016 4881 2111 4934 per
2138 4863 2572 4935 consequentiam
2603 4862 2739 4916 male
2767 4860 2892 4929 jacti
2922 4859 3163 4921 seminis,
3195 4859 3247 4913 in
3277 4858 3472 4914 similis

1894 4958 2238 5027 blasphemia:
2267 4958 2575 5027 barathrum
2601 4955 2931 5010 ceciderunt.
2958 4954 3091 5007 Ecce
3117 4951 3257 5009 enim
3283 4950 3372 5019 qui
3392 4965 3462 5004 ex

1893 5046 2111 5119 Virgine
2150 5047 2518 5113 non‘credunt
2562 5054 2763 5108 natum,
2796 5055 3008 5099 omnem
3055 5042 3460 5112 Evangeliorum

1897 5140 2076 5205 ﬁdem,
2123 5154 2336 5196 omnem
2366 5139 2699 5209 baptismatis
2737 5139 3039 5201 utilitatem,
3082 5150 3294 5191 omnem
3331 5149 3459 5204 apo-

1896 5232 2156 5288 stolorum
2213 5234 2666 5302 praedicationem,
2700 5240 2755 5285 et
2803 5230 2866 5284 ad
2913 5244 3197 5290 summam.
3241 5242 3458 5283 omnem

1898 5325 2031 5380 Novi
2055 5327 2381 5381 Testamenti
2403 5326 2796 5394 auctoritatem,
2812 5332 2958 5380 velut
2978 5322 3200 5391 quadam
3228 5320 3463 5377 Judaicas

1897 5416 2284 5473 incredulitatis
2313 5419 2551 5474 caecitate
2578 5418 2911 5471 subvertnnt.
2955 5415 3020 5468 Et
3044 5413 3163 5468 ideo
3203 5428 3268 5467 ne
3292 5413 3461 5481 ipsam

1898 5509 2228 5579 majestatcm
2269 5511 2483 5581 quidem
2513 5511 2568 5565 in
2598 5511 2687 5566 Dei
2730 5509 2862 5564 Filio
2890 5508 3203 5578 cognovisse
3244 5508 3463 5573 putandi

1897 5612 2041 5670 sunt,
2071 5603 2193 5674 quia
2222 5611 2613 5660 sacramentum
2644 5602 2950 5660 mediatoris
2971 5641 2985 5670 ,
3014 5613 3120 5671 quo
3149 5613 3269 5655 cum
3311 5599 3470 5658 inno-
