3856 6222
355 314 359 318 ν
441 231 548 290 διδ

1729 227 1963 297 vtetur
2001 230 2365 292 TM‘SENSZS

3586 243 3702 299 5“

442 355 652 402 teseere
678 344 832 400 Pater
850 343 1098 414 gentibus
1118 339 1310 406 voluit,
1334 339 1662 410 ahjecerunt.
1696 341 1765 397 At
1790 357 1917 399 vero
1946 342 2000 398 hi
2026 346 2078 405 Α
2107 347 2470 416 plenissimam
2514 350 2789 408 deitatem.
2826 353 2943 410 Non
2983 354 3255 412 dissimilis
3282 356 3517 425 genitori
3560 371 3700 411 eun

440 434 532 504 qui
553 450 658 490 non
685 450 754 490 ex
784 434 940 492 Patre
964 438 1088 488 ante
1113 438 1272 487 omne
1294 429 1528 498 initium,
1559 429 1653 486 sed
1679 445 1744 487 ex
1767 439 2005 502 tempore

444 521 677 595 Virginis
695 529 848 593 partu
867 531 1048 577 natum
1068 533 1187 577 esse
1204 519 1566 585 contendunt;
1588 533 1693 575 non
1712 535 1834 577 eum
1857 535 2007 579 erea-

443 623 612 671 torem
637 612 896 678 omnium,
921 598 1338 689 “Dominum
1363 609 1747 680 omnipOIentia
1773 608 1914 665 Patri
1942 623 2006 665 ac

444 705 722 773 majestate
745 690 1082 759 consimilem
1105 701 1424 758 didicerunt.
1453 699 1735 768 Quomodo
1750 700 1902 762 enim
1929 701 2008 756 te-

441 797 578 849 cis-e
606 794 878 864 potabitur
901 800 1117 856 cuncta,
1145 801 1272 849 ante
1296 792 1451 863 cujus
1477 798 1650 848 ortum
1694 791 1857 847 fuisse
1883 805 2005 847 eer-

445 893 554 939 tum
601 895 684 939 est
726 885 1017 939 universa?
1059 885 1164 940 Aut
1192 882 1459 952 quomodo
1492 881 1608 950 ejus
1645 880 1898 937 divinitas
1925 890 2009 936 est
2051 873 2056 881 ’

442 975 760 1040 tremenda,
814 985 922 1044 quo
964 968 1188 1029 necdum
1236 980 1364 1026 nato
1409 971 1545 1026 facta
1588 978 1714 1026 sunt
1759 968 2008 1041 singula?

445 1063 544 1120 Vel
589 1064 857 1135 quomodo
903 1063 1020 1134 ejus
1067 1061 1316 1116 divinitas
1362 1057 1599 1114 creditur
1646 1072 1765 1114 esse
1811 1073 2004 1130 perpo-

444 1162 557 1219 tua,
582 1169 702 1209 cum
730 1169 834 1208 non
861 1167 1070 1221 semper
1097 1161 1153 1207 ut
1181 1150 1371 1214 Patris,
1393 1148 1490 1205 sed
1511 1164 1574 1202 ex
1598 1158 1838 1220 tempore
1867 1164 2007 1219 pra:-

441 1245 650 1300 dicatur
700 1245 929 1301 educta?
983 1244 1186 1314 Negant
1238 1242 1396 1313 igitur
1443 1242 1603 1298 etiam
1652 1242 1704 1297 hi
1751 1240 2010 1312 quodam-

330 1386 352 1394 -
445 1337 606 1393 modo
642 1335 946 1392 mediatoris
986 1335 1426 1404 consequentium
1467 1348 1645 1388 rerum
1690 1332 2006 1389 necessitate

445 1428 792 1498 mys'erittm;
842 1426 964 1497 quia
1010 1440 1113 1480 non
1161 1425 1326 1480 Deum
1371 1433 1426 1480 et
1465 1423 1767 1489 hominem;
1807 1436 1912 1478 non
1940 1435 2013 1478 ex‘

443 1518 762 1583 mternitaie,
801 1517 893 1571 sed
933 1533 997 1570 ex
1041 1526 1277 1585 tempore
1302 1529 1318 1579 ;
1347 1528 1454 1568 non
1477 1518 1541 1569 ex
1571 1515 1790 1579 virtute,
1819 1512 1914 1569 sed
1939 1526 2014 1590 ex.

445 1605 787 1671 inﬁrmitate;
816 1621 922 1660 non
951 1621 1012 1660 ex
1060 1605 1216 1660 Patre
1242 1613 1365 1659 ante
1393 1602 1574 1658 omnia
1614 1603 1756 1658 Patri
1778 1601 2006 1658 similem

2109 451 2422 497 nasceretur
2448 457 2514 497 ex
2546 453 2746 499 arterno
2777 455 3096 514 perpetuus:
3128 463 3232 502 non
3258 448 3550 504 dissimilia
3583 451 3700 502 hoc

2109 527 2257 596 mini,
2287 543 2408 585 eum
2432 546 2502 586 ex
2535 543 2707 588 matre
2737 537 2969 592 nascitur
2991 538 3298 597 moriturus.
3324 538 3466 592 idem
3491 546 3700 594 tamen

2106 626 2161 672 et
2186 626 2416 675 aeternus
2437 620 2491 674 iu
2509 635 2626 685 suo.
2641 631 2696 676 et
2722 625 3006 679 moriturus
3022 625 3075 682 iu
3099 627 3440 692 nostro,dum
3463 637 3702 683 utrun-

2107 721 2211 775 que
2235 707 2472 763 continet
2501 723 2568 764 ex
2591 709 2788 778 seipso,
2820 723 2873 766 et
2901 724 3145 770 neutrum
3179 711 3352 784 perdit
3378 731 3445 771 ex
3476 715 3696 770 altero.

2107 795 2301 866 Sicque
2338 811 2401 852 ex
2433 797 2545 853 Deo
2583 807 2636 854 et
2662 799 2884 857 homine
2925 819 3031 858 non
3080 805 3440 873 imperfectus,
3496 805 3607 860 sed
3640 805 3699 856 in

2107 885 2314 942 diversa
2355 886 2688 954 proprietate
2718 889 3054 957 plenissimus
3095 904 3249 949 natus
3277 905 3358 952 est
3387 894 3696 960 Christus;

2105 976 2241 1030 sicut
2263 990 2334 1030 ex
2356 975 2529 1030 anima
2559 985 2612 1030 et
2639 993 2862 1046 corpore
2888 983 3248 1054 unusquisque
3277 985 3568 1052 hominum
3593 987 3698 1040 do-

2107 1075 2260 1123 cetur-
2288 1078 2408 1120 esse
2439 1063 2724 1133 perlectus.
2766 1067 2878 1122 Non
2920 1070 3057 1126 alius
3084 1075 3247 1128 homo
3273 1063 3510 1143 corpus,
3546 1075 3700 1130 alios

2106 1154 2338 1218 animus,
2377 1153 2616 1221 quamvis
2644 1155 2784 1212 aliud
2825 1146 3053 1224 animus,
3089 1161 3228 1215 aliud
3264 1177 3490 1233 corpus;
3546 1179 3697 1218 nnis

2108 1253 2287 1302 tamen
2304 1254 2462 1315 atque
2483 1243 2623 1299 idem
2645 1245 2823 1306 homo,
2842 1256 2894 1302 et
2915 1263 3109 1317 corpus
3129 1250 3349 1305 docetur
3370 1262 3422 1307 et
3435 1254 3696 1308 animus.

2111 1335 2339 1396 Rursum
2375 1349 2477 1389 non
2507 1350 2668 1388 unum
2700 1346 2856 1404 atque
2882 1337 3111 1407 idipsum
3135 1354 3330 1409 corpus
3356 1352 3408 1395 et
3436 1343 3694 1407 animus,

2108 1425 2230 1496 quia
2260 1440 2325 1480 ex
2349 1435 2573 1492 utroque
2603 1424 2761 1479 homo
2783 1425 2955 1482 factus
2977 1437 3058 1482 est
3080 1428 3291 1484 unus.N
3326 1445 3362 1486 n
3385 1432 3540 1485 eni
3571 1431 3695 1486 hac

2107 1524 2199 1571 aut
2224 1513 2570 1570 substantiam
2601 1513 2931 1589 confundunt
2951 1516 3004 1570 in
3033 1519 3258 1572 veritate
3285 1533 3561 1588 persona,
3598 1530 3692 1574 aut

2109 1617 2396 1673 personam
2442 1601 2714 1672 geminant
2753 1602 3068 1662 diversitate
3116 1601 3280 1676 3.56
3319 1608 3691 1672 substantia;

447 1693 660 1763 Filium,
694 1694 786 1749 sed
829 1709 891 1749 ex
922 1703 1090 1748 matre
1117 1694 1252 1748 inter
1293 1690 1493 1759 omnia,
1538 1707 1646 1746 non
1678 1707 1884 1760 verum,
1913 1692 2006 1749 sed
2043 1687 2084 1747 Β
2111 1693 2534 1763 qttandoqu'dem
2562 1707 2697 1748 unus
2725 1698 2788 1750 ex
2823 1693 2906 1747 his
2931 1690 3091 1749 homo
3120 1696 3356 1751 noscitur
3381 1699 3688 1752 exstitisse.

446 1783 811 1854 imaginarium
853 1785 1084 1838 hominis
1112 1783 1302 1851 ﬁlium,
1331 1783 1383 1838 in
1413 1782 1722 1846 manifesto,
1764 1799 1873 1839 non
1909 1799 2006 1853 per

446 1873 556 1927 veri
585 1873 979 1928 similitudinem
1022 1881 1200 1930 natum
1241 1870 1848 1942 praedicantChristum.
1890 1871 2005 1940 Quo

447 1966 528 2028 fit,
571 1973 716 2020 utne
742 1969 793 2019 lu
823 1979 982 2020 carne
1010 1964 1218 2034 quidem
1250 1979 1410 2019 nosse
1435 1963 1652 2035 putandi
1677 1965 1786 2020 sint
1815 1963 2000 2029 Deum,

445 2070 599 2126 quem
626 2066 750 2111 ante
775 2041 1197 2127 assumptionet'n'
1215 2055 1395 2112 carnis
1419 2051 1488 2112 de
1511 2052 1668 2110 Patre
1687 2070 1794 2112 non
1820 2064 2006 2125 putant

415 2149 698 2270 e'emum'
1022 2211 1246 2271 carur
1286 2204 1441 2270 xxv.

527 2320 681 2382 Vides
712 2328 870 2399 igitur
893 2342 998 2399 quo
1029 2337 1185 2397 pacto
1213 2329 1354 2384 inter
1382 2326 1516 2397 bos,
1542 2323 1667 2382 licet
1700 2324 2008 2394 discrepatio

417 2417 589 2472 tibus
622 2419 828 2481 medii,
875 2417 1014 2474 idem
1046 2428 1222 2473 tamen
1267 2417 1509 2482 initium,
1543 2415 1682 2471 idem
1710 2414 1886 2471 exitus
1911 2413 2008 2470 do-

446 2520 598 2563 cetur
635 2509 870 2564 erroris?
913 2507 1019 2563 Nos
1047 2518 1229 2563 contra
1258 2510 1335 2564 sic
1375 2504 1702 2564 nativitatem
1731 2514 2006 2573 utramque

448 2597 785 2655 defendimus
804 2638 820 2665 ,
851 2607 910 2652 ut
945 2607 1186 2654 neutram
1215 2599 1437 2654 alterius
1467 2591 1820 2651 afﬁrmatione
1851 2594 2006 2649 tolla«

449 2701 589 2743 mus.
613 2686 751 2742 Nam
773 2701 875 2742 nec
901 2685 1244 2756 temporalem
1274 2687 1456 2756 prima:
1486 2683 1626 2740 illius
1655 2683 2006 2754 perpetuitate

448 2779 786 2840 damnamus,
806 2787 909 2831 nec
939 2779 1192 2831 aeternam
1231 2773 1387 2845 hujus
1410 2773 1713 2844 temporalis
1743 2773 2006 2830 brevitate

417 2866 811 2921 'concludimus
840 2882 852 2920 :
880 2867 1111 2921 scientes
1153 2864 1264 2921 veri
1303 2862 1397 2920 Dei
1445 2863 1852 2936 inseparabilem
1883 2878 2007 2935 pro-

448 2960 574 3026 lem,
605 2968 660 3014 et
685 2958 842 3026 hujus
860 2969 1001 3013 vere
1025 2953 1194 3028 prolis
1210 2966 1389 3028 postea
1412 2958 1744 3012 verissimam
1766 2971 2003 3013 carnem.

2107 1784 2224 1840 Non
2253 1786 2478 1854 perdunt
2505 1786 2716 1854 prepria
2738 1786 2759 1853 ',
2785 1784 2877 1840 sed
2904 1786 3024 1856 quia
3068 1787 3119 1841 in
3150 1801 3311 1842 unum
3339 1796 3504 1858 atque
3539 1787 3690 1843 inse-

2107 1876 2336 1946 parabile
2356 1883 2738 1938 couVeuerunt,
2762 1892 2826 1930 ex
2853 1877 3079 1946 propriis
3105 1878 3353 1959 videntur
3375 1879 3516 1934 laeta
3541 1894 3689 1934 eont-

2107 1965 2310 2023 munia.
2341 1965 2579 2022 Afficitur
2604 1967 2659 2021 in
2680 1981 2904 2036 corpore
2928 1982 3076 2021 mens
3102 1966 3380 2023 doloribus
3406 1971 3684 2039 corporis,

2108 2056 2354 2127 fatigatur
2376 2070 2570 2125 corpus
2610 2055 3018 2125 cogitationibus
3045 2057 3269 2122 mentis;
3310 2069 3365 2113 et
3403 2074 3581 2113 unum
3612 2068 3687 2112 ta.

2106 2163 2230 2204 men
2255 2137 2452 2204 borum
2486 2146 2756 2216 proprium
2789 2156 2871 2201 est
2899 2146 3164 2215 corporis,
3196 2147 3424 2203 alterum
3455 2149 3681 2204 mentis.

2106 2237 2256 2304 Quod
2284 2237 2407 2292 dum
2429 2238 2518 2293 uni
2543 2237 2741 2291 homini
2759 2237 3031 2302 acciderit,
3046 2246 3101 2292 et
3127 2242 3685 2310 corporis,_comntnne

2107 2325 2408 2394 videtur,et
2433 2325 2750 2384 mentis.Sic
2776 2337 2894 2395 post
2925 2337 3130 2394 partum
3157 2324 3388 2398 Virginis
3410 2344 3520 2382 non
3544 2328 3683 2384 alius

2110 2414 2225 2482 Dei.
2249 2426 2302 2472 et
2330 2416 2465 2473 alius
2492 2415 2743 2482 hominis,
2776 2417 2869 2472 sed
2910 2417 3048 2472 idem
3077 2417 3323 2474 Christus
3352 2419 3444 2475 Dei
3475 2430 3534 2476 et
3579 2419 3682 2473 bn-

2108 2511 2267 2564 minis
2294 2510 2456 2570 Filius
2485 2511 2606 2565 fuit.
2648 2511 2713 2565 Et
2748 2510 2883 2564 sicut
2913 2510 2964 2563 in
3009 2525 3113 2565 uno
3143 2509 3359 2578 homine
3385 2511 3530 2566 aliud
3559 2509 3678 2565 ani-

2109 2599 2397 2664 mus,alind
2417 2615 2608 2668 t-orpus
2636 2617 2648 2653 :
2673 2602 2750 2653 sic
2776 2601 2826 2652 in
2853 2599 3146 2654 mediatnre
3171 2601 3263 2654 Dei
3293 2609 3349 2655 et
3371 2602 3676 2664 hominum,

2106 2687 2248 2744 aliud
2282 2691 2373 2744 Dei
2404 2687 2587 2754 Filius,
2619 2689 2758 2744 aliud
2801 2688 3034 2744 hominis
3070 2689 3189 2755 fuit,
3236 2706 3372 2745 unus
3401 2696 3582 2745 tamen
3611 2705 3675 2744 ex

2109 2792 2336 2846 utroque
2365 2780 2608 2835 Christus
2639 2780 2892 2835 Dominus
2927 2780 3042 2834 fuit.
3076 2781 3229 2834 Aliud
3250 2822 3265 2845 ,
3297 2780 3544 2860 inquam,
3581 2795 3677 2850 pro

2108 2873 2429 2930 discretione
2448 2873 2778 2935 substantiae.
2796 2889 2898 2927 non
2921 2873 3054 2926 alius
3072 2879 3169 2940 pro
3185 2874 3385 2927 unitate
3408 2887 3672 2943 persona.

2687 2961 2912 3019 CAPUT
2965 2960 3078 3016 XV.

451 3050 564 3106 Non
599 3061 721 3104 tunc
766 3050 993 3116 fatentes
1019 3046 1216 3104 Christi
1245 3045 1573 3104 divinitatem
1617 3047 1849 3118 cmpisse
1885 3063 2004 3102 eum
2031 3034 2076 3096 C
2178 3053 2296 3109 Fel.
2341 3053 2397 3108 lu
2445 3053 2808 3122 superioribus
2853 3053 3065 3122 quidem
3113 3067 3199 3108 me
3236 3049 3301 3106 ad
3351 3053 3672 3108 credendam

449 3137 608 3209 Virgo
635 3154 837 3208 coneep
864 3150 918 3205 t;
943 3153 1040 3195 nec
1069 3150 1195 3194 tunc
1223 3140 1451 3208 cmpisse
1480 3152 1695 3193 carnem
1722 3153 1841 3191 eum
1872 3135 2005 3191 inel—

450 3227 594 3283 iabili
624 3229 850 3303 quodam
892 3239 1041 3298 partu
1069 3243 1256 3284 monas
1280 3225 1438 3300 3&5
1469 3227 1554 3284 illa
1576 3267 1591 3293 ,
1635 3226 1751 3284 sine
1779 3227 2006 3282 interca-

451 3319 642 3389 pedine
685 3317 843 3374 medii
873 3317 1147 3390 temporis,
1185 3319 1238 3375 in
1276 3320 1420 3375 nullo
1447 3317 1780 3375 dlll‘erentem
1824 3331 2009 3373 mona-

450 3409 594 3475 ilcm,
627 3407 730 3464 nisi
758 3407 897 3478 quod
930 3425 1112 3464 monas
1136 3411 1380 3476 docetur,
1412 3406 1611 3479 genuit.
1641 3405 1754 3462 Non
1784 3407 2008 3461 inﬁrmi-

451 3510 609 3553 tatem
639 3500 987 3555 voluntariam
1016 3499 1209 3556 Christi
1248 3501 1583 3569 omnipotens
1617 3498 1731 3567 ejus
1760 3497 2009 3569 majestas

451 3591 749 3658 exhorruit,
787 3609 890 3647 mu
925 3591 1361 3663 omnipotentiam
1401 3591 1682 3647 iullrmitas
1717 3592 2009 3660 corporalis

451 3685 732 3739 exstinxit.
775 3684 898 3740 Scio
940 3684 1006 3737 ad
1045 3684 1239 3738 inferos
1277 3681 1611 3738 divinitatem
1641 3680 1760 3736 Fiii
1790 3681 1884 3736 Dei
1918 3680 2009 3736 de-

449 3777 720 3833 scendisse
761 3779 1084 3848 proprietate
1120 3777 1316 3844 carnis,
1348 3777 1461 3832 scio
1489 3776 1555 3831 ad
1585 3776 1777 3831 caelum
1816 3791 2006 3832 ascen-

450 3867 591 3922 disse
615 3881 827 3922 caructn
855 3868 1046 3921 merito
1071 3865 1302 3923 deitatis.
1343 3866 1457 3921 Non
1497 3875 1577 3920 est
1608 3864 1697 3920 Dei
1738 3864 2006 3934 propriqu

446 3955 586 4023 quod
610 3955 799 4010 laniem
820 3957 986 4011 sensit
1010 3972 1021 4007 :
1045 3958 1140 4010 sed
1162 3956 1252 4011 Dei
1275 3955 1545 4025 proprium
1570 3963 1652 4009 est
1675 3953 1812 4023 quod
1833 3955 2012 4024 paucis

452 4045 676 4110 panibus
713 4056 790 4100 tot
827 4047 990 4101 millia
1034 4047 1301 4101 hominum
1341 4046 1574 4101 satiavit.
1610 4046 1722 4101 Non
1768 4057 1848 4102 est
1892 4063 2011 4116 pro-

451 4135 620 4200 prium
649 4135 826 4200 carnis
853 4134 994 4204 quod
1036 4149 1195 4212 super
1223 4134 1510 4190 trementes
1546 4135 1713 4188 undas
1740 4134 1893 4190 siccis
1921 4147 2013 4204 pe-

362 4253 367 4260 -
451 4224 604 4277 dibus
625 4221 930 4289 ambulavit,
958 4221 1050 4278 sed
1076 4237 1155 4278 est
1185 4224 1360 4279 carnis
1381 4224 1653 4294 preprium
1675 4224 1814 4293 quod
1835 4233 2009 4292 sputa,

449 4309 670 4384 palmas,
715 4315 914 4384 ﬂagella
953 4314 1224 4370 sustinuit.
1263 4313 1414 4372 Unus
1455 4325 1630 4370 tamen
1671 4324 1829 4383 atque
1869 4313 2008 4368 idem

2105 3145 2304 3200 Christi
2334 3159 2399 3199 ex
2417 3153 2586 3198 matre
2615 3143 2939 3198 nativitatem
2970 3144 3116 3209 salva
3150 3144 3499 3213 perpetuitate
3527 3159 3672 3198 com-

2108 3235 2318 3304 “lle”!
2341 3250 2354 3286 :
2377 3232 2473 3288 sed
2496 3233 2617 3302 quia
2641 3241 2823 3287 eontra
2853 3231 3108 3287 rationem
3135 3229 3185 3284 vi
3213 3231 3466 3286 orationis
3489 3221 3671 3285 exorta

2107 3341 2212 3380 non
2243 3326 2296 3380 in
2325 3319 2477 3379 nobis
2505 3333 2726 3390 possunt
2750 3339 2870 3379 esse
2896 3324 3143 3379 continua
3173 3338 3189 3377 :
3221 3321 3423 3378 idcirco
3443 3339 3576 3377 «um
3605 3321 3669 3374 ad

2109 3415 2521 3485 propositionem
2541 3429 2709 3469 meam
2732 3413 2955 3469 sollicita
2980 3414 3273 3468 intentione
3289 3415 3536 3484 respicio,
3551 3426 3671 3467 nee-

2108 3503 2231 3559 dum
2260 3503 2388 3560 mihi
2419 3502 2600 3560 videor
2629 3501 2681 3558 in
2711 3503 2789 3557 his
2811 3518 2930 3573 qua
2959 3519 2988 3556 a
3017 3514 3067 3557 te
3093 3503 3230 3558 dicta
3256 3493 3381 3557 sunt
3407 3503 3667 3556 invenisse

2109 3593 2250 3663 quod
2278 3608 2478 3663 quaero.
2513 3589 2701 3647 Nescio
2725 3591 2867 3646 enim
2910 3591 3178 3659 qumodo
3213 3602 3396 3646 natum
3438 3592 3669 3645 doceatis

2109 3699 2174 3738 ex
2201 3692 2626 3752 tempore,quem
2650 3690 2973 3735 comternum
2998 3680 3138 3734 Patri
3167 3679 3342 3734 dicitis
3359 3680 3466 3748 jam
3489 3680 3664 3734 fuisse.

2110 3771 2267 3829 Nasci
2287 3773 2424 3828 enim
2454 3781 2537 3828 est
2561 3771 2702 3827 velut
2729 3773 2942 3841 quidam
2975 3778 3149 3826 motus
3177 3773 3252 3826 rei
3281 3787 3386 3825 non
3416 3771 3667 3826 exs'autis

2110 3871 2390 3932 antequam
2419 3870 2682 3926 nascatur,
2713 3861 2762 3916 id
2793 3875 2955 3932 agens
2987 3861 3245 3917 benellcio
3276 3857 3583 3928 nativitatis,
3612 3868 3664 3912 ut

2110 3952 2199 4009 sit.
2241 3952 2356 4020 Quo
2394 3953 2659 4021 colligitur
2686 3951 2954 4008 Christum
2986 3954 3074 4021 qui
3115 3962 3230 4008 erat
3258 3952 3406 4007 nasci
3439 3959 3545 4007 udn
3575 3958 3666 4021 po-

2110 4045 2302 4111 tuisse;
2334 4043 2376 4099 si
2405 4041 2548 4098 nasci
2578 4043 2765 4110 potuit,
2789 4056 2896 4097 non
2927 4043 3109 4099 fuisse.
3247 4118 3250 4122 '

2181 4139 2313 4207 Aug.
2353 4134 2434 4190 Ad
2477 4134 2869 4204 inquisitionem
2912 4150 3009 4190 nos
3055 4127 3660 4204 ineomprebensibilium

2112 4240 2318 4292 rerum,
2359 4239 2492 4280 nova
2530 4225 2888 4293 interrogandi
2923 4225 3233 4280 curiositate
3271 4222 3588 4292 compellit:
3616 4229 3662 4272 et

2117 4315 2239 4370 ideo
2282 4330 2384 4370 non
2430 4314 2532 4369 nisi
2578 4313 2893 4383 quibusdam
2931 4314 3292 4381 exemplorum
3336 4307 3661 4364 lineamentis

453 4406 693 4461 Christus
714 4415 815 4473 est,
844 4408 930 4476 qui
954 4418 1004 4473 et
1035 4407 1255 4476 injurias
1285 4408 1446 4463 toties
1468 4408 1702 4477 pertulit,
1725 4415 1941 4461 etartus
1961 4407 2015 4461 in
2047 4388 2093 4450 ο
2121 4403 2309 4472 poterit
2341 4402 2590 4470 explicati
2625 4402 2762 4469 quod
2795 4403 3008 4469 quaeris.
3057 4398 3245 4455 Patere
3275 4401 3432 4470 igitur
3466 4413 3554 4454 me
3578 4409 3661 4465 pro

458 4497 715 4563 profundo
745 4512 846 4552 non
878 4499 1081 4554 mersit.
1117 4499 1180 4553 Et
1215 4500 1316 4554 hoc
1343 4508 1495 4568 pacto
1522 4499 1572 4553 in
1600 4496 1892 4552 mediatore
1920 4495 2012 4552 Dei

456 4593 512 4638 et
540 4586 808 4641 hominum
846 4590 1033 4657 injuria
1061 4591 1142 4645 sui
1172 4592 1412 4660 corpor’s
1439 4588 1678 4644 affectam
1707 4589 1876 4652 fateor
1904 4588 2014 4641 dei-

459 4683 655 4741 tatem,
687 4679 821 4733 sicut
848 4682 1124 4749 majestate
1149 4684 1361 4738 deitatis
1396 4682 1740 4752 glorificatant
1773 4682 2016 4735 novimus
2045 4711 2048 4714 ‹

457 4777 694 4818 carnem.
735 4762 876 4835 Ergo
915 4763 1156 4825 Christus
1193 4781 1431 4825 mortuus
1467 4780 1568 4827 est.
1607 4773 1695 4839 qui
1739 4781 1794 4825 et
1840 4785 2017 4822 resur-

457 4851 635 4907 rexit:
668 4868 764 4909 nec
790 4850 911 4909 ideo
938 4865 1106 4912 tamen
1138 4869 1420 4930 utrumque
1440 4878 1502 4914 ex
1531 4876 1658 4924 uno,
1691 4859 1783 4914 sed
1815 4873 1880 4912 ex
1907 4873 1933 4912 s
1956 4876 2015 4912 n-

457 4943 594 5014 gnlis
623 4944 847 5015 singula.
895 4943 950 5000 In
978 4958 1198 5017 utroque
1230 4960 1402 5004 tamen
1430 4951 1697 5019 perlectus
1729 4950 1841 5014 ipse
1871 4960 2016 5000 coin-

456 5034 640 5106 plevit.
685 5035 808 5090 dum
858 5051 992 5090 unus
1041 5042 1200 5105 atque
1247 5038 1605 5105 insrparabiiis
1653 5047 1759 5090 tam
1808 5036 2016 5090 diversa

457 5123 739 5192 complevit
787 5143 799 5178 :
847 5141 954 5180 uno
1003 5135 1225 5180 mortem
1276 5128 1517 5196 gustavit,
1557 5127 1730 5181 altero
1778 5136 2016 5180 mortuos

455 5212 748 5269 suscitavit.
793 5215 988 5282 SiCque
1025 5227 1082 5268 se
1123 5215 1283 5267 Deum
1330 5223 1382 5268 et
1426 5215 1692 5270 hominem
1744 5216 2016 5284 utriusQue

455 5311 616 5356 serus
639 5302 920 5368 mediator,
951 5312 1048 5355 nec
1075 5303 1337 5370 geminata
1369 5315 1614 5371 persona,
1645 5320 1741 5357 nec
1769 5304 2015 5358 subsun-

353 5391 358 5396 ’
458 5394 524 5444 tia
557 5393 773 5444 confusa
805 5391 1422 5461 monstravitJngrcss-us
1448 5403 1526 5447 est
1549 5393 1774 5462 Virginis
1803 5403 2014 5448 uterum

462 5475 553 5530 Dei
581 5478 761 5542 Filius,
785 5489 846 5534 ut
871 5483 1062 5534 iterum
1082 5491 1394 5535 nasceretur
1421 5482 1665 5548 anteiam
1698 5483 1901 5552 genitus
1926 5498 1939 5535 :
1963 5492 2015 5534 ct

461 5567 688 5634 suscepit
732 5577 898 5622 totum
935 5568 1230 5636 hominem,
1276 5570 1361 5640 qui
1397 5569 1505 5637 jam
1536 5569 1759 5626 habebat
1800 5587 1828 5624 ι
1857 5570 2012 5624 Ρδιῐε

2116 4497 2376 4567 affirmate
2396 4493 2583 4548 afferre
2609 4506 2719 4546 rem
2753 4493 2968 4548 alterius
2994 4491 3302 4561 quaestionis
3346 4507 3362 4544 :
3401 4491 3525 4562 quia
3553 4499 3659 4542 cum

2115 4601 2233 4639 eam
2267 4598 2369 4637 non
2416 4596 2509 4649 pro
2553 4581 2655 4636 [ide
2692 4585 2796 4648 sui,
2841 4583 2932 4638 sed
2978 4597 3074 4651 pro
3115 4582 3334 4638 alterius
3369 4580 3660 4637 ostensione

2119 4685 2259 4726 nunc
2285 4670 2523 4741 profero,
2567 4685 2668 4725 non
2698 4672 2750 4724 in
2782 4683 2841 4725 ea
2864 4683 2948 4724 me
2973 4658 3226 4738 conjiclas
3250 4671 3516 4738 explicare
3535 4665 3657 4736 quod

2115 4763 2307 4828 credo;
2336 4763 2426 4816 sed
2459 4763 2527 4814 ita
2565 4777 2648 4816 me
2674 4766 2891 4816 credere
2911 4762 2975 4816 ad
3007 4774 3239 4830 praesens
3266 4771 3488 4830 pnta,ut
3517 4759 3657 4815 intel-

2122 4855 2283 4922 ligere
2315 4852 2515 4921 {aeilius
2541 4853 2710 4920 possis
2731 4853 2826 4906 ista
2854 4863 2970 4922 quae
2998 4852 3199 4906 dixero.
3225 4851 3510 4929 Fingamus
3527 4865 3656 4917 erg",

2121 4944 2254 4996 sicut
2288 4940 2528 5010 plerique
2555 4941 2759 5005 volunt,
2811 4955 2926 4997 esse
2957 4943 3007 4996 in
3041 4940 3238 4998 mundo
3265 4943 3495 4997 animam
3525 4953 3658 5009 gent--

2122 5047 2149 5086 r
2184 5033 2308 5101 lem,
2342 5047 2458 5100 qua:
2496 5033 2572 5086 sic
2602 5030 2848 5087 ineffabili
2877 5040 3019 5087 motu
3049 5035 3249 5087 semina
3293 5040 3479 5086 cuneta
3515 5028 3656 5082 viviﬁ-

2121 5129 2226 5184 ret,
2261 5133 2318 5175 ut
2345 5133 2448 5175 non
2486 5121 2552 5175 sit
2581 5125 2824 5176 concreta
2849 5136 2970 5176 cum
2998 5120 3210 5192 genitis,
3237 5124 3329 5177 sed
3360 5121 3518 5175 vitam
3543 5133 3655 5187 prr-

2120 5219 2222 5262 stvt
2253 5210 2364 5276 ipsa
2394 5206 2688 5278 gignendis.
2713 5210 2911 5279 Nempe
2937 5225 3054 5263 eum
3086 5209 3200 5263 haec
3227 5209 3278 5262 in
3303 5215 3532 5274 uterum,
3555 5219 3652 5274 pas-

2121 5298 2323 5353 sibilem
2349 5300 2622 5354 materiam
2652 5299 2716 5352 ad
2748 5313 2872 5354 usus
2896 5312 3022 5353 suos
3045 5295 3331 5352 lormatura
3355 5292 3650 5364 pervenerit.

2120 5387 2274 5457 347
2300 5403 2454 5442 unam
2489 5389 2612 5443 facit
2631 5401 2810 5442 secum
2837 5399 2953 5441 esse
2975 5399 3251 5456 personam
3272 5385 3388 5452 ejus
3412 5385 3651 5450 rei,quaut

2119 5492 2220 5530 nr~n
2253 5479 2493 5534 eamdem
2522 5488 2728 5532 consaat
2758 5478 2948 5532 habere
2979 5475 3324 5532 substantiam
3350 5491 3363 5529 :
3393 5481 3451 5528 et
3480 5475 3651 5538 titope-

2119 5579 2264 5624 mute
2287 5572 2457 5624 anima
2480 5579 2526 5625 ct
2547 5569 2781 5634 patiente
2806 5568 3043 5632 materia,
3059 5581 3123 5622 ex
3147 5564 3349 5620 duabus
3372 5555 3652 5618 substantiis
