3856 6222
70 320 188 381 3ιὸ
1199 331 1281 388 DE
1325 331 1622 388 L'NITATE
1663 335 2046 400 TBINITATIS
2079 342 2301 400 LIBER.
2621 378 2629 383 -
3225 353 3329 411 546

70 454 219 499 unus
253 441 418 516 homo
450 460 464 495 :
494 454 617 497 cum
643 441 782 498 aliud
815 442 988 496 anima
1019 443 1050 497 d
1073 455 1294 511 -.ccatur,
1321 449 1472 501 aliud
1493 465 1618 503 caro
1645 466 1659 502 :
1695 455 1735 507 Δ
1767 458 2024 524 origine-tn
2056 462 2148 515 Dei
2183 464 2357 517 VeibT.
2389 463 2505 518 Noli
2538 465 2603 519 de
2636 465 2846 535 \‘irginc
2872 468 3104 536 genitum
3132 450 3328 537 corpus

67 532 275 602 sicque
305 534 532 601 animam
559 533 698 584 nasci
724 530 949 585 fatentur
976 550 1035 586 ex
1067 545 1238 601 utero,
1267 549 1421 604 quam
1447 537 1510 591 ad
1542 549 1657 594 ωε·
1725 605 1728 608 ,
1759 561 2077 604 contermini
2122 555 2303 608 dicere
2325 557 2539 621 deitati;
2573 558 2696 626 quia
2729 530 2978 612 mediator
3021 561 3110 614 Dei
3146 570 3195 615 et
3226 561 3325 614 lto-

69 637 196 677 rum
238 625 549 677 venientem
597 624 754 676 vitam
795 623 1018 678 dii-imus
1050 627 1339 683 enotuisse
1376 641 1622 698 concepte

1729 674 1734 683 ι
1759 644 1947 697 minum
1975 646 2128 701 homo
2160 649 2389 702 Christus
2415 650 2563 706 Jesus
2591 623 2644 721 il
2673 653 2801 709 Tim.
2833 669 2890 717 tt,
2918 652 2973 722 5)
2997 653 3162 721 prima
3187 655 3327 708 nati-

67 715 264 776 Νιπί,
309 716 542 781 Inquam.
583 725 646 766 ex
695 710 863 768 ιιιᾶιι-ο
905 715 1119 782 dicitur,
1147 719 1270 787 quia
1307 735 1372 774 ex
1417 721 1515 774 hac
1551 712 1656 776 sibi

67 818 286 872 corpus
314 819 362 863 si
383 801 531 864 tavit,
565 800 748 870 inquo
778 803 919 856 nasci
949 815 1126 871 posset
1159 824 1169 858 :
1216 821 1321 861 non
1348 809 1468 876 quia
1499 819 1654 864 ante-

64 906 238 960 quam
274 899 585 944 nasceretur
605 927 620 954 ,
649 899 904 959 quantum
929 896 992 946 ad
1022 907 1083 947 se
1105 895 1290 949 attinet
1315 935 1332 960 ,
1361 896 1472 964 ipsa
1505 900 1652 964 peni-

69 994 160 1035 tus
190 997 308 1034 non
346 979 552 1038 fuisset.
587 980 649 1034 Et
679 981 762 1035 hic
791 982 836 1034 si
866 984 1144 1038 verborum
1171 987 1276 1039 vim
1299 1030 1312 1053 ,
1359 989 1652 1056 quotidiani

63 1073 353 1126 sermonis
392 1073 775 1139 contemplator
810 1073 1069 1140 stu-udas.
1099 1078 1362 1132 contraria
1394 1078 1650 1148 proponi-

70 1181 218 1228 mus,
239 1165 990 1234 oppugnantisprmdicamus;
1015 1170 1140 1222 etin
1163 1167 1245 1224 his
1269 1180 1442 1223 tamen
1465 1187 1649 1224 verum

65 1269 192 1306 cou~
211 1261 298 1308 tat
316 1267 438 1308 esse
463 1254 602 1321 quod
631 1253 872 1308 dicimus.
902 1254 975 1308 Ex
1000 1258 1184 1311 matris
1207 1268 1358 1318 utero
1384 1273 1506 1312 cum
1530 1274 1652 1314 cor-

68 1359 204 1413 pore
234 1345 440 1398 scimus
468 1345 694 1398 animam
727 1345 893 1411 nasci,
918 1346 1010 1400 ιριΙ
1038 1347 1196 1399 etiam
1221 1356 1389 1402 matre
1416 1347 1650 1416 priorem

68 1434 326 1489 videmus
363 1433 593 1487 animam
634 1432 927 1501 praedicari.
976 1434 1032 1487 In
1062 1434 1171 1488 tilio
1214 1444 1383 1488 mater
1413 1437 1650 1488 animum

62 1528 277 1594 εἐιικ,
326 1525 419 1579 sed
452 1534 624 1578 tamen
652 1520 813 1578 etiam
846 1523 898 1576 in
930 1524 1039 1591 ipsa
1071 1532 1238 1577 matre
1264 1539 1371 1577 non
1403 1524 1501 1577 nisi
1529 1524 1648 1576 ani-

66 1628 187 1669 m.
213 1615 376 1680 vivit,
400 1614 517 1668 sine
541 1626 640 1682 qua
671 1627 769 1665 nec
799 1613 910 1680 ipsa
940 1613 1150 1680 quidem
1183 1622 1355 1681 potest
1382 1628 1499 1668 esse
1528 1631 1647 1684 qua:

63 1707 278 1775 genuit.
316 1706 494 1769 Itaque
516 1703 562 1757 si
590 1702 846 1770 originem
880 1703 1163 1757 animantis
1185 1699 1434 1775 pun-nua:
1464 1706 1642 1774 requi-

66 1811 281 1861 ramus,
316 1797 463 1864 prior
484 1804 564 1848 est
591 1803 778 1858 matre,
803 1803 855 1848 et
876 1809 940 1848 ex
964 1795 1069 1868 hac
1085 1811 1266 1850 rursus
1293 1805 1410 1849 natu

64 1899 184 1938 me
229 1900 358 1938 cum
399 1884 601 1937 sobole.
643 1882 814 1948 Prior,
845 1885 1078 1952 inquam,
1110 1887 1307 1952 anima,
1351 1903 1442 1956 per
1483 1905 1640 1957 quam

66 1986 240 2030 muter
266 1985 352 2032 est
372 1979 601 2028 animata
627 1992 638 2025 :
668 1975 810 2041 prior
832 1984 997 2030 mater
1019 1992 1110 2044 per
1127 1992 1280 2044 quam
1309 1979 1492 2033 in‘filio
1518 1989 1637 2034 nata

65 2067 284 2119 videtur
313 2077 366 2119 rt
393 2067 590 2119 anima.
618 2065 720 2120 Sed
747 2081 853 2119 non
883 2077 1050 2121 mater
1080 2069 1130 2122 in
1163 2084 1373 2124 carnem
1405 2072 1636 2126 animam

66 2161 245 2218 vertit,
280 2172 383 2210 nec
408 2170 622 2210 carnem
656 2157 706 2210 in
737 2158 962 2211 animam
995 2162 1364 2228 commu'avit,
1395 2163 1489 2218 sed
1519 2164 1633 2216 ani-

63 2256 268 2298 motam
325 2261 539 2299 carnem
593 2244 663 2300 de
709 2255 860 2300 utero
906 2249 1125 2311 matris,
1159 2249 1310 2303 idem
1359 2253 1536 2306 carnis
1581 2247 1637 2306 et

64 2335 283 2397 animm,
302 2345 354 2387 et
377 2336 537 2389 totius
562 2334 790 2388 hominis
803 2319 1012 2388 creator
1027 2337 1286 2402 exhilmit,
1299 2340 1386 2407 qui
1411 2353 1505 2407 per
1525 2341 1629 2395 d's-

65 2427 436 2493 pensationem
457 2425 711 2493 analogia!
731 2424 936 2479 diversa
960 2427 1251 2495 iungentis,
1281 2427 1333 2480 in
1353 2442 1460 2481 uno
1478 2437 1635 2496 atque

65 2517 253 2568 eodem
301 2513 545 2579 homine,
580 2521 634 2566 et
661 2521 940 2582 utrumque
966 2514 1231 2569 insolubili
1264 2513 1466 2571 unitate
1503 2530 1633 2570 cun-

65 2603 256 2670 junxit,
281 2611 335 2656 et
362 2612 604 2657 neutrum
623 2618 691 2656 ex
708 2603 927 2658 alterius
946 2606 1345 2674 participatione
1371 2606 1626 2661 confudit.

649 2695 875 2750 CAPUT
913 2695 1050 2751 xu.
1541 2686 1555 2695 ’

135 2785 224 2839 Sic
264 2800 430 2853 ergo,
473 2784 579 2838 imo
620 2785 803 2840 multt)‘
831 2787 1418 2856 incomprehensibilius
1467 2796 1627 2860 atque

66 2877 349 2928 sutiliuiitnt
379 2889 534 2929 natus
560 2886 640 2930 est
662 2879 999 2943 suswptioue
1036 2880 1256 2944 [elici-ti.
1291 2879 1524 2933 hominis
1559 2881 1625 2935 de

69 2980 234 3022 matre
259 2969 423 3023 Filius
453 2969 569 3033 Dei,
600 2972 685 3036 qui
719 2977 800 3022 est
822 2985 868 3036 p-
893 2986 918 3024 r
967 2971 1404 3036 omnipotentiam
1439 2972 1623 3040 singu-

69 3061 225 3112 larem
255 3058 450 3128 genitis
476 3061 721 3113 omnibus
760 3074 862 3114 non
919 3047 1142 3114 {multas
1173 3069 1374 3114 tantum
1395 3101 1410 3124 ,
1441 3061 1533 3115 sed
1571 3071 1623 3116 ct

69 3164 217 3203 causa
253 3150 525 3204 nascendi.
582 3151 881 3205 Secundum
926 3151 1230 3216 hominem,
1279 3151 1514 3222 inquam,
1554 3153 1620 3207 de

75 3239 278 3308 Virgine
298 3250 454 3294 natus
483 3251 565 3295 est
594 3242 753 3305 Deus,
785 3258 850 3298 eo
883 3254 1036 3312 pacto
1082 3261 1185 3313 quo
1228 3261 1347 3302 cum
1396 3261 1619 3314 corpore

73 3331 203 3384 nasci
233 3331 453 3385 docetur
493 3342 550 3385 et
583 3333 829 3388 animus:
874 3351 978 3388 non
1025 3337 1144 3405 quia
1193 3338 1468 3405 utriusque
1516 3353 1617 3392 una

70 3425 353 3477 substantia
382 3432 483 3484 est.
513 3424 604 3477 sed
635 3425 752 3492 quia
781 3441 844 3479 ex
874 3417 1097 3494 utraque
1139 3427 1196 3480 fit
1234 3442 1334 3479 una
1364 3441 1615 3496 persona.

74 3510 176 3564 Non
198 3513 332 3567 alius
369 3512 528 3566 homo
578 3520 792 3581 corpus,
820 3523 875 3568 et
917 3515 1053 3570 alius
1092 3515 1318 3581 animus,
1367 3516 1459 3569 sed
1484 3531 1619 3569 unus

74 3601 221 3655 homo
247 3618 442 3671 corpus
469 3612 524 3657 et
548 3603 777 3657 animus.
829 3604 918 3659 Sic
948 3617 1069 3672 post
1115 3614 1325 3672 partum
1364 3605 1614 3673 Virginis,

73 3708 167 3748 non
195 3695 330 3748 alios
355 3694 445 3749 Dei
470 3695 634 3748 Filius
660 3705 711 3750 et
742 3695 878 3749 alius
902 3695 1152 3759 hominis,
1177 3698 1269 3751 sed
1299 3698 1436 3752 idem
1465 3698 1618 3752 Chri-

73 3794 173 3838 stus
201 3787 290 3840 Dei
319 3796 373 3840 et
425 3787 652 3841 hominis
684 3788 872 3842 Filius.
909 3787 973 3842 Et
1012 3789 1148 3842 sicut
1202 3789 1363 3860 348
1408 3791 1460 3846 in
1512 3806 1616 3844 uno

72 3874 270 3930 homine
320 3876 463 3931 aliud
516 3891 706 3944 corpus
746 3886 806 3932 et
842 3878 982 3932 aliud
1016 3877 1249 3942 animus;
1283 3880 1462 3934 sicin
1508 3896 1615 3934 uno

72 3967 348 4023 mediaer
370 3969 515 4022 aliud
548 3969 660 4033 Dei,
693 3969 833 4023 aliud
859 3970 1086 4023 hominis
1118 3971 1282 4024 Filius
1308 3989 1320 4023 :
1352 3971 1445 4025 sed
1475 3972 1613 4026 idem

71 4064 230 4110 tamen
261 4067 317 4112 et
343 4073 444 4111 non
471 4059 606 4112 alius
632 4060 670 4110 D
707 4059 722 4114 i
749 4075 903 4127 quam
943 4059 1173 4114 hominis
1198 4062 1359 4116 Filius
1392 4070 1611 4129 :quam-

71 4146 137 4195 vis
159 4155 366 4212 propter
393 4147 532 4199 aliud
555 4147 666 4212 Dei,
692 4158 745 4202 et
771 4158 984 4217 propter
1003 4151 1146 4203 aliud
1173 4151 1399 4205 hominis
1422 4153 1607 4208 F.Iius.

73 4232 174 4287 Non
201 4237 266 4288 ab
289 4237 438 4289 initio
459 4239 632 4290 car-nis
663 4240 892 4305 cmpisse
920 4240 1144 4294 dicimus
1177 4241 1362 4295 Filium
1395 4243 1511 4307 Dei,
1543 4259 1610 4299 ne

69 4327 391 4392 temporalem
418 4327 600 4381 credat
635 4329 826 4396 aliquis
864 4330 1139 4386 deitatem.
1171 4332 1281 4386 Non
1312 4333 1377 4386 ab
1406 4342 1608 4387 mterno

69 4411 172 4466 Filii
203 4414 296 4469 Dei
324 4416 566 4469 novimus
584 4432 820 4484 carnem,
855 4435 920 4474 ne
949 4436 1049 4474 non
1082 4422 1356 4478 veritatem
1389 4422 1605 4476 humani

70 4503 324 4570 carpetis,
368 4505 459 4558 sed
509 4507 785 4573 quamdam
832 4524 952 4564 eum
1004 4513 1299 4579 suscepisse
1349 4521 1598 4581 putemus
1631 4515 1677 4573 D

69 4587 353 4660 imaginem.
375 4594 557 4662 Neque
584 4598 722 4651 enim
745 4602 1010 4654 consumit
1033 4602 1360 4670 maiestatem
1377 4605 1493 4659 Filii
1511 4607 1599 4660 Dei

69 4680 238 4734 Veritas
259 4683 436 4737 carnis
451 4699 464 4744 ;
481 4694 570 4737 aut
586 4687 859 4740 veritatem
874 4680 1071 4750 carnis,
1089 4692 1418 4747 immensitas
1435 4695 1602 4748 deita-

68 4766 123 4818 tis
143 4768 284 4831 ;dum
299 4788 462 4825 unum
480 4775 646 4828 radiat
672 4777 952 4832 virtutibus
975 4781 1105 4844 suis,
1121 4783 1259 4836 aliud
1283 4785 1505 4840 docetur
1520 4789 1602 4840 in-

69 4855 381 4916 ﬁrmitatibus
404 4868 620 4919 nostris.
657 4868 800 4923 Unus
823 4879 996 4926 autem
1028 4881 1183 4941 atque
1233 4877 1598 4944 inseparabilis

68 4946 286 5005 Christus
332 4962 389 5005 et
418 4952 727 5010 humiliatur
761 4961 1065 5029 assumptis,
1101 4975 1154 5018 et
1181 4965 1505 5032 glorificatur
1548 4970 1601 5023 in

69 5040 294 5105 propriis;
311 5056 431 5095 cum
454 5042 592 5097 afﬁci
612 5060 713 5100 non
743 5047 1059 5117 dedignatur
1081 5053 1304 5120 injuriis,
1325 5067 1375 5110 et
1392 5059 1602 5127 (equali-

71 5133 205 5181 tatem
225 5133 744 5201 cnsto‘ditgenitoris.
785 5137 977 5193 Genuit
997 5159 1121 5211 ergo
1140 5145 1296 5200 Maria
1311 5158 1362 5202 et
1379 5165 1481 5202 non
1511 5166 1599 5218 ge-

69 5216 164 5270 nuit
195 5219 378 5276 Filium
428 5222 542 5280 Dei.
578 5222 789 5291 Genuit,
819 5231 1030 5296 quando
1076 5249 1137 5287 rx
1170 5235 1279 5303 ipsa
1304 5216 1594 5292 secundum

73 5314 251 5360 carnem
267 5321 422 5365 natus
434 5324 510 5366 est
528 5313 769 5367 Chrisuts
787 5334 798 5368 :
817 5306 917 5371 non
933 5323 1131 5388 genuit,
1145 5327 1353 5391 quando
1369 5327 1432 5380 de
1447 5327 1598 5384 Patre

71 5391 162 5446 sine
176 5395 312 5453 initio
324 5403 527 5455 exstitit
545 5403 725 5458 Filius.
742 5405 954 5471 Genuit,
970 5413 1178 5478 quando
1189 5428 1249 5468 ex
1270 5415 1365 5469 hac
1379 5414 1595 5474 Verbum

75 5494 168 5535 raro
187 5489 431 5550 processit
445 5500 498 5542 ut
525 5491 770 5548 habitaret
787 5497 838 5548 in
862 5497 1004 5552 nobis
1025 5516 1042 5551 :
1060 5517 1163 5554 non
1184 5507 1595 5575 genuit‘quando

74 5566 111 5619 in
133 5574 353 5644 principia
383 5588 491 5630 erat
523 5580 657 5634 Deus
700 5582 933 5653 Verbum,
984 5591 1121 5658 quod
1150 5566 1415 5661 originem
1422 5575 1425 5577 ’
1456 5612 1593 5664 prac-

76 5660 178 5716 stitit
203 5667 470 5724 universis.
501 5670 617 5727 Noli
648 5687 772 5744 ergo
803 5689 950 5743 partu
978 5679 1202 5752 Virginis
1232 5660 1588 5744 determinari:

1758 731 1920 787 vitate
1939 748 2237 792 eoa-tertius
2259 751 2336 793 est
2364 740 2526 805 I’atri,
2558 745 2786 798 set-unda
2813 745 3079 815 particeps
3111 755 3336 814 tempo-I

1757 823 1829 876 ris
1860 825 2022 880 nostri
2048 845 2061 880 :
2088 828 2138 882 in
2169 830 2258 883 illa
2305 842 2493 885 auetor
2518 837 2789 902 temporis,
2820 836 2871 889 iu
2913 837 3010 891 ista
3062 839 3325 906 particeps

1754 927 1834 969 est
1855 919 2046 974 :etatis.

2299 992 2529 1068 CA_PU'I‘
2565 994 2722 1049 xvu.

1824 1097 1937 1153 Fel.
1970 1101 2225 1164 Quoniam
2260 1103 2330 1158 de
2379 1106 2636 1174 mysterio
2680 1108 2987 1164 mediatoris
3037 1113 3315 1179 perspicua

1753 1189 1974 1254 ratione,
1990 1201 2042 1246 et
2062 1193 2125 1247 ad
2146 1191 2479 1249 credendum
2491 1197 2659 1251 cuivis
2683 1197 3011 1254 sufﬁcienter
3035 1202 3270 1254 tractasti
3299 1220 3312 1254 :

1753 1279 1949 1336 ideirco
1977 1299 2155 1352 quaso
2176 1296 2233 1340 ut
2261 1287 2389 1341 mihi
2422 1287 2545 1357 quid
2575 1290 2737 1344 etiam
2780 1292 2846 1345 de
2887 1293 3062 1346 anima
3115 1291 3312 1348 Christi

1751 1373 2080 1427 sentiendum
2103 1376 2172 1429 sit
2193 1377 2382 1444 jubeas
2401 1379 2677 1446 explicari.
2708 1379 2781 1433 Ita
2809 1383 2951 1436 enim
2975 1396 3001 1434 a
3031 1382 3318 1450 majoribus

1752 1464 1949 1518 nostris
1970 1479 2182 1534 semper
2200 1476 2282 1522 est
2306 1469 2578 1533 traditum,
2608 1470 2748 1540 quod
2778 1469 2975 1527 Christi
3012 1488 3210 1542 corpus
3249 1473 3315 1528 ad

1750 1551 1917 1607 vicem
1942 1556 2134 1610 animm
2161 1560 2477 1619 communis,
2499 1560 2661 1624 ipsius
2694 1561 2816 1616 Filii
2840 1562 2932 1616 Dei
2962 1562 3172 1622 habitus
3196 1562 3314 1616 ani-

1748 1645 1932 1697 marit:
1960 1660 2062 1701 nec
2094 1650 2402 1701 accessione
2421 1650 2598 1704 vitalis
2627 1651 2845 1718 spiritus
2865 1651 3106 1722 indigens
3130 1652 3310 1726 fuerit,

1745 1737 1826 1789 cui
1859 1735 2159 1791 inhabitans
2191 1736 2309 1791 fons
2331 1739 2452 1792 vita)
2485 1743 2653 1805 potuit
2681 1741 2931 1797 conferre
2957 1743 3096 1808 quod
3122 1744 3272 1799 vixit.

1434 1797 1642 1852 νίδειυτ
1673 1804 1718 1864 Β
1814 1826 1947 1895 Aug.
1977 1825 2257 1881 Possemus
2284 1797 2500 1896 quidem
2532 1829 2580 1883 id
2612 1830 2753 1899 quod
2801 1830 2853 1884 in
2885 1797 2985 1885 hac
3009 1797 3307 1898 quaestione

1743 1916 2020 1972 catholica:
2046 1919 2377 1973 auctoritatis
2413 1919 2726 1974 deﬁnitione
2759 1923 3141 1990 przcscribitur,
3174 1923 3308 1978 divi-

1743 2021 1930 2061 norum
1987 2009 2314 2064 voluminum
2368 2011 2686 2067 testimoniis
2732 2015 2962 2068 educere
3000 2033 3012 2066 :
3046 2014 3141 2069 sed
3188 2015 3308 2084 quia

1741 2114 1878 2153 nunc
1905 2113 2005 2152 non
2035 2100 2288 2154 librorum
2330 2102 2548 2165 indicio,
2581 2103 2674 2156 sed
2702 2103 2814 2157 sola
2852 2105 3061 2158 ratione
3113 2105 3306 2172 placuit

1738 2198 1930 2244 cuncta
1955 2190 2222 2246 discutere
2248 2210 2262 2245 :
2297 2192 2494 2247 idcirco
2522 2193 2574 2246 in
2603 2193 2745 2248 aliud
2775 2205 2981 2262 tempus
3009 2195 3304 2260 Scriptura-

1736 2294 1852 2332 rum
1883 2291 2220 2336 monumenta
2257 2291 2614 2349 reservantes,
2646 2283 2785 2339 sicut
2833 2285 3076 2352 superius
3107 2285 3302 2342 factum

1736 2378 1837 2433 est,
1870 2369 2029 2438 3&9
2056 2371 2132 2424 sic
2157 2373 2312 2424 etiam
2341 2371 2410 2426 de
2439 2372 2629 2426 anima:
2678 2372 3020 2442 inquisitione
3052 2377 3301 2430 tractabi-

1738 2471 1874 2512 mus.
1901 2457 2050 2522 Quod
2083 2467 2138 2511 ut
2165 2459 2275 2512 fieri
2308 2460 2512 2514 facilius
2536 2463 2723 2530 possit,
2757 2479 2874 2532 quae
2896 2465 3168 2539 'Salvatori
3199 2481 3299 2520 no-

1737 2555 1846 2599 stro
1874 2547 2194 2615 suscipiendi
2239 2549 2469 2603 hominis
2499 2566 2654 2605 causa
2711 2553 2889 2617 fuerit,
2939 2571 3042 2608 una
3096 2565 3298 2611 tantum

1735 2640 1971 2708 Apostuli
2001 2641 2228 2697 lectione
2255 2645 2491 2711 subiecta
2519 2645 2741 2702 brevitet
2798 2650 3124 2718 inquiramus
3151 2670 3164 2704 :
3196 2668 3298 2719 qua

1731 2727 1963 2811 inventa,
1991 2730 2106 2786 sine
2133 2733 2303 2800 aliqua
2353 2734 2663 2792 difficultate
2689 2739 2853 2793 etiam
2902 2737 2976 2795 ad'
3023 2741 3132 2796 lm-c
3162 2759 3284 2812 qua:

1730 2808 1885 2887 hujus
1932 2824 2276 2888 praecedentis
2323 2837 2448 2880 sunt
2493 2839 2774 2883 consecuta
2811 2808 3297 2888 transibimus.va

1728 2905 1878 2963 initio
1900 2911 2056 2976 igitur
2075 2931 2137 2975 ex
2167 2930 2389 2984 corpore
2409 2928 2462 2971 et
2484 2920 2656 2972 aiiima
2684 2921 2822 2976 Deus
2842 2925 3108 2978 hominem
3133 2927 3250 2981 fecit
3275 2944 3292 2993 ;

1728 3001 1812 3065 qui
1842 3001 1972 3065 legis
2004 3014 2262 3070 pra-cepta
2315 3009 2696 3076 transgressus,
2731 3023 2848 3078 post
2893 3001 3290 3078 usurpationem

1730 3090 2021 3146 intendiCtm
2068 3094 2294 3158 arboris,
2342 3101 2657 3171 sententiam
2700 3103 3090 3170 quodammodo
3121 3124 3291 3174 paena

1649 3163 1692 3220 ε
1726 3181 1966 3246 capitalis
1995 3185 2224 3252 excepit.
2275 3187 2370 3240 Hic
2417 3189 2482 3242 ad
2523 3170 2644 3243 eum
2675 3163 2871 3245 statum
2923 3208 2951 3246 a
2978 3210 3084 3264 quo
3113 3163 3290 3264 hapsus

1723 3280 1821 3328 est.
1856 3284 1958 3324 non
1991 3272 2088 3326 nisi
2121 3276 2355 3329 auctoris
2400 3278 2480 3331 sui
2505 3280 2674 3347 gratia
2727 3282 3073 3347 reformatus.
3104 3289 3289 3355 postli-

1723 3360 1868 3412 tninii
1898 3361 2287 3424 quodammodo
2309 3366 2433 3434 jure
2459 3370 2627 3436 potuit
2652 3386 2892 3426 remeare
2913 3392 2923 3424 :
2944 3376 3088 3429 sicut
3119 3379 3203 3442 qui
3231 3394 3288 3431 se

1721 3447 1787 3501 de
1815 3450 2026 3503 EXCcISO
2071 3453 2121 3504 in
2181 3469 2418 3524 prmceps
2450 3450 2722 3514 voluntate
2757 3462 3049 3530 demiserit,
3105 3465 3154 3520 in
3195 3483 3287 3521 sua

1721 3540 1934 3606 quidem
1965 3541 2145 3596 habuit
2173 3555 2435 3612 potestate
2462 3550 2601 3614 quod
2637 3550 2779 3614 fecit.
2809 3555 2903 3608 sed
2932 3555 3038 3622 jam
3069 3538 3171 3610 suo
3200 3574 3288 3610 ar-

1722 3631 1878 3684 bitrio
1899 3642 2102 3685 certum
2135 3644 2218 3688 est
2258 3651 2363 3690 non
2390 3638 2667 3706 subiacere
2718 3643 2858 3710 quod
2908 3647 3067 3699 cadit.
3109 3648 3287 3716 Surgit

1721 3721 1896 3787 itaque
1920 3723 2173 3778 beneficio
2195 3728 2390 3793 alieno,
2419 3732 2506 3797 qui
2534 3733 2723 3788 cecidit
2761 3736 2996 3804 proprio.
3025 3741 3130 3793 Nec
3161 3741 3283 3795 ideo

1720 3823 1824 3862 non
1853 3823 1949 3863 suo
1971 3811 2226 3867 dicendus
2250 3826 2333 3870 est
2374 3819 2631 3876 cecidisse
2660 3840 2672 3876 :
2702 3825 2821 3892 quia
2841 3827 3020 3880 alieno
3048 3832 3285 3884 noscitur

1712 3913 1966 3968 surgere;
2008 3919 2109 3958 nec
2156 3919 2436 3973 propterea
2493 3926 2593 3985 suo
2647 3918 2962 3984 surrexisse,
3010 3923 3129 3983 quia
3176 3940 3280 3978 non

1716 3990 1888 4044 alieno
1921 4002 2122 4047 certum
2149 4004 2232 4049 est
2255 3999 2530 4055 cecidisse.
2589 4003 2694 4058 Sed
2735 4007 2802 4061 de
2829 4008 3109 4076 hoc-alias,
3140 4029 3280 4069 nunc

1712 4081 1777 4134 ad
1799 4099 1933 4152 prop
1951 4086 2131 4138 ‘situm
2156 4088 2458 4144 redeamus.

2244 4177 2466 4235 CAPUT
2505 4182 2688 4240 XVIII.
3059 4239 3062 4242 e

1785 4259 1924 4314 Dicit
1949 4276 2074 4330 ergo
2101 4269 2418 4324 venerabilis
2452 4273 2662 4339 Paulus,
2694 4259 2936 4343 quoniam
2966 4280 3161 4336 idcirco
3184 4299 3272 4338 se-

1710 4350 1940 4402 cundum
1981 4367 2194 4407 carnem
2245 4347 2418 4413 natus~
2451 4372 2535 4416 est
2578 4363 2864 4419 Christus:
2903 4369 2968 4422 Ut
3010 4374 3142 4424 sicut
3185 4392 3272 4441 per

1712 4455 1868 4491 unum
1894 4440 2147 4497 hominem
2177 4456 2434 4514 peccatum
2473 4453 2523 4504 in
2553 4454 2683 4507 hunc
2711 4459 2951 4509 mundum
2975 4461 3196 4528 intravit,
3226 4473 3274 4516 et

1704 4546 1790 4594 per
1817 4542 2076 4596 peccatum
2098 4550 2233 4588 mors
2256 4551 2274 4588 :
2295 4547 2341 4589 et
2373 4541 2443 4592 ita
2474 4542 2525 4592 in
2554 4560 2721 4595 omnes
2753 4545 2979 4599 homines
3003 4559 3264 4615 pertrans-

1709 4619 1788 4682 iit,
1823 4621 1877 4671 in
1902 4637 1998 4687 quo
2023 4638 2192 4676 omnes
2223 4639 2546 4692 peccaverunt
2577 4631 2747 4699 (Rom.
2784 4650 2832 4697 ν,
2867 4634 2970 4702 1:2).
3020 4637 3082 4690 Et
3113 4643 3270 4703 paulo

1709 4718 1859 4775 post:
1890 4708 1994 4764 Sed
2037 4729 2135 4764 non
2170 4716 2301 4768 sicut
2340 4718 2598 4782 delictum,
2627 4722 2698 4774 ita
2727 4734 2774 4775 et
2813 4725 2998 4792 gratia.
3043 4726 3104 4781 Si
3132 4730 3267 4782 enim

1707 4800 1854 4852 unius
1886 4801 2069 4854 delicto
2090 4804 2235 4857 multi
2259 4807 2445 4859 mortui
2465 4817 2601 4872 sunt,
2623 4812 2780 4862 multo
2802 4815 2960 4880 magis
2987 4817 3150 4884 gratia
3177 4817 3266 4871 Dei

1704 4896 1748 4940 et
1775 4889 1986 4954 donum,
2019 4893 2070 4942 in
2093 4894 2256 4962 gratia
2285 4895 2436 4948 unius
2463 4895 2679 4950 hominis
2707 4898 2829 4952 Jesu
2861 4899 3045 4954 (Iltristi
3065 4906 3113 4955 in
3145 4907 3260 4971 plu-

1703 4991 1802 5026 res
1833 4976 2126 5031 abundavit.
2162 4979 2229 5031 Et
2254 4997 2352 5034 non
2382 4985 2510 5035 sicut
2539 5002 2627 5054 per
2641 5004 2795 5040 unum
2819 5003 3091 5055 peccatum,
3114 4996 3184 5044 ita
3214 5005 3261 5046 et

1708 5065 1912 5118 donatio
1947 5081 1963 5118 :
2003 5084 2118 5119 nam
2161 5071 2417 5139 judicium
2461 5089 2523 5126 ea:
2565 5093 2663 5129 uno
2692 5080 2744 5130 in
2776 5083 3255 5151 condemnationem,

1701 5157 1869 5225 gratia
1897 5167 2060 5209 autem
2089 5175 2152 5212 ea:
2197 5164 2367 5216 multis
2394 5165 2610 5233 delictis,
2641 5170 2692 5220 in
2723 5171 3154 5240 justi/irationem.
3196 5173 3257 5226 Si

1701 5247 1831 5298 enim
1854 5249 2001 5300 unius
2022 5250 2202 5304 delicto
2223 5269 2358 5310 mors
2379 5259 2602 5323 regnavit
2614 5278 2702 5326 per
2724 5279 2895 5320 unum,
2920 5265 3075 5314 multo
3097 5269 3256 5334 magis

1708 5333 2068 5388 abundantia»:
2090 5340 2285 5409 gratia’,
2308 5353 2353 5395 et
2394 5345 2582 5398 donum
2604 5349 2818 5415 justitite
2860 5352 3175 5419 uccipien‘t‘s,
3203 5358 3254 5408 in

1703 5424 1857 5474 vitam
1897 5428 2219 5496 reguabimus
2267 5446 2357 5498 per
2400 5449 2554 5484 unum
2579 5434 2753 5488 Iesum
2784 5435 3053 5490 Christum.
3085 5438 3256 5508 Igitur

1698 5513 1823 5564 sicut
1851 5531 1936 5585 per
1962 5516 2110 5568 unius
2139 5517 2402 5583 delictum,
2424 5522 2474 5574 in
2501 5539 2667 5576 omnes
2694 5526 2912 5577 homines
2932 5527 2986 5579 in
3013 5532 3252 5583 condem-

1699 5605 1984 5664 nationem;
2027 5607 2098 5659 sic
2126 5618 2171 5659 et
2200 5625 2290 5676 per
2322 5612 2470 5663 unius
2489 5613 2760 5679 juttitiam,
2792 5614 2845 5665 in
2879 5630 3047 5668 omnes
3079 5621 3249 5672 homi-

1697 5706 1780 5745 nes
1821 5693 1871 5746 in
1890 5696 2309 5765 justificafionem
2337 5703 2463 5756 vita.
2494 5702 2638 5757 Sicut
2680 5707 2806 5759 enim
2844 5712 3245 5776 periucbediu»
