3856 6222
515 252 617 313 547

1863 236 2102 297 ρτιῦῖιλι
2141 236 2512 295 TAPSENSIS

3624 241 3725 295 Γ)ίὸ

519 368 639 420 tiam
664 366 813 419 unius
855 362 1075 418 hominis
1110 366 1392 429 peccatores
1420 357 1682 412 constituti
1734 364 1852 409 sunt
1895 348 2156 419 manu;
2190 352 2452 421 quasivit.
2484 350 2581 407 llic
2621 350 2666 404 si
2710 349 2969 421 originem
3018 350 3292 419 utriusque
3335 364 3529 419 gnarus
3566 364 3734 404 rerum

513 454 585 509 ita
604 464 653 507 et
673 470 761 524 per
780 453 928 507 unius
955 450 1325 505 obauditionem
1343 449 1476 519 justi
1504 448 1880 507 constituuntur
1904 443 2069 496 multi.

587 544 740 598 Venit
770 556 897 611 ergo
948 536 1190 599 Christus
1226 539 1431 594 salvum
1465 540 1638 593 facere
1666 535 1807 607 quod
1845 549 1928 602 per
1942 535 2077 587 ierat

511 633 662 703 (Luc.
690 649 797 698 xix,
828 630 937 700 10).
988 628 1148 685 Prius-
1171 644 1301 699 ergo
1345 630 1620 685 videamus
1656 628 1779 697 quid
1820 626 1948 680 illul
1994 635 2080 680 est

510 724 646 794 quod
676 723 983 799 protoplasti
1010 722 1434 792 transgressione
1454 722 1614 793 350
1643 719 1951 789 perierit,et
1973 718 2075 773 hoc

510 818 663 870 facile
712 815 850 869 seire
890 814 1205 885 poterimus,
1246 815 1374 885 quid
1407 815 1660 868 Dominus
1681 812 1940 867 veniendo
1969 812 2077 865 sal-

512 922 637 962 vare
680 898 928 974 potuerit.
980 904 1374 976 Requirendum
1423 905 1579 973 igitur
1619 903 1772 957 nobis
1800 911 1882 955 cst
1922 901 2073 971 quis-

508 1011 630 1051 nam
661 996 828 1065 legem
851 994 1123 1050 Creatoris
1146 993 1427 1063 acceperit.
1456 992 1547 1046 llle
1575 992 1717 1046 enim
1758 990 1875 1045 sine
1909 990 2073 1044 dubio

506 1086 765 1153 peccavit,
809 1086 935 1154 quia
988 1090 1250 1154 pmcepta
1280 1082 1602 1149 contempsit
1641 1098 1655 1136 :
1689 1079 1779 1135 ille
1810 1090 2074 1149 praecepta

505 1176 847 1243 contempsit,
901 1176 989 1244 qui
1030 1174 1181 1242 quod.
1216 1172 1595 1242 prohibebatur
1645 1171 1881 1225 admisit.
1939 1170 2076 1224 Dicit

505 1275 683 1319 autem
720 1266 983 1336 Scriptura
1012 1285 1025 1320 :
1060 1267 1308 1333 Pracepit
1324 1265 1572 1320 Dominus
1601 1264 1725 1319 Ade:
1753 1265 1962 1317 dicens:
1988 1262 2073 1317 Ea:

505 1356 642 1407 omni
663 1356 800 1425 ligno
824 1357 959 1424 quod
987 1366 1060 1409 est
1086 1356 1139 1409 in
1162 1357 1403 1427 paradiso
1429 1356 1817 1421 ntanducabitis,
1841 1358 1905 1408 de
1932 1354 2072 1425 ligno

505 1456 673 1499 autem
714 1449 934 1502 scientia
982 1448 1099 1502 boni
1129 1461 1176 1504 et
1204 1451 1330 1504 mali
1353 1466 1453 1503 non
1487 1449 1859 1503 manducabitis
1898 1448 1961 1501 de
1988 1465 2063 1502 eo.

507 1536 619 1601 Qua
645 1536 914 1595 autentdie
938 1538 1384 1617 ntnttducaveritis,
1417 1549 1574 1594 morte
1599 1540 1886 1594 moriemini
1915 1536 2068 1608 (Gen.

503 1639 558 1690 It,
589 1624 699 1696 i6).
725 1627 1035 1693 Quaeramus
1055 1644 1183 1700 ergo
1205 1645 1344 1685 nunc
1372 1641 1547 1685 utrum
1578 1631 1716 1685 hanc
1737 1632 1905 1701 legem
1929 1638 2071 1685 totus

2181 442 2573 510 contemplator
2595 441 2863 509 attendas,
2882 442 3165 511 pretiosior
3191 449 3274 495 est
3296 441 3487 495 anima:
3507 440 3736 493 substan-

2183 533 2293 587 tia:
2336 536 2382 589 ri
2429 534 2871 604 transgressionis
2905 535 3137 604 culpam,
3190 544 3409 603 propter
3453 532 3734 599 intelligen-

2180 625 2329 689 tiam,
2359 610 2517 695 pejor
2539 633 2622 678 est
2650 639 2830 679 causa.
2863 624 2974 693 Ego
3002 635 3180 679 autem
3208 624 3477 680 Cltri~tum
3498 633 3548 678 et
3571 621 3735 691 perfe-

2179 726 2324 771 ctum
2350 715 2610 785 sapientia
2636 715 2770 779 scio,
2792 723 2848 769 et
2876 716 3170 783 piissimum
3201 730 3324 771 esse
3373 732 3477 768 non
3524 714 3700 767 dubito
3723 730 3733 761 :

2179 820 2403 875 quorum
2428 807 2602 874 primo
2648 805 2924 859 meliorem
2954 816 3008 861 et
3041 806 3339 874 prudentia:
3367 820 3606 874 capacem
3636 820 3735 855 non

2180 895 2454 965 despexit;
2485 895 2721 949 secundo
2747 910 2866 950 eam
2911 910 3027 965 qua}
3071 898 3240 964 magis
3267 895 3442 950 fuerat
3477 896 3734 946 vulnerata

2178 986 2431 1057 suscepit.
2484 985 2669 1056 Neque
2721 988 2864 1041 enim
2910 996 3003 1041 aut
3051 986 3329 1056 sapientia:
3357 985 3623 1047 convenit,
3676 985 3735 1037 de

2177 1079 2383 1133 duobus
2412 1092 2563 1147 teque
2587 1078 2722 1145 suis,
2755 1078 3248 1148 insipientissimam
3277 1078 3397 1147 plus
3421 1092 3625 1140 amare;
3654 1090 3737 1129 lttt

2178 1169 2428 1241 perfectae
2450 1170 2653 1240 pietati,
2687 1172 2856 1240 magis
2891 1171 3219 1239 indigentem
3246 1157 3584 1241 uonjuvisse.

2764 1258 2989 1315 CAPU'I‘
3031 1259 3147 1314 XX.
3532 1258 3541 1264 ”

2248 1350 2367 1407 Fel.
2403 1351 2595 1406 Omnia
2624 1350 2840 1421 quidem
2885 1366 3005 1420 qua:
3056 1366 3086 1405 a
3140 1363 3191 1407 te
3219 1366 3323 1406 non
3371 1350 3736 1405 rationabiliter

2179 1450 2402 1507 tantum,
2448 1443 2542 1496 sed
2574 1442 2733 1497 etiam
2768 1442 3035 1496 veraciter
3063 1442 3202 1494 dicta
3246 1449 3392 1506 sunt,
3446 1451 3499 1495 et
3541 1440 3737 1493 intelle-

2179 1534 2327 1603 xisse
2355 1549 2438 1588 tne
2469 1535 2519 1587 in
2556 1532 2985 1603 praecedentibus
3017 1531 3207 1598 fateor,
3237 1539 3294 1584 et
3344 1530 3592 1598 probasse
3641 1543 3735 1580 non

2177 1641 2348 1690 nego:
2377 1626 2580 1680 Christi
2620 1636 2797 1680 autem
2849 1624 3111 1678 divinitati
3166 1637 3275 1693 quo
3317 1631 3471 1691 pacto
3519 1631 3733 1671 mortem

502 1716 664 1771 homo
691 1719 992 1788 acceperit?
1018 1720 1073 1775 Si
1102 1722 1244 1776 enim
1275 1731 1332 1777 ut
1360 1724 1411 1777 in
1440 1723 1575 1779 libro
1595 1700 1869 1779 Ceneseos
1899 1722 2069 1777 couti-
2104 1732 2150 1792 Β
2175 1700 2406 1773 sensisse
2432 1718 2658 1782 dicatur,
2686 1718 2897 1786 ignoro.
2957 1716 3033 1771 De
3078 1731 3183 1784 quo
3213 1724 3387 1768 utrum
3430 1722 3490 1766 tu
3515 1711 3733 1765 obscure

502 1810 678 1885 ttetur,
708 1824 775 1861 ex
807 1824 1033 1881 corpore
1080 1820 1134 1866 et
1181 1812 1355 1867 anima
1376 1813 1484 1881 jam
1536 1814 1800 1884 perfectus
1846 1813 2071 1881 accepit.

502 1906 651 1951 totus
702 1897 863 1952 homo
910 1902 1347 1969 tranSgrediendo
1400 1904 1691 1972 peccavit:
1729 1912 1782 1956 et
1835 1902 1880 1955 si
1936 1910 2077 1955 totus

500 1988 942 2055 transgrediendo
974 1993 1230 2058 peccavit,
1264 2000 1407 2047 totus
1440 1993 1644 2062 peccati
1678 1992 1757 2046 sui
1799 1980 1927 2045 vitio
1953 2000 2077 2043 tunc

500 2080 677 2148 periit.
703 2081 756 2136 Si
797 2089 969 2138 autem
1002 2092 1143 2138 totus
1170 2085 1345 2155 periit,
1372 2096 1511 2140 totus
1542 2086 1802 2142 beneﬁcio
1828 2084 2075 2139 Salvato-

499 2170 573 2224 ris
602 2171 845 2241 indiguit.
880 2173 947 2229 Et
965 2175 1011 2229 si
1043 2163 1186 2232 totus
1212 2179 1469 2233 beneﬁcio
1498 2178 1793 2234 Salvatoris
1825 2176 2079 2245 indiguit,

502 2267 672 2314 totum
705 2262 949 2319 Christus
979 2266 1239 2321 veniendo
1269 2268 1493 2324 salvavit
1534 2286 1547 2324 :
1596 2277 1649 2324 et
1680 2269 1725 2322 si
1777 2276 1946 2322 totum
1988 2282 2072 2320 ve~

501 2349 696 2404 utendo
734 2352 976 2421 salvavit,
1009 2370 1114 2409 non
1144 2371 1340 2427 corpus
1362 2360 1564 2427 absque
1594 2359 1797 2424 anima,
1834 2358 1928 2413 sed
1959 2371 2081 2412 cora

500 2444 598 2512 pus
627 2446 931 2502 et-animam
960 2462 1063 2518 qua
1081 2458 1342 2510 constare
1368 2460 1510 2506 totus
1537 2453 1719 2518 homo,
1745 2460 1799 2505 et
1828 2463 2078 2519 peccasse

500 2547 659 2592 antea
704 2540 913 2595 videtur
939 2544 1251 2611 assumpsit.
1280 2545 1421 2599 Nam
1468 2547 1511 2600 si
1546 2555 1656 2600 toto
1704 2544 1920 2598 homine
1951 2556 2076 2611 pec-

500 2634 677 2693 cante,
705 2630 873 2685 solam
901 2632 1015 2701 ejus
1046 2648 1258 2687 carnem
1290 2634 1532 2691 Christus
1559 2636 1867 2704 assumpsit,
1896 2637 2073 2689 anima

505 2733 678 2788 patrue
735 2722 916 2789 prima:
947 2724 1086 2776 illius
1116 2726 1552 2794 transgressionis
1585 2728 1703 2782 sine
1752 2728 1927 2797 aliqua
1980 2738 2081 2794 δρα

502 2808 661 2864 etiam
685 2826 824 2866 nunc
850 2812 1056 2866 addicta
1088 2816 1396 2882 permansit.
1420 2817 1571 2884 Quod
1598 2818 1640 2872 si
1671 2820 1741 2871 ita
1760 2828 1864 2883 est,
1892 2818 2075 2872 nescio

502 2898 628 2966 quid
660 2900 812 2956 nobis
843 2902 1150 2957 mediatoris
1195 2920 1418 2974 persona
1468 2907 1779 2974 contulerit,
1808 2922 1927 2975 quae
1959 2922 2073 2961 me-

502 2989 605 3044 lius
634 3000 873 3045 nostrum
903 3008 966 3048 ex
997 3003 1107 3048 toto
1154 3009 1259 3049 non
1306 2997 1601 3059 redimens,
1639 2997 1849 3051 brutam
1884 3012 1978 3065 per
2016 3012 2075 3051 se

2180 1812 2377 1881 aliquid
2405 1813 2625 1875 dixeris,
2658 1828 2723 1863 an
2756 1827 2855 1881 ego
2883 1811 3214 1865 sullicienter
3238 1809 3375 1863 dicta
3421 1806 3613 1876 ingenii
3642 1816 3735 1875 tar-

2178 1903 2343 1956 ditate
2371 1903 2581 1972 assequi
2636 1918 2743 1956 non
2790 1903 3089 1967 potuerim,
3149 1901 3353 1955 nescio.
3402 1900 3577 1965 Neque
3606 1900 3735 1951 enim

2179 1993 2401 2045 credere
2422 1992 2614 2056 ausim,
2638 1992 2779 2060 quod
2810 1991 2927 2046 l'ous
2948 1992 3037 2045 ille
3070 1992 3215 2055 vitat,
3233 2006 3261 2044 a
3286 2005 3392 2059 quo
3416 1990 3607 2043 habent
3633 1990 3734 2041 uni-

2179 2093 2333 2133 versa
2362 2080 2503 2149 quod
2553 2080 2760 2144 visunt,
2816 2095 2911 2149 per
2960 2081 3193 2135 triduum
3244 2078 3468 2147 quodin
3504 2078 3734 2143 sepulcro

2178 2170 2586 2239 corpusjaeuit,
2621 2185 2791 2241 usque
2834 2186 2900 2226 eo
2948 2186 2978 2226 a
3034 2180 3237 2226 natura:
3281 2185 3395 2226 sua:
3432 2170 3735 2237 pmprietatc

2178 2260 2462 2328 deciderit,
2494 2273 2550 2316 ttt
2575 2255 2618 2318 si
2646 2264 2748 2318 dici
2776 2263 2854 2319 fas
2884 2272 2988 2332 est,
3019 2265 3242 2334 sepultis
3268 2248 3515 2320 sensibus
3538 2277 3734 2315 omnem

2178 2352 2487 2407 substantiae
2514 2355 2688 2408 vitalis
2734 2365 2936 2408 metum
2987 2356 3294 2418 amitteret;
3323 2364 3378 2408 et
3425 2364 3639 2425 propter
3665 2367 3735 2405 re-

2181 2442 2544 2511 demptionem
2585 2444 2803 2498 humani
2849 2445 3082 2514 generis,
3129 2460 3241 2498 non
3282 2445 3491 2499 Patrem
3524 2452 3732 2503 tantum,

2179 2533 2276 2588 sed
2298 2541 2353 2587 et
2374 2536 2552 2588 omnia
2578 2535 2839 2601 spiritalis
2866 2536 3049 2603 gloriae
3077 2545 3392 2588 ornamenta
3431 2536 3705 2589 desereret.

2249 2626 2385 2695 Aug.
2418 2624 2591 2689 Absit,
2626 2625 2767 2679 absit
2807 2641 2835 2681 a
2876 2626 3122 2681 lidelibus
3159 2626 3259 2679 ista
3304 2627 3556 2695 suspicio,
3589 2625 3735 2677 utsic

2178 2713 2417 2769 Christus
2446 2716 2675 2782 senserit
2697 2727 2923 2771 mortem
2954 2726 3215 2782 nostram,
3243 2726 3300 2771 ut
3328 2726 3580 2786 quantum
3616 2715 3664 2769 in
3684 2729 3732 2767 sc

2177 2817 2260 2861 est
2288 2808 2416 2872 vita,
2448 2806 2696 2876 perderet
2725 2809 2908 2861 vitam.
2941 2808 3071 2862 Nam
3101 2810 3146 2862 si
3193 2809 3294 2862 hoc
3327 2810 3394 2861 ita
3428 2817 3583 2865 esset.
3613 2823 3734 2874 quo-

2180 2897 2339 2951 modo
2369 2898 2460 2952 illo
2491 2898 2667 2952 triduo
2699 2900 2934 2967 petuisse
2982 2898 3209 2952 dicimus
3241 2896 3440 2963 aliquid
3472 2899 3663 2955 vivere.
3699 2898 3734 2946 si

2178 2988 2303 3042 vitae
2337 2989 2533 3043 fontem
2567 2990 2837 3044 credimus
2883 2989 3137 3043 aruisse?
3186 2989 3367 3044 Sensit
3395 2989 3551 3059 352
3595 2987 3735 3055 igitur

501 3093 715 3135 carnem
735 3121 751 3147 ,
798 3092 852 3136 et
882 3098 1002 3153 qua:
1031 3083 1147 3139 sine
1187 3086 1463 3144 anima'ne
1494 3088 1812 3144 beneﬁcium
1859 3088 2073 3157 quidem
2103 3095 2149 3157 (ς
2182 3089 2405 3135 mortem
2429 3081 2680 3136 divinitas
2709 3081 2927 3147 Christi,
2951 3083 3357 3149 participatione
3392 3081 3601 3135 humani
3623 3079 3733 3132 δεῖς·

500 3170 622 3243 ejus
649 3183 830 3245 posset
856 3177 1075 3243 sentire,
1108 3181 1361 3248 suscepit.

1086 3267 1313 3323 CAPUT
1354 3270 1495 3325 XIX.

574 3352 779 3409 Vellem
812 3364 985 3411 tamen
1017 3358 1083 3411 ab
1111 3358 1415 3429 huiusmodi
1449 3359 1886 3429 praedicatoribus
1928 3372 2076 3425 quzec

501 3454 624 3498 rere
652 3458 751 3510 cur
771 3456 985 3516 accepta
1014 3462 1175 3503 carne
1205 3450 1435 3504 animam
1462 3450 1792 3518 dispensatio
1814 3448 2078 3503 mediato-

504 3534 864 3613 risomiserit.
909 3536 1019 3592 Nisi
1072 3538 1207 3594 forte
1231 3548 1322 3594 aut
1358 3540 1632 3594 innoxiam
1689 3540 1886 3605 sciens,
1910 3537 2078 3591 medi-

502 3627 640 3680 cina:
667 3625 989 3696 indigentem
1010 3642 1132 3683 esse
1156 3643 1261 3682 non
1275 3626 1584 3696 crediderit,
1602 3638 1689 3684 aut
1712 3645 1740 3683 a
1768 3643 1827 3684 se
1851 3628 2077 3681 alienam

504 3726 717 3786 putans,
744 3718 1131 3787 redemptionis
1160 3718 1424 3774 beneficio
1453 3736 1557 3774 non
1602 3719 1811 3774 donarit
1838 3734 1853 3782 ;
1882 3725 1975 3771 aut
2012 3733 2076 3773 ex

505 3815 617 3860 toto
672 3807 1020 3863 insanabilem
1064 3800 1330 3878 judicans,
1364 3825 1556 3865 curare
1604 3810 1946 3879 nequiverit;
1985 3816 2079 3863 aut

504 3897 664 3951 vilem
692 3908 745 3954 et
771 3915 887 3969 quae
918 3902 1075 3956 nullis
1107 3901 1290 3957 usibus
1316 3912 1438 3971 apta
1469 3902 1763 3967 videretur,
1794 3901 2073 3971 ahjecerit.

503 3986 834 4044 llorum’duo
858 3991 910 4044 in
942 3992 1111 4060 ipsum
1147 3994 1310 4047 latius
1344 3993 1587 4049 hominis
1620 4003 1917 4050 creatorem
1946 3994 2080 4049 blas-

502 4078 683 4147 phemi
734 4081 953 4150 spiritus
997 4083 1371 4140 incredulitate
1423 4086 1708 4155 desipiunt.
1744 4086 1873 4140 Nam
1904 4085 2076 4155 primo

500 4173 910 4242 impossibilem,
941 4178 1184 4234 secundo
1201 4194 1305 4233 non
1331 4179 1569 4233 omnium
1613 4179 1777 4233 Deum
1826 4164 2077 4233 credide-

500 4272 643 4318 runt.
672 4264 953 4331 Quomodo
978 4268 1119 4323 enim
1156 4268 1381 4324 docetur
1406 4270 1765 4338 omnipotens,
1811 4272 1853 4324 si
1885 4283 2075 4324 curare

500 4369 607 4409 non
632 4359 801 4426 potuit
830 4357 1165 4427 deSperatam
1186 4359 1211 4411 τ
1238 4362 1343 4414 Aut
1366 4360 1633 4429 quomodo
1652 4360 1891 4415 omnium
1911 4359 2073 4421 Deus,

502 4538 641 4606 aliis,
670 4553 773 4592 uno
800 4540 989 4594 anima:
1014 4557 1169 4595 causa
1202 4556 1268 4595 ne
1299 4541 1661 4607 citur,.altero
1686 4542 1930 4594 meritum
1965 4556 2069 4593 non

502 4629 911 4700 351videtur.
966 4630 1047 4684 An
1100 4630 1397 4701 intelligere
1429 4647 1641 4686 causam
1685 4632 1949 4701 putandus
1990 4622 2075 4685 est

502 4724 713 4788 animas,
744 4722 833 4793 qui
858 4737 973 4777 eam
1004 4723 1070 4777 ad
1091 4725 1452 4793 accipiendam
1486 4726 1677 4794 legem,
1703 4725 1880 4778 habitu
1904 4722 2076 4777 insitae

502 4816 725 4871 rationis
756 4816 1090 4880 instructam,
1120 4830 1151 4871 a
1180 4828 1399 4886 peccato
1429 4818 1744 4872 voluntariae
1773 4828 2075 4886 transgres-

502 4907 670 4962 siOnis
700 4908 886 4961 nititur
914 4908 1199 4975 separare?
1230 4910 1333 4961 Aut
1362 4908 1627 4977 quomodo
1657 4908 1772 4978 ejus
1802 4910 2076 4978 generosi-

503 5008 662 5053 tatem
693 4999 862 5063 novit,
890 4998 977 5068 qui
1005 4998 1355 5069 ignobilitatis
1385 5001 1515 5053 vitio
1560 5000 1688 5063 dicit
1732 5016 1850 5055 esse
1881 5002 2079 5069 despe—

502 5100 669 5145 ctam:
701 5092 917 5159 praelata
968 5105 1128 5145 carne
1158 5106 1314 5158 quam
1366 5105 1468 5146 non
1519 5090 1644 5144 ﬂatu
1674 5091 1764 5145 Dei
1796 5090 1929 5147 sicut
1960 5094 2073 5145 ani-

504 5196 663 5243 mam,
696 5184 787 5236 sed
810 5181 877 5234 de
901 5181 1026 5234 limo
1058 5192 1213 5235 terra:
1242 5190 1450 5235 constat
1481 5196 1601 5236 esse
1634 5182 1987 5253 plasmatam?
2017 5182 2075 5239 Si

502 5281 677 5326 autem
709 5271 837 5326 nihil
874 5272 1061 5326 horum
1089 5264 1156 5327 de
1181 5273 1357 5326 anima
1385 5282 1531 5327 recte
1583 5274 1831 5339 sentitur,
1880 5273 2071 5328 creda-

506 5379 622 5420 nus
650 5367 767 5435 quia
804 5352 1040 5435 suscepit
1074 5364 1399 5435 Redemptor
1457 5376 1643 5421 noster
1671 5365 1939 5451 hominem
1993 5376 2072 5422 to-

507 5463 651 5519 tum;
685 5473 748 5512 ne
776 5458 1094 5513 intercidere
1121 5457 1514 5528 quodammodo
1553 5457 1742 5513 animm
1777 5468 1973 5514 nostra:
2000 5460 2076 5512 vi-

510 5545 729 5602 deamur
760 5549 1071 5604 beneﬁcium
1097 5550 1499 5619 sempiternum.
1551 5549 1691 5605 Proh
1722 5550 1912 5605 dolor!
1946 5552 2077 5606 Cat--

514 5648 656 5704 nem,
681 5638 866 5711 inquit,
900 5640 1063 5698 solum
1088 5642 1330 5701 Christus
1362 5644 1678 5714 assumpsit,
1712 5643 1940 5699 animam
1967 5660 2073 5703 non

2181 3183 2299 3226 ClllS
2324 3187 2484 3242 quem
2515 3184 2707 3239 sponte
2740 3188 2837 3227 Sila
2876 3183 3212 3241 SUSCCpt‘l‘ﬂl,
3257 3188 3363 3225 ιιοῐι
3411 3180 3609 3224 natura:
3636 3184 3731 3222 51Ιὲιέ

2184 3266 2471 3334 potentiam
2502 3266 2731 3334 perdidit
2755 3281 2851 3335 per
2890 3281 3046 3336 quam
3077 3275 3267 3319 cuncta
3311 3265 3557 3318 vivilicat.
3582 3264 3663 3317 Sic
3692 3261 3733 3313 in

2181 3357 2425 3424 sepulcro
2454 3371 2671 3411 carnem
2709 3371 2858 3411 suam
2907 3358 3309 3411 commariendo
3348 3371 3450 3410 noa
3492 3357 3731 3413 deseruit.

2181 3448 2321 3501 sicut
2352 3450 2404 3501 in
2427 3458 2582 3502 utero
2624 3449 2856 3531 Virginis
2884 3448 3261 3523 connascendo
3287 3448 3555 3500 formavit.
3592 3447 3736 3498 Etsnc

2181 3536 2236 3591 in
2268 3545 2494 3606 utroque
2522 3548 2575 3590 et
2607 3534 2752 3591 nasci
2782 3546 2837 3593 et
2872 3538 3031 3602 mori,
3069 3552 3173 3590 non
3221 3547 3437 3590 coactus
3466 3535 3531 3588 ab
3559 3535 3733 3595 altero,

2183 3628 2276 3682 sed
2302 3639 2495 3696 sponte
2523 3623 2787 3683 Dominus
2814 3629 3005 3693 voluit,
3033 3611 3093 3682 tit
3123 3628 3223 3681 hoc
3245 3644 3366 3682 eum
3399 3636 3606 3681 constet
3635 3640 3735 3693 pcr-

2185 3720 2370 3775 tulisse
2396 3719 2536 3789 quod
2565 3719 2724 3774 fecit:
2755 3734 2855 3776 nec
2882 3720 3003 3775 ideo
3023 3735 3129 3773 non
3153 3721 3464 3789 patientem,
3493 3720 3609 3788 quia
3639 3718 3735 3783 ipse

2185 3811 2438 3876 iaciebat;
2483 3827 2582 3866 nec
2624 3811 2748 3867 ideo
2803 3828 2907 3867 non
2962 3812 3268 3878 facientem,
3300 3813 3425 3880 quia
3474 3826 3587 3865 notr
3617 3810 3736 3861 alius

2184 3902 2466 3955 tolerabat.
2500 3903 2627 3955 Nam
2660 3903 2703 3957 si
2732 3902 3015 3973 dominicae
3037 3902 3420 3957 incarnationis
3448 3901 3734 3973 mysterium

2181 3994 2327 4047 salva
2355 3993 2641 4051 individua!
2682 3994 2961 4049 Trinitatis
3000 3996 3379 4063 conparatione
3429 3993 3732 4049 consideres.

2183 4086 2324 4139 idem
2349 4085 2449 4140 sibi
2481 4086 2531 4140 in
2562 4088 2659 4141 hac
2680 4087 2978 4142 humilitate
3006 4096 3193 4141 auctor
3222 4094 3277 4138 et
3308 4101 3444 4155 opus
3467 4095 3580 4138 est:
3610 4082 3728 4135 idem

2180 4186 2388 4241 auctor,
2427 4178 2548 4245 quia
2598 4187 2792 4247 sponte
2835 4160 3313 4245 nascitur,‘sponte
3344 4180 3574 4245 patitur:
3612 4174 3728 4226 iilem

2181 4284 2337 4338 opus,
2366 4272 2487 4339 quia
2516 4281 2804 4347 utrumque
2849 4272 2977 4326 licet
3019 4286 3125 4324 non
3170 4271 3275 4324 alio
3316 4279 3559 4339 cogente,
3606 4267 3731 4319 solus

2140 4412 2143 4415 .
2183 4368 2360 4415 tamen
2392 4360 2505 4429 ipse
2537 4362 2849 4430 perpetitur.
2887 4361 3032 4415 Fecit
3053 4376 3271 4415 carnem
3303 4361 3354 4413 in
3379 4369 3531 4414 utero
3552 4356 3730 4413 matris.

501 4448 542 4501 si
582 4462 689 4503 non
742 4449 1031 4517 ipse‘l‘ccit
1085 4451 1317 4505 animum
1366 4454 1645 4506 nostram?
1679 4451 1893 4505 Duobus
1946 4464 2077 4504 vero
2109 4453 2156 4515 Ι)
2186 4451 2635 4508 habesauctorcm
2656 4454 2862 4521 operis:
2889 4453 3071 4523 ipsein
3092 4454 3190 4507 hac
3218 4453 3365 4507 nasci
3391 4452 3625 4519 dignatus
3642 4454 3744 4505 est,
3826 4462 3827 4469 η

2181 4540 2345 4597 habes
2374 4545 2507 4612 opus
2529 4545 2765 4599 auctoris
2800 4562 2813 4597 :
2848 4559 2952 4604 una
3008 4554 3185 4599 tamen
3221 4557 3447 4610 persona
3478 4551 3576 4603 est,
3605 4540 3726 4591 tam

2183 4630 2455 4700 utriusque
2480 4637 2805 4703 preprietate
2827 4634 3163 4698 substantiae,
3197 4646 3247 4687 et
3276 4636 3511 4686 auctoris
3538 4641 3586 4683 et
3615 4637 3722 4697 orae

2104 4719 2108 4723 ’
2146 4732 2149 4735 ‘
2184 4722 2279 4777 ris.
2312 4722 2403 4778 Sic
2426 4740 2554 4795 ergo
2570 4736 2826 4785 ~mortuus
2854 4734 2938 4779 est
2970 4738 3077 4778 non
3108 4724 3419 4779 discedente
3449 4724 3575 4785 vita,
3614 4720 3729 4771 sicut

2185 4829 2373 4885 passus
2404 4825 2611 4872 estnon
2643 4827 2901 4885 pereunte
2924 4816 3181 4887 potentia.
3227 4816 3397 4871 Nemo
3426 4813 3589 4869 aufert
3632 4807 3728 4861 ani-

2185 4921 2325 4961 mam
2348 4907 2464 4977 ejus
2493 4908 2559 4962 ab
2585 4922 2671 4971 eo,
2714 4909 2836 4977 quia
2875 4916 3191 4976 potestatem
3241 4906 3403 4960 habet
3449 4900 3658 4974 ponendi
3685 4904 3727 4946 ct

2186 5010 2498 5069 potestatem
2524 5000 2827 5056 assumendi
2858 5016 2981 5061 eam
3004 5000 3182 5073 (Joan.
3223 5016 3276 5066 ι,
3310 5000 3424 5069 18).
3470 4996 3629 5051 llabcs
3652 4991 3725 5041 hic

2184 5078 2456 5147 auctorem
2509 5086 2710 5162 eperis.
2760 5090 2917 5145 Ponit
2962 5093 3192 5147 animam
3252 5106 3349 5160 pro
3400 5086 3723 5144 amicismisi

2186 5181 2349 5237 habes
2380 5197 2513 5250 opus
2554 5181 2819 5237 "auctoris.
2866 5182 3015 5251 Quod
3066 5192 3121 5237 ut
3166 5181 3404 5251 generali
3448 5176 3725 5234 deﬁnitian

2182 5273 2518 5339 concludam,
2536 5265 2744 5344 quoties
2773 5276 2824 5329 in
2852 5290 3013 5331 carne
3040 5274 3288 5330 Christus
3314 5273 3511 5345 aliquid
3539 5268 3723 5339 patitur.

2186 5379 2318 5432 opus
2348 5366 2581 5419 auctoris
2612 5375 2711 5420 εει.
2756 5365 2860 5422 Sed
2902 5367 3023 5436 quia
3055 5365 3283 5433 idipsum
3329 5378 3427 5417 sua
3474 5364 3724 5429 peteme.

2186 5470 2293 5509 non
2322 5453 2426 5510 alio
2447 5464 2672 5525 cogente
2695 5458 3011 5526 perpetitur,
3041 5457 3153 5523 ipse
3176 5464 3361 5508 auctor
3389 5466 3465 5509 est
3488 5450 3667 5520 operis.

2246 5552 2249 5553 ⁷
2778 5546 3002 5603 CAPUT
3044 5544 3185 5601 XXI.

2260 5645 2376 5704 Non
2409 5660 2538 5715 ergo
2564 5644 2629 5701 ad
2659 5645 2876 5701 Mariam
2916 5644 3069 5701 locali
3109 5651 3255 5700 motu
3301 5642 3543 5700 divinitas
3581 5632 3723 5693 veniit
