3856 6222
146 351 290 411 349

1225 340 1303 400 [ὶἶί
1345 337 1638 400 UNITATE
1677 341 2059 404 TBINITATIS
2088 344 2312 404 LIBER.

3253 345 3362 406 δεεσ

143 469 272 522 sed
312 456 538 535 ineﬂabili
569 462 815 531 potentias
844 473 950 514 sum
976 458 1411 522 manifestatiOne,
1429 469 1483 511 et
1505 469 1707 512 uterum
1741 461 1782 518 Α
1813 461 2042 526 privatus
2067 460 2379 528 excusserit,
2408 452 2592 514 omnes
2612 474 2795 516 eorum
2819 459 3088 516 machinas
3111 459 3250 513 facili
3274 473 3366 514 ra.-

147 548 475 627 gignendns,
511 555 768 624 implevit,
809 560 862 605 et
901 560 1067 605 totum
1095 550 1236 616 quod
1284 561 1364 603 est
1397 548 1712 603 substantia:

146 665 295 704 sua
319 647 626 718 plenitudine
672 658 778 697 non
833 641 1071 710 privavit.
1120 639 1232 693 Non
1262 640 1461 694 dimisit
1500 639 1713 692 Patrem

149 754 302 794 cum
325 740 456 792 venit
484 737 546 789 ad
580 733 862 802 Virginem.
892 730 1090 800 Ubique
1119 737 1274 793 totus,
1311 729 1504 798 ubique
1535 726 1713 796 perfe-

147 838 332 891 ctus;
374 827 487 892 quia
536 837 636 878 nec
676 822 988 876 divisionem
1033 822 1338 890 incorporea
1397 819 1716 888 simplicitas

153 918 380 985 recipit,
401 925 451 970 et
476 925 652 984 partes
673 911 942 981 plenitudo
972 926 1075 964 non
1107 911 1268 964 novit.
1299 911 1422 964 Erat
1451 923 1577 979 ergo
1602 923 1716 962 uno

149 1019 334 1078 atque
358 1008 536 1062 eodem
562 1015 797 1074 tempore
824 1013 963 1057 tozus
990 1003 1148 1057 etiam
1182 1002 1231 1056 in
1255 1002 1481 1064 inferno,
1509 1001 1714 1056 totusin

153 1101 333 1155 cmlo.
349 1099 455 1152 ltlic
478 1097 681 1161 patiens
703 1094 946 1163 injuriam
969 1093 1165 1157 carnis,
1186 1092 1269 1146 hic
1291 1108 1394 1147 non
1410 1092 1715 1160 relinquens

151 1189 391 1256 gloriam
419 1186 648 1241 deitatis.
686 1187 808 1237 Erat
834 1182 968 1251 apud
1002 1183 1195 1236 inferos
1225 1181 1547 1235 resurrectio
1577 1195 1719 1232 more

152 1287 401 1340 tuorum,
427 1284 539 1329 erat
559 1289 720 1344 super
747 1272 907 1328 cmlos
936 1273 1036 1325 vita
1069 1273 1373 1325 viventium.
1413 1271 1547 1325 \‘ere
1573 1260 1718 1324 mor-

153 1377 320 1430 tuus,
347 1381 461 1419 vere
490 1366 668 1427 vivus;
697 1364 748 1417 in
778 1378 880 1432 quo
907 1374 959 1417 et
986 1372 1208 1417 mortem
1237 1361 1503 1429 susceptio
1528 1368 1718 1414 morta-

153 1459 340 1512 litatis
374 1458 597 1526 excepit,
629 1467 683 1510 et
711 1456 870 1510 vitam
895 1456 1141 1510 divinitas
1172 1465 1380 1509 servata
1414 1454 1573 1524 353
1615 1469 1718 1506 non

154 1549 416 1617 perdidit.
443 1538 869 1615 Quotiescunque
895 1559 1019 1615 ergo
1048 1546 1160 1597 haec
1181 1558 1298 1613 quae
1325 1559 1353 1595 a
1385 1542 1595 1596 Christo
1621 1544 1719 1594 ltu-

153 1639 366 1690 militcr
402 1647 520 1690 sunt
571 1636 811 1698 tolerata,
842 1634 1182 1698 consideras,
1231 1631 1402 1698 ipsum
1450 1640 1718 1684 auctorem

156 1726 478 1780 voluntaria:
503 1723 764 1796 passionis
787 1735 1063 1789 agnoscas.
1106 1721 1178 1773 Ita
1223 1719 1314 1774 [iet
1353 1727 1431 1786 ut,
1468 1720 1593 1774 dum
1625 1719 1723 1772 hn-

1818 555 1957 607 tinne
1984 553 2278 608 confundit.
2311 553 2466 620 Ergo,
2498 561 2553 606 trt
2589 550 2773 607 dicere
2809 565 3163 622 cmperamus,
3194 553 3367 606 animi

1816 659 1919 697 nnn
1947 644 2102 700 aliter
2124 659 2280 713 quam
2315 643 2395 698 sol
2417 642 2578 696 vitam
2608 643 2787 698 tribuit
2813 643 2959 702 carni
2990 658 3112 698 cum
3143 644 3365 709 venerit,

1818 742 2036 787 mortem
2064 734 2226 789 efﬁcit
2253 748 2373 788 cum
2403 733 2622 788 recedit.
2645 733 2900 800 Quantis
2924 734 3042 804 quis
3083 743 3230 804 putet
3255 748 3374 790 cor-

1819 824 1960 890 poris
1980 831 2151 877 morte
2177 823 2436 888 consumi,
2466 822 2645 876 audiat
2665 823 2786 890 quid
2817 823 2882 878 de
2913 822 3013 879 hoc
3039 822 3296 878 Dominus
3321 825 3374 876 in

1818 912 2121 982 Evangeliis
2140 913 2372 983 generali
2397 913 2712 966 auctoritate
2752 911 2966 967 deﬁniat
2997 930 3012 968 :
3046 912 3239 976 Nolite,
3295 913 3375 966 itt-

1818 1005 1950 1073 quit,
1982 1007 2151 1059 timere
2175 1021 2256 1059 eos
2284 1006 2380 1074 qui-
2405 1019 2590 1071 corpus
2639 1003 2892 1070 occidunt,
2941 1003 3162 1057 animam
3210 1011 3376 1057 autem

1818 1108 1918 1145 non
1941 1101 2146 1160 possunt
2172 1094 2394 1147 occidere
2420 1108 2438 1147 :
2463 1093 2554 1146 sed
2585 1093 2753 1145 timete
2773 1107 2884 1145 eum
2924 1093 3088 1159 potius
3133 1092 3219 1160 qui
3266 1091 3378 1144 ani—

1819 1201 1952 1238 mam
1985 1193 2030 1237 et
2045 1200 2222 1254 corpus
2241 1195 2395 1254 potest
2409 1184 2633 1238 occidere
2654 1184 2706 1236 in
2723 1180 3000 1251 gehennam
3017 1182 3236 1253 ignis”:
3245 1183 3378 1236 atth.

1822 1289 1872 1334 ι,
1918 1272 2034 1342 ‘28).
2065 1274 2202 1342 Ergo
2216 1274 2495 1342 superstite
2515 1273 2688 1327 anima
2710 1286 2900 1340 corpus
2943 1282 3144 1326 constat
3173 1273 3378 1338 occidi;

1821 1371 1874 1415 et
1891 1372 2161 1431 pr0pzerea
2183 1378 2510 1433 consequens
2539 1379 2598 1417 ac
2621 1364 2978 1419 necessarium
2997 1378 3098 1418 non
3123 1373 3226 1427 est,
3262 1362 3382 1415 ani-

1823 1468 1956 1519 mas,
1985 1468 2264 1522 corporum
2290 1456 2649 1509 internecione
2669 1455 2933 1513 consumi.
2964 1454 3072 1509 [loc
3096 1455 3140 1508 si
3171 1455 3238 1508 ita
3269 1466 3380 1517 est,

1822 1545 1980 1598 etiam
2026 1555 2139 1613 post
2185 1555 2407 1600 mortem
2435 1545 2675 1613 corporis
2727 1545 3065 1600 nihilominus
3119 1547 3381 1602 mentibus

1821 1635 2030 1700 vivitur.
2060 1634 2210 1699 Quod
2229 1635 2273 1688 si
2299 1634 2449 1688 idlde
2473 1649 2788 1703 unoquoque
2823 1643 3059 1688 nostrum
3089 1646 3232 1690 recte
3261 1650 3380 1693 sen-

1825 1725 1968 1788 titur,
1992 1722 2255 1792 quontodo
2281 1725 2394 1777 ions
2415 1725 2534 1776 vitae
2565 1734 2775 1790 prepter
2798 1723 3250 1790 participationem
3280 1724 3381 1785 hu-

141 1811 364 1867 militas
391 1811 628 1882 patienti,
654 1809 867 1864 facienti
888 1811 1054 1864 virtus
1068 1804 1366 1874 ascribitur,
1401 1809 1537 1864 idem
1569 1808 1719 1864 Chri-
1750 1812 1796 1871 B
1824 1801 1991 1867 mante
2019 1813 2229 1873 urentis,
2285 1812 2581 1866 viviﬁoandi
2638 1812 2924 1880 potentiam
2972 1812 3260 1880 perdidisse
3305 1813 3379 1880 ja-

155 1911 288 1956 stus
316 1916 418 1956 uno
441 1901 797 1971 atqueeodem
821 1909 1056 1970 tempore
1076 1916 1192 1954 cum
1215 1901 1425 1970 patitur,
1452 1900 1712 1968 inﬁrmus,
1759 1900 1761 1903 ’

154 2006 294 2046 cum
326 1991 468 2060 facit,
505 1992 1144 2061 omnipotensdoccatur.
1201 1991 1303 2047 Sed
1347 2006 1410 2045 ne
1456 1991 1628 2044 adhuc
1666 1991 1717 2043 in

156 2091 344 2136 morte
373 2081 487 2138 Filii
513 2081 603 2136 Dei
633 2081 1348 2151 aliquaminsensibilitatem
1373 2095 1469 2134 nos
1485 2080 1715 2142 credatis

155 2174 826 2246 acciperetimportunnm
852 2189 954 2226 non
987 2181 1067 2228 est
1094 2187 1211 2240 quae
1253 2172 1316 2226 de
1357 2181 1526 2226 morte
1563 2185 1718 2225 sensa

158 2263 276 2316 sint
314 2266 565 2332 vestigare
614 2282 627 2318 :
664 2268 717 2318 in
745 2280 845 2332 qua
900 2263 1015 2317 sine
1054 2263 1214 2315 dubio
1261 2262 1499 2315 destituit
1527 2275 1720 2328 corpus

162 2354 277 2404 vita
311 2362 500 2417 nostra,
526 2367 630 2407 non
645 2354 805 2420 petit;
831 2353 954 2406 dum
979 2351 1253 2405 discedens
1279 2353 1451 2403 anima
1475 2366 1578 2403 non
1609 2348 1719 2403 vim

161 2456 325 2496 suam
353 2442 537 2510 perdit,
577 2445 671 2497 sed
697 2445 834 2512 quod
883 2443 1236 2495 viviﬁcaverat
1265 2443 1364 2495 hoc
1395 2440 1639 2494 dimittit:
1669 2449 1723 2494 et

164 2545 427 2600 quantum
451 2535 502 2588 in
531 2550 588 2589 se
619 2543 717 2600 est,
750 2535 965 2588 alterius
1017 2541 1237 2599 mortem
1286 2533 1406 2585 facit
1453 2533 1586 2599 ipsa,
1616 2545 1719 2585 non

165 2625 382 2692 recipit.
415 2624 573 2689 Facit,
603 2627 834 2692 inquam,
867 2638 968 2677 non
992 2621 1302 2677 viviﬁcando
1322 2622 1457 2689 quod
1485 2621 1718 2676 deserit:

171 2731 276 2766 non
311 2718 595 2771 amittendo
622 2718 760 2782 quod
787 2717 934 2769 vivit.
963 2718 1137 2784 Itaque
1169 2705 1403 2768 hominis
1425 2726 1565 2766 mors
1590 2711 1719 2765 nihil

170 2803 316 2856 aliud
348 2820 496 2872 quam
529 2806 706 2858 carnis
732 2820 950 2858 occasus
971 2811 1088 2857 est:
1118 2817 1144 2854 a
1177 2817 1274 2870 qua
1325 2815 1443 2853 cum
1501 2800 1576 2853 vis
1619 2813 1717 2868 po—

174 2892 354 2944 tenti:e
399 2893 711 2946 viviﬁcantis
775 2892 1112 2955 abscesserit,
1153 2890 1204 2943 in
1251 2899 1444 2942 terram
1494 2888 1560 2942 de
1615 2879 1718 2956 qua

172 2989 383 3046 sumpta
413 2991 508 3046 est,
565 2982 773 3036 amissis
804 2996 935 3051 quos
975 2997 1077 3034 tton
1126 2997 1218 3049 per
1259 2983 1486 3050 seipsatn
1540 2982 1721 3035 habuit

175 3074 433 3138 scttsibtts,
452 3075 608 3127 redit.

779 3151 999 3221 CAPUT
1031 3163 1200 3219 χχιι.-

240 3253 398 3320 Atqui
426 3253 705 3319 contraria,
740 3242 933 3322 inquis,
957 3256 1071 3307 vita:
1091 3269 1230 3309 mors
1254 3263 1355 3309 ost.
1385 3252 1600 3320 Fateor;
1619 3254 1713 3309 sed

175 3355 275 3395 non
302 3359 366 3397 es
395 3359 458 3397 eo
483 3360 675 3413 genere
705 3346 1106 3409 contrariorum,
1139 3360 1252 3414 qua:
1274 3345 1548 3399 existentis
1586 3344 1716 3399 sub-

179 3434 378 3492 stantiae
400 3433 732 3501 appositione
757 3447 814 3487 se
839 3433 1131 3500 perimunt;
1175 3433 1267 3486 sed
1307 3446 1368 3485 es
1412 3445 1594 3487 eorum
1625 3446 1715 3502 po-

180 3523 276 3574 tius
297 3537 413 3590 qutc
440 3522 561 3576 dum
601 3521 813 3576 cuilibet
862 3518 1124 3584 accidunt,
1163 3520 1320 3573 simul
1359 3520 1568 3587 quidem
1599 3535 1717 3574 esse

179 3627 277 3665 non
300 3623 534 3681 possunt,
565 3614 658 3667 sed
682 3614 836 3666 unius
868 3621 1064 3665 tantum
1093 3611 1395 3664 substantiae
1415 3609 1607 3663 habitu
1656 3624 1718 3664 ac

178 3702 461 3770 privatione
489 3706 791 3773 gignuntur.
827 3702 973 3756 Sicut
999 3701 1145 3756 verbi
1194 3703 1359 3770 gratia
1397 3708 1604 3752 noctem
1625 3700 1719 3751 d0«

177 3805 351 3847 cemus
372 3802 432 3855 et
456 3793 615 3847 diem.
650 3792 777 3845 Nam
808 3799 859 3845 et
886 3791 1000 3845 ltzec
1023 3789 1255 3858 ejusdem
1284 3788 1490 3857 generis
1519 3788 1717 3853 docen-

181 3891 260 3935 tur
279 3897 393 3936 esse
419 3883 700 3946 contraria,
725 3895 843 3935 cum
867 3894 967 3934 non
996 3881 1289 3947 utriusque,
1319 3878 1406 3931 sed
1432 3879 1582 3930 unius
1607 3886 1720 3930 tan-

179 3981 279 4026 tum
309 3973 544 4028 videatur
591 3988 709 4041 esse
757 3973 1069 4026 substantia.
1131 3971 1264 4024 Ecce
1301 3972 1437 4023 enim
1494 3970 1718 4024 dicimus

180 4059 308 4116 diem
328 4079 444 4119 esse
471 4080 589 4118 cum
613 4064 690 4116 sol
742 4073 823 4116 est
861 4077 1017 4127 super
1066 4070 1257 4114 terram
1295 4079 1304 4111 :
1337 4062 1499 4114 solem
1542 4070 1716 4114 autem

180 4161 374 4205 constat
402 4167 518 4207 esse
563 4153 932 4206 substantiam.
991 4152 1083 4204 llic
1125 4167 1242 4204 cum
1277 4140 1496 4217 "peracto
1544 4153 1716 4204 diurni

185 4243 424 4309 temporis
447 4257 603 4296 cursu
632 4242 698 4296 ab
727 4241 936 4294 humani
969 4241 1108 4293 visus
1137 4241 1578 4307 contemplatione
1610 4243 1716 4294 dis-

183 4336 418 4395 cesserit,
471 4343 677 4387 noctem
707 4332 1027 4386 discedendo
1072 4346 1190 4384 mox
1241 4330 1593 4394 facil.\Fttcil,
1638 4334 1715 4384 in-

183 4435 344 4488 quam,
368 4409 726 4477 subtrahendo
748 4423 950 4488 copiam
976 4421 1215 4482 luminis,
1265 4435 1365 4473 non
1416 4421 1465 4473 in
1497 4437 1555 4474 se
1582 4423 1714 4476 reci-

1821 1905 2032 1964 ctatur?
2061 1903 2164 1959 Sed
2209 1911 2399 1971 potest,
2435 1905 2624 1972 inquis,
2657 1907 2830 1958 anima
2876 1912 2930 1959 et
2981 1918 3173 1974 corpus
3215 1902 3383 1963 occidi

1823 1993 1874 2045 in
1893 1993 2189 2062 gehennam
2215 1993 2368 2062 ignis.
2395 1993 2544 2059 Quod
2573 1995 2852 2048 adversum
2904 2008 3002 2049 nos
3045 1995 3270 2062 ptimum
3301 1995 3381 2050 id-

1820 2081 1962 2137 circo
1982 2098 2083 2137 non
2105 2082 2250 2148 iacit,
2275 2085 2394 2152 quia
2419 2099 2561 2138 mors
2583 2085 2679 2139 ista
2716 2099 2821 2139 non
2841 2080 3158 2142 conditionis
3179 2085 3384 2142 videtur

1819 2185 1958 2238 esse,
1993 2172 2084 2227 sed
2111 2173 2368 2226 criminis.
2396 2171 2525 2226 Nam
2547 2180 2751 2227 remota
2777 2174 2929 2244 culpa
2948 2174 3196 2242 jubemur
3215 2175 3387 2230 homi-

1822 2276 1917 2315 nes
1941 2276 2044 2316 non
2079 2260 2291 2329 timere,
2323 2263 2410 2329 qui
2440 2277 2558 2317 cum
2580 2265 2785 2332 possint
2810 2278 3024 2333 corpus,
3053 2265 3283 2319 animant
3308 2274 3384 2319 ta-

1821 2366 1940 2405 men
1971 2362 2227 2419 negantur
2273 2355 2556 2410 occidere...
2583 2355 2806 2422 Dehinc,
2831 2359 3077 2426 quoniam
3135 2357 3235 2412 hoc
3273 2359 3384 2415 Deo

1826 2450 2022 2494 tantum
2044 2443 2237 2496 dicitur
2260 2457 2383 2499 esse
2412 2446 2680 2522 possibile,
2737 2447 2804 2500 de
2837 2462 2945 2516 quo
2993 2447 3181 2502 Filium
3225 2463 3380 2503 suum

1825 2528 2152 2598 unigenitum
2177 2541 2231 2584 et
2252 2533 2625 2588 corntnttnione
2647 2529 2869 2600 naturae,
2901 2545 2953 2589 et
2973 2539 3271 2604 aequalitate
3285 2552 3384 2606 po-

1823 2617 1999 2670 tenti-.e
2025 2634 2130 2674 non
2161 2621 2262 2674 hoc
2314 2621 2578 2675 credimus
2627 2623 2906 2678 meruisse.
2964 2622 3206 2690 Suscepit
3249 2639 3384 2692 ergo

1821 2706 2062 2765 Salvator
2076 2709 2430 2763 conditionem
2446 2711 2630 2765 mortis
2643 2720 2858 2774 nostrae,
2876 2711 2973 2774 sed
2990 2726 3103 2768 non
3129 2712 3198 2764 ita
3212 2719 3270 2766 ut
3290 2712 3385 2765 de-

1821 2801 2067 2856 teriorem
2087 2801 2300 2866 laceret,
2321 2817 2438 2856 cum
2459 2813 2649 2870 praeter
2668 2804 3100 2860 consuetudinem
3123 2802 3386 2859 dominari

1820 2904 1936 2944 eam
1961 2889 2296 2958 permittebat
2308 2891 2516 2956 animai,
2537 2889 2626 2944 sed
2653 2892 2823 2959 petitis
2840 2903 2892 2945 ut
2907 2892 3031 2945 nihil
3051 2892 3398 2948 liancobessu.

1821 2980 2228 3049 animtepariter
2247 2980 2505 3050 justi-rum
2548 2981 2780 3037 omnium
2838 2982 3112 3052 probasset
3153 2992 3206 3037 ct
3235 2983 3375 3038 vitae.

2381 3067 2601 3124 CAPUT
2634 3069 2818 3124 XXIII.

1743 3153 1788 3220 C
1888 3159 1988 3215 Sed
2022 3159 2294 3228 ﬁngamus,
2327 3159 2445 3213 licet
2467 3158 2760 3230 Et"ngeliis
2808 3160 3233 3230 reclamantibus,
3256 3163 3373 3216 ani-

1817 3265 1929 3316 mas
1960 3250 2194 3304 interire.
2226 3249 2413 3304 Nonne
2470 3251 2520 3306 in
2567 3250 2844 3306 Salvatore
2887 3260 3091 3316 nostro,
3152 3250 3274 3306 licet
3320 3252 3375 3306 in

1817 3336 1899 3408 his
1922 3348 2145 3392 mortem
2178 3354 2281 3394 non
2311 3339 2597 3407 repellente
2622 3378 2636 3402 ,
2660 3339 3056 3394 tertiumtamen
3079 3349 3236 3409 atque
3263 3354 3380 3408 pe-

1816 3427 1950 3482 ciale
1975 3426 2224 3495 majestas
2245 3436 2346 3491 est,
2403 3442 2558 3496 quam
2599 3441 2702 3481 non
2755 3427 2928 3496 potuit
2964 3440 3109 3481 more
3152 3426 3379 3484 humana

1816 3516 2158 3584 contingere?
2186 3516 2265 3569 Ad
2294 3515 2550 3569 summam
2572 3515 2865 3581 videamus,
2902 3516 2953 3570 in
2983 3530 3140 3571 cruce
3177 3518 3380 3588 positus

1819 3588 1943 3675 quid
1976 3603 2253 3674 promisit?
2283 3607 2473 3668 Hodie,
2493 3607 2681 3675 inquit,
2706 3622 2896 3660 mecum
2936 3607 3033 3660 eris
3064 3607 3117 3663 in
3145 3607 3380 3674 paradiso

1819 3699 1971 3768 (Luc.
1993 3716 2137 3764 unt,
2157 3699 2266 3767 43).
2284 3699 2441 3770 355
2461 3700 2645 3765 liodie,
2666 3700 2853 3769 inquit,
2871 3715 2970 3754 non
2991 3707 3106 3769 post
3124 3700 3379 3759 triduum.

1819 3803 1937 3842 cum
1955 3784 2180 3843 carnem”
2190 3803 2361 3842 meam
2377 3789 2443 3843 de
2459 3790 2687 3858 sepulcri
2704 3787 2888 3854 requie
2906 3789 3253 3851 suscitavero,
3272 3803 3379 3842 non

1817 3896 1936 3935 cum
1958 3880 2008 3933 in
2037 3896 2122 3934 me
2149 3880 2405 3946 primitias
2437 3881 3056 3956 futuraresurrectionis
3072 3877 3373 3935 ostendero.

1819 3971 1980 4038 Cujus
2007 3981 2248 4039 putamus
2277 3971 2388 4026 haec
2416 3987 2514 4027 vox
2539 3972 2651 4026 est?
2680 3971 2989 4033 maiestatis,
3043 3972 3254 4035 mentis,
3306 3984 3374 4024 an

1817 4061 2088 4127 corporis?
2111 4061 2319 4127 Corpus
2347 4067 2517 4113 autem
2551 4061 2599 4113 in
2625 4061 2819 4128 spelteo
2849 4061 3008 4114 fuisse
3034 4060 3206 4113 nullus
3230 4060 3377 4129 igno-

1818 4160 1916 4202 rat.
1944 4150 2125 4202 Restat
2155 4159 2210 4201 ut
2231 4149 2510 4213 divinitati,
2539 4150 2616 4203 vel
2639 4149 2802 4202 menti
2823 4164 2923 4202 vox
2947 4149 3046 4200 ista
3071 4149 3372 4202 conveniat:

1820 4239 1923 4294 Sed
1955 4239 2082 4292 dicit
2107 4240 2295 4308 aliquis
2328 4240 2660 4294 :~Divinitatis
2692 4240 2844 4306 hanc,
2873 4254 2976 4293 non
3005 4241 3193 4293 animae
3221 4239 3331 4294 Chr
3355 4268 3375 4282 ο

1818 4338 1881 4389 sti
1905 4337 2169 4390 credimus
2197 4351 2401 4390 vocem.
2431 4335 2496 4389 Et
2524 4336 2648 4406 quid
2680 4337 2731 4389 in
2760 4351 2822 4390 eo
2846 4336 2928 4388 cui
2975 4335 3376 4404 promittebatur

1819 4427 2138 4494 accipimus?
2166 4425 2353 4490 llodie,
2385 4427 2553 4494 inquit
2582 4425 2794 4500 latroni,
2833 4441 3036 4480 mecum
3065 4425 3174 4479 eris
3203 4426 3252 4477 in
3278 4441 3375 4492 pa-

182 4511 358 4577 piendo
379 4513 723 4568 substantiam
748 4513 934 4565 noctis.
969 4507 1143 4578 Itaque
1171 4527 1267 4563 una
1300 4511 1426 4563 lucis
1472 4514 1717 4586 substan-
1747 4497 1792 4556 ί)
1821 4516 1996 4569 radiso
2027 4533 2038 4567 :
2065 4516 2216 4584 cujus
2242 4529 2434 4584 corpus
2471 4497 2719 4583 usquead
2752 4515 2976 4569 futuram
3028 4515 3373 4589 resurrectio.

185 4603 247 4652 tia
269 4613 468 4657 noctem
497 4603 671 4657 facere
689 4603 893 4657 videtur
916 4611 967 4655 et
987 4603 1121 4655 diem
1143 4618 1155 4663 ;
1179 4602 1268 4655 sed
1300 4619 1398 4654 non
1419 4619 1520 4654 uno
1539 4604 1714 4656 modo.

186 4688 297 4744 Nam
327 4694 460 4746 diem
479 4708 597 4746 cum
620 4693 783 4755 venit,
799 4703 1003 4744 noctem
1020 4691 1179 4744 efﬁcit
1203 4707 1318 4744 cum
1335 4692 1548 4745 recedit.
1570 4692 1716 4746 Unde

185 4788 234 4832 et
279 4782 675 4836 Manichaeorum
721 4796 824 4835 non
875 4782 1215 4849 irreligiosum
1265 4791 1481 4842 tantum,
1533 4799 1714 4836 verum

187 4871 324 4925 etiam
350 4873 560 4926 stultam
593 4871 925 4936 divisionem,
955 4887 1054 4939 qua
1105 4873 1235 4924 bona
1283 4887 1309 4922 a
1368 4873 1519 4924 malis
1566 4887 1714 4941 teque

186 4961 490 5016 exstantibus
511 4963 749 5016 nituntur
775 4975 1019 5027 separare
1047 4962 1372 5022 substantiis,
1404 4963 1713 5030 plerumque

188 5049 532 5106 confundimus
551 5069 563 5104 :
579 5051 913 5106 ostendentes
924 5049 998 5104 cis
1017 5052 1265 5104 luminare
1280 5052 1464 5118 majus,
1485 5035 1586 5118 quo
1603 5052 1712 5106 ﬁeri

190 5144 406 5198 novimus
432 5146 598 5207 diem;
628 5153 680 5198 et
708 5152 954 5212 cogentes
1003 5153 1059 5195 ut
1093 5152 1143 5196 et
1190 5143 1286 5210 ipsi
1343 5144 1584 5196 similiter
1617 5159 1714 5198 nos

191 5231 436 5298 docerent,
458 5234 596 5303 quod
625 5243 783 5298 esset,
814 5233 856 5284 si
883 5233 1022 5285 dictu
1051 5233 1124 5284 fas
1160 5242 1259 5294 est,
1308 5231 1572 5283 tenebrale
1603 5248 1712 5282 ma-

188 5317 276 5387 iUI,
295 5323 447 5394 355
470 5342 571 5393 quo
599 5324 1008 5379 substantialiter
1027 5324 1135 5377 ﬁeri
1168 5324 1500 5376 crederemus
1541 5333 1592 5375 (·ι
1618 5329 1710 5376 uo-

195 5419 326 5468 ctem.
359 5417 459 5469 Sed
482 5417 547 5470 de
579 5417 836 5478 his-alias,
866 5416 950 5483 qui
985 5430 1073 5483 per
1111 5414 1380 5466 stultitiam
1418 5415 1706 5488 hlaSphetni

193 5501 442 5572 dogmatis,
465 5519 548 5562 aut
572 5523 666 5577 pro
687 5507 1011 5562 exstantibus
1043 5521 1141 5559 non
1172 5505 1449 5566 exstantia,
1470 5515 1571 5557 aut
1611 5520 1706 5571 pro

199 5595 534 5667 principtlibus
570 5607 870 5662 consecuta,
895 5606 987 5650 aut
1012 5612 1102 5666 pro
1140 5596 1415 5652 contrariis
1463 5595 1703 5668 videntur

199 5684 426 5746 sl'lirutarc
460 5695 777 5747 communia.
822 5690 948 5756 Qute
994 5693 1033 5758 si
1075 5691 1189 5759 quis
1229 5689 1346 5742 fidei
1395 5687 1559 5743 oculis
1595 5685 1699 5740 nun

1821 4623 1937 4660 nem
1961 4621 2103 4659 mors
2135 4606 2431 4660 communis
2469 4606 2699 4660 inclusit.
2731 4606 2912 4658 Anima
2957 4605 3130 4670 igitur.
3157 4612 3238 4658 est
3285 4605 3371 4658 cui

1822 4698 2071 4751 Dominus
2099 4699 2195 4749 hoc
2217 4697 2456 4764 promisit
2478 4705 2530 4750 et
2559 4696 2817 4763 prwstitil.
2875 4695 2930 4750 Si
2987 4696 3141 4764 igitur
3162 4704 3371 4748 mortuo

1816 4802 2059 4854 corpore,
2087 4788 2150 4839 ad
2174 4787 2468 4853 paradisum
2517 4786 2690 4840 anima
2739 4799 2864 4838 mox
2919 4795 3153 4850 vocatur,
3185 4800 3370 4853 quent-

1816 4892 2043 4946 quamne
2070 4875 2239 4929 adhuc
2268 4884 2370 4928 tam
2396 4875 2607 4942 impium
2629 4873 2913 4939 credimus,
2947 4874 3033 4942 qui
3075 4875 3250 4935 dicere
3273 4881 3375 4927 au-‘

1814 4966 1954 5031 deat,
2011 4964 2255 5032 quoniam
2290 4964 2460 5016 anima
2500 4962 2787 5018 Salvatoris
2821 4965 2984 5031 nostri
3053 4962 3224 5017 tri‘duo
3275 4964 3367 5016 illo

1813 5068 2076 5122 corporea:
2107 5054 2310 5117 mortis,
2339 5054 2476 5120 apud
2500 5051 2697 5106 inferos
2723 5054 2976 5107 custodiae
2999 5052 3318 5120 mancipatur
3339 5053 3365 5105 ?

1814 5145 1878 5197 Et
1905 5144 2039 5211 quis,
2084 5144 2274 5210 inquis,
2303 5151 2384 5195 est
2405 5139 2536 5195 alius
2565 5143 2650 5210 qui
2683 5141 2909 5200 instante
2949 5145 3190 5211 passione
3209 5141 3364 5195 Chrio

1813 5233 1879 5287 Sti
1904 5231 2174 5300 ingemuit,
2198 5229 2380 5284 dicens
2405 5245 2418 5283 :
2447 5230 2624 5282 Tristis
2655 5239 2725 5282 est
2751 5231 2921 5284 anima
2972 5247 3079 5284 mea
3111 5246 3261 5298 usque
3289 5231 3359 5284 ad

1813 5335 2015 5378 mortem
2043 5324 2253 5392 (Matth.
2282 5339 2424 5386 xxvi,
2454 5324 2540 5390 38)
2562 5326 2576 5373 ἰ
2599 5323 2784 5377 Tristis
2832 5338 2994 5394 usque
3017 5321 3090 5378 ad,
3110 5329 3357 5386 mortem,

1812 5425 2021 5482 propter
2048 5413 2289 5467 affectum
2315 5422 2572 5480 susceptte
2609 5414 2801 5477 miritis,
2831 5428 2929 5468 non
2960 5419 3078 5480 post
3104 5418 3355 5478 mortem,

1810 5487 1926 5558 cuni
1957 5505 2328 5559 beatitudinem
2362 5504 2586 5572 spondet
2613 5504 2837 5557 societas
2863 5501 3087 5558 deitatis.
3111 5500 3220 5554 Non
3254 5502 3356 5555 ἰπὶ-ο

1783 5597 2191 5659 _tinmmceroris
2221 5610 2362 5649 mors
2388 5596 2515 5658 ista,
2546 5595 2636 5647 scd
2657 5593 2770 5648 tinis
2792 5601 2892 5646 est.
2947 5591 3054 5646 Nec
3094 5591 3356 5663 incipiunt

1806 5694 1921 5755 post
1949 5687 2078 5740 hanc
2097 5689 2353 5752 justorum
2389 5684 2609 5752 ﬂagella,
2634 5683 2721 5739 sed
2744 5683 3007 5750 desinunt,
3039 5699 3155 5739 cum
3181 5695 3229 5740 et
3255 5685 3359 5738 int-
