3856 6222
486 276 589 332 ‘35!

1735 290 1958 346 \‘IGILII
1987 289 2350 350 TAPSENSIS

3639 305 3750 359 352

491 388 794 454 pedimenta
823 394 1058 448 materiae
1079 396 1376 451 ﬂuctuantis
1396 406 1688 468 exponunt,
1713 408 2049 456 etauctorem
2080 406 2130 463 Α
2155 411 2248 457 cut
2274 403 2361 473 qui
2389 402 2583 473 ubique
2617 421 2721 460 non
2750 406 2932 464 defuit.
2963 410 3179 466 Iacebat
3207 420 3458 479 quantum
3499 412 3577 464 ad
3629 428 3746 466 car.

488 493 641 532 suum
694 483 942 548 plenioris
1009 483 1368 554 intelligentia:
1430 490 1872 559 contemplatione
1939 492 2047 562 jam

489 568 724 636 capiunt.
1365 604 1374 610 ’

974 664 1270 728 ,ΑΕΑΡΗΤ
1299 667 1485 730 XXIV.

557 771 711 836 Ergo,
746 773 938 843 inquis,
980 789 1202 832 mortem
1234 781 1323 833 Dei
1363 779 1524 847 Filius
1557 789 1611 834 et
1649 781 1700 834 in
1731 782 1906 835 anima
1938 798 2044 837 non

485 862 718 927 pertulit,
748 872 804 917 et
836 866 884 917 in
917 871 1189 936 majestate
1211 885 1314 922 non
1338 870 1533 922 sensit?
1563 870 1696 935 Quid
1729 886 1854 940 ergo
1895 874 2044 926 diee-

481 947 575 1001 bas
597 965 713 1006 rsse
734 957 873 1022 quod
898 961 1153 1026 pertulit?
1175 961 1350 1015 Sensit
1375 975 1590 1028 prorsus
1608 972 1663 1014 et
1691 962 1921 1028 pertulit,
1950 963 2042 1017 sed

481 1041 882 1111 participatione
907 1051 1075 1101 morbi
1107 1049 1282 1111 alieni,
1309 1063 1410 1102 non
1440 1049 1760 1116 proprietate
1810 1051 2043 1105 vulneris

478 1127 577 1180 sui.
611 1130 783 1184 Sensit
811 1136 944 1189 sicut
974 1153 1158 1193 omnes
1181 1135 1433 1202 sentiunt,
1478 1138 1567 1207 qui
1596 1142 1854 1202 moriente
1882 1157 2042 1197 carne

476 1222 742 1274 tuentibus
772 1225 952 1280 vivunt
987 1245 1126 1282 :non
1175 1230 1311 1283 sicut
1358 1229 1523 1298 impii,
1573 1233 1660 1299 qui
1714 1231 1766 1285 in
1821 1242 2041 1300 utraque

478 1320 645 1376 parte,
678 1313 814 1367 sicut
844 1316 980 1370 idem
1009 1318 1105 1382 ait,
1139 1319 1392 1386 gehennae
1445 1319 1651 1389 ignibus
1700 1322 2037 1376 occiduntur.

475 1399 694 1460 Quidam
727 1418 854 1458 sane
881 1419 1212 1462 communem
1251 1417 1472 1462 mortem
1525 1411 1682 1464 etiam
1730 1410 1831 1465 hoc
1884 1420 2038 1480 pacto

475 1487 754 1557 deﬁniunt;
780 1493 1015 1550 dicentes
1043 1497 1172 1551 nihil
1199 1499 1341 1552 aliud
1391 1499 1531 1553 lianc
1555 1515 1674 1555 esse
1714 1516 1870 1570 quam
1917 1517 2035 1556 eum

475 1579 802 1636 divcnarsm
825 1600 1001 1640 rerum
1033 1603 1293 1643 consensu
1317 1590 1476 1643 vitam
1529 1591 1852 1654 facientium.
1893 1593 2035 1662 velut

476 1684 568 1736 per
589 1672 864 1728 tliss‘dium
886 1679 1145 1744 quoddam
1167 1680 1234 1733 ab
1257 1681 1480 1735 iuvit-em
1508 1681 1662 1734 fuerit
1680 1680 1814 1735 facta
1837 1681 2035 1737 disces-

2157 512 2276 550 nem
2312 509 2553 552 mortuus
2577 499 2627 551 in
2689 504 2953 568 sepulcro,
3006 495 3243 560 mortuos
3289 508 3641 559 resuscitans
3695 509 3745 558 in

2152 583 2382 653 inferno,
2417 588 2572 638 vitam
2598 587 2839 644 tribuens
2860 595 3123 648 universis
3150 595 3202 648 in
3227 593 3362 648 ctelo
3397 611 3410 646 :
3435 609 3557 646 non
3589 609 3746 646 nn-

2150 675 2276 728 dum
2299 677 2578 731 dimittens
2606 679 2671 732 ad
2700 681 2893 735 caelum
2915 685 3182 750 ascendit,
3212 700 3308 740 nec
3335 685 3543 738 cretum
3578 682 3742 737 desc—

2147 779 2185 818 r.
2211 781 2272 820 ns
2301 766 2363 818 ad
2389 775 2581 820 terram
2614 769 2789 830 venit;
2821 771 2912 823 sed
2940 787 3046 826 uno
3073 784 3231 842 atque
3255 773 3441 828 eodem
3475 780 3741 836 tempore

2149 853 2313 906 totum
2341 862 2484 907 totus
2517 854 2773 923 implevit,
2800 861 2888 926 qui
2919 861 3110 916 alicubi
3142 863 3584 916 manifestatione
3611 875 3742 928 ope-

2147 957 2260 994 rum
2294 943 2408 1009 plus
2437 957 2649 1011 parens,
2675 950 2999 1015 agnitionem
3018 954 3314 1020 praesentia.-
3341 969 3452 1008 suae
3483 952 3739 1020 indignis

2144 1032 2401 1100 negavit,
2434 1049 2539 1088 non
2593 1038 2866 1093 immensa:
2923 1041 3137 1103 deitatis
3187 1044 3482 1099 absentiam
3532 1056 3738 1113 procne

2143 1122 2306 1177 tavit.
3029 1153 3032 1156 δ

2727 1195 2953 1252 CAPUT
2983 1198 3148 1252 XXV.

2211 1259 2304 1314 Vis
2344 1275 2502 1317 nosse
2523 1263 2591 1318 de
2616 1263 2714 1318 hac
2756 1267 3058 1320 mediatoris
3090 1277 3258 1322 morte
3289 1270 3414 1336 quid
3446 1275 3732 1330 sentiam?

2139 1346 2384 1402 Omnium
2413 1366 2530 1418 quae
2557 1365 2585 1404 a
2615 1367 2698 1405 me
2719 1351 2770 1404 in
2787 1354 3148 1419 superioribus
3175 1354 3530 1412 incidentium
3565 1378 3727 1440 qua;

2138 1437 2369 1491 stionem
2399 1441 2716 1494 necessitate
2744 1439 2984 1504 disoersa
3026 1451 3170 1507 sunt,
3203 1458 3421 1511 prorsus
3453 1447 3563 1500 ista
3598 1437 3725 1504 seu;

2112 1525 2303 1580 tentia
2328 1536 2441 1583 est:
2466 1543 2565 1596 qua
2597 1529 2758 1584 credo
2791 1541 3056 1586 mortuum
3087 1547 3206 1588 esse
3234 1534 3423 1588 Filium
3453 1537 3582 1601 Dei,
3615 1557 3725 1597 non

2137 1615 2434 1669 secundum
2463 1631 2670 1685 pinnam
2696 1619 2965 1686 injustitim
2991 1636 3146 1690 quam
3195 1638 3272 1678 ex
3317 1609 3428 1679 toto
3471 1640 3591 1682 non
3638 1631 3732 1683 ba-

2137 1702 2271 1768 bu'rt,
2301 1705 2394 1756 sed
2418 1707 2652 1759 secundo
2677 1725 2704 1757 n
2738 1708 2904 1775 legem
2933 1717 3135 1763 natura;
3171 1727 3330 1780 quam
3365 1729 3460 1779 pro
3482 1716 3720 1773 [inruant

468 1763 568 1815 sio.
603 1763 722 1818 llaec
753 1768 796 1820 si
823 1767 1050 1823 hominis
1081 1787 1224 1826 mors
1252 1781 1336 1827 est
1360 1787 1477 1841 qua:
1499 1773 1605 1826 non
1628 1773 2030 1842 consumitjiin~

2243 1755 2271 1768 ,,
2425 1755 2471 1758 ,_
2494 1755 2652 1759 ___-__
2679 1755 2703 1757 η
2738 1755 2904 1775 --οη-
2935 1755 3135 1763 ---η-κ.
3365 1755 3459 1779 ,ην
3483 1755 3718 1773 -..η-η.

2132 1792 2342 1857 generis
2373 1794 2738 1861 redemptione
2766 1795 2997 1865 suscepit
3029 1816 3042 1850 :
3076 1755 3362 1855 illa‘morte
3391 1805 3460 1857 de
3488 1821 3604 1873 qua
3638 1808 3718 1860 di-

470 1860 572 1913 cta,
602 1855 693 1906 sed
722 1855 927 1923 dividit,
957 1860 1078 1912 dum
1110 1862 1296 1930 origini
1318 1877 1427 1916 sua:
1456 1871 1737 1932 utrumque
1762 1863 2026 1929 restituit,

472 1943 596 2007 quid
623 1943 690 1997 tie
714 1947 1000 2002 Salvatoris
1021 1967 1157 2004 nunc
1184 1953 1354 2005 anima
1381 1952 1636 2016 dicemus,
1670 1968 1789 2021 qua:
1818 1963 1875 2006 ut
1921 1969 2024 2007 non

466 2032 637 2086 dicam
660 2047 876 2102 promer
913 2037 1298 2096 inliabitantem'
1344 2043 1697 2108 divinitatem,
1746 2046 1920 2114 355.
1972 2054 2025 2099 et

465 2132 681 2190 propter
699 2128 952 2192 justitiam
983 2131 1324 2200 singularem,
1345 2142 1493 2188 certe
1538 2144 1753 2201 propter
1782 2149 2016 2187 commu-

465 2200 587 2266 neni
608 2219 867 2272 moriendi
894 2231 1114 2291 sortem,
1144 2237 1337 2292 corpus
1378 2225 1467 2278 illo
1519 2200 1692 2278 triduo
1728 2226 1805 2280 sic
1857 2226 2025 2296 potuit

468 2304 740 2372 deserens,
773 2320 826 2365 ut
859 2312 966 2379 ipsa
999 2327 1101 2367 non
1131 2324 1312 2382 posset
1337 2315 1549 2384 penitus
1581 2315 1840 2371 interire-1

529 2395 642 2476 Non
705 2415 853 2470 ergo,
915 2403 1118 2469 inquis,
1161 2406 1299 2476 apud
1345 2407 1543 2460 inferos
1580 2408 1779 2461 Christi
1818 2409 2023 2473 anima,

464 2499 566 2538 non
602 2473 852 2543 divini-tas
879 2491 1009 2546 fut?
1037 2493 1155 2547 Fuit
1175 2473 1457 2563 ,vinqu'am.
1504 2496 1685 2564 Neque
1705 2498 1846 2551 enim
1870 2499 2024 2554 aliter

462 2593 581 2630 cum
609 2579 763 2645 video
790 2583 1024 2647 potuisse
1049 2586 1361 2640 resuscitare
1380 2600 1595 2640 carnem
1624 2602 1796 2651 suam,
1820 2587 1862 2642 si
1889 2592 2022 2657 apud

463 2668 659 2721 inferos
690 2671 966 2735 prtldICt’lﬂ
998 2676 1140 2727 velut
1181 2676 1415 2730 absentis
1462 2677 1549 2729 Dei
1591 2691 1693 2729 non
1725 2677 1887 2731 fuisse
1930 2692 2025 2745 ρο·-

459 2756 698 2810 tentiam.
732 2760 836 2814 Nec
857 2773 1034 2816 tmn-n
1071 2765 1184 2818 ideo
1209 2765 1431 2818 iocalcm
1463 2782 1555 2820 nos
1590 2766 1678 2820 Dei
1701 2767 1888 2830 credat
1922 2769 2017 2822 ali-

452 2849 574 2913 quis
600 2852 883 2914 pra-dicare
908 2857 1271 2919 praesentiam;
1296 2857 1360 2909 de
1394 2872 1497 2924 quo
1543 2846 1638 2910 ista
1673 2870 1885 2926 propter
1907 2875 2016 2912 ma-

2129 1881 2265 1933 cltur
2297 1898 2311 1934 :
2348 1883 2479 1948 Qui:
2505 1895 2576 1937 est
2605 1885 2753 1938 homo
2779 1889 2863 1954 qui
2889 1888 3031 1951 vivet,
3059 1899 3222 1943 etnon
3255 1893 3436 1946 videbit
3484 1907 3712 1950 mortem

2130 1966 2299 2033 (P51.
2328 1986 2582 2035 maxim,
2615 1973 2705 2038 49)
2733 1974 2754 2026 I
2781 1989 2882 2027 non
2915 1976 3003 2028 illa
3036 1977 3103 2030 de
3151 1994 3251 2045 qua
3305 1980 3470 2034 Isaias
3527 1983 3666 2037 dicit
3696 2001 3712 2038 :

2127 2052 2317 2108 Μοτιαὶ
2359 2069 2524 2110 autem
2573 2062 2724 2114 vitam
2779 2079 2878 2116 non
2925 2065 3159 2120 videbunt
3197 2067 3349 2136 (Isai.
3391 2084 3537 2136 nrt,
3597 2073 3711 2139 Η).

2129 2143 2220 2197 Illa
2253 2161 2369 2213 qua:
2393 2149 2682 2203 secundum
2743 2162 2984 2206 naturam
3034 2157 3296 2223 generalis
3335 2167 3419 2211 est
3466 2161 3709 2223 cunctis,

2131 2252 2235 2292 non
2265 2238 2354 2293 illa
2387 2256 2501 2309 qua:
2526 2244 2769 2312 specialis
2793 2253 2874 2298 est
2903 2245 3074 2297 malis.
3122 2245 3374 2300 Puteanus
3406 2263 3537 2316 ergo
3571 2249 3711 2302 bane

2131 2342 2247 2381 esse
2279 2332 2667 2392 quodammodo
2696 2335 2797 2386 vim
2824 2348 2884 2387 ac
2911 2334 3202 2402 potentiam
3243 2338 3483 2396 seminis,
3513 2352 3625 2405 qua
3655 2345 3706 2391 et

2131 2416 2303 2467 anima
2325 2419 2526 2470 animas
2575 2432 2786 2489 reparet
2836 2431 2938 2475 :et
2985 2436 3145 2476 carne
3164 2423 3397 2476 omnium
3452 2434 3706 2479 uestrum

2132 2519 2344 2559 cantem
2369 2507 2570 2574 judicio
2598 2510 2905 2565 imminente
2925 2512 3227 2576 resuscitet,
3254 2513 3376 2566 dum
3401 2528 3704 2582 [ieropera-

2131 2595 2323 2649 tionem
2350 2600 2572 2665 propria:
2599 2601 2809 2654 deitatis
2836 2613 3022 2654 cuneta
3040 2602 3330 2666 viviﬁcans,
3348 2619 3409 2654 ex
3440 2619 3552 2656 uno
3580 2618 3702 2657 sos.

2127 2684 2269 2750 cepti
2304 2685 2534 2740 hominis
2575 2703 2758 2755 grano,
2787 2688 3225 2742 innumerabilem
3265 2691 3403 2744 Patri
3452 2693 3708 2745 redditu-'

2124 2789 2214 2827 rus
2243 2787 2322 2830 est
2342 2791 2590 2831 messem.
2620 2779 2764 2832 Tunc
2794 2793 3132 2847 separauit-ns
3158 2791 3239 2835 est
3286 2796 3315 2834 a
3364 2783 3591 2837 zizauiis
3614 2800 3697 2839 se-

2122 2876 2293 2930 getem
2321 2866 2339 2934 (
2349 2865 2528 2919 Matth.
2555 2883 2664 2931 xm,
2687 2868 2799 2938 30),
2832 2885 2947 2923 cum
2966 2870 3120 2938 justis
3149 2874 3367 2939 t-teperit
3395 2872 3697 2928 retribuere

456 2933 841 2992 itif-stationem
863 2945 992 2997 certi
1011 2948 1187 3009 operis
1210 2947 1452 3009 dicimus,
1475 2949 1590 3016 quia
1616 2949 1807 3002 alicubi
1826 2952 1919 3002 fuit
1946 2951 2021 3004 si-
2048 2945 2094 3007 C
2126 2955 2448 3008 mercedem.

466 3048 501 3060 .-

507 3052 790 3065 ——____

1387 3061 1646 3070 —__—_

1679 3062 3678 3087 —————__—________.___—_

468 3081 2848 3109 Μ*

1216 3160 1882 3272 VIGILII
1960 3163 2932 3275 TAPSENSIS
3433 3242 3442 3250 -

566 3342 1126 3459 CONTRA
1189 3345 2029 3465 MARIVADUM
2091 3346 2714 3463 ARIANUM
2777 3352 3552 3495 DIACONUM,

1322 3523 1440 3574 SUB
1465 3509 1705 3574 NCMINE
1727 3525 1914 3575 IDACII
1941 3525 2121 3574 CLARI
2148 3524 2392 3574 CONTRA
2420 3525 2792 3576 VARIMADUM
2812 3563 2826 3584 ,

1763 3637 2024 3722 LIBRI
2073 3637 2354 3717 TRES.

1836 3813 2005 3874 I‘IUE
2013 3812 2055 3872 F
2064 3813 2109 3870 A
2118 3812 2165 3870 Τ
2171 3808 2270 3873 IO.

529 3928 685 3996 357
712 3925 934 3988 Dudum,
961 3925 1290 3980 dilectirsimi
1315 3927 1521 3994 fratres,
1549 3930 1601 3984 in
1625 3931 1860 3998 Neapoli,
1888 3931 2017 3984 urbe

462 4015 761 4084 Campania:
788 4017 1109 4070 constitutus
1133 4058 1147 4082 ,
1199 4019 1472 4087 cujusdam
1508 4021 1769 4074 Varimadi
1811 4022 2020 4073 Arianae

461 4116 616 4160 secta-
630 4105 834 4158 diaconi
852 4107 1320 4174 propositionibus,
1340 4125 1365 4160 a
1383 4111 1607 4178 quodam
1624 4113 1858 4164 stuelioso
1871 4125 1930 4163 ac
1945 4126 2020 4163 re-

461 4195 635 4263 ligiosi
649 4196 803 4246 simu
821 4194 935 4247 viro
957 4196 1085 4266 mihi
1100 4196 1314 4261 oblatis,
1333 4199 1530 4251 rustico
1546 4200 1756 4267 quidem
1776 4212 2019 4278 sermone

2121 3928 2280 3982 fuerit
2311 3929 2430 3998 igne
2459 3940 2852 3998 consumptum,
2879 3946 3096 3985 necesse
3135 3941 3221 3986 cst
3259 3943 3316 3986 ut
3358 3935 3407 3987 in
3448 3950 3546 3989 suo
3587 3952 3677 4006 ιιι

2122 4023 2322 4074 tiantnr
2349 4039 2512 4096 opere
2553 4024 2927 4078 detrimentum
2957 4044 2969 4078 :
2999 4032 3122 4096 quia
3148 4028 3417 4085 difﬁcilius
3457 4041 3676 4100 possunt

2121 4112 2426 4174 hujusmoli
2457 4129 2482 4167 a
2518 4115 2667 4182 pravi
2698 4118 2954 4190 dogmatis
2976 4132 3133 4171 cursu
3174 4120 3339 4173 averti
3371 4133 3420 4174 et
3454 4124 3674 4178 meliora

2121 4204 2316 4255 sectari
2355 4220 2368 4256 :
2408 4206 2658 4267 quoniam
2701 4216 2899 4260 tantum
2935 4207 3032 4261 sibi
3077 4208 3142 4263 de
3178 4210 3364 4275 spiritu
3413 4221 3674 4265 auxerunt

461 4285 816 4353 respondens,
865 4286 915 4337 iu
957 4301 1060 4338 uno
1089 4302 1312 4352 corpore
1342 4288 1501 4340 simul
1529 4289 1594 4342 de
1620 4289 1816 4342 unitate
1845 4288 2019 4343 Trini-
2049 4325 2100 4385 υ
2120 4294 2549 4360 ptesumptionis
2576 4297 2868 4361 audaciam,
2900 4307 2952 4352 ut
2982 4298 3044 4351 ad
3079 4300 3350 4351 veritatem
3384 4301 3503 4353 fidei
3537 4317 3667 4354 nun-

462 4375 586 4426 tatis
617 4374 826 4426 libellos
855 4373 1072 4440 dgessi.
1099 4374 1198 4426 Sed
1222 4376 1339 4438 quin
1366 4390 1504 4429 nunc
1527 4378 1907 4444 comperimus,
1931 4394 2022 4432 eos

465 4477 498 4514 n
524 4463 594 4514 hil
626 4462 763 4514 velle
789 4461 886 4513 sibi
919 4462 1134 4528 privatis
1163 4463 1333 4516 verbis
1355 4465 1568 4532 opponi,
1592 4466 1685 4519 sed
1714 4467 1879 4533 magis
1905 4483 2024 4534 pro-

464 4553 758 4620 positiones
788 4566 909 4604 suas
952 4551 1254 4606 desiderant
1286 4554 1704 4626 testimoniorum
1746 4558 2022 4612 virtutibus

464 4642 778 4709 oppugnari,
807 4642 1162 4695 mediocribus
1208 4652 1265 4696 et
1303 4644 1495 4710 ingenii
1545 4646 1862 4699 tardioribus
1891 4662 2020 4700 con-

466 4737 723 4797 sulentes,
759 4736 830 4787 ita
868 4745 1050 4789 sancto
1081 4752 1178 4790 nos
1219 4738 1418 4804 Spiritu
1452 4738 1752 4805 adiuvante,
1793 4755 2018 4806 respon-

466 4831 670 4880 sionem
703 4837 935 4878 nostram
966 4828 1224 4880 universis
1254 4843 1434 4882 eorum
1459 4831 1844 4898 objectiouibus
1874 4831 2020 4884 testi-

467 4920 768 4973 monialitrr
798 4919 1175 4984 coaptavimus,
1201 4929 1254 4970 ut
1283 4920 1325 4972 is
1357 4920 1440 4984 qui
1474 4921 1680 4988 legerit,
1716 4937 1817 4974 non
1845 4922 2017 4984 nudis,

465 5024 524 5067 nt
549 5015 719 5066 solent
757 5011 1012 5076 obiicere,
1039 5013 1232 5076 verbis,
1262 5012 1357 5064 sed
1391 5013 1641 5080 legalibus
1669 5001 1838 5066 valeat
1863 5014 2023 5066 refel-

464 5107 573 5159 lere
616 5101 981 5164 documentis;
1015 5112 1072 5153 ut
1102 5102 1243 5153 omni
1277 5118 1343 5154 ex
1371 5111 1516 5165 parte
1546 5104 1770 5155 convicti
1797 5104 1937 5154 conf.
1962 5116 2024 5154 n-

465 5197 678 5257 dantur,
718 5202 770 5244 et
812 5191 876 5242 ad
919 5191 1138 5243 nihilum
1182 5191 1484 5258 redigantur
1521 5191 1608 5258 qui
1650 5207 1805 5258 super
1835 5191 2021 5244 funda-

468 5295 700 5338 mentum
733 5282 1103 5350 prOphetarnui
1128 5293 1175 5334 et
1210 5284 1567 5343 apoStolorum
1598 5284 1863 5350 dogmata,
1899 5283 2019 5336 talia

469 5376 716 5442 figmenta
749 5372 1060 5425 construere
1091 5370 1398 5422 tnoliuntur.
1419 5371 1562 5435 Quod
1587 5373 2018 5440 aedilicium,quia

469 5478 574 5516 non
623 5476 753 5514 auro
783 5471 834 5513 et
865 5469 1103 5527 argento,
1136 5473 1307 5524 neque
1337 5459 1589 5523 lapidibus
1618 5461 1878 5525 pretiosis,
1925 5459 2018 5514 sed

474 5553 615 5620 ligno
661 5551 890 5617 ferioque
937 5562 987 5603 et
1038 5549 1246 5615 stipula:
1289 5550 1667 5614 comparatur?
1695 5550 1822 5602 Cum
1868 5561 2017 5614 iusta

479 5642 720 5706 Apostoli
755 5640 946 5693 dictum
985 5639 1031 5709 (1
1067 5636 1184 5693 Cor.
1214 5654 1288 5701 ιιι,
1327 5640 1409 5706 13)
1444 5638 1493 5693 in
1540 5639 1698 5710 358
1724 5641 1905 5697 ultimo
1937 5641 2020 5696 die

2128 4397 2282 4446 quam
2311 4383 2527 4435 omnino
2562 4386 2890 4450 perveniant.
2941 4386 3166 4438 Possunt
3210 4391 3349 4439 enim
3391 4393 3670 4442 caritatem

2098 4449 2475 4521 ’Ῐηιιθηίιειιίε
2507 4449 2734 4536 assequi,
2770 4482 2822 4523 et
2855 4473 3009 4525 fidem
3039 4488 3160 4526 cum
3190 4476 3464 4530 catholicis
3492 4486 3671 4530 tenere

2123 4559 2434 4622 perlectam,
2459 4560 2500 4610 si
2525 4560 2587 4610 de
2605 4560 2768 4612 solius
2787 4562 2871 4614 Dei
2904 4565 3155 4628 potentia,
3178 4573 3233 4618 et
3263 4580 3365 4617 non
3395 4566 3462 4619 de
3487 4566 3670 4621 infide-

2130 4645 2254 4696 lium
2281 4661 2458 4714 regum
2481 4647 2580 4700 sibi
2603 4649 2950 4716 gloriarentur
2968 4653 3232 4719 superbia.
3251 4656 3315 4707 lis
3333 4657 3488 4725 igitur
3505 4674 3628 4712 cum
3642 4672 3671 4711 a

2123 4735 2497 4790 defensoribus
2515 4740 2787 4792 catholica:
2806 4741 2921 4794 lidei
2943 4744 3200 4808 cmperint
3213 4749 3330 4807 iure
3348 4748 3666 4817 constringi,

2123 4837 2176 4878 et
2212 4826 2407 4878 nul'um
2438 4826 2534 4880 sibi
2568 4828 2978 4894 subterfugiendi
3018 4834 3188 4886 locum
3217 4835 3442 4889 viderint
3472 4838 3668 4892 δυση-

2122 4916 2270 4984 pari,
2319 4920 2578 4970 versutias
2619 4920 2868 4983 quasdam
2908 4921 3138 4976 inanium
3187 4926 3468 4979 verborum
3513 4929 3666 4980 solita

2124 5013 2281 5058 temet
2299 5006 2423 5059 itate
2454 5023 2556 5059 non
2577 5006 3016 5062 desinuntcalliita
3041 5012 3329 5066 subtilitate
3346 5021 3664 5077 contexere;

2121 5098 2369 5149 dicentes
2400 5098 2537 5165 quod
2583 5113 2642 5150 ea
2673 5113 2788 5166 qua:
2832 5099 3080 5154 Dominus
3128 5101 3366 5155 Salvator
3406 5110 3588 5156 noster
3617 5105 3664 5157 in

2125 5187 2430 5254 Evangeliis
2461 5187 2525 5240 de
2554 5201 2643 5238 sua
2672 5188 2939 5242 d-vinitatc
2983 5189 3187 5242 locutus
3227 5201 3328 5255 est,
3365 5191 3664 5247 divinarum

2127 5277 2311 5329 relicto
2344 5278 2552 5329 tramite
2578 5279 2904 5340 litterarum;
2936 5278 3247 5344 quibusdam
3278 5281 3664 5348 interpretatio-

2126 5367 2280 5420 nibus
2310 5369 2552 5420 universa
2583 5369 2645 5419 atl
2678 5370 2850 5421 carnis
2877 5369 3221 5422 substantiam
3247 5370 3506 5436 referunt;
3535 5373 3662 5427 dum

2125 5458 2220 5526 ipsi
2249 5457 2420 5524 potius
2452 5457 2502 5508 in
2532 5472 2593 5508 eo
2621 5459 2733 5523 ipso
2763 5458 2894 5522 quod
2921 5458 3050 5510 dixit
3074 5475 3085 5508 :
3113 5457 3263 5513 Pater
3289 5461 3453 5527 major
3481 5478 3563 5515 me
3584 5471 3663 5518 est

2124 5547 2297 5617 (Joan.
2328 5562 2433 5609 XIV,
2465 5547 2579 5614 9.3).
2633 5547 2715 5609 Et,
2756 5547 2866 5615 Ipsis
2892 5562 2974 5600 me
3002 5549 3163 5601 misit.
3195 5550 3278 5613 Et,
3303 5549 3412 5602 Non
3440 5550 3555 5602 veni
3586 5552 3662 5603 fa-

2125 5655 2244 5695 cere
2267 5642 2477 5694 volunta
2504 5657 2586 5695 cm
2620 5657 2808 5709 menti,
2841 5640 2930 5695 sed
2972 5641 3288 5696 voluntatem
3317 5641 3428 5707 ejus
3469 5643 3556 5707 qui
3580 5659 3665 5698 tuo
