3856 6222
489 119 617 179 ω.

1721 113 1942 184 νιειμι
1980 113 2353 173 TAPSENSIS

3643 132 3762 188 35$

474 233 612 290 Deus
644 239 698 288 et
724 230 954 301 Spiritus
1000 229 1377 300 prpphetarum
1429 228 1570 284 misit
1607 227 1852 296 angelum
1883 240 2037 279 suum
2075 234 2126 293 Α
2157 227 2336 282 ιιιὶιιυι·
2365 236 2447 282 est
2475 228 2627 286 Patre
2652 245 2772 296 sno,
2802 247 2929 303 ergo
2959 235 3217 288 minorala
3240 243 3324 290 est
3352 245 3404 290 et
3429 239 3603 305 gloria
3638 243 3752 296 Pa-

468 322 752 378 osteodere
778 321 945 375 servis
979 318 1112 384 suis,
1137 334 1256 388 qua:
1280 328 1492 390 oportet
1535 316 1648 371 ﬁeri
1697 316 1803 369 cito
1846 315 2030 386 (Apoc.

468 431 604 482 xxu,
633 414 729 482 6)?
771 413 826 469 Si
870 413 1042 467 unitas
1092 429 1198 467 non
1243 423 1351 482 est,
1399 408 1560 483 quare
1589 425 1708 465 cum
1742 412 1950 466 Patrem
1981 420 2036 467 et

467 505 654 559 Filium
683 512 738 561 et
758 502 1010 577 Spiritum
1048 513 1288 556 sanctum
1322 498 1669 564 nominasset,
1700 500 1837 553 misit
1884 499 2036 564 dicit,

464 597 518 647 et
547 607 650 646 non
683 593 926 645 miserunt
947 592 1046 647 sub
1080 601 1232 648 textu
1285 594 1441 647 trium
1488 607 1834 660 personarum
1861 600 1915 644 et
1936 607 2046 649 ,nuv-

465 695 613 736 mero
643 680 864 735 indixit?
911 681 967 736 Si
1010 681 1247 738 Trinitas
1278 692 1510 746 nonest,
1543 697 1707 750 quare
1750 682 1802 734 in
1842 681 2040 736 Dente-

463 773 711 825 ronomio
740 771 961 838 dicitur,
997 773 1248 826 Dominus
1276 773 1413 826 Deus
1443 780 1639 834 vester,
1676 770 1760 825 hic
1790 780 1870 824 est
1899 771 2039 827 Deus

463 860 639 930 (Deut.
673 878 727 928 x,
761 861 888 931 I7)?
918 863 973 918 Si
1001 864 1175 918 unitas
1206 878 1309 917 non
1340 871 1442 927 est,
1471 875 1637 930 quare
1664 859 1746 913 hic
1778 869 1852 914 est
1883 859 2040 926 dixit,

465 965 568 1004 non
596 951 635 1004 ii
658 960 776 1005 sunt
830 953 1020 1022 plurali
1067 966 1285 1006 numero
1317 950 1655 1020 designavit?
1707 951 1761 1005 Si
1813 951 2045 1004 Trinitas

465 1054 573 1093 non
618 1048 736 1106 est,
778 1056 940 1111 quare
1000 1043 1050 1095 in
1098 1041 1285 1103 eodem
1336 1040 1472 1093 libro
1518 1038 1745 1092 dicitur:
1784 1039 2042 1093 Dominus

465 1130 608 1185 Deus
642 1140 784 1197 tuus,
817 1130 956 1185 Deus
985 1145 1206 1199 magnus
1243 1138 1296 1184 et
1343 1138 1531 1198 potens
1583 1135 1665 1182 est
1706 1125 1933 1198 (Ibid.)?
1983 1128 2041 1185 Si

465 1227 644 1281 unitas
668 1242 774 1280 non
805 1235 904 1291 est,
932 1241 1095 1294 quare
1119 1241 1329 1294 magnus
1354 1234 1400 1277 et
1427 1232 1602 1293 potens
1631 1231 1703 1276 est
1734 1221 1956 1288 dicitur,
1989 1229 2043 1276 et

475 1323 579 1376 non
629 1320 802 1394 magni
851 1331 898 1373 et
952 1330 1175 1390 potentes
1220 1319 1497 1388 pluraliter
1529 1314 1906 1371 nominantur?
1936 1313 2042 1369 Cur

461 1401 678 1474 Tobias,
711 1428 829 1468 cum
863 1411 1024 1465 tilum
1069 1425 1222 1465 suum
1275 1411 1325 1464 in
1378 1409 1552 1476 Rages
1601 1407 1872 1462 civitatem
1919 1419 2039 1459 cum

463 1507 706 1575 IIapbael
753 1504 1081 1574 areltangeio
1123 1503 1376 1565 mitteret,
1428 1497 1750 1554 benedicens
1793 1511 1936 1561 eum,
1969 1494 2040 1549 ita

2133 318 2243 373 ‘tris
2268 321 2321 372 in
2357 319 2492 374 Filio
2520 336 2532 373 :
2565 331 2613 375 et
2649 323 2734 387 ubi
2761 331 2843 379 est
2870 325 3007 397 quod
3049 326 3101 380 in
3131 325 3419 382 Salomone
3443 329 3746 398 Scriptura

2152 407 2406 476 loquitur,
2452 410 2635 466 dicens
2671 430 2681 463 :
2720 414 2868 469 Sicut
2905 417 3046 470 enim
3095 416 3148 470 in
3192 429 3484 487 conspectu
3514 437 3749 487 eorum,

2149 497 2340 567 inquit,
2376 500 2745 556 inanil‘estatus
2772 511 2854 556 est
2882 507 2932 558 in
2970 506 3144 571 nobis,
3175 516 3228 561 et
3259 509 3330 561 ita
3357 509 3412 562 in
3435 524 3752 578 conspectu

2145 597 2337 641 nostro
2366 589 2786 645 nianifestaberis
2821 594 2872 646 in
2903 595 3032 660 illis,
3066 607 3123 651 ut
3151 611 3476 668 cognoscant
3509 612 3558 655 te
3593 605 3748 656 sicut

2146 678 2515 745 'cognovinius,
2547 682 2799 749 quoniam
2821 684 2979 755 363
3011 704 3114 740 non
3136 699 3222 742 est
3243 691 3377 744 alius
3404 691 3563 753 Deus,
3597 708 3748 760 pne-

2144 775 2228 823 ter
2255 778 2329 833 te,
2363 771 2584 826 Domine
2614 772 2802 843 (Eccli.
2835 791 3012 841 xsxvr,
3044 781 3122 847 4).
3155 781 3446 850 Diligenter
3481 784 3743 845 attende,

2145 869 2198 915 et
2220 875 2483 928 cognosce
2515 864 2700 920 Filium
2731 881 2869 930 esse,
2894 871 2988 936 qui
3020 872 3449 928 manifestabitur
3486 874 3539 929 in
3566 876 3740 944 judi-

2146 951 2251 1017 cio,
2293 952 2418 1013 dum
2453 956 2658 1010 venerit
2697 958 2845 1012 vivos
2892 967 2946 1014 et
2992 973 3233 1016 mortuos
3271 963 3536 1031 judicare.
3597 964 3740 1018 Item

2148 1044 2312 1098 Isaias
2339 1063 2350 1096 :
2382 1046 2799 1108 Auditedomus
2823 1047 3008 1114 Iacob,
3041 1061 3092 1105 et
3121 1053 3396 1107 residuum
3425 1054 3617 1120 Israel,
3644 1054 3741 1123 qui

2146 1135 2456 1204 egredimini
2503 1151 2568 1192 ex
2602 1146 2777 1203 utero,
2801 1148 2852 1192 et
2881 1139 3166 1194 erudimini
3193 1157 3224 1194 a
3257 1158 3424 1210 puero
3453 1159 3635 1214 usque
3667 1145 3738 1197 ad

2144 1236 2514 1294 senectutem:
2557 1227 2625 1282 ab
2653 1228 2802 1282 initio
2832 1242 2932 1298 ego
2983 1246 3124 1296 sum,
3161 1242 3214 1285 et
3241 1246 3512 1301 quousque
3556 1248 3738 1288 sene-

2144 1317 2307 1372 scatis
2334 1333 2432 1388 ego
2454 1331 2704 1388 sum,egn
2729 1321 2851 1386 Ieci,
2876 1335 2974 1392 ego
3001 1324 3264 1389 sustineo,
3295 1338 3394 1394 ego
3421 1326 3738 1388 remittam,

2145 1421 2245 1476 ego
2270 1409 2578 1477 suscipiam,
2609 1409 2738 1464 dicit
2776 1411 3028 1466 Dominus
3050 1411 3206 1476 (Isai.
3243 1428 3386 1481 sui,
3418 1415 3494 1484 3).
3525 1415 3604 1469 Ει
3634 1418 3736 1472 ite—

2146 1512 2261 1551 rum
2289 1515 2300 1550 :
2333 1497 2443 1567 Ego
2473 1513 2588 1553 sum
2618 1499 2872 1557 Dominus
2899 1501 3037 1559 Deus
3063 1521 3076 1556 :
3102 1515 3156 1559 et
3179 1515 3374 1572 prater
3400 1520 3620 1560 menon
3651 1520 3739 1561 est

465 1596 666 1652 dixisse
694 1597 949 1651 docetur:
987 1593 1122 1648 Deus
1145 1593 1434 1654 Abraham,
1475 1598 1527 1645 et
1573 1589 1714 1644 Deus
1757 1586 1943 1652 Jacob,
1990 1595 2043 1641 et
2073 1609 2120 1668 Β
2147 1586 2282 1641 alius
2335 1587 2509 1643 Deus:
2541 1589 2862 1646 adnuntians
2888 1593 3174 1648 novissima
3216 1598 3520 1666 priusquam
3570 1600 3733 1660 tiam,

468 1687 607 1742 Deus
637 1687 806 1753 Isaac,
832 1687 944 1754 ipse
988 1684 1204 1751 impleat
1233 1681 1658 1741 benedictionem
1687 1693 1836 1733 suam
1866 1679 1919 1732 in
1947 1692 2042 1733 vo-

462 1775 547 1852 bis
569 1774 720 1845 (Tob.
755 1789 848 1840 vn,
875 1773 1000 1845 I5)?
1029 1773 1085 1827 Si
1113 1774 1290 1826 unitas
1322 1786 1424 1826 non
1450 1781 1557 1837 est,
1585 1785 1752 1840 quare
1791 1771 1899 1838 ipse
1944 1771 2040 1822 int-

375 1901 378 1904 -
463 1864 595 1932 plent
618 1863 780 1927 dixit,
814 1871 869 1918 et
898 1878 1003 1917 non
1035 1864 1134 1932 ipsi
1164 1863 1410 1930 impleant
1434 1861 1730 1915 intimavit?
1758 1860 2040 1917 Postremo

463 1953 509 2007 si
540 1952 773 2010 ’l‘rin'tas
805 1968 909 2008 non
937 1963 1037 2018 est,
1088 1967 1252 2021 quare
1281 1953 1539 2008 Dominus
1569 1951 1861 2021 discipulos
1887 1966 2034 2021 suos,

460 2044 515 2097 in
542 2046 759 2100 nomine
789 2044 986 2108 Patris,
1012 2053 1065 2097 et
1092 2043 1211 2097 Filii
1253 2054 1306 2098 et
1342 2044 1574 2112 Spiritus
1599 2045 1792 2111 sancti,
1829 2043 2041 2099 univer-

461 2148 549 2187 sas
574 2145 760 2204 gentes
798 2134 978 2188 docuit
1010 2135 1277 2203 baptizzure
1317 2133 1534 2204 (Matth.
1586 2151 1771 2202 xxvm,
1801 2135 1932 2205 I9)?
1980 2136 2038 2192 Si
2084 2172 2090 2177 -

463 2225 640 2294 unitas
677 2240 780 2280 non
811 2234 914 2291 εει,
943 2240 1109 2295 quare
1149 2227 1202 2279 in
1238 2229 1440 2280 nomine
1470 2226 1622 2292 dixit,
1657 2239 1712 2281 et
1737 2242 1841 2281 non
1871 2229 1924 2282 in
1947 2245 2043 2282 no-

463 2320 684 2374 minibus
728 2319 1135 2390 percipiendum
1189 2319 1505 2388 perdocuit?
1551 2319 1608 2376 Si
1654 2307 1887 2376 Trinitas
1931 2336 2040 2377 non

464 2421 568 2473 est.
599 2426 766 2482 quare
794 2411 985 2466 Paulus
1014 2411 1289 2482 apostolus
1318 2413 1392 2466 ait
1425 2429 1437 2464 :
1473 2412 1546 2465 Ex
1573 2413 1705 2480 ipso,
1749 2421 1810 2465 et
1838 2426 1932 2481 per
1955 2413 2035 2481 ip-

465 2515 605 2563 sum.
635 2511 687 2555 et
714 2501 764 2554 in
795 2503 909 2570 ipso
939 2509 1063 2555 sunt
1089 2501 1262 2554 omnia
1282 2499 1470 2569 '(Rom.
1500 2515 1573 2565 xi,
1612 2500 1744 2570 56)?
1776 2499 1833 2556 Si
1862 2501 2036 2555 unitas

469 2606 575 2645 non
604 2599 705 2650 est,
729 2605 893 2659 quare
919 2591 1159 2660 “362
1195 2590 1308 2659 ipso
1346 2588 1538 2658 po‘suit,
1589 2599 1642 2643 et
1682 2605 1785 2644 non
1827 2605 1889 2643 es:
1916 2590 2039 2660 ipsis

464 2684 725 2739 astruxit?
770 2682 824 2738 Si
868 2682 1007 2736 enim
1059 2693 1209 2738 certo
1255 2681 1453 2737 certius
1493 2681 1726 2736 volueris
1770 2682 2025 2736 unitatem

465 2772 744 2829 Trinitatis
775 2785 1088 2842 agnoscere,
1121 2785 1149 2826 a
1183 2783 1330 2843 saepe
1378 2771 1521 2828 dioto
1549 2772 1768 2828 doctore
1797 2772 2035 2844 gentium

465 2866 708 2934 apostolo
736 2876 887 2934 pote?
907 2880 934 2920 s
963 2868 1206 2920 universa
1230 2859 1569 2934 condiscere,
1601 2877 1654 2922 et
1677 2867 1825 2937 sequi
1856 2867 2039 2921 callio-

2145 1688 2198 1733 et
2227 1681 2403 1732 statim
2431 1691 2796 1736 consummata
2827 1682 3156 1754 sunt(Ibid.,
3180 1684 3256 1755 9).
3284 1685 3412 1742 Ιιειιι
3445 1687 3513 1743 ibi
3537 1706 3555 1741 :
3586 1689 3734 1744 Audi

2143 1782 2229 1821 me
2257 1767 2445 1835 Jacob,
2463 1776 2518 1823 et
2542 1770 2726 1836 Israel,
2747 1785 2863 1840 qua
2889 1782 2988 1842 ego
3007 1773 3106 1829 feci
3132 1791 3146 1829 :
3176 1757 3288 1846 Ego
3314 1791 3432 1831 sum
3456 1777 3731 1833 Dominus

2142 1859 2283 1914 Deus
2307 1871 2445 1926 tuus,
2479 1869 2532 1915 et
2563 1877 2667 1915 non
2695 1861 2928 1920 estalius
2962 1874 3156 1933 praeter
3182 1882 3286 1922 me.
3316 1867 3446 1922 Item
3473 1868 3542 1923 ibi
3569 1885 3589 1924 :
3617 1870 3733 1939 Ego

2141 1964 2257 2004 sum
2287 1951 2542 2005 Dominus
2573 1952 2735 2021 Deus,
2781 1954 3010 2022 primus,
3055 1965 3110 2010 et
3155 1971 3254 2027 ego
3285 1958 3642 2024 novissimus,
3673 1973 3731 2015 et

2141 2041 2194 2095 in
2218 2055 2279 2095 ea
2307 2056 2426 2112 qua:
2458 2033 2681 2097 ventura
2721 2035 2844 2100 sunt
2872 2045 2925 2099 in
2954 2043 3248 2102 novissimo
3280 2064 3380 2119 ego
3405 2063 3522 2104 sum
3553 2049 3729 2118 (lui.

2146 2146 2330 2195 vam,
2365 2130 2476 2201 I2).
2516 2131 2648 2186 Item
2681 2133 2794 2187 ibi:
2829 2133 2940 2205 Ego
2969 2150 3085 2190 sum
3119 2134 3283 2206 Deos,
3309 2139 3401 2209 qui
3438 2149 3493 2195 te
3519 2143 3725 2210 creari,

2142 2231 2196 2276 et
2217 2218 2417 2289 adjuvi,
2449 2230 2504 2276 et
2529 2225 3100 2296 communividextera
3130 2243 3269 2283 mea.

2213 2311 2279 2366 Et
2308 2313 2562 2367 unitatem
2594 2313 2767 2370 Patris
2790 2325 2842 2369 et
2873 2315 2994 2370 Filii
3027 2317 3192 2374 Isaias
3224 2319 3510 2388 assignans
3545 2321 3726 2391 loqui-

2142 2410 2230 2456 tur
2251 2403 2434 2456 dicens
2460 2420 2471 2453 :
2510 2403 2619 2471 Ego
2649 2405 2800 2459 testis
2831 2416 3028 2472 vester,
3056 2407 3188 2464 dicit
3230 2407 3491 2463 Dominus
3534 2410 3724 2466 Deus:

2140 2503 2192 2548 et
2225 2508 2353 2562 puer
2383 2508 2554 2560 meus,
2581 2511 2736 2565 quem
2759 2511 2856 2566 ego
2884 2499 3053 2568 elegi,
3086 2508 3144 2554 ut
3169 2501 3353 2555 sciatis
3377 2511 3431 2556 et
3459 2503 3723 2568 credatis,

2139 2588 2259 2655 quia
2284 2603 2380 2658 ego
2402 2603 2555 2653 sum;
2584 2598 2704 2644 ante
2734 2603 2817 2644 me
2839 2603 2944 2643 non
2977 2589 3074 2645 fuit
3094 2592 3250 2660 alius,
3275 2601 3328 2646 et
3357 2603 3476 2662 post
3505 2611 3594 2650 me
3621 2612 3725 2651 ιι..

2143 2678 2247 2733 erit
2272 2676 2427 2747 (lsai.
2452 2694 2613 2744 XLIII,
2644 2679 2754 2750 I0).

2213 2768 2384 2823 Unum
2419 2769 2538 2835 tibi,
2568 2785 2601 2836 o
2631 2771 2895 2837 limi-elice,
2921 2770 3059 2841 elige
3080 2787 3110 2828 e
3138 2772 3384 2830 duobus:
3417 2784 3512 2829 aut
3547 2773 3723 2830 fatere

2141 2859 2352 2915 Patrem
2383 2868 2437 2915 et
2466 2846 2656 2936 Filium
2685 2877 2846 2917 unum
2877 2862 3042 2917 Deum
3062 2907 3076 2931 ,
3106 2871 3198 2917 aut
3228 2866 3274 2918 si
3304 2866 3476 2919 solum
3507 2867 3724 2922 Patrem

433 2961 436 2964 ’
469 2957 627 3012 licam
679 2955 856 3023 Iidem,
905 2965 964 3012 et
1009 2956 1328 3034 Arianorum
1377 2967 1628 3028 respuere
1677 2958 2029 3027 pravitatem;
2063 2972 2108 3035 ρ
2144 2949 2306 3005 Deum
2329 2965 2447 3006 esse
2474 2953 2787 3020 contendis;
2814 2967 2941 3024 ergo
2971 2955 3064 3010 Iibi
3095 2955 3354 3010 Dominus
3383 2957 3542 3012 Iesus
3567 2958 3722 3012 Cbri-

467 3050 651 3105 Gratia
679 3051 887 3105 Domini
917 3051 1084 3110 nostri
1112 3047 1238 3110 Iesu
1265 3047 1486 3116 Cbristi,
1534 3050 1724 3123 inquit,
1753 3059 1808 3106 et
1842 3052 2037 3106 caritas

468 3142 587 3206 Del,
631 3151 686 3197 et
726 3128 1139 3198 communicatio
1165 3131 1614 3211 sancti'Spit-itus
1643 3155 1762 3196 eum
1790 3140 2038 3196 omnibus

469 3232 614 3287 vobis
653 3231 737 3302 (II
771 3232 890 3287 Cor.
937 3234 1052 3296 xttt,
1099 3233 1208 3302 13).
1254 3230 1313 3288 Si
1357 3229 1504 3288 enim
1543 3232 1731 3301 gratia,
1761 3233 1955 3288 caritas
1983 3239 2040 3287 et

469 3319 887 3378 communicatio
913 3321 1141 3392 Spiritus
1168 3321 1342 3378 sancti
1382 3323 1496 3392 ipsa
1535 3329 1640 3390 est,
1682 3331 1739 3379 et
1785 3321 1957 3378 Patris
1985 3331 2041 3378 ct

469 3415 607 3476 It‘itii,
641 3414 913 3483 quomodo
943 3415 995 3469 in
1024 3413 1286 3468 Trinitate
1315 3427 1479 3468 unum
1509 3427 1617 3468 non
1647 3414 1914 3482 sunt,.qui
1946 3428 2040 3467 na-

469 3518 582 3559 tura
614 3515 772 3576 atque
799 3491 1098 3561 substantia
1139 3505 1207 3558 ab
1240 3503 1470 3562 invicem
1499 3506 1737 3576 separari
1773 3519 1880 3560 non
1915 3518 2039 3573 pos-

467 3596 628 3650 sunt?

1088 3683 1314 3740 CAPUT
1355 3684 1417 3741 II.

886 3773 962 3829 De
983 3775 1177 3828 unitate
1201 3774 1376 3829 Patris
1400 3784 1447 3829 et
1468 3775 1611 3830 Filii.

532 3866 586 3921 Si
609 3864 701 3920 tibi
731 3855 1000 3922 dixerint:
1030 3866 1300 3934 quomodo
1324 3866 1485 3920 Pater
1513 3877 1566 3921 et
1598 3866 1768 3922 Filius
1797 3881 1934 3924 unus
1956 3877 2039 3924 est

463 3957 622 4025 Deus,
653 3973 772 4013 cum
804 3967 998 4026 printer
1029 3957 1240 4012 Patrem
1269 3973 1375 4012 non
1405 3958 1472 4013 sit
1495 3957 1631 4013 alius
1656 3958 1817 4026 Deus,
1847 3961 1935 4029 qui
1963 3961 2039 4015 di-

461 4061 611 4106 catur
632 4032 918 4104 invisibilis
941 4057 993 4103 ει
1020 4049 1318 4118 ingenitus?
1874 4123 1875 4126 η

534 4142 836 4214 Responsio.
880 4139 1035 4208 Quod
1068 4156 1196 4195 vero
1224 4157 1319 4196 vos
1347 4142 1555 4197 Patrem
1586 4152 1636 4197 et
1660 4143 1852 4198 Filium
1877 4160 2036 4198 unum

463 4231 630 4286 Deum
663 4228 900 4301 proﬁteri
929 4242 1038 4283 non
1087 4229 1264 4292 vultis,
1309 4244 1402 4285 eos
1445 4232 1603 4285 etiam
1656 4245 1750 4285 nos
1779 4248 1942 4286 unum
1985 4243 2038 4287 et

2138 3052 2253 3098 stus
2283 3043 2374 3098 Dei
2404 3043 2588 3110 Filius,
2619 3060 2724 3099 non
2763 3047 2865 3101 erit
2907 3046 3072 3110 Deus,
3116 3051 3238 3116 quia
3280 3049 3545 3118 scriptum
3596 3058 3718 3103 est:

2139 3140 2277 3194 Ante
2313 3154 2399 3193 me
2439 3153 2545 3194 non
2587 3141 2682 3193 fuit
2724 3140 2857 3195 alius
2883 3149 2940 3194 et
2967 3151 3087 3210 post
3119 3155 3205 3195 me
3242 3157 3346 3195 non
3391 3143 3514 3196 erit.
3549 3142 3608 3196 Si
3641 3155 3720 3196 se-

2138 3228 2369 3283 cundum
2403 3239 2453 3284 te
2480 3229 2552 3284 ita
2581 3238 2694 3297 est,
2735 3244 2832 3286 cur
2859 3231 3148 3300 Apostolus
3179 3230 3358 3301 (Rom.
3383 3246 3431 3284 ix
3451 3272 3465 3297 ,
3489 3232 3548 3302 5)
3583 3249 3722 3303 pra:-

2138 3318 2280 3372 dicat
2318 3319 2467 3386 talia,
2501 3328 2552 3374 et
2579 3320 2825 3375 eumdem
2877 3320 3069 3375 Filium
3125 3322 3290 3376 Deum
3332 3336 3491 3390 super
3542 3323 3718 3377 omnia

2139 3408 2476 3463 benedictum
2518 3409 2781 3465 insinuat?
2815 3414 3064 3477 Quorum.
3099 3423 3294 3482 patres,
3328 3415 3530 3483 inquit,
3559 3424 3615 3470 et
3658 3433 3720 3470 ex

2141 3501 2329 3569 quibus
2369 3501 2608 3556 Christus
2653 3501 2942 3556 secundum
2990 3518 3241 3568 carnem,
3282 3506 3368 3574 qui
3416 3514 3498 3560 est
3554 3521 3720 3576 super

2140 3592 2315 3644 omnia
2347 3591 2485 3645 Deus
2517 3590 2825 3646 benedictus
2849 3591 2899 3646 in
2930 3595 3143 3647 sarcula.
3172 3594 3298 3647 Item
3334 3595 3495 3649 Isaias
3523 3596 3606 3649 sic
3634 3596 3716 3650 di.

2141 3683 2250 3737 cit:
2286 3684 2540 3738 Dominus
2573 3685 2712 3739 Deus
2740 3683 2901 3739 Israel
2939 3688 3026 3754 qui
3059 3687 3302 3740 liberavit
3330 3702 3423 3741 eos
3451 3689 3517 3742 de
3550 3669 3721 3758 Egy-

2142 3783 2252 3842 pto,
2282 3789 2379 3843 ego
2407 3789 2522 3828 sum
2557 3775 2778 3843 primus,
2808 3785 2860 3830 ει
2887 3789 2987 3844 ego
3019 3784 3137 3843 post
3166 3777 3298 3841 haec,
3325 3787 3378 3830 et
3411 3785 3606 3843 praeter
3635 3794 3718 3833 tuo

2143 3879 2245 3918 non
2273 3875 2356 3918 est
2381 3865 2521 3918 Dens
2544 3866 2678 3919 sicut
2709 3879 2807 3935 ego
2832 3880 2981 3935 sum,
3005 3867 3092 3936 qui
3116 3875 3219 3921 stet
3240 3878 3293 3920 et
3323 3878 3475 3921 vocet
3500 3878 3557 3923 et
3586 3885 3718 3939 prai-

2141 3964 2292 4024 paret
2312 3956 2442 4010 milii
2464 3972 2528 4010 ex
2553 3971 2655 4022 quo
2678 3957 2946 4012 hominem
2969 3958 3066 4013 Ieci
3091 3958 3142 4012 in
3169 3961 3364 4012 sarculo
3386 3959 3546 4028 (Isai.
3574 3976 3714 4022 xuv,

2142 4050 2219 4103 ut.
2250 4048 2378 4102 Item
2409 4049 2478 4102 ibi
2507 4067 2516 4101 :
2555 4048 2659 4105 Iste
2690 4059 2772 4104 est
2803 4049 2972 4116 Deus,
3001 4061 3054 4104 ct
3094 4052 3489 4117 nesciebamus,
3526 4064 3581 4107 et
3613 4067 3711 4106 non

2141 4149 2221 4191 εει
2253 4137 2386 4191 alius
2419 4137 2558 4192 Deus
2599 4149 2789 4207 preter
2832 4149 2920 4193 te:
2954 4141 3031 4193 Tu
3063 4143 3203 4195 enim
3249 4157 3304 4195 es
3351 4141 3510 4207 Deus,
3542 4154 3596 4197 et
3626 4158 3710 4197 ne-

2140 4227 2470 4297 sciebamus,
2512 4230 2648 4282 Deus
2685 4229 2845 4284 Israel
2891 4229 3137 4283 Salvator
3167 4228 3328 4299 (lsai.
3355 4246 3479 4295 ειν,
3518 4233 3627 4298 I5).
3659 4230 3711 4285 Si

465 4337 651 4376 verum
705 4320 867 4374 Deum
915 4332 944 4374 a
996 4318 1270 4389 prophetis
1323 4329 1375 4374 et
1420 4322 1675 4388 apostolis
1710 4322 2037 4376 ostendimus
2069 4342 2113 4398 ο
2143 4335 2278 4372 unus
2309 4319 2447 4373 Deus
2475 4334 2578 4373 non
2607 4329 2726 4373 sunt
2756 4320 2909 4374 Pater
2929 4331 2982 4374 et
3011 4320 3193 4384 Filius,
3220 4319 3338 4390 quis
3359 4333 3440 4373 est
3466 4321 3554 4376 bic
3581 4323 3710 4375 Deus

465 4413 835 4482 prtedicatum,
869 4424 896 4463 a
920 4411 1107 4479 quibus
1127 4412 1284 4465 etiam
1311 4411 1564 4480 Spiritum
1596 4423 1836 4467 sanctum
1857 4414 2031 4466 credi-

465 4518 582 4558 mus
605 4519 708 4558 non
734 4502 1045 4567 discretum,
1071 4501 1200 4556 Isaia
1227 4503 1482 4574 propheta
1507 4504 1716 4559 dicente
1741 4520 1754 4554 :
1786 4504 1892 4574 Ego
1914 4521 2029 4559 sum

470 4599 645 4653 Deus;
679 4604 732 4651 et
762 4610 867 4649 non
902 4604 981 4648 est
1009 4604 1320 4663 prmterme
1352 4595 1506 4659 alius,
1537 4611 1628 4663 per
1661 4598 2030 4662 memetipsnm

459 4688 601 4757 juro,
626 4688 754 4756 quia
789 4685 949 4739 exivit
985 4699 1046 4739 ex
1077 4698 1171 4740 ore
1208 4700 1328 4738 meo
1356 4687 1572 4753 veritas,
1602 4694 1654 4738 et
1675 4701 1852 4740 sermo
1881 4701 2031 4742 meus

463 4795 567 4833 non
596 4780 882 4842 auferetur,
915 4777 1033 4845 quia
1063 4775 1191 4829 mibi
1225 4775 1572 4828 inclinabitur
1604 4791 1760 4829 omne
1789 4792 1943 4846 genu,
1977 4787 2032 4833 et

461 4871 633 4925 omnis
663 4871 838 4939 lingua
874 4868 1074 4936 jurabit
1103 4880 1200 4934 per
1230 4866 1534 4930 Dominum,
1568 4868 1751 4922 dicens
1777 4887 1798 4940 :_
1819 4869 2028 4940 Iustitia

458 4970 512 5014 et
541 4960 704 5028 gloria
727 4937 790 5012 ad
819 4973 939 5012 eum
971 4957 1148 5011 veniet
1174 4954 1326 5026 (Isai.
1359 4971 1480 5020 ειν,
1516 4954 1631 5026 22).
1667 4957 1731 5011 Et
1762 4937 1817 5011 tit
1847 4958 1897 5011 in
1921 4937 2029 5013 Ἰιοε

456 5051 766 5104 testimonio
807 5049 1013 5102 Patrem
1043 5056 1094 5100 et
1119 5046 1309 5100 Filium
1340 5047 1493 5100 simul
1521 5046 1681 5103 fuisse
1711 5062 2026 5115 cognoscas,

461 5143 681 5196 Paulum
717 5140 1010 5209 apostolum
1042 5139 1162 5194 audi
1194 5137 1482 5202 dicentem,
1507 5151 1566 5192 ut
1592 5140 1642 5196 iu
1667 5139 2024 5194 nomineJesu

461 5246 619 5284 omne
644 5245 779 5302 genu
813 5232 1069 5297 ﬂectatur,
1105 5229 1422 5294 cmlestium,
1467 5230 1815 5297 terrestrium,
1859 5238 1912 5283 et
1945 5231 2025 5282 in-

464 5324 750 5386 fernornm,
784 5329 836 5374 et
864 5322 1033 5375 omnis
1062 5321 1237 5391 lingua
1259 5320 1591 5381 cuniiteatur,
1620 5321 1869 5390 quoniam
1910 5318 2020 5372 Do-

465 5418 636 5468 minus
663 5415 812 5468 Iesus
831 5414 1073 5468 Christus
1101 5415 1148 5467 in
1171 5413 1338 5484 gloria
1359 5422 1441 5468 est
1465 5412 1556 5466 Dei
1585 5413 1751 5467 Patris
1773 5413 2018 5478 omnipo-

470 5509 623 5563 tentis
653 5505 870 5576 (P/utip.
927 5523 981 5573 ιι,
1035 5507 1142 5578 I0).
1189 5505 1337 5576 Quod
1367 5505 1410 5559 si
1441 5503 1728 5561 secundum
1763 5513 1813 5559 ιε
1845 5501 2010 5558 Filius

2135 4421 2187 4471 in
2222 4420 2325 4478 quo
2366 4425 2484 4469 esse
2513 4411 2705 4464 dicitur
2738 4411 2894 4478 Deus,
2932 4422 3124 4479 praeter
3152 4425 3305 4480 quem
3350 4411 3507 4462 alium
3551 4413 3705 4466 Deum

2136 4514 2238 4552 non
2287 4512 2404 4552 0:58
2457 4501 2715 4568 propheta
2758 4499 2856 4553 sub
2889 4514 3112 4553 numero
3156 4502 3518 4567 protestatur?
3558 4499 3707 4572 3ίά

2138 4590 2200 4642 Et
2229 4588 2487 4643 Jereinias
2513 4606 2523 4638 :
2563 4590 2655 4644 llic
2687 4588 2825 4642 Deus
2853 4599 3054 4652 noster,
3081 4589 3186 4652 ait,
3213 4599 3266 4642 et
3294 4604 3398 4640 non
3425 4590 3704 4658 applicabi-

2137 4691 2221 4731 tnr
2253 4679 2386 4731 alter
2413 4680 2476 4732 ad
2506 4694 2656 4742 cuin,
2683 4678 2770 4748 qui
2804 4679 3007 4732 invenit
3040 4694 3249 4733 onmem
3283 4680 3420 4732 viam
3446 4681 3700 4736 serentis.

2136 4779 2189 4823 et
2231 4769 2375 4822 dedit
2401 4769 2565 4823 Iacob
2598 4783 2760 4838 puero
2799 4784 2897 4823 suo
2934 4778 2987 4823 et
3031 4768 3188 4823 Israel
3233 4769 3406 4823 electo
3435 4785 3558 4823 suo.
3589 4771 3703 4823 Post

2134 4859 2249 4913 huic
2276 4859 2326 4912 in
2362 4860 2514 4912 terris
2545 4862 2711 4923 visus,
2740 4869 2790 4913 et
2823 4861 2958 4912 inter
2988 4859 3231 4912 homines
3258 4870 3608 4912 conversatus
3631 4867 3700 4911 ει

2133 4948 2394 5017 (Boruclt.
2422 4965 2508 5017 ιιι,
2533 4949 2645 5020 57).
2680 4949 2744 5003 Ει
2787 4950 2837 5002 in
2885 4949 3172 5003 Salomone
3205 4967 3215 4999 :
3261 4950 3512 5002 Miserere
3561 4949 3698 5001 nobis

2134 5038 2271 5091 Deus
2310 5040 2578 5104 omnium,
2612 5050 2664 5094 et
2693 5038 2913 5092 ostende
2946 5039 3097 5091 nobis
3131 5038 3306 5091 lumen
3350 5039 3698 5091 miserationis

2134 5141 2255 5194 tum,
2281 5139 2334 5183 et
2361 5130 2585 5184 immitte
2609 5133 2849 5185 timorem
2878 5141 3023 5183 tuum
3055 5145 3215 5197 super
3241 5139 3422 5196 gentes
3454 5145 3573 5197 quae
3601 5143 3694 5182 nou

2131 5225 2492 5294 exquisierunt
2544 5234 2622 5289 te,
2665 5235 2723 5278 ut
2769 5230 3122 5291 cognoscant,
3176 5224 3422 5290 quoniam
3473 5239 3579 5290 non
3623 5229 3697 5274 est

2126 5315 2258 5368 alius
2291 5316 2429 5369 Dens
2473 5317 2574 5368 nisi
2614 5325 2665 5368 tn
2711 5313 2895 5381 (Eccli.
2926 5329 3117 5376 χχχιιι,
3152 5313 3171 5364 I
3200 5317 3235 5379 ).
3279 5311 3405 5365 Item
3455 5313 3524 5364 ibi
3553 5331 3564 5364 :
3599 5311 3692 5363 Do.

2126 5407 2268 5460 mine
2302 5407 2437 5459 Deus
2470 5405 2659 5468 Israel,
2691 5419 2793 5456 non
2837 5411 2918 5456 cst
2952 5402 3044 5457 tibi
3087 5401 3273 5455 similis
3313 5403 3364 5455 in
3406 5411 3547 5455 curto
3583 5414 3691 5452 sur-

2124 5515 2270 5567 sum,
2305 5514 2475 5570 neque
2504 5499 2555 5553 in
2590 5508 2729 5554 terra
2762 5497 3035 5553 deorsum.
3064 5496 3126 5551 Et
3151 5496 3203 5550 in
3238 5497 3440 5565 psalmo
3473 5492 3688 5563 septimo
