3856 6222
161 228 227 280 5ῖῖ
235 230 264 279 7

1293 234 1559 290 CONTRA
1593 235 1996 290 VARIMADUM
2039 239 2162 294 LIB.
2208 241 2245 293 l.

3276 250 3377 304 558

161 342 377 396 decimo
444 346 620 413 (Vm.
654 345 754 412 δὲ)
792 362 805 397 ;
861 344 1115 410 Quoniam
1169 350 1284 418 quis
1337 350 1474 406 Dens
1530 361 1721 416 prteter
1751 355 1799 412 Α
1824 358 1874 401 et
1913 354 2152 416 exsulta,
2189 353 2289 404 lilia
2319 351 2475 413 Sion.
2508 354 2630 421 quia
2667 369 2791 409 ecce
2833 369 2928 424 ego
2959 355 3128 417 venio,
3160 366 3210 409 et
3239 372 3382 410 coni-

163 431 491 485 Dominum?
531 445 619 485 aut
666 434 780 499 quis
833 434 969 488 Deus
1012 445 1202 503 praeter
1247 439 1410 492 Deum
1455 440 1727 493 nostrum?

164 522 228 574 Et
259 525 310 576 in
347 523 543 576 Genesi
572 541 581 573 ε
620 523 682 575 Et
712 523 838 590 pluit
872 523 1124 580 Dominus
1161 541 1187 578 a
1221 529 1442 584 Domino
1474 530 1644 597 ignem
1675 537 1729 583 et

159 613 388 681 Sulphur
430 627 586 679 super
626 611 906 666 Sotlotnam
947 623 1000 667 et
1035 615 1413 685 Gomorrham,
1447 627 1501 672 et
1539 619 1730 672 evertit

158 703 408 753 civitates
456 701 569 752 illas
615 699 912 767 (Gem-xix,
941 703 1057 771 24).
1101 705 1155 762 Si
1200 707 1344 760 solus
1391 709 1543 762 Pater
1588 708 1728 761 Deus

160 801 269 852 est,
302 790 431 856 quis
470 790 601 856 pluit
631 791 802 858 ignem
848 801 900 846 et
938 794 1156 862 sulphur
1185 811 1212 848 a
1252 796 1503 861 Domino,
1547 807 1601 849 ιιι
1638 813 1730 849 su-

162 879 438 946 pradictas
467 879 588 931 civit
607 888 702 932 ites
721 883 1016 935 everteret?
1036 882 1244 949 Quaeso,
1271 885 1552 953 reSponde.
1587 886 1648 937 Et
1679 885 1729 938 in

165 971 579 1023 lieuteronomio
602 988 614 1024 :
646 971 896 1027 Dominus
921 975 1066 1028 solus
1092 977 1383 1032 deducebat
1404 995 1516 1042 eos,
1544 987 1600 1033 et
1629 995 1731 1032 non

162 1060 252 1110 fuit
306 1075 435 1114 cum
488 1062 588 1115 illis
637 1062 771 1116 Deus
820 1064 1021 1118 alienus
1066 1065 1255 1133 (Deut.
1291 1084 1466 1131 xxxii,
1498 1070 1617 1136 Η).
1672 1069 1729 1120 Et

164 1151 360 1203 Paulus
408 1152 714 1218 apostolus:
745 1153 890 1218 Unus
923 1155 1088 1219 Deus,
1121 1157 1318 1224 inquit.
1363 1158 1450 1225 qui
1478 1152 1735 1224 justitic'at

160 1241 624 1295 circumcisiouein
671 1257 733 1296 ex
785 1243 916 1309 lide,
958 1253 1012 1297 et
1069 1246 1381 1313 pra’pttlittm
1434 1261 1526 1310 per
1578 1245 1733 1299 lidcm

165 1329 336 1398 (Rom.
363 1344 424 1381 ιιι
449 1371 461 1392 ,
484 1330 596 1398 50).
625 1330 688 1384 Ει
718 1329 782 1383 ad
809 1332 1110 1386 Corinthios
1138 1349 1151 1385 :
1193 1334 1331 1390 Dens
1359 1343 1473 1386 erat
1503 1335 1552 1386 in
1586 1337 1603 1385 (
1628 1336 1742 1386 hri-1

108 1436 109 1439 η
161 1429 261 1480 sto,
305 1419 567 1471 mundum
616 1420 959 1473 reconcilians
999 1421 1099 1474 sibi
1150 1420 1248 1488 (Il
1282 1421 1396 1475 Cor.
1423 1438 1473 1488 ν,
1504 1424 1625 1492 l9).
1675 1424 1740 1477 Et

161 1505 353 1559 iterum
383 1523 395 1556 :
437 1506 544 1558 Non
575 1517 655 1559 est
689 1507 823 1560 Deus
853 1509 952 1561 nisi
983 1523 1137 1561 unus.
1167 1511 1228 1562 Et
1251 1510 1313 1563 ad
1349 1509 1599 1566 Galatas:
1631 1514 1739 1568 Me-

164 1594 338 1646 diator
385 1605 563 1647 autem
605 1597 758 1649 unius
802 1612 904 1650 non
951 1608 1066 1662 est,
1100 1600 1235 1653 Deus
1276 1612 1449 1655 autem
1492 1619 1626 1656 unus
1657 1614 1739 1659 est

1830 438 2075 490 morabor
2105 439 2153 490 iu
2186 440 2357 493 medio
2389 442 2489 506 lui,
2519 442 2645 496 dicit
2681 443 2933 496 Dominus
2966 443 3145 511 (Zach.
3173 460 3239 509 tt,
3273 445 3381 509 lO).

1830 527 1895 580 Et
1939 530 2222 596 Apostolus
2265 534 2327 582 ad
2374 518 2746 589 Timotheum:
2791 537 3058 589 lluntanus
3104 551 3300 602 sermo,
3331 549 3384 592 rt

1830 623 1972 673 omni
1999 625 2303 690 acceptione
2335 626 2544 693 dignus,
2574 633 2816 697 quoniam
2847 632 3091 685 Christus
3118 634 3270 686 Jesus
3295 648 3386 685 ve-

1833 714 1907 766 nit
1935 715 1983 767 in
2015 716 2152 768 hunc
2183 720 2431 772 mundum
2458 734 2755 783 peccatores
2778 727 2950 777 salvos
2974 729 3145 779 facere
3169 725 3218 796 (I
3252 725 3382 777 Tim.

1833 807 2015 873 1,15).
2062 807 2126 860 Et
2164 808 2443 863 Malacliias
2471 828 2481 861 :
2514 811 2647 865 Ecce
2685 815 2857 864 subito
2893 816 3064 868 veniet
3103 817 3152 868 in
3192 817 3386 881 templo

1834 906 1930 944 suo
1962 895 2209 948 Dominus
2239 912 2392 964 quem
2424 913 2517 951 vos
2563 901 2830 967 quatritis.
2871 909 2923 954 ct
2967 905 3182 971 angelus
3224 912 3388 957 testa—

1836 983 1995 1035 menti
2028 999 2180 1050 quem
2213 1000 2303 1038 vos
2335 988 2490 1040 vultis
2521 988 2774 1055 (.ltulaclt.
2803 1006 2885 1055 ιιι,
2923 992 2991 1059 ι).
3026 993 3086 1044 Et
3131 993 3180 1044 in
3216 993 3388 1045 Evan-

1835 1074 1972 1139 gelio
1998 1093 2008 1125 :
2042 1075 2152 1128 Non
2173 1079 2288 1130 veni
2310 1094 2497 1132 vocare
2522 1081 2715 1145 juStos,
2738 1081 2829 1133 sed
2863 1089 3168 1148 peceatores
3199 1083 3247 1133 in
3279 1099 3390 1148 pm-

1838 1164 2108 1215 nitentiam
2141 1165 2286 1230 (Luc.
2316 1181 2367 1232 v,
2400 1166 2509 1235 59.).
2540 1171 2662 1221 item
2696 1169 2764 1222 ibi
2794 1187 2804 1220 :
2840 1168 2972 1235 Quid
3006 1170 3156 1224 nobis
3182 1180 3235 1221 et
3264 1171 3354 1222 tibi
3374 1210 3387 1231 ,

1838 1252 1985 1317 Jesu,
2008 1255 2101 1308 Fili
2129 1256 2252 1311 Dei?
2276 1257 2472 1312 Venisti
2504 1271 2625 1313 ante
2651 1271 2853 1329 tempus
2881 1259 3103 1328 perdere
3123 1275 3219 1314 n(‘-S
3243 1261 3390 1329 (Δια.

1838 1344 2042 1411 ιν,56)ἶ¹
2070 1345 2219 1398 Venit
2245 1346 2405 1401 Filius
2437 1349 2663 1404 hominis
2686 1352 2784 1402 salt
2797 1366 2885 1404 are
2912 1362 2962 1404 et
2989 1366 3225 1420 qumrere
3251 1352 3391 1418 quod

1839 1434 2066 1499 perierat
2096 1435 2243 1504 (Luc.
2271 1452 2353 1488 xttt
2372 1477 2387 1501 ,
2419 1437 2526 1502 l0).
2555 1438 2679 1490 Item
2714 1440 2781 1491 ibi
2810 1457 2821 1491 :
2857 1441 2964 1507 Ego
2994 1440 3108 1492 veni
3146 1447 3201 1492 ut
3229 1440 3397 1504 vitam,

1840 1523 2097 1590 habeant,
2144 1529 2303 1596 366
2338 1539 2392 1582 et
2438 1530 2788 1584 abundantius
2832 1531 3060 1586 habeant
3105 1530 3288 1602 (Joan.
3324 1548 3387 1595 ιι,

1842 1614 1950 1681 l0).
1985 1615 2108 1668 Item
2141 1617 2208 1668 ib.
2236 1635 2247 1667 :
2286 1618 2392 1683 Ego
2425 1619 2541 1672 veni
2568 1619 2618 1671 in
2649 1620 2859 1672 nomine
2884 1620 3053 1672 Patris
3078 1622 3179 1674 mei
3213 1620 3388 1690 (Joan.

164 1684 300 1751 (Gal.
327 1699 419 1746 ιιι,
444 1683 556 1753 20).
593 1684 657 1737 Et
682 1685 932 1778 unitatem
961 1687 1151 1778 Patris,
1180 1699 1230 1742 et
1261 1690 1401 1755 Filii,
1426 1699 1479 1744 et
1507 1693 1733 1759 Spiritus
1767 1710 1809 1768 Β
1837 1718 1888 1766 v,
1913 1703 2026 1773 45).
2067 1705 2192 1759 ltem
2238 1705 2305 1759 ibi
2335 1724 2346 1758 :
2379 1707 2544 1760 Nemo
2573 1707 2809 1762 ascendit
2838 1708 2890 1761 in
2921 1709 3142 1776 caelum,
3174 1683 3271 1762 nisi
3303 1713 3391 1778 qui

166 1776 326 1826 sancti
353 1773 779 1838 demonstrans,
825 1776 1065 1843 Ephesiis
1107 1779 1380 1839 scribens.
1431 1779 1502 1833 ita
1544 1783 1733 1836 contir-

165 1870 270 1913 mat
295 1879 307 1911 ε
341 1860 671 1921 Sulierentes
697 1863 921 1919 invicem
951 1866 1004 1923 iu
1031 1868 1257 1921 caritate
1285 1868 1492 1922 solliciti
1524 1884 1736 1926 servare

167 1950 435 2026 unitatem.
457 1952 670 2021 spiritus
698 1955 748 2004 ln
782 1953 991 2008 vinculo
1024 1955 1188 2020 pacis.
1220 1956 1393 2010 Unum
1424 1973 1650 2026 corpus,
1681 1973 1735 2016 et

167 2054 298 2092 unus
322 2024 567 2106 spiritus,
599 2040 734 2096 sicut
765 2044 932 2096 vocati
959 2043 1087 2098 estis
1112 2044 1164 2097 in
1193 2060 1296 2098 una
1324 2061 1419 2115 spe
1445 2051 1736 2105 vocationis

170 2137 378 2181 vestrm.
412 2129 560 2183 Unus
594 2131 864 2197 Dominus,
905 2148 1004 2209 una
1050 2134 1207 2201 lides,
1253 2151 1410 2189 unum
1451 2137 1734 2208 baptisma,

169 2234 299 2271 unus
337 2218 485 2272 Deus
518 2219 725 2290 (Ep/aes.
753 2239 826 2287 tv,
849 2224 987 2292 5-6).
1020 2224 1074 2279 Si
1111 2227 1282 2292 enim,
1318 2227 1587 2295 hatretiee,
1621 2235 1737 2286 uni-

172 2316 324 2361 tatem
355 2309 483 2377 tidei
504 2312 757 2366 'volueris
793 2313 1020 2381 simplici
1047 2315 1210 2390 corde
1240 2319 1496 2387 recipere,
1526 2334 1590 2374 ex
1635 2321 1736 2378 hoc

171 2397 345 2466 itaque
373 2399 678 2456 testimOnio
706 2404 756 2456 in
784 2419 897 2458 uno
922 2402 1121 2473 Spiritu
1154 2410 1351 2474 poteris
1377 2411 1534 2463 simul
1565 2409 1737 2467 Putris

174 2496 223 2538 et
249 2486 367 2541 Filii
401 2490 658 2544 unitatem
691 2494 1018 2550 condiscere.
1051 2495 1256 2550 Patrem
1281 2499 1736 2570 igitur,_ut,supe—

175 2576 277 2631 rius
322 2579 583 2647 posuisti,
624 2581 674 2634 iu
707 2582 898 2639 divinis
935 2583 1153 2638 Litteris
1190 2587 1482 2655 ingenitum
1523 2591 1735 2656 ιιι-ομνια

174 2667 427 2731 positum,
459 2682 556 2722 nec
586 2670 758 2738 legere
785 2672 954 2738 possis
976 2667 1328 2741 penitus,’nec
1352 2677 1597 2744 probare.
1629 2679 1732 2734 Sed

175 2755 288 2820 quia
319 2755 554 2823 idipsum
589 2760 716 2813 lides
738 2761 900 2829 exigit
923 2759 1242 2830 Christiana,
1269 2766 1471 2834 absque
1504 2769 1607 2821 ulla
1637 2779 1733 2823 du-
1813 2815 1818 2820 .

178 2843 427 2898 bitatione
475 2847 736 2914 ingenitus
774 2850 1046 2906 creditur:
1085 2852 1176 2921 qui
1221 2860 1396 2924 tamen
1443 2857 1730 2912 secundum

179 2934 358 2987 seriem
388 2935 782 3006 Scripturaruin
823 2938 876 2992 in
919 2938 1056 2995 Filio
1090 2955 1121 2994 a
1147 2957 1208 3002 se
1236 2947 1412 3012 genito
1443 2945 1590 2999 visus
1616 2961 1734 3004 esse

179 3037 526 3082 munsu'atur.
773 3080 776 3084 .

685 3119 846 3189 εδδ
870 3118 1092 3176 CAPUT
1132 3120 1218 3176 ιιι.

183 3201 251 3257 De
279 3221 335 3257 eo
361 3206 502 3266 quod
531 3207 714 3260 dicitur
733 3224 752 3260 :
781 3207 902 3262 Non
940 3225 972 3262 ιι
1012 3213 1199 3280 meipso
1242 3214 1351 3266 veni
1368 3256 1382 3279 ,
1410 3216 1499 3267 sed
1535 3216 1621 3270 ille
1660 3234 1738 3285 me

881 3299 1038 3352 misit.

243 3386 294 3439 Si
327 3387 421 3442 tibi
451 3389 679 3441 dixerint
705 3389 846 3457 quod
877 3390 1044 3444 Filius
1064 3391 1256 3446 dixerit
1281 3395 1427 3448 :Non
1457 3409 1486 3448 a
1509 3411 1594 3451 me
1620 3399 1734 3466 ipso

188 3484 312 3547 veni,
340 3483 432 3536 sed
466 3484 553 3537 ille
584 3499 668 3539 me
695 3485 839 3538 misit
868 3485 1044 3554 (locu.
1070 3504 1188 3553 vm,
1215 3490 1330 3558 42).
1497 3474 1501 3478 ν

245 3574 875 3647 ΠεςροηδὶοηΑροειοΙιις
922 3597 1133 3651 quoque
1183 3582 1378 3639 Paulus
1429 3590 1735 3646 missionem

191 3667 295 3722 Filii
327 3671 418 3746 Dei
456 3673 513 3724 in
559 3671 756 3739 Spiritu
797 3685 980 3728 sancto
1025 3677 1181 3746 longe
1213 3689 1336 3734 ante
1378 3687 1734 3755 conspiciens,

189 3754 419 3814 Romana:
449 3761 704 3816 Ecclesia:
725 3762 984 3828 scribens,
1015 3765 1124 3816 hate
1150 3765 1370 3822 testatus
1393 3780 1494 3838 est,
1519 3774 1699 3828 dicens

188 3847 322 3911 Quod
363 3853 507 3903 enim
556 3851 883 3919 impossibile
929 3864 1044 3907 erat
1085 3855 1184 3923 legi
1220 3857 1268 3908 in
1303 3873 1408 3926 quo
1438 3861 1737 3918 inﬁrmaba-

189 3945 262 3987 tur
299 3939 346 3989 in
379 3955 574 4000 carne,
613 3939 752 3993 Deus
797 3941 1183 4005 Filiumsunm
1218 3947 1360 4002 misit
1404 3950 1454 4002 in
1496 3952 1738 4007 similitu-

186 4024 294 4078 dine
321 4030 498 4081 carnis
525 4029 758 4105 peccati.
783 4039 834 4082 et
872 4030 940 4084 de
989 4045 1204 4099 peccato
1234 4036 1508 4092 damnavit
1557 4056 1738 4107 pecca-

189 4125 282 4167 tum
313 4117 360 4170 iu
386 4132 568 4182 carne,
597 4129 650 4172 ut
675 4119 981 4187 justiﬁcatio
1026 4124 1154 4193 legis
1202 4127 1513 4196 impleretur
1545 4131 1730 4200 (Rom.

190 4220 296 4269 vin,
321 4209 373 4273 ὅ,
398 4210 476 4277 4).
522 4208 776 4265 Cernisne
804 4215 1053 4280 quoniam
1100 4217 1261 4272 Filius
1307 4235 1408 4274 non
1442 4224 1731 4276 secundum

190 4297 420 4355 deitatem
451 4318 482 4354 a
517 4303 669 4357 Patre
700 4306 889 4358 missus
916 4316 1024 4374 est,
1051 4311 1141 4363 sed
1168 4314 1456 4367 secundum
1485 4331 1731 4384 carnem,

1838 1791 1905 1844 de
1936 1794 2073 1846 cmlo
2101 1793 2404 1858 descendit,
2439 1796 2604 1850 Filius
2637 1791 2888 1862 hominis,
2931 1799 3017 1866 qui
3057 1808 3138 1851 cst
3178 1799 3227 1852 in
3258 1800 3393 1854 cmlo

1837 1880 2015 1950 (Joan.
2041 1899 2124 1950 ιιι,
2155 1885 2260 1953 15).
2295 1885 2535 1953 Nunquid
2566 1888 2616 1940 in
2651 1888 2712 1941 iis
2744 1889 2904 1941 tantis
2929 1902 2988 1941 ac
3021 1888 3213 1943 talibus
3246 1892 3393 1943 testi-

1836 1973 2050 2037 moniis,
2090 1974 2278 2041 quibus
2304 1990 2361 2029 se
2395 1975 2554 2030 Filius
2584 1976 2746 2030 Deum
2786 1991 2814 2030 a
2847 1977 3136 2046 semetipso
3173 1987 3393 2031 testatus

1836 2071 1946 2124 est,
1982 2065 2177 2130 poteris
2216 2064 2392 2119 dicere
2421 2066 2489 2118 ab
2520 2066 2656 2131 alio,
2683 2077 2735 2120 et
2771 2082 2875 2120 non
2914 2081 2941 2118 a
2975 2066 3259 2135 smnetipso
3297 2082 3392 2120 ve-

1837 2152 2020 2205 nisse?
2047 2153 2170 2206 dum
2217 2154 2546 2208 matiifestum
2589 2164 2697 2221 est,
2745 2171 2864 2210 eum
2909 2157 2996 2224 qui
3040 2173 3254 2212 carnem
3301 2174 3368 2211 no

1836 2247 1998 2294 strain
2027 2241 2301 2310 dignanter
2331 2248 2641 2313 assumpsit,
2665 2247 2957 2311 voluntate,
2985 2256 3039 2301 et
3068 2262 3169 2300 non
3201 2248 3268 2301 ab
3290 2249 3394 2302 alio

1837 2331 2031 2386 missus
2061 2335 2353 2387 advenerit.
2382 2335 2510 2398 Nam
2537 2337 2624 2405 qui
2669 2338 2719 2390 in
2767 2339 2920 2393 Patre
2949 2353 3166 2392 manens
3201 2339 3393 2394 virtute

1837 2423 2082 2487 potentia:
2121 2437 2230 2476 suae
2258 2421 2527 2488 consistit,
2568 2428 2654 2481 ubi
2698 2441 2728 2480 a
2760 2429 2915 2482 Patre
2943 2428 3236 2482 mitteretur
3272 2444 3392 2482 om-

1836 2514 1961 2564 nino
1991 2529 2094 2566 non
2129 2513 2333 2576 habuit;
2362 2518 2608 2584 quoniam
2642 2518 2778 2571 nulla
2825 2534 2947 2586 pars
2994 2519 3303 2572 smculorum
3334 2534 3394 2572 ac

1835 2609 1990 2656 terra:
2011 2619 2038 2655 a
2062 2614 2344 2671 conspectu
2373 2605 2542 2661 Patris
2565 2609 2849 2676 excipitur,
2875 2608 2964 2663 ubi
2991 2607 3280 2663 secundum
3302 2624 3395 2663 vus

1835 2710 1863 2748 a
1892 2697 2044 2752 Patre
2078 2697 2241 2752 Filius
2272 2699 2591 2754 mitteretur.

2435 2790 2657 2845 CAPUT
2697 2790 2784 2844 IV.

2146 2876 2239 2930 Ubi
2266 2878 2471 2941 dicitur,
2502 2878 2748 2932 Dominus
2773 2881 2955 2932 creavit
2986 2896 3064 2933 me

1902 2965 1959 3020 Si
1987 2966 2078 3020 tibi
2110 2967 2338 3021 dixerint
2365 2969 2380 3022 i
2404 2968 2492 3022 lttd
2525 2968 2825 3022 Salomonis
2863 2969 3213 3022 testimonium
3241 2987 3252 3021 :
3284 2969 3391 3022 Do-

1763 3060 1807 3122 C
1839 3058 2011 3110 minus
2046 3058 2248 3112 creavit
2276 3073 2360 3112 me
2388 3059 2439 3112 in
2470 3058 2672 3112 initium
2712 3058 2913 3111 viarum
2953 3072 3163 3111 suarum
3211 3059 3387 3128 (Prov.

1840 3161 1929 3200 vm
1948 3187 1962 3208 ,
1989 3146 2101 3216 εξ).
3012 3214 3014 3216 _

1909 3236 2209 3306 Responsio.
2236 3237 2430 3292 Paulus
2455 3239 2645 3307 quippe
2669 3239 2941 3305 apostolus
2971 3253 3074 3291 non
3102 3239 3388 3293 secundum

1839 3323 2049 3379 deitatis
2079 3335 2320 3380 naturam
2347 3326 2615 3382 Christum
2643 3337 2878 3381 creatum
2906 3327 3158 3392 insinuat,
3191 3329 3282 3382 sed
3311 3346 3395 3382 se—

1840 3418 2068 3471 cundum
2100 3419 2338 3472 humana:
2372 3428 2570 3474 natura:
2600 3421 2949 3473 substantiam
2980 3422 3221 3473 eumdem
3250 3435 3395 3474 crea-

1841 3516 1950 3559 tum
1988 3506 2244 3573 afﬁrmat,
2280 3508 2393 3576 ipso
2436 3509 2678 3577 Ephesiis
2721 3510 3125 3563 conscribente:
3159 3509 3395 3564 Renova-

1842 3599 2001 3664 mini,
2025 3598 2220 3667 inquit,
2246 3601 2434 3668 spiritu
2463 3602 2653 3655 mentis
2677 3612 2884 3666 vestrae,
2908 3611 2959 3654 et
2985 3601 3182 3655 induite
3205 3617 3395 3657 novum

1842 3687 2106 3741 hominem
2151 3703 2270 3743 eum
2310 3690 2396 3757 qui
2443 3691 2731 3744 secundum
2779 3690 2940 3744 Deum
2973 3700 3180 3744 creatus
3226 3694 3396 3746 est-ia

1838 3779 2042 3846 justitia
2080 3790 2132 3833 et
2175 3782 2451 3835 sanctitate
2494 3781 2727 3834 veritatis
2755 3780 2964 3850 (ΕρΙιρε.
2995 3796 3069 3844 tv,
3097 3779 3210 3848 9.5).
3243 3783 3303 3835 Et
3331 3786 3394 3837 ail

1844 3869 2128 3923 Hebraeos:
2162 3869 2215 3921 ln
2245 3885 2308 3922 eo
2337 3871 2489 3922 enim
2510 3871 2560 3923 in
2591 3885 2694 3938 quo
2727 3885 2910 3937 passus
2938 3880 3019 3923 est
3046 3871 3132 3923 ille
3165 3880 3393 3923 tentatus

1840 3968 1948 4019 est,
1980 3973 2095 4009 nam
2127 3969 2310 4024 potens
2331 3969 2409 4012 est
2429 3959 2505 4011 eis
2525 3960 2612 4026 qui
2643 3967 2904 4011 tentantur
2928 3959 3168 4012 auxiliari
3201 3957 3387 4028 (IIebr.

1841 4060 1906 4108 ιι,
1952 4045 2068 4113 ts).
2120 4045 2271 4100 Unde
2324 4039 2520 4100 l'ratres'
2564 4048 2765 4111 sancti,
2815 4049 3106 4104 vocationis
3154 4051 3389 4104 caelestis

1841 4133 2137 4202 participes,
2169 4135 2497 4189 considerate
2525 4137 2830 4203 Apostolum
2856 4147 2908 4190 et
2939 4139 3233 4204 pontiﬁcem
3264 4155 3388 4193 con-

1841 4222 2079 4277 fessionis
2128 4237 2319 4279 nostrae
2362 4226 2543 4279 Jesum
2589 4227 2796 4280 lidclem
2848 4227 3158 4283 existentem
3205 4231 3255 4284 ei
3303 4233 3392 4299 qui

1839 4316 2031 4368 creavit
2052 4330 2169 4368 eum
2193 4315 2375 4384 (Hebr.
2407 4332 2479 4380 ιιι,
2509 4315 2558 4381 ι,
2579 4314 2655 4384 2).
2681 4318 2742 4369 lit
2761 4317 2822 4369 ad
2846 4318 3218 4372 Colossenses:
3244 4320 3392 4374 Nunc

191 4401 326 4452 quam
367 4392 658 4445 clementer
697 4403 748 4447 et
781 4396 862 4460 pie
895 4412 987 4464 pro
1019 4399 1168 4454 nobis
1197 4416 1466 4458 assumere
1508 4421 1609 4458 non
1639 4407 1727 4461 de-
1758 4414 1810 4472 ι)
1839 4414 2014 4456 antem
2059 4405 2309 4472 deponite
2337 4416 2387 4458 et
2419 4421 2512 4458 vos
2546 4407 2787 4459 universa
2815 4424 2826 4459 :
2863 4407 3025 4475 iram,
3071 4409 3393 4478 indignatio-

192 4479 416 4546 dignatus
442 4484 563 4537 est?
590 4484 720 4537 Nam
747 4486 882 4554 quod
915 4490 1254 4558 semetipsum
1285 4495 1574 4548 exinanivit
1605 4512 1729 4563 pau-

191 4567 338 4623 lulum
385 4574 678 4640 maiestatis
721 4588 829 4629 sum
882 4580 1144 4647 potentia,
1194 4582 1331 4637 idem
1383 4586 1545 4640 Filius
1592 4588 1734 4641 misit

193 4660 506 4723 apostolum,
551 4661 640 4728 qui
689 4671 1013 4718 contestatur
1056 4678 1108 4721 et
1161 4669 1334 4726 dicit:
1377 4674 1728 4743 Semetipsum

193 4743 461 4800 cxinanivit
485 4748 706 4802 formam
738 4753 874 4804 servi
896 4754 1178 4822 accipiens.
1205 4758 1508 4815 l-lutniliavit
1533 4774 1728 4818 semet-

197 4833 376 4903 ipsum,
420 4839 590 4893 factus
617 4842 866 4896 obediens
908 4861 1070 4915 usque
1109 4851 1173 4903 ad
1205 4864 1458 4920 mortem,
1504 4868 1727 4912 mortem

195 4935 349 4979 autem
374 4932 545 4984 crucis
574 4930 788 5001 (Philip.
816 4949 883 5000 tt,
914 4936 987 5003 7).
1024 4938 1088 4990 Et
1137 4941 1332 4995 Isaias:
1366 4944 1477 4999 Non
1509 4945 1728 5014 legatus,

198 5026 346 5080 neque
383 5021 632 5088 angelus.
674 5022 766 5075 sed
815 5024 925 5089 ipse
960 5026 1212 5083 Dominus
1246 5032 1386 5085 venit
1431 5045 1483 5087 et
1513 5037 1733 5090 salvavit

195 5117 274 5156 eos
316 5105 462 5177 (Isai.
492 5129 653 5175 xxxv,
685 5113 715 5167 4
743 5118 776 5173 ﬁ.
809 5114 944 5169 item
993 5116 1059 5170 ibi
1092 5135 1105 5170 :
1140 5119 1314 5173 Palam
1358 5127 1577 5192 apparui
1627 5143 1731 5180 non

196 5202 526 5284 querentibus
557 5218 641 5256 me
670 5203 816 5272 (Isai.
842 5222 959 5270 t.xv,
990 5207 1066 5276 5).
1095 5210 1157 5264 Et
1187 5213 1479 5270 Jeremias:
1516 5217 1724 5284 Reliqui

198 5283 387 5340 domum
418 5306 609 5356 meam,
644 5293 819 5350 dimisi
865 5298 1222 5354 hereditatem
1263 5317 1431 5356 meam
1454 5347 1467 5368 ,
1499 5317 1546 5357 et
1580 5283 1725 5370 veni,

198 5379 243 5421 et
270 5371 418 5429 iactus
442 5394 558 5432 sum
590 5381 690 5434 illis
717 5383 768 5437 in
799 5387 1137 5453 approbrium
1177 5389 1306 5458 (Jer.
1332 5408 1430 5458 xtt,
1458 5394 1533 5459 7).
1570 5394 1632 5447 Et
1665 5397 1713 5448 in

199 5460 387 5520 ilicium
420 5487 434 5522 :
481 5473 615 5527 Ecce
652 5473 902 5532 Dominus
951 5483 1122 5538 veniet
1163 5494 1215 5539 et
1243 5487 1716 5543 commovebuntur

201 5568 380 5645 utentes
406 5566 499 5620 sub
526 5581 589 5623 eo
621 5552 795 5637 (.llic/i.
826 5586 871 5642 t,
899 5573 973 5644 ὅ).
1019 5574 1079 5630 Et
1124 5577 1174 5631 in
1207 5575 1460 5632 Zacharia
1488 5594 1497 5627 ;
1534 5576 1716 5633 Gaude

1839 4509 1988 4555 nem,
2033 4496 2307 4558 malitiam,
2346 4496 2760 4563 blasphemiam:
2799 4497 3172 4566 turpiloquium
3201 4515 3265 4554 ex
3301 4517 3393 4557 ore

1837 4596 2013 4637 vesuo
2041 4599 2138 4636 non
2171 4585 2434 4650 procedat:
2465 4587 2633 4639 Nolite
2674 4588 2883 4641 mentiri
2914 4590 3170 4658 invicem,
3202 4608 3393 4660 exspo.

1838 4675 2027 4726 liantes
2065 4689 2158 4727 vos
2198 4684 2428 4727 veterem
2471 4676 2736 4728 hominem
2779 4691 2896 4730 cum
2939 4680 3147 4732 actibus
3172 4683 3310 4746 suis,
3343 4696 3390 4737 t-t

1838 4765 2039 4818 induite
2073 4782 2262 4819 novum
2293 4782 2410 4820 eum
2442 4768 2528 4834 qui
2560 4778 2844 4821 renovatur
2881 4771 2930 4823 iu
2962 4772 3278 4837 agnitionem
3309 4791 3392 4828 se-

1834 4856 2063 4907 cundum
2105 4856 2379 4922 imaginem
2411 4857 2526 4923 ejus
2554 4858 2644 4923 qui
2673 4859 2865 4911 t-reavit
2896 4875 3014 4914 eum
3048 4861 3177 4928 (Col.
3204 4878 3290 4927 ιιι,
3323 4866 3386 4916 8-

1839 4945 1946 5012 10).
1978 4946 2218 5014 Nunquid
2251 4947 2292 4998 is
2319 4947 2404 5013 qui
2451 4947 2692 5001 universa
2733 4961 2938 5013 creata,
2967 4951 3185 5005 visibilia
3217 4964 3269 5006 et
3309 4959 3388 5007 in-

1839 5036 2057 5088 visiliilia
2087 5037 2310 5103 propriae
2341 5039 2614 5102 potestatis
2642 5040 2832 5094 virtute
2859 5057 2918 5095 ex
2954 5041 3115 5095 nihilo
3145 5059 3388 5111 procica.

1837 5129 1908 5179 vit
1944 5137 1992 5181 et
2031 5126 2181 5190 fecit,
2222 5127 2376 5196 367
2412 5130 2642 5197 seipsum
2685 5142 2870 5197 antea,
2900 5134 2979 5187 vel
3023 5136 3383 5204 postmodum,

1834 5219 1970 5287 quod
1999 5217 2175 5272 dicere
2208 5218 2353 5272 nefas
2377 5231 2486 5284 εει,
2511 5222 2712 5274 creavit
2735 5223 2814 5276 vel
2844 5224 3016 5278 facere
3046 5226 3244 5292 patuit?

2233 5366 2243 5371 ,
2459 5309 2680 5365 CAPUT
2710 5311 2768 5363 V.

1905 5396 2059 5451 Pater
2089 5400 2252 5468 major
2296 5416 2372 5451 me
2401 5411 2492 5464 cst,
2539 5402 2786 5469 quomodo
2823 5401 3194 5472 intelligendum
3226 5405 3310 5458 sit.

1905 5491 1956 5543 Si
1987 5489 2214 5543 dixerint
2245 5491 2392 5552 illud,
2417 5493 2552 5559 quod
2585 5492 2746 5544 Filius
2771 5491 2820 5543 in
2848 5492 3129 5563 Evangelio
3159 5497 3380 5555 dixerit:

1832 5580 1982 5634 Pater
2014 5580 2179 5648 major
2207 5598 2289 5636 mc
2318 5591 2398 5636 est
2429 5581 2602 5651 (Jomt.
2641 5596 2742 5646 xiv,
2776 5581 2887 5651 c2.8).
