3856 6222
1861 291 2083 350 “Citii
2123 297 2490 358 TAPSENSIS
3706 323 3800 379 360

645 403 939 470 Impetum.
972 401 1136 457 Filius
1171 401 1340 457 minor
1368 409 1449 456 est
1477 402 1631 459 Patre
1657 403 1710 457 in
1739 408 1993 472 assampti
2027 407 2121 461 hu-
2153 405 2199 472 Α
2231 416 2517 469 nominabit
2545 414 2855 484 (Iratam,
2890 417 2959 486 l).
2994 420 3102 488 illa,
3135 434 3187 479 et
3210 424 3343 479 inira
3372 445 3384 478 :
3416 428 3492 482 Tu
3532 432 3683 485 enim
3713 451 3791 489 vo-

573 492 731 545 mlnls
756 490 1178 559 formamquelis
1192 503 1318 546 vero
1335 492 1475 548 Patri
1498 502 1579 548 est
1609 496 1660 548 in
1687 495 1900 549 deltatis
1925 507 2128 552 natura;
2234 501 2438 556 cabcris
2476 503 2717 556 voluntas
2750 520 2862 560 mea
2887 506 3069 577 (Ibid.,
3097 512 3176 580 4).
3207 514 3269 567 Et
3313 519 3611 586 Apostolus
3638 537 3652 571 :
3685 522 3792 576 Haec

572 580 880 682 substantia,
930 581 1118 682 eodem
1141 591 1503 682 ‘pro‘testante:
1545 585 1655 653 Ego
1685 595 1738 640 et
1779 585 1937 642 Pater
1964 601 2144 642 unum
2233 601 2334 658 est,
2359 594 2712 659 ait,vuluhtas
2741 596 2830 651 Dei
2863 599 2912 652 in
2940 600 3152 658 Christo
3179 605 3305 661 Jesu
3333 580 3386 678 (i
3405 608 3591 664 Thess.
3613 628 3666 677 v,
3693 617 3788 682 18).

571 683 759 764 sutrina
785 667 960 764 (lena:
990 685 1042 735 ιι,
1071 669 1180 739 δῦ).
1211 671 1272 724 Et
1303 673 1495 731 iterum
1522 690 1535 723 :
1567 674 1666 740 Qui
1695 690 1779 728 me
1812 676 1965 742 vidit,
2001 678 2130 734 vidit
2234 677 2298 731 Bt
2329 681 2517 733 iterum
2550 698 2562 734 :
2597 682 2650 735 in
2683 699 2784 751 quo
2817 687 3018 742 habitat
3044 695 3216 747 omnis
3246 667 3515 764 pleni:udo
3549 667 3791 756 divinita-

574 769 649 859 οι.
667 754 1082 859 Patre-mpm.
1121 774 1227 824 xiv,
1260 759 1336 829 9).
1370 761 1434 814 Et
1464 763 1625 815 item:
1655 761 1722 816 Ut
1749 776 1933 859 omnes
1963 765 2132 819 hono-
2232 768 2299 821 tis
2339 771 2686 838 corporaliter
2722 774 2940 844 (Coloss.
2975 792 3031 844 ll,
3076 783 3152 851 9).
3304 754 3504 841 iterum,
3535 805 3550 841 :
3582 790 3639 844 in
3685 754 3788 859 iptio

569 842 777 898 rillceet
807 845 994 899 Fiiiu
1040 848 1181 902 sicut
1220 849 1566 905 bonorilicant
1612 851 1817 932 Patrem
1851 851 2028 924 (Joan.
2071 871 2123 923 v,
2229 858 2366 910 enim
2387 859 2582 925 placuit
2603 842 2810 916 omnem
2837 842 3215 931 plenitudinem
3241 842 3787 932 divinitatis

566 934 680 1004 25).
731 933 796 988 Et
821 935 1016 990 iterum
1048 954 1062 990 :
1099 939 1216 992 Sint
1253 940 1304 993 in
1339 939 1490 995 nobis
1529 955 1724 1005 unum,
1765 929 1903 994 sicut
1936 950 1992 996 et
2027 956 2129 998 nos
2230 944 2361 1014 (Col.
2387 947 2561 1014 519).
2597 947 2660 1000 Et
2687 963 2789 1003 vox
2817 929 2985 1008 Patris
3011 955 3077 1010 de
3099 958 3238 1014 nube
3261 960 3328 1014 ad
3356 929 3783 1034 diseipuloadiic

575 283 680 352 389

566 1025 749 1077 sumus
775 1039 936 1079 unum
960 1043 976 1090 ;
1006 1035 1060 1078 tu
1088 1028 1144 1080 in
1172 1043 1275 1091 me,
1294 1038 1346 1082 et
1366 1043 1464 1097 ego
1480 1030 1532 1084 in
1552 1031 1628 1083 eis
1652 1029 1830 1099 (Joan.
1860 1046 1988 1097 xvii,
2007 1032 2120 1102 ιε).

547 1113 635 1184 Et
663 1113 853 1167 iterum
883 1129 898 1166 :
928 1113 1117 1172 Omnia
1146 1130 1262 1172 mea
1296 1127 1380 1172 tua
1417 1128 1559 1184 sunt,
1598 1127 1650 1171 et
1678 1119 1855 1173 omnia
1879 1128 1968 1174 tua
2008 1137 2126 1176 mea

532 1249 537 1253 .
569 1201 692 1257 sunt
721 1201 898 1270 (leae.
930 1220 1056 1270 xvii,
1107 1205 1214 1276 10).
1250 1207 1313 1260 Et
1341 1208 1528 1262 lterum
1556 1225 1567 1258 :
1600 1209 1785 1262 Omnia
1813 1225 1932 1279 qua:
1965 1211 2123 1266 habet

563 1290 721 1345 Pater
747 1304 861 1347 mea
897 1301 1018 1346 sunt
1045 1292 1219 1361 (locis.
1253 1308 1366 1360 xvi,
1407 1294 1513 1366 l5).
1559 1296 1623 1350 Et
1659 1298 1848 1352 iterum
1887 1317 1897 1351 :
1931 1300 2044 1369 Ego
2070 1302 2121 1355 in

562 1381 738 1446 Patre,
781 1392 835 1438 et
873 1384 1030 1438 Pater
1056 1385 1108 1438 in
1150 1400 1236 1440 me
1281 1385 1456 1456 (Iona.
1489 1403 1595 1455 xiv,
1632 1390 1740 1458 10).
1787 1391 1848 1444 Et
1888 1392 2116 1446 iterum:

561 1471 720 1548 Pater
748 1473 801 1526 in
827 1487 913 1527 me
931 1487 1150 1528 manens
1173 1473 1294 1529 facit
1315 1490 1470 1543 opera
1506 1477 1618 1531 hinc
1640 1478 1847 1548 (Ibid)
1874 1480 1946 1553 Et
1964 1480 2122 1534 Joan-

560 1575 657 1617 nes
697 1563 1024 1632 evangelista
1071 1564 1142 1618 ait
1175 1581 1188 1617 :
1222 1564 1277 1617 in
1327 1566 1586 1634 principio
1616 1577 1730 1621 erat
1774 1568 2026 1634 Verbum,
2068 1579 2123 1624 et

559 1653 790 1708 Verbum
813 1665 925 1709 erat
946 1655 1088 1725 apud
1110 1655 1294 1723 Deum,
1320 1665 1374 1710 et
1396 1655 1532 1710 Deus
1555 1662 1668 1711 erat
1685 1657 1916 1712 Verbum
1938 1659 2116 1728 (loco.

556 1740 703 1814 1,1).
736 1741 866 1798 item
897 1744 1011 1813 ipse
1035 1746 1101 1798 ad
1133 1745 1399 1801 Parthos:
1435 1746 1566 1801 Tres
1619 1756 1762 1813 sum,
1808 1747 1993 1818 inquit,
2027 1753 2113 1818 qui
2147 1765 2198 1826 Bt

560 1834 921 1887 testiinonium
938 1834 1218 1902 perhibent
1238 1834 1293 1887 in
1315 1843 1475 1900 terra,
1502 1844 1657 1904 aqua,
1675 1839 1885 1906 sanguis
1897 1847 1951 1892 et
1972 1853 2116 1904 caro,

557 1932 610 1976 et
639 1929 745 1977 tres
782 1922 834 1976 in
865 1923 1016 1977 nobis
1042 1931 1165 1976 sunt
1198 1921 1251 1993 (1
1272 1915 1426 1980 Joan.
1461 1941 1510 1988 v,
1542 1925 1620 1993 8).
1646 1925 1711 1978 Et
1741 1937 1846 1980 tres
1881 1937 2002 1980 situt
2029 1929 2123 1995 qui

557 2009 918 2064 testimonium
962 2011 1241 2080 perhibent
1271 2011 1323 2065 in
1357 2012 1524 2079 casio,
1557 2013 1734 2081 Pater,
1768 2015 2031 2080 Verbum,
2063 2025 2118 2072 et

554 2098 798 2167 Spiritus,
823 2105 878 2153 et
905 2099 938 2152 il
967 2108 1076 2153 tres
1111 2113 1272 2153 unum
1311 2107 1431 2154 sunt
1457 2099 1512 2170 (Ι
1531 2099 1686 2156 Joan.
1719 2117 1772 2168 v,
1807 2103 1860 2167 7,
1891 2103 1969 2174 8).
2009 2103 2117 2161 Nos

555 2187 735 2256 itaque
760 2189 816 2243 in
843 2199 1028 2243 natura
1055 2189 1286 2256 deitaiis,
1312 2205 1413 2260 qua
1445 2206 1606 2246 unum
1634 2201 1776 2257 sunt,
1801 2193 2029 2260 Patrem,
2062 2203 2118 2251 et

556 2276 749 2330 l’ilium
776 2277 1037 2333 credimus
1066 2295 1086 2332 :
1112 2291 1208 2334 aee
1236 2279 1449 2334 Patrem
1492 2281 1670 2349 aliquo
1706 2291 1951 2350 tempore,
1981 2299 2118 2352 pro-

555 2367 779 2420 cessisse
803 2377 855 2420 ut
879 2367 1061 2435 major
1079 2369 1148 2421 sit
1181 2368 1336 2434 Filio,
1368 2382 1467 2422 nec
1505 2367 1696 2422 Filium
1727 2383 1908 2436 postea
1935 2380 2113 2427 natum

557 2469 698 2524 esse,
739 2465 793 2511 ut
815 2456 984 2511 dcitas
1008 2458 1176 2511 Patris
1203 2457 1499 2510 minoretur
1526 2459 1580 2511 in
1606 2457 1762 2513 Filio.

1168 2544 1390 2600 CAPUT
1420 2544 1505 2598 Vi.

718 2633 817 2688 Ubi
838 2634 1010 2688 dicunt
1040 2648 1140 2687 non
1167 2649 1274 2686 me
1294 2631 1441 2685 Patri
1466 2634 1711 2702 wqualem
1738 2632 1950 2690 Filium.

610 2723 680 2778 Si
714 2725 803 2777 tibi
833 2725 1084 2788 dixerint,
1111 2739 1213 2777 non
1236 2733 1319 2779 est
1337 2725 1559 2794 aqualis
1588 2725 1754 2781 Filius
1787 2726 1970 2779 Patri.-

628 2810 925 2882 liesponsio.
956 2810 1011 2866 Si
1037 2812 1252 2880 aqualis
1282 2812 1426 2867 Patri
1458 2812 1621 2867 Filius
1651 2829 1754 2868 non
1784 2824 1884 2877 est,
1915 2829 2007 2868 cur
2039 2816 2110 2869 ita

554 2901 622 2956 de
651 2901 740 2954 illo
781 2901 1015 2957 Joamtce
1049 2901 1368 2970 evangelista
1407 2909 1631 2958 testatus
1665 2912 1749 2959 est
1779 2922 1790 2955 :
1825 2905 2108 2972 PrOpterea

554 2990 744 3059 inquit,
786 2991 1235 3060 persequebantur
1260 2991 1429 3047 Judaei
1466 2991 1682 3059 Jesum;
1717 3002 1774 3050 et
1800 2985 2109 3063 quaerebant

2226 1044 2308 1126 est
2338 1035 2498 1126 ilius
2526 1053 2674 1094 mens
2704 1041 3099 1114 dilectissimus,
3143 1049 3197 1101 in
3225 1067 3335 1118 quo
3377 1055 3509 1109 mihi
3553 1060 3782 1126 compla-

2225 1124 2308 1178 cul
2330 1125 2541 1193 (Matth.
2573 1143 2650 1196 ιιι,
2684 1132 2795 1201 17).
2824 1134 2878 1187 Si
2911 1137 3152 1190 vohi'ntas
3171 1136 3269 1192 Dei
3300 1140 3470 1197 Patris
3491 1124 3781 1201 Filius—non

2224 1211 2438 1280 fuisset,
2489 1219 2755 1285 qnbmudo
2803 1221 2944 1276 Patri
2985 1225 3036 1278 in
3072 1225 3160 1279 ilio
3190 1230 3364 1296 potuit
3408 1234 3781 1299 comi-iacere?

2223 1299 2328 1390 Ant
2354 1305 2798 1390 quemadmodum
2823 1310 2874 1363 in
2911 1325 2977 1366 eo
3007 1312 3287 1382 plenitudo
3493 1321 3782 1376 divinitatis

2225 1388 2338 1452 ejus
2384 1375 2552 1458 potuit
2589 1395 2855 1462 habitare,
2898 1398 2953 1452 in
2995 1375 3099 1468 quo
3130 1375 3509 1462 secund‘umvte
3551 1375 3778 1466 voluntas

2223 1473 2315 1531 Dei
2343 1476 2514 1534 Patiis
2537 1496 2640 1536 non
2668 1484 2922 1551 probatur
2945 1487 3178 1544 adeo”?

2807 1563 3194 1654 CAPUT‘VIII.
3246 1652 3248 1654 ,

2224 1671 2344 1727 Non
2371 1677 2483 1729 veni
2502 1678 2667 1752 [acere
2691 1677 2999 1766 uoluntqtem
3031 1702 3216 1805 meliim,
3237 1689 3327 1742 scd
3345 1690 3656 1751 voluntatem
3676 1697 3774 1764 eju

2808 1767 2895 1805 aut
2925 1770 3003 1805 me
3029 1770 3122 1805 mis
3145 1765 3212 1805 ι-.

2808 1765 2895 1820 qut
2925 1770 3003 1806 me
3029 1765 3212 1812 metu,

2288 1830 2344 1885 Si
2374 1831 2467 1887 tibi
2504 1834 2733 1891 dixerint
2773 1839 2897 1893 illud
2938 1836 3079 1909 quod
3125 1844 3378 1908 Dominus
3407 1847 3456 1900 in
3493 1848 3772 1917 Evangelia

2218 1917 2411 1975 dixerit
2438 1939 2452 1975 ε
2480 1922 2594 1977 Non
2623 1926 2740 1979 veni
2771 1925 2947 1984 facere
2979 1932 3299 1987 voluntatem
3327 1951 3528 2004 meam,
3571 1937 3664 1992 sed
3693 1951 3770 1992 vo-

2217 2006 2471 2062 luntatem
2501 2011 2613 2078 ejus
2639 2016 2728 2081 qui
2759 2029 2844 2070 me
2872 2019 3016 2072 misit
3042 2004 3220 2088 (lusu,
3256 2038 3316 2088 v,
3346 2023 3457 2092 εο).

2286 2096 2584 2168 Responsio.
2613 2102 2744 2157 Huic
2766 2109 3108 2175 propositioni
3139 2126 3245 2164 non
3271 2112 3520 2167 humanis
3546 2128 3678 2180 epos
3696 2123 3770 2167 est

2217 2191 2542 2256 respondere
2571 2193 2770 2260 verbis,
2802 2195 2895 2250 sed
2922 2197 3117 2252 divinis
3157 2200 3333 2268 potius
3360 2205 3630 2270 propriam
3663 2201 3764 2253 l-‘iiii

2215 2276 2536 2332 voluntatem
2569 2290 2808 2337 aetruero
2835 2282 3164 2340 documentis
3198 2305 3210 2338 :
3244 2292 3503 2356 propheta
3539 2291 3590 2341 in
3623 2290 3766 2356 trige-

2217 2365 2353 2418 simo
2377 2382 2517 2422 nono
2538 2369 2739 2438 psalmo
2769 2370 2944 2440 (Vera.
2975 2375 3030 2441 8)
3058 2383 3320 2430 canente:
3343 2377 3491 2430 Tunc
3516 2377 3646 2441 dixi,
3670 2379 3760 2428 ait:

2217 2453 2358 2508 Ecce
2383 2455 2533 2508 venio
2566 2467 2620 2510 ut
2662 2458 2850 2512 faciam
2881 2461 3201 2517 voluntatem
3251 2473 3414 2529 tuam,
3449 2465 3590 2518 Deus
3631 2478 3762 2518 meus

2215 2540 2375 2596 volui.
2408 2541 2476 2594 Et
2501 2542 2552 2594 in
2583 2544 2837 2612 vigesimo
2863 2548 3084 2614 septimo
3113 2549 3288 2620 (Vera.
3317 2553 3373 2621 7)
3397 2571 3408 2602 :
3435 2554 3488 2604 In
3514 2552 3630 2619 ipso
3657 2566 3759 2616 spc-

2213 2629 2347 2683 ravit
2375 2643 2469 2684 cor
2497 2645 2696 2696 meum,
2741 2642 2796 2687 et
2837 2635 3046 2702 adjutus
3081 2651 3197 2691 sum
3221 2679 3236 2704 ,
3277 2651 3329 2692 et
3361 2639 3605 2699 reﬂoruit
3648 2653 3758 2692 caro

2215 2731 2353 2783 mea,
2384 2727 2435 2772 et
2461 2734 2524 2773 ex
2555 2722 2819 2777 Voluntate
2845 2739 2958 2778 mea
2987 2725 3281 2780 confitebor
3313 2728 3409 2780 illi.
3440 2728 3504 2780 Et
3535 2729 3711 2780 iterum
3741 2740 3752 2775 :

2217 2806 2522 2862 Voluntaria
2549 2810 2857 2864 sacriﬁcabo
2885 2813 2976 2865 tibi
3006 2812 3174 2879 (Paul.
3205 2829 3325 2879 aut,
3355 2815 3436 2883 8).
3469 2814 3535 2866 Et
3565 2817 3615 2865 in
3636 2813 3756 2864 Det»

2213 2895 2544 2950 teronomiu:
2577 2896 2804 2966 Diligens
2833 2900 2903 2962 te,
2936 2898 3032 2953 feci
3061 2901 3385 2955 Voluntatem
3427 2910 3594 2954 tuam.
3626 2901 3683 2953 Et
3709 2903 3772 2958 is:

2211 2983 2526 3053 Apocalypsi
2554 3001 2567 3038 :
2595 2984 2791 3054 Dignus
2818 3002 2897 3054 es,
2920 2988 3139 3044 Domine
3157 2991 3294 3044 Deus
3315 2993 3753 3060 noster,aetipere

551 3097 675 3138 eum
695 3083 952 3146 occidem.
977 3083 1098 3149 quia
1128 3084 1289 3155 308
1315 3097 1421 3138 non
1443 3086 1613 3140 solum
1650 3087 1892 3142 solvebat
1914 3090 2105 3143 sabba-

2217 3072 2434 3140 glorian‘i
2463 3081 2518 3126 et
2560 3072 2812 3128 honorem
2857 3085 2912 3130 et
2947 3087 3295 3146 potestatem,
3333 3079 3456 3146 quia
3489 3088 3544 3132 tu
3579 3075 3753 3131 creasti

552 3183 687 3240 tum,
726 3175 817 3229 sed
842 3183 894 3229 et
924 3174 1132 3229 Patrem
1162 3191 1314 3230 suum
1338 3177 1544 3231 dicebat
1562 3178 1747 3243 Deum,
1770 3179 2023 3249 aequalem
2049 3195 2109 3235 se

554 3264 753 3319 iaciens
778 3263 886 3318 Deo
915 3265 1090 3334 (lose.
1119 3280 1172 3330 v,
1207 3265 1311 3333 18).
1343 3265 1411 3321 Et
1439 3267 1633 3322 Paulus
1661 3270 1931 3337 apostolus
1955 3286 1971 3322 ι
2000 3269 2110 3324 lioc

551 3353 745 3408 sentite
773 3355 842 3407 de
882 3353 1051 3422 vobis,
1082 3353 1278 3423 inquit,
1325 3356 1464 3424 quod
1493 3357 1546 3411 ia
1581 3357 1791 3416 Christo
1834 3358 1975 3422 lesu,
2016 3359 2110 3428 qui

554 3456 673 3496 cum
700 3444 750 3497 in
779 3442 947 3497 forms
978 3443 1070 3498 Dei
1096 3453 1238 3500 esset
1261 3445 1600 3514 constitutus,
1633 3463 1736 3501 non
1763 3450 2003 3514 rapinam
2022 3463 2110 3501 ar-

554 3533 775 3587 bitratus
813 3541 894 3586 est
922 3547 1041 3586 esse
1077 3547 1137 3587 se
1169 3535 1426 3602 aequalem
1464 3537 1597 3601 Deo,
1634 3536 1728 3591 sed
1766 3523 2119 3605 semetipsum;

554 3626 862 3690 exinanivit,
895 3623 1116 3679 formam
1144 3627 1286 3679 servi
1317 3627 1580 3693 accipiens
1609 3627 1831 3696 (Philip.
1856 3644 1913 3693 ll,
1945 3631 2022 3699 ε).
2044 3630 2109 3684 Et

553 3716 606 3771 in
637 3714 919 3769 Stiomone
948 3727 963 3764 :
993 3713 1093 3779 Qui
1127 3715 1308 3783 genuit
1339 3729 1444 3779 me,
1497 3715 1757 3786 requievit
1783 3717 1836 3770 in
1865 3719 2108 3771 taberna-

550 3804 672 3858 eulo
701 3817 820 3857 meo
845 3800 1028 3871 (Eccli.
1059 3788 1200 3866 xm,
1229 3802 1339 3871 is).
1370 3803 1434 3857 Et
1459 3803 1513 3858 in
1544 3805 1674 3858 isia
1705 3819 1719 3857 :
1758 3805 1907 3858 Sicut
1931 3815 2012 3860 est
2040 3810 2107 3863 ab

549 3893 719 3959 initio,
752 3894 822 3946 ita
846 3904 924 3947 est
946 3905 1112 3961 usque
1142 3893 1194 3946 in
1223 3893 1496 3948 saeuiunt.
1528 3894 1708 3962 Neque
1737 3894 2002 3962 adjectum
2024 3904 2107 3951 est

548 3982 622 4048 ci,
651 3993 822 4050 neque
854 3982 1121 4034 minuetur
1137 3979 1231 4034 illi.
1266 3981 1382 4048 Ipse
1407 3990 1488 4035 est
1512 3982 1653 4037 enim
1685 3983 1936 4038 Dominus
1956 3999 2106 4039 crea-

551 4079 683 4125 tura-
705 4084 837 4137 suae,
866 4070 954 4139 qui
982 4069 1111 4123 nihil
1129 4070 1272 4138 eguit
1294 4071 1360 4126 ab
1381 4071 1572 4141 aliqua.
1597 4072 1665 4127 Et
1682 4074 1733 4127 in
1759 4074 1964 4142 psalmo
1983 4089 2104 4143 sop-

539 4159 842 4230 tuagesimo
858 4160 1090 4214 secundo
1118 4160 1294 4230 (Vera.
1321 4161 1421 4240 .25)
1448 4177 1462 4216 ε
1489 4162 1622 4229 Quid
1645 4163 1784 4217 enim
1807 4164 1936 4218 mihi
1954 4161 2105 4220 deest

550 4250 606 4307 in
625 4250 785 4315 cmio,
815 4259 871 4304 et
891 4265 919 4303 a
952 4258 1002 4304 te
1021 4250 1145 4319 quid
1174 4251 1315 4304 volui
1337 4265 1496 4320 super
1519 4255 1743 4307 terram?
1773 4255 1895 4308 Haec
1923 4257 2102 4309 omnia

551 4341 606 4393 in
637 4338 769 4394 Filio
807 4353 910 4392 non
942 4338 1247 4393 inferiorem
1278 4346 1519 4394 naturain
1567 4343 1966 4410 demonstrant,
2008 4345 2101 4399 sed

2209 3163 2409 3227 omnia,
2437 3173 2490 3219 et
2519 3175 2729 3235 propter
2753 3160 3074 3225 voluntatem
3107 3184 3248 3227 tuam
3276 3171 3411 3225 iacta
3439 3181 3565 3226 sunt
3585 3172 3603 3240 (
3622 3174 3747 3237 tpoc.

2207 3264 2281 3315 nt,
2308 3251 2420 3321 11).
2441 3252 2508 3307 Et
2533 3255 2586 3307 in
2611 3255 2890 3311 Canonicia
2915 3273 2928 3310 :
2958 3258 3264 3312 Voiuntarie
3286 3250 3472 3328 genuit
3493 3275 3588 3313 nea
3608 3258 3753 3312 verbo

2207 3346 2463 3412 veritatis,
2489 3356 2546 3400 ut
2570 3348 2736 3402 simus
2761 3347 2972 3417 aliquod
2999 3348 3205 3405 initium
3228 3363 3489 3406 creaturae
3509 3353 3620 3420 ejus
3645 3349 3747 3420 (Ja-

2206 3435 2314 3490 cob.
2346 3450 2383 3499 ι,
2418 3434 2527 3505 18).
2564 3438 2646 3506 Ex
2678 3439 2743 3492 iis
2770 3441 2950 3510 utique
2975 3459 3090 3511 qum
3110 3445 3354 3512 superius
3377 3445 3516 3498 dicta
3539 3460 3650 3497 sunt
3672 3443 3748 3494 de-

2208 3524 2301 3579 bes
2329 3540 2653 3596 cognoscere
2676 3525 2932 3598 quoniam
2954 3536 3042 3602 qui
3074 3537 3371 3590 voluntarie
3396 3537 3562 3590 Patris
3581 3539 3746 3588 volun-

2207 3624 2366 3671 tatem
2389 3617 2579 3672 iecisse
2607 3632 2666 3673 se
2685 3619 2834 3685 dicit,
2864 3621 3081 3676 inferior
3108 3625 3198 3677 illo
3221 3628 3340 3678 θέω
3369 3627 3477 3679 non
3510 3626 3681 3693 possit.

2811 3734 3036 3791 CAPUT
3062 3736 3149 3790 lx.

2244 3819 2455 3883 Quando
2482 3819 2651 3875 dicunt
2681 3822 2951 3878 Dominum
2980 3837 3026 3880 et
3056 3825 3313 3879 Christum
3337 3827 3437 3893 {cci
3462 3845 3516 3880 se
3545 3827 3708 3879 Deam.

2273 3907 2330 3963 Si
2359 3909 2447 3964 tibi
2470 3914 2959 3979 opposuerintillnd
2985 3917 3123 3986 quod
3152 3919 3202 3969 in
3230 3919 3584 3984 apostolorum
3609 3917 3738 3970 Arti-

2206 3995 2302 4052 bus
2328 3991 2579 4066 scriptum
2623 4011 2740 4055 est:
2770 4003 3025 4068 Quoniam
3075 3999 3374 4071 Dunilnum,
3403 4015 3459 4060 et
3494 4005 3737 4060 Christum

2205 4084 2344 4138 Deus
2373 4085 2497 4140 fecit
2521 4087 2652 4158 (Act.
2688 4105 2744 4154 ιι,
2778 4091 2891 4159 56).

2279 4176 2573 4245 Responsio.
2604 4180 2715 4233 Non
2751 4181 3039 4236 secundum
3068 4181 3279 4236 deitatis
3317 4191 3555 4237 naturam
3591 4181 3735 4233 lactus

2204 4261 2396 4317 dicitur
2426 4266 2583 4334 filius,
2639 4267 2732 4322 sed
2777 4268 3065 4322 secundum
3096 4272 3350 4338 assumpti
3395 4270 3612 4325 hominis
3646 4270 3733 4322 lor-

2204 4367 2363 4407 mam.
2393 4356 2517 4411 llaec
2542 4358 2608 4413 de
2635 4374 2699 4413 eo
2723 4359 2883 4432 37o
2924 4361 3100 4414 divina
3126 4363 3330 4430 eloq'uia
3358 4368 3728 4431 protestantur.

548 4429 905 4520 aequalitatem
937 4428 1147 4481 deitatis
1174 4429 1516 4520 pronuntiant
1539 4447 1551 4482 :
1582 4434 1829 4498 quoniam
1847 4435 1933 4501 qui
1961 4444 2101 4487 utra-
2128 4433 2178 4492 Ι)
2206 4441 2366 4496 Paulo
2390 4447 2630 4512 apostolo
2657 4428 3036 4516 comprobante
3065 4467 3077 4502 :
3109 4428 3245 4518 quod
3269 4428 3391 4506 ante
3422 4452 3728 4520 promiserat,

553 4531 658 4586 que
703 4517 910 4571 locutus
938 4526 1041 4582 est,
1078 4531 1260 4572 verum
1285 4517 1434 4584 dixit,
1483 4520 1604 4589 quia
1655 4522 1848 4575 veritas
1891 4523 2103 4576 nicntiri

552 4624 659 4663 non
691 4608 878 4676 pezuit.

1145 4695 1367 4753 CAPUT
1404 4698 1514 4754 Vii.

795 4789 1112 4843 Voiuatatem
1133 4787 1302 4842 Patris
1325 4789 1516 4844 Filium
1545 4793 1630 4859 qui
1659 4802 1857 4870 negant.

622 4881 685 4936 Si
708 4880 797 4935 tibi
817 4879 1047 4950 dixerint
1071 4896 1085 4932 :
1110 4879 1222 4934 Non
1253 4888 1335 4936 est
1363 4882 1602 4935 voluntas
1626 4882 1794 4937 Patris
1823 4883 2009 4938 Filius.

628 4971 930 5040 Responsio.
971 4969 1028 5024 Si
1059 4971 1387 5038 propheticas
1415 4973 1828 5040 spostolicasque
1866 4974 2100 5042 Scriptu-

556 5077 646 5117 ras
674 5075 818 5130 pura:
867 5058 1057 5113 mentis
1083 5059 1370 5113 intentione
1399 5062 1687 5129 perquiras,
1721 5063 1959 5116 invenies
1985 5066 2100 5117 sine

549 5153 720 5208 «dubio
751 5152 939 5204 Filium
966 5149 1106 5203 Patri
1137 5157 1189 5202 et
1211 5157 1389 5201 natura
1408 5158 1752 5216 comtcrnnm,
1786 5163 1839 5206 et
1859 5155 2102 5208 substan-

560 5243 631 5295 tia
674 5241 1074 5309 sempiternum,
1105 5248 1159 5291 et
1187 5238 1470 5300 Voluntate,
1503 5253 1618 5306 qua
1648 5241 1699 5293 in
1727 5245 1961 5310 utrisque
1993 5259 2096 5296 ttnu

559 5339 786 5392 est,.non
815 5329 1128 5397 discretum:
1155 5326 1282 5381 Isaia
1310 5327 1559 5396 propheta
1582 5329 1645 5381 di.
1666 5339 1785 5383 ente
1818 5344 1830 5383 :
1857 5334 2097 5385 Saluiam

559 5426 732 5468 autem
757 5431 926 5469 meum
955 5417 1088 5468 sicut
1118 5414 1280 5468 iacula
1311 5415 1533 5478 ardebit,
1563 5425 1616 5470 et
1642 5418 1889 5473 videbunt
1917 5435 2102 5472 omnes

561 5504 1004 5573 gentesjnetltiam
1026 5513 1187 5568 tuam,
1211 5513 1263 5557 et
1290 5501 1469 5558 oinnes
1488 5520 1635 5582 reges
1661 5515 1814 5560 term-
1846 5511 2098 5562 honorent

559 5600 731 5658 tuum,
773 5601 825 5647 et
863 5594 1129 5665 vocaberis
1162 5595 1371 5650 nomine
1395 5603 1483 5660 tuo
1513 5610 1649 5650 novo
1685 5599 1819 5665 quod
1852 5599 2102 5655 Dominus

2206 4532 2299 4593 ait,
2333 4542 2426 4599 per
2445 4533 2729 4601 prophetas
2756 4551 2881 4590 suus
2908 4537 2956 4590 in
2988 4538 3273 4605 Scripturis
3297 4543 3501 4596 sanctis
3529 4541 3589 4595 de
3616 4541 3730 4594 Filio

2207 4631 2304 4671 suo
2335 4635 2348 4672 :
2378 4619 2476 4684 Qui
2503 4620 2671 4690 factus
2697 4633 2778 4677 est
2799 4639 2862 4678 ex
2896 4626 3100 4680 semine
3133 4627 3295 4680 David
3325 4629 3606 4683 secundum
3630 4643 3727 4682 car-

2206 4717 2325 4761 nem
2370 4708 2543 4779 (Rom.
2569 4725 2605 4774 ι,
2635 4709 2715 4778 2).
2749 4712 2875 4766 item
2926 4714 3036 4781 ipse
3079 4715 3145 4770 ad
3193 4716 3448 4771 Galatas:
3481 4718 3723 4784 Postquam

2207 4805 2379 4850 autem
2425 4798 2568 4851 venit
2612 4797 2881 4866 plenitudo
2911 4803 3182 4870 temporis,
3215 4804 3356 4857 misit
3401 4806 3537 4858 Deus
3565 4804 3723 4855 Filium

2204 4897 2356 4946 suum
2387 4897 2561 4940 natum
2580 4903 2641 4941 ex
2670 4888 2914 4953 muliere,
2937 4892 3126 4944 iactum
3155 4893 3386 4960 subiege
3412 4894 3551 4964 (Gal.
3571 4908 3632 4950 tv.
3659 4890 3718 4954 l).

2207 4975 2270 5028 Et
2292 4976 2356 5027 ad
2390 4976 2794 5044 Pliilippenses:
2827 4979 3240 5037 lnsimilitudiae
3269 4983 3539 5038 hominum
3561 4983 3721 5039 lactus,

2202 5074 2253 5116 et
2287 5063 2464 5119 habitu
2496 5066 2737 5121 inventus
2761 5076 2816 5121 ut
2843 5068 3000 5121 homo
3023 5069 3238 5138 (Philip.
3270 5087 3326 5134 ιι,
3359 5071 3438 5140 7).
3477 5073 3531 5125 Et
3555 5074 3598 5123 in
3615 5069 3720 5136 ραις

2204 5166 2289 5202 mo
2321 5154 2587 5221 trigesimo
2615 5153 2788 5223 (Vera.
2816 5156 2905 5226 11)
2937 5175 2950 5208 :
2984 5157 3246 5210 Inﬁrmata
3265 5168 3348 5211 est
3369 5160 3421 5211 in
3450 5165 3720 5228 paupertate

2202 5241 2366 5292 virtus
2418 5257 2554 5306 mea,
2583 5253 2634 5296 et
2662 5257 2782 5297 ossa
2828 5259 2942 5298 mea
2989 5245 3296 5298 conturbata
3342 5259 3487 5310 sunt,
3516 5254 3719 5308 etanta

2208 5327 2606 5384 itiitnicosntcos
2627 5332 2792 5384 iactus
2818 5347 2933 5384 sum
2955 5332 3317 5399 opprobrium.
3339 5335 3468 5388 Item
3497 5331 3713 5397 MV!"-

2179 5407 2295 5486 Ὶῧ)
2327 5436 2340 5470 :
2369 5420 2629 5474 Obliviuni
2658 5421 2880 5474 traditus
2911 5436 3024 5474 sum
3058 5432 3301 5490 tanqua
3331 5435 3599 5496 mortuusa
3621 5431 3716 5470 cM-

2204 5507 2289 5571 de,
2313 5519 2364 5561 et
2393 5508 2559 5563 factus
2588 5524 2704 5563 sum
2733 5519 2974 5583 tanquam
3001 5525 3091 5565 vas
3119 5513 3403 5580 perditum.
3440 5516 3501 5567 Et
3529 5517 3572 5563 in
3600 5504 3713 5601 psal-

2209 5605 2296 5652 t'uo
2321 5598 2466 5671 (πμ,
2492 5599 2544 5669 7)
2569 5615 2583 5652 :
2617 5599 2883 5668 Tanquam
2906 5601 3198 5671 prodigium
3218 5605 3387 5658 iactus
3409 5619 3523 5659 sunt
3547 5598 3710 5656 “‘1'.
