  <div class='ocr_page' id='page_1' title='image "/cluster/home/n/w/nwhite01/storage/ocr_20150623/61-62/uva.x000827102/768.png"; bbox 0 0 3856 6222; ppageno 0'>
   <div class='ocr_carea' id='block_1_1' title="bbox 115 295 211 357">
    <p class='ocr_par' dir='ltr' id='par_1_1' title="bbox 115 295 211 357">
     <span class='ocr_line' id='line_1_1' title="bbox 115 295 211 357; baseline -0.031 0"><span class='ocrx_word' id='word_1_1' title='bbox 115 295 211 357; x_wconf 72' lang='grc'><strong>361</strong></span> 
     </span>
    </p>
   </div>
   <div class='ocr_carea' id='block_1_2' title="bbox 1250 255 2218 348">
    <p class='ocr_par' dir='ltr' id='par_1_2' title="bbox 1250 255 2218 348">
     <span class='ocr_line' id='line_1_2' title="bbox 1250 255 2218 348; baseline -0.008 0"><span class='ocrx_word' id='word_1_2' title='bbox 1250 288 1526 348; x_wconf 70' lang='lat' dir='ltr'><strong>comm</strong></span> <span class='ocrx_word' id='word_1_3' title='bbox 1573 255 1978 342; x_wconf 74' lang='lat' dir='ltr'><strong>vantttaoun</strong></span> <span class='ocrx_word' id='word_1_4' title='bbox 2012 275 2136 340; x_wconf 79' lang='lat' dir='ltr'><strong>Lm.</strong></span> <span class='ocrx_word' id='word_1_5' title='bbox 2181 278 2218 340; x_wconf 90' lang='lat' dir='ltr'><strong>t.</strong></span> 
     </span>
    </p>
   </div>
   <div class='ocr_carea' id='block_1_3' title="bbox 115 395 3350 482">
    <p class='ocr_par' dir='ltr' id='par_1_3' title="bbox 115 395 3350 482">
     <span class='ocr_line' id='line_1_3' title="bbox 115 395 3350 482; baseline -0.005 -15"><span class='ocrx_word' id='word_1_6' title='bbox 115 425 166 467; x_wconf 89' lang='lat' dir='ltr'><strong>et</strong></span> <span class='ocrx_word' id='word_1_7' title='bbox 198 423 251 466; x_wconf 88' lang='lat' dir='ltr'><strong>tu</strong></span> <span class='ocrx_word' id='word_1_8' title='bbox 280 412 492 482; x_wconf 89' lang='lat' dir='ltr'><strong>adjutor</strong></span> <span class='ocrx_word' id='word_1_9' title='bbox 523 409 690 467; x_wconf 75' lang='lat' dir='ltr'><strong>fortis.</strong></span> <span class='ocrx_word' id='word_1_10' title='bbox 732 410 794 464; x_wconf 85' lang='lat' dir='ltr'><strong>Et</strong></span> <span class='ocrx_word' id='word_1_11' title='bbox 827 409 877 464; x_wconf 90' lang='lat' dir='ltr'><strong>in</strong></span> <span class='ocrx_word' id='word_1_12' title='bbox 917 409 1119 479; x_wconf 99' lang='lat' dir='ltr'><strong>psalmo</strong></span> <span class='ocrx_word' id='word_1_13' title='bbox 1154 405 1540 477; x_wconf 85' lang='lat' dir='ltr'><strong>septuagesimo</strong></span> <span class='ocrx_word' id='word_1_14' title='bbox 1579 415 1662 460; x_wconf 83' lang='lat' dir='ltr'><strong>se-</strong></span> <span class='ocrx_word' id='word_1_15' title='bbox 1697 401 1745 460; x_wconf 85' lang='lat' dir='ltr'><strong>A</strong></span> <span class='ocrx_word' id='word_1_16' title='bbox 1779 409 1884 454; x_wconf 90' lang='lat' dir='ltr'><strong>tate</strong></span> <span class='ocrx_word' id='word_1_17' title='bbox 1913 399 2159 454; x_wconf 78' lang='lat' dir='ltr'><strong>universa</strong></span> <span class='ocrx_word' id='word_1_18' title='bbox 2188 395 2389 451; x_wconf 81' lang='lat' dir='ltr'><strong>ereavit</strong></span> <span class='ocrx_word' id='word_1_19' title='bbox 2421 437 2434 460; x_wconf 90' lang='lat'><strong>,</strong></span> <span class='ocrx_word' id='word_1_20' title='bbox 2463 407 2576 465; x_wconf 74' lang='lat' dir='ltr'><strong>quae</strong></span> <span class='ocrx_word' id='word_1_21' title='bbox 2611 395 2838 449; x_wconf 81' lang='lat' dir='ltr'><strong>creanda</strong></span> <span class='ocrx_word' id='word_1_22' title='bbox 2874 396 2983 451; x_wconf 79' lang='lat' dir='ltr'><strong>fore</strong></span> <span class='ocrx_word' id='word_1_23' title='bbox 3013 396 3350 466; x_wconf 65' lang='lat' dir='ltr'><strong>prot&#39;itinntizt</strong></span> 
     </span>
    </p>
   </div>
   <div class='ocr_carea' id='block_1_4' title="bbox 116 495 1673 574">
    <p class='ocr_par' dir='ltr' id='par_1_4' title="bbox 116 495 1673 574">
     <span class='ocr_line' id='line_1_4' title="bbox 116 495 1673 574; baseline -0.006 -16"><span class='ocrx_word' id='word_1_24' title='bbox 116 505 292 560; x_wconf 83' lang='lat' dir='ltr'><strong>eundo</strong></span> <span class='ocrx_word' id='word_1_25' title='bbox 321 505 495 574; x_wconf 69' lang='lat' dir='ltr'><strong>(Verr.</strong></span> <span class='ocrx_word' id='word_1_26' title='bbox 523 505 614 571; x_wconf 73' lang='lat'><strong>23)</strong></span> <span class='ocrx_word' id='word_1_27' title='bbox 640 522 650 556; x_wconf 91' lang='lat'>:</span> <span class='ocrx_word' id='word_1_28' title='bbox 687 503 750 558; x_wconf 88' lang='lat' dir='ltr'><strong>Ut</strong></span> <span class='ocrx_word' id='word_1_29' title='bbox 777 503 1066 571; x_wconf 89' lang='lat' dir='ltr'><strong>jumentum</strong></span> <span class='ocrx_word' id='word_1_30' title='bbox 1099 502 1264 554; x_wconf 83' lang='lat' dir='ltr'><strong>iactus</strong></span> <span class='ocrx_word' id='word_1_31' title='bbox 1291 515 1406 553; x_wconf 92' lang='lat' dir='ltr'><strong>sum</strong></span> <span class='ocrx_word' id='word_1_32' title='bbox 1440 495 1578 565; x_wconf 88' lang='lat' dir='ltr'><strong>apud</strong></span> <span class='ocrx_word' id='word_1_33' title='bbox 1600 504 1673 558; x_wconf 89' lang='lat' dir='ltr'><strong>te,</strong></span> 
     </span>
    </p>
   </div>
   <div class='ocr_carea' id='block_1_5' title="bbox 118 588 1682 661">
    <p class='ocr_par' dir='ltr' id='par_1_5' title="bbox 118 588 1682 661">
     <span class='ocr_line' id='line_1_5' title="bbox 118 588 1682 661; baseline -0.007 -14"><span class='ocrx_word' id='word_1_34' title='bbox 118 605 169 647; x_wconf 90' lang='lat' dir='ltr'><strong>et</strong></span> <span class='ocrx_word' id='word_1_35' title='bbox 197 609 298 660; x_wconf 73' lang='lat' dir='ltr'><strong>ego</strong></span> <span class='ocrx_word' id='word_1_36' title='bbox 329 609 538 661; x_wconf 87' lang='lat' dir='ltr'><strong>semper</strong></span> <span class='ocrx_word' id='word_1_37' title='bbox 566 604 755 646; x_wconf 93' lang='lat' dir='ltr'><strong>tecum.</strong></span> <span class='ocrx_word' id='word_1_38' title='bbox 790 592 853 644; x_wconf 86' lang='lat' dir='ltr'><strong>Et</strong></span> <span class='ocrx_word' id='word_1_39' title='bbox 885 593 935 643; x_wconf 89' lang='lat' dir='ltr'><strong>in</strong></span> <span class='ocrx_word' id='word_1_40' title='bbox 958 592 1156 656; x_wconf 91' lang='lat' dir='ltr'><strong>psalmo</strong></span> <span class='ocrx_word' id='word_1_41' title='bbox 1177 588 1534 657; x_wconf 75' lang='lat' dir='ltr'><strong>octuagesimo</strong></span> <span class='ocrx_word' id='word_1_42' title='bbox 1561 599 1682 638; x_wconf 77' lang='lat' dir='ltr'><strong>sex-</strong></span> 
     </span>
    </p>
   </div>
   <div class='ocr_carea' id='block_1_6' title="bbox 121 677 1682 753">
    <p class='ocr_par' dir='ltr' id='par_1_6' title="bbox 121 677 1682 753">
     <span class='ocr_line' id='line_1_6' title="bbox 121 677 1682 753; baseline -0.005 -18"><span class='ocrx_word' id='word_1_43' title='bbox 121 695 172 738; x_wconf 94' lang='lat' dir='ltr'><strong>to</strong></span> <span class='ocrx_word' id='word_1_44' title='bbox 197 685 384 753; x_wconf 72' lang='lat' dir='ltr'><strong>(Vera.</strong></span> <span class='ocrx_word' id='word_1_45' title='bbox 407 683 460 751; x_wconf 83' lang='lat'><strong>5)</strong></span> <span class='ocrx_word' id='word_1_46' title='bbox 489 725 500 735; x_wconf 95' lang='lat'><strong>.</strong></span> <span class='ocrx_word' id='word_1_47' title='bbox 528 683 691 736; x_wconf 81' lang='lat' dir='ltr'><strong>Mater</strong></span> <span class='ocrx_word' id='word_1_48' title='bbox 710 681 834 735; x_wconf 86' lang='lat' dir='ltr'><strong>Sion</strong></span> <span class='ocrx_word' id='word_1_49' title='bbox 857 682 1013 745; x_wconf 91' lang='lat' dir='ltr'><strong>dicet,</strong></span> <span class='ocrx_word' id='word_1_50' title='bbox 1039 680 1216 744; x_wconf 89' lang='lat' dir='ltr'><strong>homo,</strong></span> <span class='ocrx_word' id='word_1_51' title='bbox 1248 689 1300 734; x_wconf 89' lang='lat' dir='ltr'><strong>et</strong></span> <span class='ocrx_word' id='word_1_52' title='bbox 1332 679 1490 730; x_wconf 88' lang='lat' dir='ltr'><strong>homo</strong></span> <span class='ocrx_word' id='word_1_53' title='bbox 1516 677 1682 729; x_wconf 81' lang='lat' dir='ltr'><strong>i’acttts</strong></span> 
     </span>
    </p>
   </div>
   <div class='ocr_carea' id='block_1_7' title="bbox 123 766 1683 841">
    <p class='ocr_par' dir='ltr' id='par_1_7' title="bbox 123 766 1683 841">
     <span class='ocr_line' id='line_1_7' title="bbox 123 766 1683 841; baseline -0.008 -13"><span class='ocrx_word' id='word_1_54' title='bbox 123 785 200 828; x_wconf 68' lang='lat' dir='ltr'><strong>est</strong></span> <span class='ocrx_word' id='word_1_55' title='bbox 233 776 284 826; x_wconf 92' lang='lat' dir='ltr'><strong>in</strong></span> <span class='ocrx_word' id='word_1_56' title='bbox 318 789 399 834; x_wconf 85' lang='lat' dir='ltr'><strong>ea,</strong></span> <span class='ocrx_word' id='word_1_57' title='bbox 432 785 484 825; x_wconf 88' lang='lat' dir='ltr'><strong>et</strong></span> <span class='ocrx_word' id='word_1_58' title='bbox 514 773 623 841; x_wconf 89' lang='lat' dir='ltr'><strong>ip-e</strong></span> <span class='ocrx_word' id='word_1_59' title='bbox 655 771 885 824; x_wconf 80' lang='lat' dir='ltr'><strong>fundavit</strong></span> <span class='ocrx_word' id='word_1_60' title='bbox 914 785 1028 824; x_wconf 89' lang='lat' dir='ltr'><strong>eam</strong></span> <span class='ocrx_word' id='word_1_61' title='bbox 1062 767 1382 838; x_wconf 72' lang='lat' dir='ltr'><strong>Altissimus.</strong></span> <span class='ocrx_word' id='word_1_62' title='bbox 1415 768 1476 820; x_wconf 84' lang='lat' dir='ltr'><strong>Et</strong></span> <span class='ocrx_word' id='word_1_63' title='bbox 1503 766 1554 818; x_wconf 92' lang='lat' dir='ltr'><strong>in</strong></span> <span class='ocrx_word' id='word_1_64' title='bbox 1592 777 1683 816; x_wconf 86' lang='lat' dir='ltr'><strong>oc-</strong></span> 
     </span>
    </p>
   </div>
   <div class='ocr_carea' id='block_1_8' title="bbox 123 858 1682 931">
    <p class='ocr_par' dir='ltr' id='par_1_8' title="bbox 123 858 1682 931">
     <span class='ocr_line' id='line_1_8' title="bbox 123 858 1682 931; baseline -0.006 -15"><span class='ocrx_word' id='word_1_65' title='bbox 123 864 415 930; x_wconf 60' lang='lat' dir='ltr'><strong>tuagesimo</strong></span> <span class='ocrx_word' id='word_1_66' title='bbox 441 864 664 931; x_wconf 65' lang='lat' dir='ltr'><strong>septimo</strong></span> <span class='ocrx_word' id='word_1_67' title='bbox 691 862 864 927; x_wconf 71' lang='lat' dir='ltr'><strong>(Vera.</strong></span> <span class='ocrx_word' id='word_1_68' title='bbox 883 862 935 929; x_wconf 90' lang='lat'><strong>7)</strong></span> <span class='ocrx_word' id='word_1_69' title='bbox 959 879 970 912; x_wconf 88' lang='lat'>:</span> <span class='ocrx_word' id='word_1_70' title='bbox 997 860 1187 913; x_wconf 85' lang='lat' dir='ltr'><strong>Factus</strong></span> <span class='ocrx_word' id='word_1_71' title='bbox 1217 874 1330 912; x_wconf 89' lang='lat' dir='ltr'><strong>sum</strong></span> <span class='ocrx_word' id='word_1_72' title='bbox 1364 861 1501 911; x_wconf 86' lang='lat' dir='ltr'><strong>sicut</strong></span> <span class='ocrx_word' id='word_1_73' title='bbox 1524 858 1682 908; x_wconf 76' lang='lat' dir='ltr'><strong>homo</strong></span> 
     </span>
    </p>
   </div>
   <div class='ocr_carea' id='block_1_9' title="bbox 124 947 1682 1021">
    <p class='ocr_par' dir='ltr' id='par_1_9' title="bbox 124 947 1682 1021">
     <span class='ocr_line' id='line_1_9' title="bbox 124 947 1682 1021; baseline -0.005 -15"><span class='ocrx_word' id='word_1_74' title='bbox 124 956 234 1007; x_wconf 85' lang='lat' dir='ltr'><strong>sine</strong></span> <span class='ocrx_word' id='word_1_75' title='bbox 260 954 543 1021; x_wconf 87' lang='lat' dir='ltr'><strong>adjutorio,</strong></span> <span class='ocrx_word' id='word_1_76' title='bbox 596 953 730 1005; x_wconf 82' lang='lat' dir='ltr'><strong>inter</strong></span> <span class='ocrx_word' id='word_1_77' title='bbox 759 961 993 1006; x_wconf 86' lang='lat' dir='ltr'><strong>mortuos</strong></span> <span class='ocrx_word' id='word_1_78' title='bbox 1019 951 1170 1004; x_wconf 83' lang='lat' dir='ltr'><strong>liber.</strong></span> <span class='ocrx_word' id='word_1_79' title='bbox 1208 951 1270 1002; x_wconf 83' lang='lat' dir='ltr'><strong>Et</strong></span> <span class='ocrx_word' id='word_1_80' title='bbox 1301 950 1352 1001; x_wconf 87' lang='lat' dir='ltr'><strong>iti</strong></span> <span class='ocrx_word' id='word_1_81' title='bbox 1394 947 1682 1002; x_wconf 78' lang='lat' dir='ltr'><strong>centesimo</strong></span> 
     </span>
    </p>
   </div>
   <div class='ocr_carea' id='block_1_10' title="bbox 124 1038 1680 1112">
    <p class='ocr_par' dir='ltr' id='par_1_10' title="bbox 124 1038 1680 1112">
     <span class='ocr_line' id='line_1_10' title="bbox 124 1038 1680 1112; baseline -0.006 -14"><span class='ocrx_word' id='word_1_82' title='bbox 124 1059 310 1098; x_wconf 81' lang='lat' dir='ltr'><strong>oetaro</strong></span> <span class='ocrx_word' id='word_1_83' title='bbox 347 1044 516 1111; x_wconf 84' lang='lat' dir='ltr'><strong>(Vers.</strong></span> <span class='ocrx_word' id='word_1_84' title='bbox 559 1044 649 1112; x_wconf 70' lang='lat'><strong>‘23)</strong></span> <span class='ocrx_word' id='word_1_85' title='bbox 676 1060 688 1096; x_wconf 90' lang='lat'>:</span> <span class='ocrx_word' id='word_1_86' title='bbox 719 1044 781 1096; x_wconf 82' lang='lat' dir='ltr'><strong>Et</strong></span> <span class='ocrx_word' id='word_1_87' title='bbox 828 1045 994 1096; x_wconf 80' lang='lat' dir='ltr'><strong>lactus</strong></span> <span class='ocrx_word' id='word_1_88' title='bbox 1024 1058 1136 1094; x_wconf 89' lang='lat' dir='ltr'><strong>sum</strong></span> <span class='ocrx_word' id='word_1_89' title='bbox 1168 1041 1504 1109; x_wconf 65' lang='lat' dir='ltr'><strong>opprobrium</strong></span> <span class='ocrx_word' id='word_1_90' title='bbox 1536 1038 1636 1093; x_wconf 68' lang='lat' dir='ltr'><strong>illis</strong></span> <span class='ocrx_word' id='word_1_91' title='bbox 1667 1055 1680 1089; x_wconf 91' lang='lat'><strong>:</strong></span> 
     </span>
    </p>
   </div>
   <div class='ocr_carea' id='block_1_11' title="bbox 124 1127 1684 1200">
    <p class='ocr_par' dir='ltr' id='par_1_11' title="bbox 124 1127 1684 1200">
     <span class='ocr_line' id='line_1_11' title="bbox 124 1127 1684 1200; baseline -0.004 -13"><span class='ocrx_word' id='word_1_92' title='bbox 124 1135 374 1188; x_wconf 81' lang='lat' dir='ltr'><strong>viderunt</strong></span> <span class='ocrx_word' id='word_1_93' title='bbox 403 1150 503 1196; x_wconf 72' lang='lat' dir='ltr'><strong>nte,</strong></span> <span class='ocrx_word' id='word_1_94' title='bbox 534 1144 586 1188; x_wconf 89' lang='lat' dir='ltr'><strong>et</strong></span> <span class='ocrx_word' id='word_1_95' title='bbox 611 1143 886 1186; x_wconf 76' lang='lat' dir='ltr'><strong>moverunt</strong></span> <span class='ocrx_word' id='word_1_96' title='bbox 915 1134 1082 1200; x_wconf 88' lang='lat' dir='ltr'><strong>capita</strong></span> <span class='ocrx_word' id='word_1_97' title='bbox 1117 1147 1234 1186; x_wconf 88' lang='lat' dir='ltr'><strong>sua.</strong></span> <span class='ocrx_word' id='word_1_98' title='bbox 1265 1132 1330 1185; x_wconf 82' lang='lat' dir='ltr'><strong>Et</strong></span> <span class='ocrx_word' id='word_1_99' title='bbox 1374 1131 1424 1184; x_wconf 92' lang='lat' dir='ltr'><strong>iu</strong></span> <span class='ocrx_word' id='word_1_100' title='bbox 1456 1127 1684 1184; x_wconf 82' lang='lat' dir='ltr'><strong>centesi-</strong></span> 
     </span>
    </p>
   </div>
   <div class='ocr_carea' id='block_1_12' title="bbox 127 1221 1686 1293">
    <p class='ocr_par' dir='ltr' id='par_1_12' title="bbox 127 1221 1686 1293">
     <span class='ocr_line' id='line_1_12' title="bbox 127 1221 1686 1293; baseline -0.004 -15"><span class='ocrx_word' id='word_1_101' title='bbox 127 1242 209 1278; x_wconf 89' lang='lat' dir='ltr'><strong>mo</strong></span> <span class='ocrx_word' id='word_1_102' title='bbox 262 1227 435 1292; x_wconf 87' lang='lat' dir='ltr'><strong>primo</strong></span> <span class='ocrx_word' id='word_1_103' title='bbox 465 1224 640 1292; x_wconf 79' lang='lat' dir='ltr'><strong>(Vm.</strong></span> <span class='ocrx_word' id='word_1_104' title='bbox 668 1227 724 1293; x_wconf 87' lang='lat'><strong>8)</strong></span> <span class='ocrx_word' id='word_1_105' title='bbox 758 1243 768 1275; x_wconf 88' lang='lat'>:</span> <span class='ocrx_word' id='word_1_106' title='bbox 809 1225 1042 1293; x_wconf 76' lang='lat' dir='ltr'><strong>\‘igilavi,</strong></span> <span class='ocrx_word' id='word_1_107' title='bbox 1087 1233 1140 1277; x_wconf 93' lang='lat' dir='ltr'><strong>et</strong></span> <span class='ocrx_word' id='word_1_108' title='bbox 1178 1223 1346 1277; x_wconf 77' lang='lat' dir='ltr'><strong>factus</strong></span> <span class='ocrx_word' id='word_1_109' title='bbox 1384 1235 1499 1275; x_wconf 88' lang='lat' dir='ltr'><strong>sum</strong></span> <span class='ocrx_word' id='word_1_110' title='bbox 1551 1221 1686 1273; x_wconf 86' lang='lat' dir='ltr'><strong>sicut</strong></span> 
     </span>
    </p>
   </div>
   <div class='ocr_carea' id='block_1_13' title="bbox 127 1309 1682 1384">
    <p class='ocr_par' dir='ltr' id='par_1_13' title="bbox 127 1309 1682 1384">
     <span class='ocr_line' id='line_1_13' title="bbox 127 1309 1682 1384; baseline -0.005 -16"><span class='ocrx_word' id='word_1_111' title='bbox 127 1330 309 1383; x_wconf 82' lang='lat' dir='ltr'><strong>passer</strong></span> <span class='ocrx_word' id='word_1_112' title='bbox 334 1317 613 1384; x_wconf 79' lang='lat' dir='ltr'><strong>singularis</strong></span> <span class='ocrx_word' id='word_1_113' title='bbox 643 1317 690 1368; x_wconf 90' lang='lat' dir='ltr'><strong>in</strong></span> <span class='ocrx_word' id='word_1_114' title='bbox 726 1327 884 1369; x_wconf 86' lang='lat' dir='ltr'><strong>tecto.</strong></span> <span class='ocrx_word' id='word_1_115' title='bbox 921 1316 982 1368; x_wconf 84' lang='lat' dir='ltr'><strong>Et</strong></span> <span class='ocrx_word' id='word_1_116' title='bbox 1007 1318 1057 1368; x_wconf 92' lang='lat' dir='ltr'><strong>in</strong></span> <span class='ocrx_word' id='word_1_117' title='bbox 1090 1314 1373 1382; x_wconf 88' lang='lat' dir='ltr'><strong>Evangelio</strong></span> <span class='ocrx_word' id='word_1_118' title='bbox 1405 1330 1416 1364; x_wconf 91' lang='lat'>:</span> <span class='ocrx_word' id='word_1_119' title='bbox 1454 1309 1682 1365; x_wconf 87' lang='lat' dir='ltr'><strong>Verbum</strong></span> 
     </span>
    </p>
   </div>
   <div class='ocr_carea' id='block_1_14' title="bbox 127 1385 1682 1473">
    <p class='ocr_par' dir='ltr' id='par_1_14' title="bbox 127 1385 1682 1473">
     <span class='ocr_line' id='line_1_14' title="bbox 127 1385 1682 1473; baseline -0.006 -13"><span class='ocrx_word' id='word_1_120' title='bbox 127 1423 248 1460; x_wconf 78' lang='lat' dir='ltr'><strong>caro</strong></span> <span class='ocrx_word' id='word_1_121' title='bbox 279 1411 471 1461; x_wconf 81' lang='lat' dir='ltr'><strong>factum</strong></span> <span class='ocrx_word' id='word_1_122' title='bbox 504 1417 604 1468; x_wconf 88' lang='lat' dir='ltr'><strong>est.</strong></span> <span class='ocrx_word' id='word_1_123' title='bbox 639 1417 692 1460; x_wconf 90' lang='lat' dir='ltr'><strong>et</strong></span> <span class='ocrx_word' id='word_1_124' title='bbox 739 1406 994 1459; x_wconf 88' lang='lat' dir='ltr'><strong>habitavit</strong></span> <span class='ocrx_word' id='word_1_125' title='bbox 1040 1407 1088 1458; x_wconf 93' lang='lat' dir='ltr'><strong>in</strong></span> <span class='ocrx_word' id='word_1_126' title='bbox 1122 1406 1271 1458; x_wconf 79' lang='lat' dir='ltr'><strong>nobis</strong></span> <span class='ocrx_word' id='word_1_127' title='bbox 1300 1385 1470 1473; x_wconf 60' lang='lat' dir='ltr'><strong>(131m.</strong></span> <span class='ocrx_word' id='word_1_128' title='bbox 1507 1418 1544 1465; x_wconf 89' lang='lat' dir='ltr'><strong>l,</strong></span> <span class='ocrx_word' id='word_1_129' title='bbox 1577 1399 1682 1469; x_wconf 76' lang='grc'><strong>14).</strong></span> 
     </span>
    </p>
   </div>
   <div class='ocr_carea' id='block_1_15' title="bbox 127 1494 1683 1562">
    <p class='ocr_par' dir='ltr' id='par_1_15' title="bbox 127 1494 1683 1562">
     <span class='ocr_line' id='line_1_15' title="bbox 127 1494 1683 1562; baseline -0.004 -13"><span class='ocrx_word' id='word_1_130' title='bbox 127 1495 290 1550; x_wconf 82' lang='lat' dir='ltr'><strong>Filius</strong></span> <span class='ocrx_word' id='word_1_131' title='bbox 336 1496 490 1562; x_wconf 61' lang='lat' dir='ltr'><strong>igitur</strong></span> <span class='ocrx_word' id='word_1_132' title='bbox 526 1496 814 1550; x_wconf 80' lang='lat' dir='ltr'><strong>secundum</strong></span> <span class='ocrx_word' id='word_1_133' title='bbox 842 1510 1054 1550; x_wconf 86' lang='lat' dir='ltr'><strong>carnem</strong></span> <span class='ocrx_word' id='word_1_134' title='bbox 1087 1494 1280 1548; x_wconf 90' lang='lat' dir='ltr'><strong>dicitur</strong></span> <span class='ocrx_word' id='word_1_135' title='bbox 1321 1494 1484 1546; x_wconf 66' lang='lat' dir='ltr'><strong>factus</strong></span> <span class='ocrx_word' id='word_1_136' title='bbox 1515 1508 1528 1543; x_wconf 89' lang='lat'><strong>:</strong></span> <span class='ocrx_word' id='word_1_137' title='bbox 1564 1505 1683 1543; x_wconf 83' lang='lat' dir='ltr'><strong>nam</strong></span> 
     </span>
    </p>
   </div>
   <div class='ocr_carea' id='block_1_16' title="bbox 128 1583 1688 1654">
    <p class='ocr_par' dir='ltr' id='par_1_16' title="bbox 128 1583 1688 1654">
     <span class='ocr_line' id='line_1_16' title="bbox 128 1583 1688 1654; baseline -0.004 -13"><span class='ocrx_word' id='word_1_138' title='bbox 128 1587 414 1642; x_wconf 86' lang='lat' dir='ltr'><strong>secundum</strong></span> <span class='ocrx_word' id='word_1_139' title='bbox 462 1587 788 1641; x_wconf 79' lang='lat' dir='ltr'><strong>divinitatem</strong></span> <span class='ocrx_word' id='word_1_140' title='bbox 819 1602 846 1640; x_wconf 92' lang='lat' dir='ltr'><strong>a</strong></span> <span class='ocrx_word' id='word_1_141' title='bbox 879 1587 1033 1640; x_wconf 89' lang='lat' dir='ltr'><strong>Patre</strong></span> <span class='ocrx_word' id='word_1_142' title='bbox 1078 1600 1342 1654; x_wconf 77' lang='lat' dir='ltr'><strong>nunquam</strong></span> <span class='ocrx_word' id='word_1_143' title='bbox 1387 1583 1572 1653; x_wconf 83' lang='lat' dir='ltr'><strong>legitur</strong></span> <span class='ocrx_word' id='word_1_144' title='bbox 1614 1586 1688 1634; x_wconf 84' lang='lat' dir='ltr'><strong>ta-</strong></span> 
     </span>
    </p>
   </div>
   <div class='ocr_carea' id='block_1_17' title="bbox 129 1677 633 1746">
    <p class='ocr_par' dir='ltr' id='par_1_17' title="bbox 129 1677 633 1746">
     <span class='ocr_line' id='line_1_17' title="bbox 129 1677 633 1746; baseline -0.006 -15"><span class='ocrx_word' id='word_1_145' title='bbox 129 1691 261 1745; x_wconf 83' lang='lat' dir='ltr'><strong>c&#39;us,</strong></span> <span class='ocrx_word' id='word_1_146' title='bbox 291 1677 385 1731; x_wconf 90' lang='lat' dir='ltr'><strong>sed</strong></span> <span class='ocrx_word' id='word_1_147' title='bbox 403 1677 633 1746; x_wconf 81' lang='lat' dir='ltr'><strong>genitus.</strong></span> 
     </span>
    </p>
   </div>
   <div class='ocr_carea' id='block_1_18' title="bbox 741 1766 1068 1822">
    <p class='ocr_par' dir='ltr' id='par_1_18' title="bbox 741 1766 1068 1822">
     <span class='ocr_line' id='line_1_18' title="bbox 741 1766 1068 1822; baseline -0.009 -1"><span class='ocrx_word' id='word_1_148' title='bbox 741 1767 962 1822; x_wconf 79' lang='lat' dir='ltr'><strong>CAPUT</strong></span> <span class='ocrx_word' id='word_1_149' title='bbox 1001 1766 1068 1819; x_wconf 73' lang='grc' dir='ltr'><strong>Κ.</strong></span> 
     </span>
    </p>
   </div>
   <div class='ocr_carea' id='block_1_19' title="bbox 182 1850 1628 1929">
    <p class='ocr_par' dir='ltr' id='par_1_19' title="bbox 182 1850 1628 1929">
     <span class='ocr_line' id='line_1_19' title="bbox 182 1850 1628 1929; baseline -0.003 -16"><span class='ocrx_word' id='word_1_150' title='bbox 182 1861 308 1924; x_wconf 69' lang='lat' dir='ltr'><strong>Qum</strong></span> <span class='ocrx_word' id='word_1_151' title='bbox 337 1878 425 1929; x_wconf 79' lang='lat' dir='ltr'><strong>ego</strong></span> <span class='ocrx_word' id='word_1_152' title='bbox 456 1863 650 1928; x_wconf 84' lang='lat' dir='ltr'><strong>loquor,</strong></span> <span class='ocrx_word' id='word_1_153' title='bbox 681 1861 808 1913; x_wconf 78' lang='lat' dir='ltr'><strong>sicut</strong></span> <span class='ocrx_word' id='word_1_154' title='bbox 837 1860 956 1912; x_wconf 85' lang='lat' dir='ltr'><strong>dicit</strong></span> <span class='ocrx_word' id='word_1_155' title='bbox 988 1859 1108 1911; x_wconf 82' lang='lat' dir='ltr'><strong>mihi</strong></span> <span class='ocrx_word' id='word_1_156' title='bbox 1140 1857 1294 1913; x_wconf 82' lang='lat' dir='ltr'><strong>Pater</strong></span> <span class='ocrx_word' id='word_1_157' title='bbox 1322 1859 1392 1911; x_wconf 82' lang='lat' dir='ltr'><strong>sic</strong></span> <span class='ocrx_word' id='word_1_158' title='bbox 1431 1850 1628 1924; x_wconf 77' lang='lat' dir='ltr'><strong>loquor.</strong></span> 
     </span>
    </p>
   </div>
   <div class='ocr_carea' id='block_1_20' title="bbox 200 1947 1685 2019">
    <p class='ocr_par' dir='ltr' id='par_1_20' title="bbox 200 1947 1685 2019">
     <span class='ocr_line' id='line_1_20' title="bbox 200 1947 1685 2019; baseline -0.004 -15"><span class='ocrx_word' id='word_1_159' title='bbox 200 1950 255 2004; x_wconf 89' lang='lat' dir='ltr'><strong>Si</strong></span> <span class='ocrx_word' id='word_1_160' title='bbox 275 1952 366 2003; x_wconf 83' lang='lat' dir='ltr'><strong>tibi</strong></span> <span class='ocrx_word' id='word_1_161' title='bbox 385 1952 612 2004; x_wconf 80' lang='lat' dir='ltr'><strong>dixerint</strong></span> <span class='ocrx_word' id='word_1_162' title='bbox 631 1950 769 2019; x_wconf 81' lang='lat' dir='ltr'><strong>quod</strong></span> <span class='ocrx_word' id='word_1_163' title='bbox 790 1949 951 2002; x_wconf 82' lang='lat' dir='ltr'><strong>Filius</strong></span> <span class='ocrx_word' id='word_1_164' title='bbox 973 1949 1164 2002; x_wconf 80' lang='lat' dir='ltr'><strong>dixerit</strong></span> <span class='ocrx_word' id='word_1_165' title='bbox 1184 1965 1196 2002; x_wconf 92' lang='lat'>:</span> <span class='ocrx_word' id='word_1_166' title='bbox 1213 1948 1338 2014; x_wconf 77' lang='lat' dir='ltr'><strong>Qua:</strong></span> <span class='ocrx_word' id='word_1_167' title='bbox 1361 1963 1458 2016; x_wconf 86' lang='lat' dir='ltr'><strong>ego</strong></span> <span class='ocrx_word' id='word_1_168' title='bbox 1480 1947 1685 2014; x_wconf 75' lang='lat' dir='ltr'><strong>loquor,</strong></span> 
     </span>
    </p>
   </div>
   <div class='ocr_carea' id='block_1_21' title="bbox 134 2037 1564 2108">
    <p class='ocr_par' dir='ltr' id='par_1_21' title="bbox 134 2037 1564 2108">
     <span class='ocr_line' id='line_1_21' title="bbox 134 2037 1564 2108; baseline -0.003 -16"><span class='ocrx_word' id='word_1_169' title='bbox 134 2040 266 2092; x_wconf 80' lang='lat' dir='ltr'><strong>sicut</strong></span> <span class='ocrx_word' id='word_1_170' title='bbox 293 2039 423 2092; x_wconf 73' lang='lat' dir='ltr'><strong>dixit</strong></span> <span class='ocrx_word' id='word_1_171' title='bbox 452 2040 575 2092; x_wconf 89' lang='lat' dir='ltr'><strong>mihi</strong></span> <span class='ocrx_word' id='word_1_172' title='bbox 597 2041 768 2100; x_wconf 83' lang='lat' dir='ltr'><strong>Pater,</strong></span> <span class='ocrx_word' id='word_1_173' title='bbox 801 2040 877 2092; x_wconf 88' lang='lat' dir='ltr'><strong>sic</strong></span> <span class='ocrx_word' id='word_1_174' title='bbox 905 2041 1088 2106; x_wconf 82' lang='lat' dir='ltr'><strong>loquor</strong></span> <span class='ocrx_word' id='word_1_175' title='bbox 1117 2038 1296 2108; x_wconf 81' lang='lat' dir='ltr'><strong>(Joan.</strong></span> <span class='ocrx_word' id='word_1_176' title='bbox 1333 2053 1429 2101; x_wconf 85' lang='lat' dir='ltr'><strong>xu,</strong></span> <span class='ocrx_word' id='word_1_177' title='bbox 1454 2037 1564 2102; x_wconf 78' lang='lat'><strong>50).</strong></span> 
     </span>
    </p>
   </div>
   <div class='ocr_carea' id='block_1_22' title="bbox 202 2127 1686 2197">
    <p class='ocr_par' dir='ltr' id='par_1_22' title="bbox 202 2127 1686 2197">
     <span class='ocr_line' id='line_1_22' title="bbox 202 2127 1686 2197; baseline -0.002 -16"><span class='ocrx_word' id='word_1_178' title='bbox 202 2129 501 2196; x_wconf 72' lang='lat' dir='ltr'><strong>Responsio.</strong></span> <span class='ocrx_word' id='word_1_179' title='bbox 536 2131 662 2183; x_wconf 90' lang='lat' dir='ltr'><strong>Dum</strong></span> <span class='ocrx_word' id='word_1_180' title='bbox 695 2131 832 2182; x_wconf 89' lang='lat' dir='ltr'><strong>enim</strong></span> <span class='ocrx_word' id='word_1_181' title='bbox 863 2129 1017 2183; x_wconf 88' lang='lat' dir='ltr'><strong>Pater</strong></span> <span class='ocrx_word' id='word_1_182' title='bbox 1047 2130 1296 2197; x_wconf 83' lang='lat' dir='ltr'><strong>loquitur,</strong></span> <span class='ocrx_word' id='word_1_183' title='bbox 1323 2129 1484 2194; x_wconf 81' lang='lat' dir='ltr'><strong>Filius</strong></span> <span class='ocrx_word' id='word_1_184' title='bbox 1517 2127 1686 2195; x_wconf 85' lang='lat' dir='ltr'><strong>loqui-</strong></span> 
     </span>
    </p>
   </div>
   <div class='ocr_carea' id='block_1_23' title="bbox 138 2218 1686 2287">
    <p class='ocr_par' dir='ltr' id='par_1_23' title="bbox 138 2218 1686 2287">
     <span class='ocr_line' id='line_1_23' title="bbox 138 2218 1686 2287; baseline -0.001 -15"><span class='ocrx_word' id='word_1_185' title='bbox 138 2230 263 2282; x_wconf 66' lang='lat' dir='ltr'><strong>tur.</strong></span> <span class='ocrx_word' id='word_1_186' title='bbox 288 2229 483 2274; x_wconf 83' lang='lat' dir='ltr'><strong>etcum</strong></span> <span class='ocrx_word' id='word_1_187' title='bbox 528 2221 689 2274; x_wconf 82' lang='lat' dir='ltr'><strong>Filius</strong></span> <span class='ocrx_word' id='word_1_188' title='bbox 720 2221 969 2287; x_wconf 85' lang='lat' dir='ltr'><strong>loquitur,</strong></span> <span class='ocrx_word' id='word_1_189' title='bbox 1010 2219 1239 2286; x_wconf 83' lang='lat' dir='ltr'><strong>loquitur</strong></span> <span class='ocrx_word' id='word_1_190' title='bbox 1267 2220 1438 2272; x_wconf 85' lang='lat' dir='ltr'><strong>Pater.</strong></span> <span class='ocrx_word' id='word_1_191' title='bbox 1475 2218 1686 2278; x_wconf 79' lang='lat' dir='ltr'><strong>Patrem</strong></span> 
     </span>
    </p>
   </div>
   <div class='ocr_carea' id='block_1_24' title="bbox 139 2291 1685 2378">
    <p class='ocr_par' dir='ltr' id='par_1_24' title="bbox 139 2291 1685 2378">
     <span class='ocr_line' id='line_1_24' title="bbox 139 2291 1685 2378; baseline -0.001 -18"><span class='ocrx_word' id='word_1_192' title='bbox 139 2307 188 2360; x_wconf 90' lang='lat' dir='ltr'><strong>in</strong></span> <span class='ocrx_word' id='word_1_193' title='bbox 243 2309 332 2362; x_wconf 90' lang='lat' dir='ltr'><strong>illo</strong></span> <span class='ocrx_word' id='word_1_194' title='bbox 379 2309 516 2378; x_wconf 81' lang='lat' dir='ltr'><strong>loqui</strong></span> <span class='ocrx_word' id='word_1_195' title='bbox 562 2309 889 2362; x_wconf 87' lang='lat' dir='ltr'><strong>documentis</strong></span> <span class='ocrx_word' id='word_1_196' title='bbox 938 2291 1249 2362; x_wconf 69' lang='lat' dir='ltr'><strong>cmlestibus</strong></span> <span class='ocrx_word' id='word_1_197' title='bbox 1294 2307 1685 2376; x_wconf 85' lang='lat' dir='ltr'><strong>comprobatur,</strong></span> 
     </span>
    </p>
   </div>
   <div class='ocr_carea' id='block_1_25' title="bbox 141 2396 1689 2466">
    <p class='ocr_par' dir='ltr' id='par_1_25' title="bbox 141 2396 1689 2466">
     <span class='ocr_line' id='line_1_25' title="bbox 141 2396 1689 2466; baseline 0.001 -16"><span class='ocrx_word' id='word_1_198' title='bbox 141 2399 296 2452; x_wconf 85' lang='lat' dir='ltr'><strong>Paulo</strong></span> <span class='ocrx_word' id='word_1_199' title='bbox 325 2401 561 2466; x_wconf 82' lang='lat' dir='ltr'><strong>apostolo</strong></span> <span class='ocrx_word' id='word_1_200' title='bbox 604 2407 887 2453; x_wconf 83' lang='lat' dir='ltr'><strong>attestante</strong></span> <span class='ocrx_word' id='word_1_201' title='bbox 914 2415 926 2449; x_wconf 88' lang='lat'>:</span> <span class='ocrx_word' id='word_1_202' title='bbox 962 2400 1135 2451; x_wconf 85' lang='lat' dir='ltr'><strong>Multis</strong></span> <span class='ocrx_word' id='word_1_203' title='bbox 1169 2399 1403 2466; x_wconf 83' lang='lat' dir='ltr'><strong>partibus</strong></span> <span class='ocrx_word' id='word_1_204' title='bbox 1433 2409 1480 2452; x_wconf 89' lang='lat' dir='ltr'><strong>et</strong></span> <span class='ocrx_word' id='word_1_205' title='bbox 1511 2396 1689 2451; x_wconf 82' lang='lat' dir='ltr'><strong>multis</strong></span> 
     </span>
    </p>
   </div>
   <div class='ocr_carea' id='block_1_26' title="bbox 141 2492 1686 2562">
    <p class='ocr_par' dir='ltr' id='par_1_26' title="bbox 141 2492 1686 2562">
     <span class='ocr_line' id='line_1_26' title="bbox 141 2492 1686 2562; baseline -0.001 -16"><span class='ocrx_word' id='word_1_206' title='bbox 141 2494 304 2548; x_wconf 85' lang='lat' dir='ltr'><strong>modis</strong></span> <span class='ocrx_word' id='word_1_207' title='bbox 334 2496 455 2549; x_wconf 81' lang='lat' dir='ltr'><strong>olim</strong></span> <span class='ocrx_word' id='word_1_208' title='bbox 489 2495 627 2548; x_wconf 83' lang='lat' dir='ltr'><strong>Deus</strong></span> <span class='ocrx_word' id='word_1_209' title='bbox 657 2494 880 2561; x_wconf 81' lang='lat' dir='ltr'><strong>loquens</strong></span> <span class='ocrx_word' id='word_1_210' title='bbox 923 2494 1156 2562; x_wconf 84' lang='lat' dir='ltr'><strong>patribus</strong></span> <span class='ocrx_word' id='word_1_211' title='bbox 1184 2493 1233 2545; x_wconf 92' lang='lat' dir='ltr'><strong>in</strong></span> <span class='ocrx_word' id='word_1_212' title='bbox 1266 2492 1563 2560; x_wconf 81' lang='lat' dir='ltr'><strong>prophetis,</strong></span> <span class='ocrx_word' id='word_1_213' title='bbox 1588 2507 1686 2545; x_wconf 83' lang='lat' dir='ltr'><strong>no-</strong></span> 
     </span>
    </p>
   </div>
   <div class='ocr_carea' id='block_1_27' title="bbox 140 2581 1681 2652">
    <p class='ocr_par' dir='ltr' id='par_1_27' title="bbox 140 2581 1681 2652">
     <span class='ocr_line' id='line_1_27' title="bbox 140 2581 1681 2652; baseline -0.002 -16"><span class='ocrx_word' id='word_1_214' title='bbox 140 2585 349 2640; x_wconf 85' lang='lat' dir='ltr'><strong>vissime</strong></span> <span class='ocrx_word' id='word_1_215' title='bbox 377 2597 546 2640; x_wconf 90' lang='lat' dir='ltr'><strong>autem</strong></span> <span class='ocrx_word' id='word_1_216' title='bbox 573 2584 774 2639; x_wconf 65' lang='lat' dir='ltr'><strong>manu;</strong></span> <span class='ocrx_word' id='word_1_217' title='bbox 803 2594 881 2638; x_wconf 91' lang='lat' dir='ltr'><strong>est</strong></span> <span class='ocrx_word' id='word_1_218' title='bbox 912 2585 1062 2638; x_wconf 90' lang='lat' dir='ltr'><strong>nobis</strong></span> <span class='ocrx_word' id='word_1_219' title='bbox 1091 2585 1143 2637; x_wconf 91' lang='lat' dir='ltr'><strong>in</strong></span> <span class='ocrx_word' id='word_1_220' title='bbox 1177 2584 1310 2637; x_wconf 85' lang='lat' dir='ltr'><strong>Fiiio</strong></span> <span class='ocrx_word' id='word_1_221' title='bbox 1336 2583 1518 2652; x_wconf 81' lang='lat' dir='ltr'><strong>(Hebr.</strong></span> <span class='ocrx_word' id='word_1_222' title='bbox 1548 2598 1584 2647; x_wconf 90' lang='lat' dir='ltr'><strong>t,</strong></span> <span class='ocrx_word' id='word_1_223' title='bbox 1608 2581 1681 2650; x_wconf 97' lang='grc'><strong>1).</strong></span> 
     </span>
    </p>
   </div>
   <div class='ocr_carea' id='block_1_28' title="bbox 143 2675 1686 2747">
    <p class='ocr_par' dir='ltr' id='par_1_28' title="bbox 143 2675 1686 2747">
     <span class='ocr_line' id='line_1_28' title="bbox 143 2675 1686 2747; baseline -0.006 -13"><span class='ocrx_word' id='word_1_224' title='bbox 143 2677 204 2734; x_wconf 82' lang='lat' dir='ltr'><strong>Et</strong></span> <span class='ocrx_word' id='word_1_225' title='bbox 223 2686 274 2730; x_wconf 89' lang='lat' dir='ltr'><strong>ut</strong></span> <span class='ocrx_word' id='word_1_226' title='bbox 302 2678 540 2731; x_wconf 89' lang='lat' dir='ltr'><strong>eumdem</strong></span> <span class='ocrx_word' id='word_1_227' title='bbox 571 2678 725 2747; x_wconf 78' lang='lat'><strong>371</strong></span> <span class='ocrx_word' id='word_1_228' title='bbox 761 2676 947 2729; x_wconf 83' lang='lat' dir='ltr'><strong>Filium</strong></span> <span class='ocrx_word' id='word_1_229' title='bbox 978 2684 1198 2742; x_wconf 76' lang='lat' dir='ltr'><strong>excepto</strong></span> <span class='ocrx_word' id='word_1_230' title='bbox 1227 2675 1393 2728; x_wconf 84' lang='lat' dir='ltr'><strong>Patris</strong></span> <span class='ocrx_word' id='word_1_231' title='bbox 1424 2680 1686 2742; x_wconf 70' lang='lat' dir='ltr'><strong>pra‘cepto</strong></span> 
     </span>
    </p>
   </div>
   <div class='ocr_carea' id='block_1_29' title="bbox 144 2763 1688 2833">
    <p class='ocr_par' dir='ltr' id='par_1_29' title="bbox 144 2763 1688 2833">
     <span class='ocr_line' id='line_1_29' title="bbox 144 2763 1688 2833; baseline -0.005 -10"><span class='ocrx_word' id='word_1_232' title='bbox 144 2767 415 2823; x_wconf 81' lang='lat' dir='ltr'><strong>doceamus</strong></span> <span class='ocrx_word' id='word_1_233' title='bbox 447 2767 605 2821; x_wconf 76' lang='lat' dir='ltr'><strong>fuisse</strong></span> <span class='ocrx_word' id='word_1_234' title='bbox 629 2769 880 2831; x_wconf 91' lang='lat' dir='ltr'><strong>locutum,</strong></span> <span class='ocrx_word' id='word_1_235' title='bbox 904 2766 969 2820; x_wconf 91' lang='lat' dir='ltr'><strong>de</strong></span> <span class='ocrx_word' id='word_1_236' title='bbox 1003 2766 1145 2819; x_wconf 66' lang='lat' dir='ltr'><strong>lsaiaa</strong></span> <span class='ocrx_word' id='word_1_237' title='bbox 1171 2765 1438 2833; x_wconf 79' lang='lat' dir='ltr'><strong>prophetae</strong></span> <span class='ocrx_word' id='word_1_238' title='bbox 1465 2763 1688 2818; x_wconf 86' lang='lat' dir='ltr'><strong>volumi-</strong></span> 
     </span>
    </p>
   </div>
   <div class='ocr_carea' id='block_1_30' title="bbox 141 2855 1685 2928">
    <p class='ocr_par' dir='ltr' id='par_1_30' title="bbox 141 2855 1685 2928">
     <span class='ocr_line' id='line_1_30' title="bbox 141 2855 1685 2928; baseline -0.005 -12"><span class='ocrx_word' id='word_1_239' title='bbox 141 2873 204 2916; x_wconf 72' lang='grc' dir='ltr'><strong>κ</strong></span> <span class='ocrx_word' id='word_1_240' title='bbox 228 2860 539 2928; x_wconf 69' lang='lat' dir='ltr'><strong>proferimus</strong></span> <span class='ocrx_word' id='word_1_241' title='bbox 564 2859 935 2914; x_wconf 88' lang='lat' dir='ltr'><strong>documentum</strong></span> <span class='ocrx_word' id='word_1_242' title='bbox 958 2859 978 2911; x_wconf 79' lang='lat'><strong>?</strong></span> <span class='ocrx_word' id='word_1_243' title='bbox 1011 2858 1135 2911; x_wconf 73' lang='lat' dir='ltr'><strong>lirec</strong></span> <span class='ocrx_word' id='word_1_244' title='bbox 1156 2857 1278 2910; x_wconf 87' lang='lat' dir='ltr'><strong>dicit</strong></span> <span class='ocrx_word' id='word_1_245' title='bbox 1315 2856 1566 2910; x_wconf 89' lang='lat' dir='ltr'><strong>Dominus</strong></span> <span class='ocrx_word' id='word_1_246' title='bbox 1594 2872 1604 2906; x_wconf 92' lang='lat'><strong>:</strong></span> <span class='ocrx_word' id='word_1_247' title='bbox 1633 2855 1685 2908; x_wconf 91' lang='lat' dir='ltr'><strong>In</strong></span> 
     </span>
    </p>
   </div>
   <div class='ocr_carea' id='block_1_31' title="bbox 143 2935 1686 3018">
    <p class='ocr_par' dir='ltr' id='par_1_31' title="bbox 143 2935 1686 3018">
     <span class='ocr_line' id='line_1_31' title="bbox 143 2935 1686 3018; baseline -0.003 -16"><span class='ocrx_word' id='word_1_248' title='bbox 143 2948 222 3003; x_wconf 83' lang='lat' dir='ltr'><strong>die</strong></span> <span class='ocrx_word' id='word_1_249' title='bbox 271 2935 352 3003; x_wconf 84' lang='lat' dir='ltr'><strong>illa</strong></span> <span class='ocrx_word' id='word_1_250' title='bbox 383 2951 512 3004; x_wconf 82' lang='lat' dir='ltr'><strong>sciet</strong></span> <span class='ocrx_word' id='word_1_251' title='bbox 543 2950 763 3018; x_wconf 91' lang='lat' dir='ltr'><strong>populus</strong></span> <span class='ocrx_word' id='word_1_252' title='bbox 801 2963 948 3002; x_wconf 86' lang='lat' dir='ltr'><strong>meus</strong></span> <span class='ocrx_word' id='word_1_253' title='bbox 978 2948 1224 3017; x_wconf 86' lang='lat' dir='ltr'><strong>quoniam</strong></span> <span class='ocrx_word' id='word_1_254' title='bbox 1271 2962 1368 3016; x_wconf 85' lang='lat' dir='ltr'><strong>ego</strong></span> <span class='ocrx_word' id='word_1_255' title='bbox 1415 2961 1539 2999; x_wconf 87' lang='lat' dir='ltr'><strong>sum</strong></span> <span class='ocrx_word' id='word_1_256' title='bbox 1574 2948 1686 3014; x_wconf 90' lang='lat' dir='ltr'><strong>ipse</strong></span> 
     </span>
    </p>
   </div>
   <div class='ocr_carea' id='block_1_32' title="bbox 145 3035 1720 3106">
    <p class='ocr_par' dir='ltr' id='par_1_32' title="bbox 145 3035 1720 3106">
     <span class='ocr_line' id='line_1_32' title="bbox 145 3035 1720 3106; baseline -0.001 -17"><span class='ocrx_word' id='word_1_257' title='bbox 145 3036 224 3103; x_wconf 86' lang='lat' dir='ltr'><strong>qui</strong></span> <span class='ocrx_word' id='word_1_258' title='bbox 269 3038 513 3106; x_wconf 85' lang='lat' dir='ltr'><strong>loquebar</strong></span> <span class='ocrx_word' id='word_1_259' title='bbox 545 3038 593 3090; x_wconf 82' lang='lat' dir='ltr'><strong>iu</strong></span> <span class='ocrx_word' id='word_1_260' title='bbox 626 3038 791 3091; x_wconf 78' lang='lat' dir='ltr'><strong>servis</strong></span> <span class='ocrx_word' id='word_1_261' title='bbox 822 3039 953 3090; x_wconf 83' lang='lat' dir='ltr'><strong>meis</strong></span> <span class='ocrx_word' id='word_1_262' title='bbox 985 3037 1286 3104; x_wconf 78' lang='lat' dir='ltr'><strong>prophetis,</strong></span> <span class='ocrx_word' id='word_1_263' title='bbox 1333 3046 1386 3089; x_wconf 91' lang='lat' dir='ltr'><strong>et</strong></span> <span class='ocrx_word' id='word_1_264' title='bbox 1421 3035 1720 3103; x_wconf 86' lang='lat' dir='ltr'><strong>cvangeli--</strong></span> 
     </span>
    </p>
   </div>
   <div class='ocr_carea' id='block_1_33' title="bbox 1783 487 3355 564">
    <p class='ocr_par' dir='ltr' id='par_1_33' title="bbox 1783 487 3355 564">
     <span class='ocr_line' id='line_1_33' title="bbox 1783 487 3355 564; baseline 0 -21"><span class='ocrx_word' id='word_1_265' title='bbox 1783 504 1876 543; x_wconf 86' lang='lat' dir='ltr'><strong>sua</strong></span> <span class='ocrx_word' id='word_1_266' title='bbox 1907 488 2207 559; x_wconf 81' lang='lat' dir='ltr'><strong>perspexit;</strong></span> <span class='ocrx_word' id='word_1_267' title='bbox 2232 487 2364 541; x_wconf 80' lang='lat' dir='ltr'><strong>lsaia</strong></span> <span class='ocrx_word' id='word_1_268' title='bbox 2395 487 2646 556; x_wconf 83' lang='lat' dir='ltr'><strong>prOphcta</strong></span> <span class='ocrx_word' id='word_1_269' title='bbox 2678 487 2918 564; x_wconf 73' lang='lat' dir='ltr'><strong>dicente:</strong></span> <span class='ocrx_word' id='word_1_270' title='bbox 2951 490 3072 544; x_wconf 67' lang='lat' dir='ltr'><strong>itare</strong></span> <span class='ocrx_word' id='word_1_271' title='bbox 3102 490 3230 544; x_wconf 88' lang='lat' dir='ltr'><strong>dicit</strong></span> <span class='ocrx_word' id='word_1_272' title='bbox 3253 492 3355 546; x_wconf 84' lang='lat' dir='ltr'><strong>Du-</strong></span> 
     </span>
    </p>
   </div>
   <div class='ocr_carea' id='block_1_34' title="bbox 1785 584 3355 653">
    <p class='ocr_par' dir='ltr' id='par_1_34' title="bbox 1785 584 3355 653">
     <span class='ocr_line' id='line_1_34' title="bbox 1785 584 3355 653; baseline 0.001 -14"><span class='ocrx_word' id='word_1_273' title='bbox 1785 585 1961 639; x_wconf 89' lang='lat' dir='ltr'><strong>minus</strong></span> <span class='ocrx_word' id='word_1_274' title='bbox 1991 601 2005 638; x_wconf 88' lang='lat'><strong>:</strong></span> <span class='ocrx_word' id='word_1_275' title='bbox 2040 584 2147 653; x_wconf 81' lang='lat' dir='ltr'><strong>Ego</strong></span> <span class='ocrx_word' id='word_1_276' title='bbox 2179 584 2276 638; x_wconf 81' lang='lat' dir='ltr'><strong>feci</strong></span> <span class='ocrx_word' id='word_1_277' title='bbox 2304 595 2552 638; x_wconf 81' lang='lat' dir='ltr'><strong>sermone</strong></span> <span class='ocrx_word' id='word_1_278' title='bbox 2591 597 2710 637; x_wconf 88' lang='lat' dir='ltr'><strong>meo</strong></span> <span class='ocrx_word' id='word_1_279' title='bbox 2752 592 2970 651; x_wconf 88' lang='lat' dir='ltr'><strong>terram,</strong></span> <span class='ocrx_word' id='word_1_280' title='bbox 3001 594 3053 639; x_wconf 82' lang='lat' dir='ltr'><strong>et</strong></span> <span class='ocrx_word' id='word_1_281' title='bbox 3084 586 3355 642; x_wconf 84' lang='lat' dir='ltr'><strong>hominem</strong></span> 
     </span>
    </p>
   </div>
   <div class='ocr_carea' id='block_1_35' title="bbox 1785 671 3354 744">
    <p class='ocr_par' dir='ltr' id='par_1_35' title="bbox 1785 671 3354 744">
     <span class='ocr_line' id='line_1_35' title="bbox 1785 671 3354 744; baseline 0.003 -16"><span class='ocrx_word' id='word_1_282' title='bbox 1785 686 1943 743; x_wconf 87' lang='lat' dir='ltr'><strong>super</strong></span> <span class='ocrx_word' id='word_1_283' title='bbox 1969 688 2107 737; x_wconf 86' lang='lat' dir='ltr'><strong>eam,</strong></span> <span class='ocrx_word' id='word_1_284' title='bbox 2140 687 2237 740; x_wconf 80' lang='lat' dir='ltr'><strong>ego</strong></span> <span class='ocrx_word' id='word_1_285' title='bbox 2275 671 2498 726; x_wconf 88' lang='lat' dir='ltr'><strong>solidavi</strong></span> <span class='ocrx_word' id='word_1_286' title='bbox 2530 673 2722 728; x_wconf 73' lang='lat' dir='ltr'><strong>omium</strong></span> <span class='ocrx_word' id='word_1_287' title='bbox 2754 689 2932 740; x_wconf 91' lang='lat' dir='ltr'><strong>manu,</strong></span> <span class='ocrx_word' id='word_1_288' title='bbox 2976 693 3072 744; x_wconf 80' lang='lat' dir='ltr'><strong>ego</strong></span> <span class='ocrx_word' id='word_1_289' title='bbox 3108 680 3354 732; x_wconf 74' lang='lat' dir='ltr'><strong>onutihns</strong></span> 
     </span>
    </p>
   </div>
   <div class='ocr_carea' id='block_1_36' title="bbox 1785 762 3351 838">
    <p class='ocr_par' dir='ltr' id='par_1_36' title="bbox 1785 762 3351 838">
     <span class='ocr_line' id='line_1_36' title="bbox 1785 762 3351 838; baseline 0.004 -21"><span class='ocrx_word' id='word_1_290' title='bbox 1785 763 2044 818; x_wconf 82' lang='lat' dir='ltr'><strong>sideribus</strong></span> <span class='ocrx_word' id='word_1_291' title='bbox 2067 762 2328 826; x_wconf 67' lang='lat' dir='ltr'><strong>mandaii,</strong></span> <span class='ocrx_word' id='word_1_292' title='bbox 2361 772 2416 828; x_wconf 75' lang='lat' dir='ltr'><strong>ut</strong></span> <span class='ocrx_word' id='word_1_293' title='bbox 2446 762 2654 818; x_wconf 89' lang='lat' dir='ltr'><strong>luceant</strong></span> <span class='ocrx_word' id='word_1_294' title='bbox 2677 765 2725 816; x_wconf 93' lang='lat' dir='ltr'><strong>in</strong></span> <span class='ocrx_word' id='word_1_295' title='bbox 2757 766 2892 819; x_wconf 69' lang='lat' dir='ltr'><strong>cado</strong></span> <span class='ocrx_word' id='word_1_296' title='bbox 2919 765 3070 836; x_wconf 75' lang='grc' dir='ltr'><strong>(1θαὶ.</strong></span> <span class='ocrx_word' id='word_1_297' title='bbox 3098 784 3214 832; x_wconf 72' lang='lat' dir='ltr'><strong>xcv,</strong></span> <span class='ocrx_word' id='word_1_298' title='bbox 3245 770 3351 838; x_wconf 69' lang='lat'><strong>1&#39;2).</strong></span> 
     </span>
    </p>
   </div>
   <div class='ocr_carea' id='block_1_37' title="bbox 1788 851 3354 922">
    <p class='ocr_par' dir='ltr' id='par_1_37' title="bbox 1788 851 3354 922">
     <span class='ocr_line' id='line_1_37' title="bbox 1788 851 3354 922; baseline 0.003 -14"><span class='ocrx_word' id='word_1_299' title='bbox 1788 855 1915 909; x_wconf 90' lang='lat' dir='ltr'><strong>Item</strong></span> <span class='ocrx_word' id='word_1_300' title='bbox 1956 854 2024 908; x_wconf 89' lang='lat' dir='ltr'><strong>ibi</strong></span> <span class='ocrx_word' id='word_1_301' title='bbox 2059 870 2072 905; x_wconf 88' lang='lat'><strong>:</strong></span> <span class='ocrx_word' id='word_1_302' title='bbox 2103 851 2270 908; x_wconf 84' lang='lat' dir='ltr'><strong>Omne</strong></span> <span class='ocrx_word' id='word_1_303' title='bbox 2316 853 2595 908; x_wconf 89' lang='lat' dir='ltr'><strong>c0nsilium</strong></span> <span class='ocrx_word' id='word_1_304' title='bbox 2650 869 2822 908; x_wconf 91' lang='lat' dir='ltr'><strong>meum</strong></span> <span class='ocrx_word' id='word_1_305' title='bbox 2864 858 3041 922; x_wconf 80' lang='lat' dir='ltr'><strong>stabit,</strong></span> <span class='ocrx_word' id='word_1_306' title='bbox 3085 869 3133 911; x_wconf 92' lang='lat' dir='ltr'><strong>et</strong></span> <span class='ocrx_word' id='word_1_307' title='bbox 3178 864 3354 913; x_wconf 78' lang='lat' dir='ltr'><strong>omnia</strong></span> 
     </span>
    </p>
   </div>
   <div class='ocr_carea' id='block_1_38' title="bbox 1786 945 3350 1021">
    <p class='ocr_par' dir='ltr' id='par_1_38' title="bbox 1786 945 3350 1021">
     <span class='ocr_line' id='line_1_38' title="bbox 1786 945 3350 1021; baseline 0.004 -23"><span class='ocrx_word' id='word_1_308' title='bbox 1786 959 2113 1014; x_wconf 80' lang='lat' dir='ltr'><strong>quzecunque</strong></span> <span class='ocrx_word' id='word_1_309' title='bbox 2142 947 2386 1014; x_wconf 75' lang='lat' dir='ltr'><strong>cogitavi,</strong></span> <span class='ocrx_word' id='word_1_310' title='bbox 2426 945 2585 1016; x_wconf 76' lang='lat'><strong>372</strong></span> <span class='ocrx_word' id='word_1_311' title='bbox 2613 961 2711 1016; x_wconf 74' lang='lat' dir='ltr'><strong>ego</strong></span> <span class='ocrx_word' id='word_1_312' title='bbox 2755 949 2848 1001; x_wconf 80' lang='lat' dir='ltr'><strong>feci</strong></span> <span class='ocrx_word' id='word_1_313' title='bbox 2884 948 3034 1020; x_wconf 76' lang='lat' dir='ltr'><strong>(Iani.</strong></span> <span class='ocrx_word' id='word_1_314' title='bbox 3072 967 3210 1019; x_wconf 76' lang='lat' dir='ltr'><strong>xm,</strong></span> <span class='ocrx_word' id='word_1_315' title='bbox 3248 954 3350 1021; x_wconf 72' lang='grc' dir='ltr'>ιιι).</span> 
     </span>
    </p>
   </div>
   <div class='ocr_carea' id='block_1_39' title="bbox 1789 1037 3356 1108">
    <p class='ocr_par' dir='ltr' id='par_1_39' title="bbox 1789 1037 3356 1108">
     <span class='ocr_line' id='line_1_39' title="bbox 1789 1037 3356 1108; baseline 0.006 -17"><span class='ocrx_word' id='word_1_316' title='bbox 1789 1038 1914 1092; x_wconf 89' lang='lat' dir='ltr'><strong>item</strong></span> <span class='ocrx_word' id='word_1_317' title='bbox 1947 1037 2015 1090; x_wconf 91' lang='lat' dir='ltr'><strong>ibi</strong></span> <span class='ocrx_word' id='word_1_318' title='bbox 2047 1056 2059 1090; x_wconf 91' lang='lat'>:</span> <span class='ocrx_word' id='word_1_319' title='bbox 2088 1037 2175 1092; x_wconf 88' lang='lat' dir='ltr'><strong>Sic</strong></span> <span class='ocrx_word' id='word_1_320' title='bbox 2203 1037 2326 1091; x_wconf 88' lang='lat' dir='ltr'><strong>dicit</strong></span> <span class='ocrx_word' id='word_1_321' title='bbox 2359 1037 2634 1102; x_wconf 67' lang='lat' dir='ltr'><strong>Dominus,</strong></span> <span class='ocrx_word' id='word_1_322' title='bbox 2666 1037 2752 1108; x_wconf 83' lang='lat' dir='ltr'><strong>qui</strong></span> <span class='ocrx_word' id='word_1_323' title='bbox 2782 1043 3052 1095; x_wconf 72' lang='lat' dir='ltr'><strong>constituit</strong></span> <span class='ocrx_word' id='word_1_324' title='bbox 3079 1045 3270 1098; x_wconf 82' lang='lat' dir='ltr'><strong>co:luni</strong></span> <span class='ocrx_word' id='word_1_325' title='bbox 3301 1059 3356 1100; x_wconf 87' lang='lat' dir='ltr'><strong>et</strong></span> 
     </span>
    </p>
   </div>
   <div class='ocr_carea' id='block_1_40' title="bbox 1789 1126 3352 1205">
    <p class='ocr_par' dir='ltr' id='par_1_40' title="bbox 1789 1126 3352 1205">
     <span class='ocr_line' id='line_1_40' title="bbox 1789 1126 3352 1205; baseline 0.006 -24"><span class='ocrx_word' id='word_1_326' title='bbox 1789 1137 2004 1191; x_wconf 85' lang='lat' dir='ltr'><strong>terram,</strong></span> <span class='ocrx_word' id='word_1_327' title='bbox 2027 1137 2078 1180; x_wconf 93' lang='lat' dir='ltr'><strong>et</strong></span> <span class='ocrx_word' id='word_1_328' title='bbox 2094 1126 2372 1192; x_wconf 78' lang='lat' dir='ltr'><strong>feciteam,</strong></span> <span class='ocrx_word' id='word_1_329' title='bbox 2392 1128 2504 1197; x_wconf 86' lang='lat' dir='ltr'><strong>ipse</strong></span> <span class='ocrx_word' id='word_1_330' title='bbox 2526 1130 2763 1184; x_wconf 79' lang='lat' dir='ltr'><strong>definivit</strong></span> <span class='ocrx_word' id='word_1_331' title='bbox 2785 1147 2898 1184; x_wconf 81' lang='lat' dir='ltr'><strong>cam</strong></span> <span class='ocrx_word' id='word_1_332' title='bbox 2918 1133 3068 1202; x_wconf 79' lang='lat' dir='ltr'><strong>(lsai.</strong></span> <span class='ocrx_word' id='word_1_333' title='bbox 3091 1152 3209 1200; x_wconf 68' lang='lat' dir='ltr'><strong>XLV,</strong></span> <span class='ocrx_word' id='word_1_334' title='bbox 3240 1139 3320 1205; x_wconf 31' lang='lat'><strong>18,.</strong></span> <span class='ocrx_word' id='word_1_335' title='bbox 3338 1180 3352 1190; x_wconf 92' lang='lat'><strong>.</strong></span> 
     </span>
    </p>
   </div>
   <div class='ocr_carea' id='block_1_41' title="bbox 1789 1220 3354 1294">
    <p class='ocr_par' dir='ltr' id='par_1_41' title="bbox 1789 1220 3354 1294">
     <span class='ocr_line' id='line_1_41' title="bbox 1789 1220 3354 1294; baseline 0.006 -21"><span class='ocrx_word' id='word_1_336' title='bbox 1789 1220 1915 1274; x_wconf 87' lang='lat' dir='ltr'><strong>item</strong></span> <span class='ocrx_word' id='word_1_337' title='bbox 1941 1221 2040 1274; x_wconf 92' lang='lat' dir='ltr'><strong>ibi:</strong></span> <span class='ocrx_word' id='word_1_338' title='bbox 2069 1220 2174 1288; x_wconf 84' lang='lat' dir='ltr'><strong>Ego</strong></span> <span class='ocrx_word' id='word_1_339' title='bbox 2201 1233 2315 1274; x_wconf 89' lang='lat' dir='ltr'><strong>sum</strong></span> <span class='ocrx_word' id='word_1_340' title='bbox 2345 1223 2562 1289; x_wconf 85' lang='lat' dir='ltr'><strong>primus.</strong></span> <span class='ocrx_word' id='word_1_341' title='bbox 2588 1231 2641 1275; x_wconf 89' lang='lat' dir='ltr'><strong>et</strong></span> <span class='ocrx_word' id='word_1_342' title='bbox 2661 1237 2757 1292; x_wconf 78' lang='lat' dir='ltr'><strong>ego</strong></span> <span class='ocrx_word' id='word_1_343' title='bbox 2789 1224 2839 1277; x_wconf 93' lang='lat' dir='ltr'><strong>in</strong></span> <span class='ocrx_word' id='word_1_344' title='bbox 2863 1235 3142 1294; x_wconf 78' lang='lat' dir='ltr'><strong>:etcrnum,</strong></span> <span class='ocrx_word' id='word_1_345' title='bbox 3168 1244 3354 1282; x_wconf 85' lang='lat' dir='ltr'><strong>manus</strong></span> 
     </span>
    </p>
   </div>
   <div class='ocr_carea' id='block_1_42' title="bbox 1790 1301 3356 1378">
    <p class='ocr_par' dir='ltr' id='par_1_42' title="bbox 1790 1301 3356 1378">
     <span class='ocr_line' id='line_1_42' title="bbox 1790 1301 3356 1378; baseline 0.008 -17"><span class='ocrx_word' id='word_1_346' title='bbox 1790 1315 1901 1363; x_wconf 80' lang='lat' dir='ltr'><strong>mea</strong></span> <span class='ocrx_word' id='word_1_347' title='bbox 1925 1309 2157 1364; x_wconf 77' lang='lat' dir='ltr'><strong>fundavit</strong></span> <span class='ocrx_word' id='word_1_348' title='bbox 2185 1319 2250 1365; x_wconf 70' lang='lat' dir='ltr'><strong>te:</strong></span> <span class='ocrx_word' id='word_1_349' title='bbox 2266 1318 2400 1378; x_wconf 85' lang='lat' dir='ltr'><strong>ram,</strong></span> <span class='ocrx_word' id='word_1_350' title='bbox 2429 1319 2481 1365; x_wconf 93' lang='lat' dir='ltr'><strong>et</strong></span> <span class='ocrx_word' id='word_1_351' title='bbox 2501 1309 2717 1367; x_wconf 71' lang='lat' dir='ltr'><strong>dexteia</strong></span> <span class='ocrx_word' id='word_1_352' title='bbox 2745 1301 2861 1369; x_wconf 85' lang='lat' dir='ltr'><strong>mea</strong></span> <span class='ocrx_word' id='word_1_353' title='bbox 2892 1316 3136 1371; x_wconf 74' lang='lat' dir='ltr'><strong>solidavit</strong></span> <span class='ocrx_word' id='word_1_354' title='bbox 3162 1320 3356 1375; x_wconf 70' lang='lat' dir='ltr'><strong>omium</strong></span> 
     </span>
    </p>
   </div>
   <div class='ocr_carea' id='block_1_43' title="bbox 1790 1388 3358 1474">
    <p class='ocr_par' dir='ltr' id='par_1_43' title="bbox 1790 1388 3358 1474">
     <span class='ocr_line' id='line_1_43' title="bbox 1790 1388 3358 1474; baseline 0.008 -20"><span class='ocrx_word' id='word_1_355' title='bbox 1790 1401 1939 1460; x_wconf 85' lang='lat' dir='ltr'><strong>(lsai.</strong></span> <span class='ocrx_word' id='word_1_356' title='bbox 1968 1417 2149 1463; x_wconf 76' lang='lat' dir='ltr'><strong>XLVIII,</strong></span> <span class='ocrx_word' id='word_1_357' title='bbox 2185 1388 2293 1472; x_wconf 74' lang='lat' dir='ltr'><strong>i3).</strong></span> <span class='ocrx_word' id='word_1_358' title='bbox 2323 1403 2450 1458; x_wconf 87' lang='lat' dir='ltr'><strong>item</strong></span> <span class='ocrx_word' id='word_1_359' title='bbox 2496 1401 2606 1456; x_wconf 91' lang='lat' dir='ltr'><strong>ibi:</strong></span> <span class='ocrx_word' id='word_1_360' title='bbox 2637 1403 2746 1474; x_wconf 83' lang='lat' dir='ltr'><strong>Ego</strong></span> <span class='ocrx_word' id='word_1_361' title='bbox 2777 1405 2874 1461; x_wconf 71' lang='lat' dir='ltr'><strong>fed</strong></span> <span class='ocrx_word' id='word_1_362' title='bbox 2900 1415 3097 1462; x_wconf 78' lang='lat' dir='ltr'><strong>teriam</strong></span> <span class='ocrx_word' id='word_1_363' title='bbox 3126 1411 3177 1464; x_wconf 89' lang='lat' dir='ltr'><strong>in</strong></span> <span class='ocrx_word' id='word_1_364' title='bbox 3209 1413 3358 1466; x_wconf 72' lang='grc' dir='ltr'><strong>1⁵01·ιῇ</strong></span> 
     </span>
    </p>
   </div>
   <div class='ocr_carea' id='block_1_44' title="bbox 1777 1490 3357 1564">
    <p class='ocr_par' dir='ltr' id='par_1_44' title="bbox 1777 1490 3357 1564">
     <span class='ocr_line' id='line_1_44' title="bbox 1777 1490 3357 1564; baseline 0.008 -18"><span class='ocrx_word' id='word_1_365' title='bbox 1777 1490 1971 1546; x_wconf 77' lang='lat' dir='ltr'><strong>tudine</strong></span> <span class='ocrx_word' id='word_1_366' title='bbox 1997 1495 2328 1564; x_wconf 72' lang='lat' dir='ltr'><strong>meamagna</strong></span> <span class='ocrx_word' id='word_1_367' title='bbox 2367 1503 2422 1547; x_wconf 89' lang='lat' dir='ltr'><strong>et</strong></span> <span class='ocrx_word' id='word_1_368' title='bbox 2459 1495 2508 1546; x_wconf 93' lang='lat' dir='ltr'><strong>in</strong></span> <span class='ocrx_word' id='word_1_369' title='bbox 2538 1495 2754 1551; x_wconf 79' lang='lat' dir='ltr'><strong>brachio</strong></span> <span class='ocrx_word' id='word_1_370' title='bbox 2796 1513 2913 1562; x_wconf 84' lang='lat' dir='ltr'><strong>meo</strong></span> <span class='ocrx_word' id='word_1_371' title='bbox 2943 1499 3172 1556; x_wconf 64' lang='lat' dir='ltr'><strong>excelso.</strong></span> <span class='ocrx_word' id='word_1_372' title='bbox 3212 1503 3274 1556; x_wconf 80' lang='lat' dir='ltr'><strong>Et</strong></span> <span class='ocrx_word' id='word_1_373' title='bbox 3305 1506 3357 1558; x_wconf 87' lang='lat' dir='ltr'><strong>in</strong></span> 
     </span>
    </p>
   </div>
   <div class='ocr_carea' id='block_1_45' title="bbox 1788 1581 3355 1654">
    <p class='ocr_par' dir='ltr' id='par_1_45' title="bbox 1788 1581 3355 1654">
     <span class='ocr_line' id='line_1_45' title="bbox 1788 1581 3355 1654; baseline 0.009 -20"><span class='ocrx_word' id='word_1_374' title='bbox 1788 1581 2012 1636; x_wconf 83' lang='lat' dir='ltr'><strong>.ieremio</strong></span> <span class='ocrx_word' id='word_1_375' title='bbox 2057 1599 2067 1633; x_wconf 92' lang='lat'><strong>:</strong></span> <span class='ocrx_word' id='word_1_376' title='bbox 2121 1583 2371 1637; x_wconf 85' lang='lat' dir='ltr'><strong>Dominus</strong></span> <span class='ocrx_word' id='word_1_377' title='bbox 2409 1583 2497 1654; x_wconf 86' lang='lat' dir='ltr'><strong>qui</strong></span> <span class='ocrx_word' id='word_1_378' title='bbox 2537 1584 2654 1639; x_wconf 81' lang='lat' dir='ltr'><strong>fecit</strong></span> <span class='ocrx_word' id='word_1_379' title='bbox 2697 1595 2892 1640; x_wconf 90' lang='lat' dir='ltr'><strong>terram</strong></span> <span class='ocrx_word' id='word_1_380' title='bbox 2933 1589 2985 1642; x_wconf 88' lang='lat' dir='ltr'><strong>in</strong></span> <span class='ocrx_word' id='word_1_381' title='bbox 3038 1593 3231 1646; x_wconf 86' lang='lat' dir='ltr'><strong>virtute</strong></span> <span class='ocrx_word' id='word_1_382' title='bbox 3261 1609 3355 1648; x_wconf 82' lang='lat' dir='ltr'><strong>Sua</strong></span> 
     </span>
    </p>
   </div>
   <div class='ocr_carea' id='block_1_46' title="bbox 1694 1671 3357 1750">
    <p class='ocr_par' dir='ltr' id='par_1_46' title="bbox 1694 1671 3357 1750">
     <span class='ocr_line' id='line_1_46' title="bbox 1694 1671 3357 1750; baseline 0.01 -27"><span class='ocrx_word' id='word_1_383' title='bbox 1694 1684 1700 1691; x_wconf 94' lang='grc'>·</span> <span class='ocrx_word' id='word_1_384' title='bbox 1791 1687 1999 1742; x_wconf 82' lang='lat' dir='ltr'><strong>magna,</strong></span> <span class='ocrx_word' id='word_1_385' title='bbox 2023 1683 2074 1726; x_wconf 90' lang='lat' dir='ltr'><strong>et</strong></span> <span class='ocrx_word' id='word_1_386' title='bbox 2097 1671 2266 1727; x_wconf 78' lang='lat' dir='ltr'><strong>erexit</strong></span> <span class='ocrx_word' id='word_1_387' title='bbox 2285 1675 2465 1729; x_wconf 89' lang='lat' dir='ltr'><strong>orbem</strong></span> <span class='ocrx_word' id='word_1_388' title='bbox 2494 1675 2547 1728; x_wconf 93' lang='lat' dir='ltr'><strong>in</strong></span> <span class='ocrx_word' id='word_1_389' title='bbox 2577 1675 2854 1750; x_wconf 82' lang='lat' dir='ltr'><strong>sapientia,</strong></span> <span class='ocrx_word' id='word_1_390' title='bbox 2886 1689 2937 1734; x_wconf 91' lang='lat' dir='ltr'><strong>ct</strong></span> <span class='ocrx_word' id='word_1_391' title='bbox 2963 1682 3237 1747; x_wconf 79' lang='lat' dir='ltr'><strong>prudentia</strong></span> <span class='ocrx_word' id='word_1_392' title='bbox 3262 1701 3357 1740; x_wconf 83' lang='lat' dir='ltr'><strong>sua</strong></span> 
     </span>
    </p>
   </div>
   <div class='ocr_carea' id='block_1_47' title="bbox 1721 1760 3353 1844">
    <p class='ocr_par' dir='ltr' id='par_1_47' title="bbox 1721 1760 3353 1844">
     <span class='ocr_line' id='line_1_47' title="bbox 1721 1760 3353 1844; baseline 0.009 -29"><span class='ocrx_word' id='word_1_393' title='bbox 1721 1760 1766 1820; x_wconf 87' lang='grc' dir='ltr'><strong>Β</strong></span> <span class='ocrx_word' id='word_1_394' title='bbox 1792 1762 2026 1816; x_wconf 67' lang='lat' dir='ltr'><strong>extendit</strong></span> <span class='ocrx_word' id='word_1_395' title='bbox 2051 1762 2268 1829; x_wconf 68' lang='lat' dir='ltr'><strong>coelum,</strong></span> <span class='ocrx_word' id='word_1_396' title='bbox 2301 1769 2357 1844; x_wconf 83' lang='lat' dir='ltr'><strong>et</strong></span> <span class='ocrx_word' id='word_1_397' title='bbox 2386 1762 2558 1832; x_wconf 83' lang='lat' dir='ltr'><strong>posuit</strong></span> <span class='ocrx_word' id='word_1_398' title='bbox 2577 1781 2764 1820; x_wconf 87' lang='lat' dir='ltr'><strong>sonum</strong></span> <span class='ocrx_word' id='word_1_399' title='bbox 2796 1768 2949 1837; x_wconf 56' lang='lat' dir='ltr'><strong>aqu-.e</strong></span> <span class='ocrx_word' id='word_1_400' title='bbox 2973 1769 3024 1825; x_wconf 88' lang='lat' dir='ltr'><strong>itt</strong></span> <span class='ocrx_word' id='word_1_401' title='bbox 3057 1773 3194 1828; x_wconf 77' lang='lat' dir='ltr'><strong>cccio</strong></span> <span class='ocrx_word' id='word_1_402' title='bbox 3219 1775 3353 1844; x_wconf 79' lang='lat' dir='ltr'><strong>(Jer.</strong></span> 
     </span>
    </p>
   </div>
   <div class='ocr_carea' id='block_1_48' title="bbox 1792 1838 3356 1926">
    <p class='ocr_par' dir='ltr' id='par_1_48' title="bbox 1792 1838 3356 1926">
     <span class='ocr_line' id='line_1_48' title="bbox 1792 1838 3356 1926; baseline 0.009 -20"><span class='ocrx_word' id='word_1_403' title='bbox 1792 1869 1859 1917; x_wconf 80' lang='lat' dir='ltr'><strong>Li,</strong></span> <span class='ocrx_word' id='word_1_404' title='bbox 1896 1854 2008 1924; x_wconf 78' lang='grc'><strong>15).</strong></span> <span class='ocrx_word' id='word_1_405' title='bbox 2042 1853 2266 1914; x_wconf 83' lang='lat' dir='ltr'><strong>itemibi</strong></span> <span class='ocrx_word' id='word_1_406' title='bbox 2293 1838 2583 1924; x_wconf 36' lang='lat' dir='ltr'><strong>:‘Dominc,</strong></span> <span class='ocrx_word' id='word_1_407' title='bbox 2617 1858 2903 1926; x_wconf 75' lang='lat' dir='ltr'><strong>qtti.!ecisti</strong></span> <span class='ocrx_word' id='word_1_408' title='bbox 2936 1863 3126 1918; x_wconf 79' lang='lat' dir='ltr'><strong>emtum</strong></span> <span class='ocrx_word' id='word_1_409' title='bbox 3165 1838 3356 1922; x_wconf 30' lang='lat' dir='ltr'><strong>ct‘te‘r-</strong></span> 
     </span>
    </p>
   </div>
   <div class='ocr_carea' id='block_1_49' title="bbox 1792 1947 3351 2029">
    <p class='ocr_par' dir='ltr' id='par_1_49' title="bbox 1792 1947 3351 2029">
     <span class='ocr_line' id='line_1_49' title="bbox 1792 1947 3351 2029; baseline 0.01 -32"><span class='ocrx_word' id='word_1_410' title='bbox 1792 1961 1901 1998; x_wconf 90' lang='lat' dir='ltr'><strong>ram</strong></span> <span class='ocrx_word' id='word_1_411' title='bbox 1933 1948 1983 1998; x_wconf 91' lang='lat' dir='ltr'><strong>in</strong></span> <span class='ocrx_word' id='word_1_412' title='bbox 2008 1947 2199 2001; x_wconf 90' lang='lat' dir='ltr'><strong>virtute</strong></span> <span class='ocrx_word' id='word_1_413' title='bbox 2224 1954 2309 2000; x_wconf 76' lang='lat' dir='ltr'><strong>tua</strong></span> <span class='ocrx_word' id='word_1_414' title='bbox 2337 1959 2523 2017; x_wconf 82' lang='lat' dir='ltr'><strong>magna</strong></span> <span class='ocrx_word' id='word_1_415' title='bbox 2545 1952 2844 2006; x_wconf 79' lang='lat' dir='ltr'><strong>ct-brachio</strong></span> <span class='ocrx_word' id='word_1_416' title='bbox 2888 1963 2976 2007; x_wconf 86' lang='lat' dir='ltr'><strong>tuo</strong></span> <span class='ocrx_word' id='word_1_417' title='bbox 3004 1957 3235 2024; x_wconf 81' lang='lat' dir='ltr'><strong>excelso,</strong></span> <span class='ocrx_word' id='word_1_418' title='bbox 3263 1961 3351 2029; x_wconf 86' lang='lat' dir='ltr'><strong>qui</strong></span> 
     </span>
    </p>
   </div>
   <div class='ocr_carea' id='block_1_50' title="bbox 1790 2038 3358 2122">
    <p class='ocr_par' dir='ltr' id='par_1_50' title="bbox 1790 2038 3358 2122">
     <span class='ocr_line' id='line_1_50' title="bbox 1790 2038 3358 2122; baseline 0.009 -31"><span class='ocrx_word' id='word_1_419' title='bbox 1790 2038 1981 2092; x_wconf 85' lang='lat' dir='ltr'><strong>reddes</strong></span> <span class='ocrx_word' id='word_1_420' title='bbox 2023 2039 2234 2106; x_wconf 85' lang='lat' dir='ltr'><strong>peccata</strong></span> <span class='ocrx_word' id='word_1_421' title='bbox 2266 2039 2470 2109; x_wconf 80' lang='lat' dir='ltr'><strong>patrum</strong></span> <span class='ocrx_word' id='word_1_422' title='bbox 2515 2042 2566 2094; x_wconf 88' lang='lat' dir='ltr'><strong>in</strong></span> <span class='ocrx_word' id='word_1_423' title='bbox 2609 2043 2725 2096; x_wconf 88' lang='lat' dir='ltr'><strong>sinu</strong></span> <span class='ocrx_word' id='word_1_424' title='bbox 2758 2045 2982 2099; x_wconf 86' lang='lat' dir='ltr'><strong>iiiiorum</strong></span> <span class='ocrx_word' id='word_1_425' title='bbox 3014 2063 3196 2103; x_wconf 89' lang='lat' dir='ltr'><strong>eorum</strong></span> <span class='ocrx_word' id='word_1_426' title='bbox 3236 2064 3358 2122; x_wconf 84' lang='lat' dir='ltr'><strong>post</strong></span> 
     </span>
    </p>
   </div>
   <div class='ocr_carea' id='block_1_51' title="bbox 1790 2124 3357 2196">
    <p class='ocr_par' dir='ltr' id='par_1_51' title="bbox 1790 2124 3357 2196">
     <span class='ocr_line' id='line_1_51' title="bbox 1790 2124 3357 2196; baseline 0.009 -15"><span class='ocrx_word' id='word_1_427' title='bbox 1790 2128 1881 2181; x_wconf 70' lang='lat' dir='ltr'><strong>etis</strong></span> <span class='ocrx_word' id='word_1_428' title='bbox 1911 2124 2042 2194; x_wconf 78' lang='lat' dir='ltr'><strong>(Jer.</strong></span> <span class='ocrx_word' id='word_1_429' title='bbox 2073 2129 2381 2196; x_wconf 68' lang='lat' dir='ltr'><strong>xaxn,.i7).</strong></span> <span class='ocrx_word' id='word_1_430' title='bbox 2415 2128 2482 2182; x_wconf 89' lang='lat' dir='ltr'><strong>Et</strong></span> <span class='ocrx_word' id='word_1_431' title='bbox 2503 2129 2554 2183; x_wconf 91' lang='lat' dir='ltr'><strong>in</strong></span> <span class='ocrx_word' id='word_1_432' title='bbox 2587 2131 2871 2188; x_wconf 78' lang='lat' dir='ltr'><strong>Salomone</strong></span> <span class='ocrx_word' id='word_1_433' title='bbox 2902 2153 2914 2187; x_wconf 91' lang='lat'><strong>:</strong></span> <span class='ocrx_word' id='word_1_434' title='bbox 2942 2135 3061 2191; x_wconf 81' lang='lat' dir='ltr'><strong>Non</strong></span> <span class='ocrx_word' id='word_1_435' title='bbox 3089 2139 3230 2194; x_wconf 91' lang='lat' dir='ltr'><strong>enim</strong></span> <span class='ocrx_word' id='word_1_436' title='bbox 3259 2143 3357 2195; x_wconf 57' lang='lat' dir='ltr'><strong>inte</strong></span> 
     </span>
    </p>
   </div>
   <div class='ocr_carea' id='block_1_52' title="bbox 1792 2217 3356 2290">
    <p class='ocr_par' dir='ltr' id='par_1_52' title="bbox 1792 2217 3356 2290">
     <span class='ocr_line' id='line_1_52' title="bbox 1792 2217 3356 2290; baseline 0.01 -22"><span class='ocrx_word' id='word_1_437' title='bbox 1792 2217 2058 2284; x_wconf 90' lang='lat' dir='ltr'><strong>possibilis</strong></span> <span class='ocrx_word' id='word_1_438' title='bbox 2086 2224 2201 2273; x_wconf 87' lang='lat' dir='ltr'><strong>erat</strong></span> <span class='ocrx_word' id='word_1_439' title='bbox 2225 2219 2408 2275; x_wconf 86' lang='lat' dir='ltr'><strong>manus</strong></span> <span class='ocrx_word' id='word_1_440' title='bbox 2443 2230 2550 2289; x_wconf 88' lang='lat' dir='ltr'><strong>tua,</strong></span> <span class='ocrx_word' id='word_1_441' title='bbox 2587 2237 2706 2290; x_wconf 62' lang='lat' dir='ltr'><strong>quae</strong></span> <span class='ocrx_word' id='word_1_442' title='bbox 2733 2225 2932 2280; x_wconf 84' lang='lat' dir='ltr'><strong>creavit</strong></span> <span class='ocrx_word' id='word_1_443' title='bbox 2972 2228 3155 2284; x_wconf 88' lang='lat' dir='ltr'><strong>orbem</strong></span> <span class='ocrx_word' id='word_1_444' title='bbox 3187 2241 3356 2286; x_wconf 80' lang='lat' dir='ltr'><strong>terra-</strong></span> 
     </span>
    </p>
   </div>
   <div class='ocr_carea' id='block_1_53' title="bbox 1791 2308 3358 2388">
    <p class='ocr_par' dir='ltr' id='par_1_53' title="bbox 1791 2308 3358 2388">
     <span class='ocr_line' id='line_1_53' title="bbox 1791 2308 3358 2388; baseline 0.011 -29"><span class='ocrx_word' id='word_1_445' title='bbox 1791 2321 1906 2359; x_wconf 91' lang='lat' dir='ltr'><strong>rum</strong></span> <span class='ocrx_word' id='word_1_446' title='bbox 1934 2322 1999 2361; x_wconf 81' lang='lat' dir='ltr'><strong>ex</strong></span> <span class='ocrx_word' id='word_1_447' title='bbox 2042 2308 2262 2361; x_wconf 79' lang='lat' dir='ltr'><strong>materia</strong></span> <span class='ocrx_word' id='word_1_448' title='bbox 2297 2309 2461 2362; x_wconf 83' lang='lat' dir='ltr'><strong>invisa</strong></span> <span class='ocrx_word' id='word_1_449' title='bbox 2495 2310 2650 2380; x_wconf 87' lang='lat' dir='ltr'><strong>(Sap‘.</strong></span> <span class='ocrx_word' id='word_1_450' title='bbox 2692 2329 2763 2377; x_wconf 71' lang='grc' dir='ltr'><strong>χι.</strong></span> <span class='ocrx_word' id='word_1_451' title='bbox 2799 2316 2907 2385; x_wconf 85' lang='grc'><strong>18).</strong></span> <span class='ocrx_word' id='word_1_452' title='bbox 2953 2317 3014 2371; x_wconf 77' lang='lat' dir='ltr'><strong>Et</strong></span> <span class='ocrx_word' id='word_1_453' title='bbox 3060 2320 3109 2373; x_wconf 88' lang='lat' dir='ltr'><strong>in</strong></span> <span class='ocrx_word' id='word_1_454' title='bbox 3151 2322 3358 2388; x_wconf 79' lang='lat' dir='ltr'><strong>psalmo</strong></span> 
     </span>
    </p>
   </div>
   <div class='ocr_carea' id='block_1_54' title="bbox 1791 2397 3359 2481">
    <p class='ocr_par' dir='ltr' id='par_1_54' title="bbox 1791 2397 3359 2481">
     <span class='ocr_line' id='line_1_54' title="bbox 1791 2397 3359 2481; baseline 0.011 -31"><span class='ocrx_word' id='word_1_455' title='bbox 1791 2398 2080 2451; x_wconf 49' lang='lat' dir='ltr'><strong>centesimo</strong></span> <span class='ocrx_word' id='word_1_456' title='bbox 2122 2399 2391 2468; x_wconf 81' lang='lat' dir='ltr'><strong>trigesimo</strong></span> <span class='ocrx_word' id='word_1_457' title='bbox 2430 2411 2618 2469; x_wconf 81' lang='lat' dir='ltr'><strong>quarto</strong></span> <span class='ocrx_word' id='word_1_458' title='bbox 2656 2397 2829 2471; x_wconf 75' lang='lat' dir='ltr'><strong>(Vera.</strong></span> <span class='ocrx_word' id='word_1_459' title='bbox 2865 2407 2917 2476; x_wconf 85' lang='lat'><strong>6)</strong></span> <span class='ocrx_word' id='word_1_460' title='bbox 2949 2426 2962 2461; x_wconf 86' lang='lat'><strong>:</strong></span> <span class='ocrx_word' id='word_1_461' title='bbox 2990 2407 3175 2465; x_wconf 81' lang='lat' dir='ltr'><strong>Omnia</strong></span> <span class='ocrx_word' id='word_1_462' title='bbox 3217 2421 3359 2481; x_wconf 63' lang='grc' dir='ltr'>ηιιωι</span> 
     </span>
    </p>
   </div>
   <div class='ocr_carea' id='block_1_55' title="bbox 1790 2482 3356 2567">
    <p class='ocr_par' dir='ltr' id='par_1_55' title="bbox 1790 2482 3356 2567">
     <span class='ocr_line' id='line_1_55' title="bbox 1790 2482 3356 2567; baseline 0.012 -29"><span class='ocrx_word' id='word_1_463' title='bbox 1790 2501 1996 2554; x_wconf 90' lang='lat' dir='ltr'><strong>cunque</strong></span> <span class='ocrx_word' id='word_1_464' title='bbox 2035 2489 2198 2548; x_wconf 85' lang='lat' dir='ltr'><strong>voluit</strong></span> <span class='ocrx_word' id='word_1_465' title='bbox 2231 2488 2486 2543; x_wconf 83' lang='lat' dir='ltr'><strong>Dominus</strong></span> <span class='ocrx_word' id='word_1_466' title='bbox 2515 2491 2638 2545; x_wconf 79' lang='lat' dir='ltr'><strong>fecit</strong></span> <span class='ocrx_word' id='word_1_467' title='bbox 2669 2493 2719 2546; x_wconf 88' lang='lat' dir='ltr'><strong>in</strong></span> <span class='ocrx_word' id='word_1_468' title='bbox 2759 2495 2896 2549; x_wconf 69' lang='lat' dir='ltr'><strong>emlo</strong></span> <span class='ocrx_word' id='word_1_469' title='bbox 2923 2509 2976 2552; x_wconf 88' lang='lat' dir='ltr'><strong>et</strong></span> <span class='ocrx_word' id='word_1_470' title='bbox 3005 2498 3056 2552; x_wconf 89' lang='lat' dir='ltr'><strong>in</strong></span> <span class='ocrx_word' id='word_1_471' title='bbox 3091 2482 3252 2567; x_wconf 77' lang='lat' dir='ltr'><strong>tei‘ra,</strong></span> <span class='ocrx_word' id='word_1_472' title='bbox 3303 2505 3356 2558; x_wconf 90' lang='lat' dir='ltr'><strong>in</strong></span> 
     </span>
    </p>
   </div>
   <div class='ocr_carea' id='block_1_56' title="bbox 1792 2578 3359 2650">
    <p class='ocr_par' dir='ltr' id='par_1_56' title="bbox 1792 2578 3359 2650">
     <span class='ocr_line' id='line_1_56' title="bbox 1792 2578 3359 2650; baseline 0.013 -22"><span class='ocrx_word' id='word_1_473' title='bbox 1792 2579 1923 2631; x_wconf 88' lang='lat' dir='ltr'><strong>mari</strong></span> <span class='ocrx_word' id='word_1_474' title='bbox 1966 2588 2018 2633; x_wconf 90' lang='lat' dir='ltr'><strong>et</strong></span> <span class='ocrx_word' id='word_1_475' title='bbox 2062 2580 2113 2634; x_wconf 86' lang='lat' dir='ltr'><strong>in</strong></span> <span class='ocrx_word' id='word_1_476' title='bbox 2154 2580 2378 2650; x_wconf 84' lang='lat' dir='ltr'><strong>abyssis.</strong></span> <span class='ocrx_word' id='word_1_477' title='bbox 2432 2578 2492 2634; x_wconf 83' lang='lat' dir='ltr'><strong>Et</strong></span> <span class='ocrx_word' id='word_1_478' title='bbox 2531 2583 2582 2637; x_wconf 90' lang='lat' dir='ltr'><strong>in</strong></span> <span class='ocrx_word' id='word_1_479' title='bbox 2628 2588 2920 2644; x_wconf 52' lang='lat' dir='ltr'><strong>centesimo</strong></span> <span class='ocrx_word' id='word_1_480' title='bbox 2958 2589 3112 2645; x_wconf 84' lang='lat' dir='ltr'><strong>tertio</strong></span> <span class='ocrx_word' id='word_1_481' title='bbox 3145 2594 3359 2649; x_wconf 89' lang='lat' dir='ltr'><strong>&#39;decimo</strong></span> 
     </span>
    </p>
   </div>
   <div class='ocr_carea' id='block_1_57' title="bbox 1791 2661 3354 2741">
    <p class='ocr_par' dir='ltr' id='par_1_57' title="bbox 1791 2661 3354 2741">
     <span class='ocr_line' id='line_1_57' title="bbox 1791 2661 3354 2741; baseline 0.013 -21"><span class='ocrx_word' id='word_1_482' title='bbox 1791 2661 1964 2737; x_wconf 68' lang='grc' dir='ltr'><strong>(γεγε.</strong></span> <span class='ocrx_word' id='word_1_483' title='bbox 1992 2667 2080 2739; x_wconf 80' lang='lat' dir='ltr'><strong>li)</strong></span> <span class='ocrx_word' id='word_1_484' title='bbox 2107 2688 2120 2723; x_wconf 89' lang='lat'><strong><em>:</em></strong></span> <span class='ocrx_word' id='word_1_485' title='bbox 2149 2673 2286 2726; x_wconf 89' lang='lat' dir='ltr'><strong>Deus</strong></span> <span class='ocrx_word' id='word_1_486' title='bbox 2315 2683 2488 2731; x_wconf 86' lang='lat' dir='ltr'><strong>autem</strong></span> <span class='ocrx_word' id='word_1_487' title='bbox 2524 2685 2703 2732; x_wconf 89' lang='lat' dir='ltr'><strong>noster</strong></span> <span class='ocrx_word' id='word_1_488' title='bbox 2729 2679 2780 2732; x_wconf 90' lang='lat' dir='ltr'><strong>in</strong></span> <span class='ocrx_word' id='word_1_489' title='bbox 2811 2681 2967 2736; x_wconf 70' lang='lat' dir='ltr'><strong>ctelo.</strong></span> <span class='ocrx_word' id='word_1_490' title='bbox 3002 2682 3064 2737; x_wconf 88' lang='lat' dir='ltr'><strong>Et</strong></span> <span class='ocrx_word' id='word_1_491' title='bbox 3103 2693 3311 2740; x_wconf 81' lang='lat' dir='ltr'><strong>rursum</strong></span> <span class='ocrx_word' id='word_1_492' title='bbox 3341 2705 3354 2741; x_wconf 91' lang='lat'><strong>:</strong></span> 
     </span>
    </p>
   </div>
   <div class='ocr_carea' id='block_1_58' title="bbox 1792 2760 3359 2838">
    <p class='ocr_par' dir='ltr' id='par_1_58' title="bbox 1792 2760 3359 2838">
     <span class='ocr_line' id='line_1_58' title="bbox 1792 2760 3359 2838; baseline 0.013 -25"><span class='ocrx_word' id='word_1_493' title='bbox 1792 2760 1846 2814; x_wconf 88' lang='lat' dir='ltr'><strong>in</strong></span> <span class='ocrx_word' id='word_1_494' title='bbox 1875 2763 2010 2817; x_wconf 63' lang='lat' dir='ltr'><strong>caelo</strong></span> <span class='ocrx_word' id='word_1_495' title='bbox 2030 2771 2084 2817; x_wconf 90' lang='lat' dir='ltr'><strong>et</strong></span> <span class='ocrx_word' id='word_1_496' title='bbox 2113 2764 2162 2817; x_wconf 93' lang='lat' dir='ltr'><strong>in</strong></span> <span class='ocrx_word' id='word_1_497' title='bbox 2194 2773 2331 2818; x_wconf 89' lang='lat' dir='ltr'><strong>terra</strong></span> <span class='ocrx_word' id='word_1_498' title='bbox 2362 2768 2537 2818; x_wconf 88' lang='lat' dir='ltr'><strong>omnia</strong></span> <span class='ocrx_word' id='word_1_499' title='bbox 2569 2783 2895 2838; x_wconf 73' lang='lat' dir='ltr'><strong>quaecunque</strong></span> <span class='ocrx_word' id='word_1_500' title='bbox 2917 2773 3080 2828; x_wconf 89' lang='lat' dir='ltr'><strong>voluit</strong></span> <span class='ocrx_word' id='word_1_501' title='bbox 3112 2775 3256 2832; x_wconf 81' lang='lat' dir='ltr'><strong>fecit.</strong></span> <span class='ocrx_word' id='word_1_502' title='bbox 3293 2770 3359 2834; x_wconf 78' lang='lat' dir='ltr'><strong>Et</strong></span> 
     </span>
    </p>
   </div>
   <div class='ocr_carea' id='block_1_59' title="bbox 1790 2842 3355 2932">
    <p class='ocr_par' dir='ltr' id='par_1_59' title="bbox 1790 2842 3355 2932">
     <span class='ocr_line' id='line_1_59' title="bbox 1790 2842 3355 2932; baseline 0.011 -28"><span class='ocrx_word' id='word_1_503' title='bbox 1790 2852 1842 2904; x_wconf 89' lang='lat' dir='ltr'><strong>in</strong></span> <span class='ocrx_word' id='word_1_504' title='bbox 1873 2854 2208 2922; x_wconf 79' lang='lat' dir='ltr'><strong>Sexagesimo</strong></span> <span class='ocrx_word' id='word_1_505' title='bbox 2238 2865 2426 2924; x_wconf 72' lang='lat' dir='ltr'><strong>qun-to</strong></span> <span class='ocrx_word' id='word_1_506' title='bbox 2461 2852 2638 2927; x_wconf 69' lang='lat' dir='ltr'><strong>(Veri.</strong></span> <span class='ocrx_word' id='word_1_507' title='bbox 2671 2842 2724 2927; x_wconf 83' lang='lat'><strong>7)</strong></span> <span class='ocrx_word' id='word_1_508' title='bbox 2755 2877 2766 2912; x_wconf 88' lang='lat'><strong>:</strong></span> <span class='ocrx_word' id='word_1_509' title='bbox 2797 2843 3104 2932; x_wconf 71' lang='lat' dir='ltr'><strong>Prmpatans</strong></span> <span class='ocrx_word' id='word_1_510' title='bbox 3147 2877 3355 2924; x_wconf 81' lang='lat' dir='ltr'><strong>montes</strong></span> 
     </span>
    </p>
   </div>
   <div class='ocr_carea' id='block_1_60' title="bbox 1790 2940 3358 3023">
    <p class='ocr_par' dir='ltr' id='par_1_60' title="bbox 1790 2940 3358 3023">
     <span class='ocr_line' id='line_1_60' title="bbox 1790 2940 3358 3023; baseline 0.011 -29"><span class='ocrx_word' id='word_1_511' title='bbox 1790 2941 1841 2994; x_wconf 90' lang='lat' dir='ltr'><strong>in</strong></span> <span class='ocrx_word' id='word_1_512' title='bbox 1866 2940 2170 2997; x_wconf 78' lang='lat' dir='ltr'><strong>fortitudine</strong></span> <span class='ocrx_word' id='word_1_513' title='bbox 2196 2947 2309 3008; x_wconf 77' lang='lat' dir='ltr'><strong>sua,</strong></span> <span class='ocrx_word' id='word_1_514' title='bbox 2337 2947 2605 3023; x_wconf 79' lang='lat' dir='ltr'><strong>accinctus</strong></span> <span class='ocrx_word' id='word_1_515' title='bbox 2637 2946 2892 3016; x_wconf 78' lang='lat' dir='ltr'><strong>petentia.</strong></span> <span class='ocrx_word' id='word_1_516' title='bbox 2929 2951 3032 3018; x_wconf 83' lang='lat' dir='ltr'><strong>Qui</strong></span> <span class='ocrx_word' id='word_1_517' title='bbox 3069 2957 3208 3012; x_wconf 87' lang='lat' dir='ltr'><strong>enim</strong></span> <span class='ocrx_word' id='word_1_518' title='bbox 3245 2958 3358 3012; x_wconf 60' lang='lat' dir='ltr'><strong>haec</strong></span> 
     </span>
    </p>
   </div>
   <div class='ocr_carea' id='block_1_61' title="bbox 1791 3036 3356 3114">
    <p class='ocr_par' dir='ltr' id='par_1_61' title="bbox 1791 3036 3356 3114">
     <span class='ocr_line' id='line_1_61' title="bbox 1791 3036 3356 3114; baseline 0.01 -26"><span class='ocrx_word' id='word_1_519' title='bbox 1791 3036 1964 3089; x_wconf 83' lang='lat' dir='ltr'><strong>omnia</strong></span> <span class='ocrx_word' id='word_1_520' title='bbox 1997 3052 2099 3114; x_wconf 73' lang='lat' dir='ltr'><strong>non</strong></span> <span class='ocrx_word' id='word_1_521' title='bbox 2126 3037 2294 3091; x_wconf 90' lang='lat' dir='ltr'><strong>Patris</strong></span> <span class='ocrx_word' id='word_1_522' title='bbox 2311 3037 2575 3106; x_wconf 81' lang='lat' dir='ltr'><strong>jussione,</strong></span> <span class='ocrx_word' id='word_1_523' title='bbox 2609 3040 2699 3096; x_wconf 89' lang='lat' dir='ltr'><strong>sed</strong></span> <span class='ocrx_word' id='word_1_524' title='bbox 2742 3038 3004 3110; x_wconf 77' lang='lat' dir='ltr'><strong>petestate</strong></span> <span class='ocrx_word' id='word_1_525' title='bbox 3042 3039 3146 3100; x_wconf 23' lang='lat' dir='ltr'><strong>sttit.</strong></span> <span class='ocrx_word' id='word_1_526' title='bbox 3169 3047 3356 3105; x_wconf 74' lang='lat' dir='ltr'><strong>fecisse</strong></span> 
     </span>
    </p>
   </div>
   <div class='ocr_carea' id='block_1_62' title="bbox 146 3116 3355 3207">
    <p class='ocr_par' dir='ltr' id='par_1_62' title="bbox 146 3116 3355 3207">
     <span class='ocr_line' id='line_1_62' title="bbox 146 3116 3355 3207; baseline 0.003 -25"><span class='ocrx_word' id='word_1_527' title='bbox 146 3139 280 3190; x_wconf 69' lang='lat' dir='ltr'><strong>satis,</strong></span> <span class='ocrx_word' id='word_1_528' title='bbox 307 3129 534 3182; x_wconf 88' lang='lat' dir='ltr'><strong>auditum</strong></span> <span class='ocrx_word' id='word_1_529' title='bbox 566 3129 807 3192; x_wconf 82' lang='lat' dir='ltr'><strong>audietis,</strong></span> <span class='ocrx_word' id='word_1_530' title='bbox 840 3144 963 3183; x_wconf 91' lang='lat' dir='ltr'><strong>ecce</strong></span> <span class='ocrx_word' id='word_1_531' title='bbox 992 3144 1088 3195; x_wconf 84' lang='lat' dir='ltr'><strong>ego</strong></span> <span class='ocrx_word' id='word_1_532' title='bbox 1119 3129 1409 3182; x_wconf 79' lang='lat' dir='ltr'><strong>sum.&#39;ltem</strong></span> <span class='ocrx_word' id='word_1_533' title='bbox 1437 3129 1506 3182; x_wconf 89' lang='lat' dir='ltr'><strong>ibi</strong></span> <span class='ocrx_word' id='word_1_534' title='bbox 1535 3145 1545 3180; x_wconf 94' lang='lat'>:</span> <span class='ocrx_word' id='word_1_535' title='bbox 1575 3129 1685 3196; x_wconf 86' lang='lat' dir='ltr'><strong>Ego</strong></span> <span class='ocrx_word' id='word_1_536' title='bbox 1715 3116 1760 3181; x_wconf 88' lang='lat' dir='ltr'><strong>C</strong></span> <span class='ocrx_word' id='word_1_537' title='bbox 1792 3125 2130 3194; x_wconf 89' lang='lat' dir='ltr'><strong>describitur,</strong></span> <span class='ocrx_word' id='word_1_538' title='bbox 2172 3129 2437 3196; x_wconf 90' lang='lat' dir='ltr'><strong>quomodo</strong></span> <span class='ocrx_word' id='word_1_539' title='bbox 2461 3145 2489 3184; x_wconf 87' lang='lat' dir='ltr'><strong>a</strong></span> <span class='ocrx_word' id='word_1_540' title='bbox 2521 3131 2670 3186; x_wconf 82' lang='lat' dir='ltr'><strong>vobis</strong></span> <span class='ocrx_word' id='word_1_541' title='bbox 2711 3125 2866 3188; x_wconf 84' lang='lat' dir='ltr'><strong>Patre</strong></span> <span class='ocrx_word' id='word_1_542' title='bbox 2890 3133 3118 3192; x_wconf 77' lang='lat' dir='ltr'><strong>iriicn&#39;o&#39;i&#39;</strong></span> <span class='ocrx_word' id='word_1_543' title='bbox 3144 3137 3355 3207; x_wconf 80' lang='lat' dir='ltr'><strong>judica-</strong></span> 
     </span>
    </p>
   </div>
   <div class='ocr_carea' id='block_1_63' title="bbox 145 3219 1683 3291">
    <p class='ocr_par' dir='ltr' id='par_1_63' title="bbox 145 3219 1683 3291">
     <span class='ocr_line' id='line_1_63' title="bbox 145 3219 1683 3291; baseline 0.002 -22"><span class='ocrx_word' id='word_1_544' title='bbox 145 3231 247 3271; x_wconf 86' lang='lat' dir='ltr'><strong>sum</strong></span> <span class='ocrx_word' id='word_1_545' title='bbox 276 3219 544 3282; x_wconf 84' lang='lat' dir='ltr'><strong>Dominus,</strong></span> <span class='ocrx_word' id='word_1_546' title='bbox 576 3220 662 3288; x_wconf 87' lang='lat' dir='ltr'><strong>qui</strong></span> <span class='ocrx_word' id='word_1_547' title='bbox 691 3220 881 3287; x_wconf 92' lang='lat' dir='ltr'><strong>loquor</strong></span> <span class='ocrx_word' id='word_1_548' title='bbox 906 3220 1190 3291; x_wconf 86' lang='lat' dir='ltr'><strong>justitiam,</strong></span> <span class='ocrx_word' id='word_1_549' title='bbox 1240 3231 1288 3272; x_wconf 91' lang='lat' dir='ltr'><strong>et</strong></span> <span class='ocrx_word' id='word_1_550' title='bbox 1314 3220 1568 3272; x_wconf 88' lang='lat' dir='ltr'><strong>annuntio</strong></span> <span class='ocrx_word' id='word_1_551' title='bbox 1598 3234 1683 3272; x_wconf 74' lang='lat' dir='ltr'><strong>ve-</strong></span> 
     </span>
    </p>
   </div>
   <div class='ocr_carea' id='block_1_64' title="bbox 148 3310 1686 3382">
    <p class='ocr_par' dir='ltr' id='par_1_64' title="bbox 148 3310 1686 3382">
     <span class='ocr_line' id='line_1_64' title="bbox 148 3310 1686 3382; baseline 0.001 -18"><span class='ocrx_word' id='word_1_552' title='bbox 148 3311 336 3366; x_wconf 85' lang='lat' dir='ltr'><strong>ritatem</strong></span> <span class='ocrx_word' id='word_1_553' title='bbox 359 3311 510 3382; x_wconf 83' lang='lat' dir='ltr'><strong>(Isai.</strong></span> <span class='ocrx_word' id='word_1_554' title='bbox 543 3327 668 3377; x_wconf 74' lang='grc' dir='ltr'><strong>ην,</strong></span> <span class='ocrx_word' id='word_1_555' title='bbox 700 3311 807 3380; x_wconf 90' lang='grc'><strong>19).</strong></span> <span class='ocrx_word' id='word_1_556' title='bbox 842 3313 965 3365; x_wconf 91' lang='lat' dir='ltr'><strong>item</strong></span> <span class='ocrx_word' id='word_1_557' title='bbox 998 3313 1066 3365; x_wconf 88' lang='lat' dir='ltr'><strong>ibi</strong></span> <span class='ocrx_word' id='word_1_558' title='bbox 1095 3329 1105 3362; x_wconf 94' lang='lat'><strong>:</strong></span> <span class='ocrx_word' id='word_1_559' title='bbox 1136 3310 1371 3379; x_wconf 77' lang='lat' dir='ltr'><strong>Cogitavi</strong></span> <span class='ocrx_word' id='word_1_560' title='bbox 1396 3324 1447 3365; x_wconf 93' lang='lat' dir='ltr'><strong>et</strong></span> <span class='ocrx_word' id='word_1_561' title='bbox 1479 3312 1686 3366; x_wconf 87' lang='lat' dir='ltr'><strong>loeutus</strong></span> 
     </span>
    </p>
   </div>
   <div class='ocr_carea' id='block_1_65' title="bbox 147 3401 1683 3470">
    <p class='ocr_par' dir='ltr' id='par_1_65' title="bbox 147 3401 1683 3470">
     <span class='ocr_line' id='line_1_65' title="bbox 147 3401 1683 3470; baseline 0.003 -20"><span class='ocrx_word' id='word_1_562' title='bbox 147 3412 267 3463; x_wconf 87' lang='lat' dir='ltr'><strong>sum,</strong></span> <span class='ocrx_word' id='word_1_563' title='bbox 297 3412 350 3455; x_wconf 88' lang='lat' dir='ltr'><strong>et</strong></span> <span class='ocrx_word' id='word_1_564' title='bbox 377 3402 585 3467; x_wconf 82' lang='lat' dir='ltr'><strong>adduxi,</strong></span> <span class='ocrx_word' id='word_1_565' title='bbox 617 3411 671 3456; x_wconf 85' lang='lat' dir='ltr'><strong>et</strong></span> <span class='ocrx_word' id='word_1_566' title='bbox 693 3402 888 3466; x_wconf 86' lang='lat' dir='ltr'><strong>creavi,</strong></span> <span class='ocrx_word' id='word_1_567' title='bbox 917 3411 970 3455; x_wconf 89' lang='lat' dir='ltr'><strong>et</strong></span> <span class='ocrx_word' id='word_1_568' title='bbox 995 3401 1108 3454; x_wconf 83' lang='lat' dir='ltr'><strong>ieci.</strong></span> <span class='ocrx_word' id='word_1_569' title='bbox 1154 3402 1217 3454; x_wconf 81' lang='lat' dir='ltr'><strong>Et</strong></span> <span class='ocrx_word' id='word_1_570' title='bbox 1258 3403 1542 3470; x_wconf 80' lang='lat' dir='ltr'><strong>Apostolus</strong></span> <span class='ocrx_word' id='word_1_571' title='bbox 1605 3405 1683 3454; x_wconf 82' lang='lat' dir='ltr'><strong>An</strong></span> 
     </span>
    </p>
   </div>
   <div class='ocr_carea' id='block_1_66' title="bbox 151 3490 1684 3558">
    <p class='ocr_par' dir='ltr' id='par_1_66' title="bbox 151 3490 1684 3558">
     <span class='ocr_line' id='line_1_66' title="bbox 151 3490 1684 3558; baseline 0.003 -20"><span class='ocrx_word' id='word_1_572' title='bbox 151 3490 541 3554; x_wconf 78' lang='lat' dir='ltr'><strong>experimentum</strong></span> <span class='ocrx_word' id='word_1_573' title='bbox 570 3491 806 3558; x_wconf 73' lang='lat' dir='ltr'><strong>quaeritis</strong></span> <span class='ocrx_word' id='word_1_574' title='bbox 822 3491 956 3557; x_wconf 71' lang='lat' dir='ltr'><strong>ejus,</strong></span> <span class='ocrx_word' id='word_1_575' title='bbox 989 3491 1077 3558; x_wconf 89' lang='lat' dir='ltr'><strong>qui</strong></span> <span class='ocrx_word' id='word_1_576' title='bbox 1107 3491 1158 3556; x_wconf 85' lang='lat' dir='ltr'><strong>in</strong></span> <span class='ocrx_word' id='word_1_577' title='bbox 1181 3505 1264 3544; x_wconf 89' lang='lat' dir='ltr'><strong>me</strong></span> <span class='ocrx_word' id='word_1_578' title='bbox 1283 3492 1513 3556; x_wconf 87' lang='lat' dir='ltr'><strong>loquitur</strong></span> <span class='ocrx_word' id='word_1_579' title='bbox 1535 3490 1684 3543; x_wconf 82' lang='lat' dir='ltr'><strong>Chri-</strong></span> 
     </span>
    </p>
   </div>
   <div class='ocr_carea' id='block_1_67' title="bbox 149 3577 1684 3649">
    <p class='ocr_par' dir='ltr' id='par_1_67' title="bbox 149 3577 1684 3649">
     <span class='ocr_line' id='line_1_67' title="bbox 149 3577 1684 3649; baseline 0.005 -22"><span class='ocrx_word' id='word_1_580' title='bbox 149 3582 220 3630; x_wconf 88' lang='lat' dir='ltr'><strong>tus</strong></span> <span class='ocrx_word' id='word_1_581' title='bbox 247 3577 324 3647; x_wconf 91' lang='lat' dir='ltr'><strong>(Il</strong></span> <span class='ocrx_word' id='word_1_582' title='bbox 348 3581 460 3634; x_wconf 81' lang='lat' dir='ltr'><strong>Cor.</strong></span> <span class='ocrx_word' id='word_1_583' title='bbox 493 3595 610 3649; x_wconf 74' lang='lat' dir='ltr'><strong>stu,</strong></span> <span class='ocrx_word' id='word_1_584' title='bbox 637 3581 732 3648; x_wconf 82' lang='lat'><strong>&#39;5)?</strong></span> <span class='ocrx_word' id='word_1_585' title='bbox 762 3580 826 3633; x_wconf 83' lang='lat' dir='ltr'><strong>Et</strong></span> <span class='ocrx_word' id='word_1_586' title='bbox 855 3581 1143 3646; x_wconf 36' lang='lat' dir='ltr'><strong>in&#39;psalmo</strong></span> <span class='ocrx_word' id='word_1_587' title='bbox 1169 3582 1462 3634; x_wconf 90' lang='lat' dir='ltr'><strong>centesimo</strong></span> <span class='ocrx_word' id='word_1_588' title='bbox 1492 3588 1684 3634; x_wconf 70' lang='lat' dir='ltr'><strong>octavo</strong></span> 
     </span>
    </p>
   </div>
   <div class='ocr_carea' id='block_1_68' title="bbox 149 3659 1681 3738">
    <p class='ocr_par' dir='ltr' id='par_1_68' title="bbox 149 3659 1681 3738">
     <span class='ocr_line' id='line_1_68' title="bbox 149 3659 1681 3738; baseline 0.005 -21"><span class='ocrx_word' id='word_1_589' title='bbox 149 3665 333 3723; x_wconf 88' lang='lat' dir='ltr'><strong>decimo</strong></span> <span class='ocrx_word' id='word_1_590' title='bbox 365 3659 535 3737; x_wconf 64' lang='lat' dir='ltr'><strong>(Vera.</strong></span> <span class='ocrx_word' id='word_1_591' title='bbox 567 3670 661 3738; x_wconf 69' lang='grc'><strong>46)</strong></span> <span class='ocrx_word' id='word_1_592' title='bbox 687 3685 700 3722; x_wconf 89' lang='lat'>:</span> <span class='ocrx_word' id='word_1_593' title='bbox 731 3669 1003 3738; x_wconf 81' lang='lat' dir='ltr'><strong>Loquebar</strong></span> <span class='ocrx_word' id='word_1_594' title='bbox 1048 3670 1114 3722; x_wconf 92' lang='lat' dir='ltr'><strong>de</strong></span> <span class='ocrx_word' id='word_1_595' title='bbox 1145 3670 1458 3724; x_wconf 82' lang='lat' dir='ltr'><strong>testimoniis</strong></span> <span class='ocrx_word' id='word_1_596' title='bbox 1491 3672 1591 3724; x_wconf 91' lang='lat' dir='ltr'><strong>tuis</strong></span> <span class='ocrx_word' id='word_1_597' title='bbox 1631 3671 1681 3725; x_wconf 90' lang='lat' dir='ltr'><strong>in</strong></span> 
     </span>
    </p>
   </div>
   <div class='ocr_carea' id='block_1_69' title="bbox 149 3744 1684 3830">
    <p class='ocr_par' dir='ltr' id='par_1_69' title="bbox 149 3744 1684 3830">
     <span class='ocr_line' id='line_1_69' title="bbox 149 3744 1684 3830; baseline 0.005 -22"><span class='ocrx_word' id='word_1_598' title='bbox 149 3769 409 3826; x_wconf 86' lang='lat' dir='ltr'><strong>conspectu</strong></span> <span class='ocrx_word' id='word_1_599' title='bbox 434 3776 638 3830; x_wconf 84' lang='lat' dir='ltr'><strong>regum,</strong></span> <span class='ocrx_word' id='word_1_600' title='bbox 672 3770 723 3814; x_wconf 90' lang='lat' dir='ltr'><strong>et</strong></span> <span class='ocrx_word' id='word_1_601' title='bbox 747 3777 849 3813; x_wconf 84' lang='lat' dir='ltr'><strong>nun</strong></span> <span class='ocrx_word' id='word_1_602' title='bbox 878 3761 1256 3816; x_wconf 80' lang='lat' dir='ltr'><strong>confundebar.</strong></span> <span class='ocrx_word' id='word_1_603' title='bbox 1284 3761 1350 3816; x_wconf 85' lang='lat' dir='ltr'><strong>Et</strong></span> <span class='ocrx_word' id='word_1_604' title='bbox 1371 3763 1484 3829; x_wconf 90' lang='lat' dir='ltr'><strong>ipse</strong></span> <span class='ocrx_word' id='word_1_605' title='bbox 1507 3744 1684 3816; x_wconf 81' lang='lat' dir='ltr'><strong>Domi-</strong></span> 
     </span>
    </p>
   </div>
   <div class='ocr_carea' id='block_1_70' title="bbox 150 3852 1681 3923">
    <p class='ocr_par' dir='ltr' id='par_1_70' title="bbox 150 3852 1681 3923">
     <span class='ocr_line' id='line_1_70' title="bbox 150 3852 1681 3923; baseline 0.005 -22"><span class='ocrx_word' id='word_1_606' title='bbox 150 3864 236 3904; x_wconf 87' lang='lat' dir='ltr'><strong>nus</strong></span> <span class='ocrx_word' id='word_1_607' title='bbox 259 3852 305 3905; x_wconf 90' lang='lat' dir='ltr'><strong>in</strong></span> <span class='ocrx_word' id='word_1_608' title='bbox 337 3853 643 3923; x_wconf 80' lang='lat' dir='ltr'><strong>Evangelia,</strong></span> <span class='ocrx_word' id='word_1_609' title='bbox 676 3869 818 3908; x_wconf 69' lang='lat' dir='ltr'><strong>caeco</strong></span> <span class='ocrx_word' id='word_1_610' title='bbox 850 3869 878 3906; x_wconf 89' lang='lat' dir='ltr'><strong>a</strong></span> <span class='ocrx_word' id='word_1_611' title='bbox 904 3869 960 3909; x_wconf 91' lang='lat' dir='ltr'><strong>se</strong></span> <span class='ocrx_word' id='word_1_612' title='bbox 987 3855 1280 3908; x_wconf 84' lang='lat' dir='ltr'><strong>illuminato</strong></span> <span class='ocrx_word' id='word_1_613' title='bbox 1314 3855 1441 3908; x_wconf 88' lang='lat' dir='ltr'><strong>dicit</strong></span> <span class='ocrx_word' id='word_1_614' title='bbox 1470 3874 1480 3907; x_wconf 92' lang='lat'>:</span> <span class='ocrx_word' id='word_1_615' title='bbox 1519 3859 1579 3909; x_wconf 69' lang='lat' dir='ltr'><strong>lit</strong></span> <span class='ocrx_word' id='word_1_616' title='bbox 1608 3857 1681 3909; x_wconf 73' lang='grc' dir='ltr'><strong>ιι-</strong></span> 
     </span>
    </p>
   </div>
   <div class='ocr_carea' id='block_1_71' title="bbox 152 3939 1679 4015">
    <p class='ocr_par' dir='ltr' id='par_1_71' title="bbox 152 3939 1679 4015">
     <span class='ocr_line' id='line_1_71' title="bbox 152 3939 1679 4015; baseline 0.005 -25"><span class='ocrx_word' id='word_1_617' title='bbox 152 3939 256 3994; x_wconf 83' lang='lat' dir='ltr'><strong>disti</strong></span> <span class='ocrx_word' id='word_1_618' title='bbox 280 3956 416 4010; x_wconf 89' lang='lat' dir='ltr'><strong>eum,</strong></span> <span class='ocrx_word' id='word_1_619' title='bbox 458 3955 508 3997; x_wconf 87' lang='lat' dir='ltr'><strong>et</strong></span> <span class='ocrx_word' id='word_1_620' title='bbox 538 3945 624 4013; x_wconf 92' lang='lat' dir='ltr'><strong>qui</strong></span> <span class='ocrx_word' id='word_1_621' title='bbox 659 3943 889 4012; x_wconf 87' lang='lat' dir='ltr'><strong>loquitur</strong></span> <span class='ocrx_word' id='word_1_622' title='bbox 920 3939 1109 4009; x_wconf 80' lang='lat' dir='ltr'><strong>tectim,</strong></span> <span class='ocrx_word' id='word_1_623' title='bbox 1137 3946 1257 4013; x_wconf 67' lang='lat' dir='ltr'><strong>ipse</strong></span> <span class='ocrx_word' id='word_1_624' title='bbox 1284 3955 1364 3998; x_wconf 90' lang='lat' dir='ltr'><strong>est</strong></span> <span class='ocrx_word' id='word_1_625' title='bbox 1393 3943 1569 4014; x_wconf 62' lang='lat' dir='ltr'><strong>(loa&#39;v.</strong></span> <span class='ocrx_word' id='word_1_626' title='bbox 1609 3962 1679 4015; x_wconf 79' lang='lat' dir='ltr'><strong>ix,</strong></span> 
     </span>
    </p>
   </div>
   <div class='ocr_carea' id='block_1_72' title="bbox 150 4027 1684 4102">
    <p class='ocr_par' dir='ltr' id='par_1_72' title="bbox 150 4027 1684 4102">
     <span class='ocr_line' id='line_1_72' title="bbox 150 4027 1684 4102; baseline 0.004 -19"><span class='ocrx_word' id='word_1_627' title='bbox 150 4027 244 4095; x_wconf 73' lang='grc' dir='ltr'><strong>δῖ).</strong></span> <span class='ocrx_word' id='word_1_628' title='bbox 274 4029 335 4084; x_wconf 81' lang='lat' dir='ltr'><strong>Et</strong></span> <span class='ocrx_word' id='word_1_629' title='bbox 358 4032 698 4086; x_wconf 68' lang='lat' dir='ltr'><strong>Samaritanre</strong></span> <span class='ocrx_word' id='word_1_630' title='bbox 726 4035 933 4086; x_wconf 87' lang='lat' dir='ltr'><strong>mulieri</strong></span> <span class='ocrx_word' id='word_1_631' title='bbox 967 4034 1038 4086; x_wconf 86' lang='lat' dir='ltr'><strong>ait</strong></span> <span class='ocrx_word' id='word_1_632' title='bbox 1069 4051 1081 4086; x_wconf 89' lang='lat'><strong>:</strong></span> <span class='ocrx_word' id='word_1_633' title='bbox 1112 4036 1218 4102; x_wconf 80' lang='lat' dir='ltr'><strong>Ego</strong></span> <span class='ocrx_word' id='word_1_634' title='bbox 1241 4050 1353 4087; x_wconf 83' lang='lat' dir='ltr'><strong>sum</strong></span> <span class='ocrx_word' id='word_1_635' title='bbox 1383 4035 1470 4102; x_wconf 90' lang='lat' dir='ltr'><strong>qui</strong></span> <span class='ocrx_word' id='word_1_636' title='bbox 1500 4035 1684 4102; x_wconf 87' lang='lat' dir='ltr'><strong>loquur</strong></span> 
     </span>
    </p>
   </div>
   <div class='ocr_carea' id='block_1_73' title="bbox 153 4120 1682 4194">
    <p class='ocr_par' dir='ltr' id='par_1_73' title="bbox 153 4120 1682 4194">
     <span class='ocr_line' id='line_1_73' title="bbox 153 4120 1682 4194; baseline 0.008 -26"><span class='ocrx_word' id='word_1_637' title='bbox 153 4126 299 4171; x_wconf 88' lang='lat' dir='ltr'><strong>tecum</strong></span> <span class='ocrx_word' id='word_1_638' title='bbox 327 4120 496 4189; x_wconf 81' lang='lat' dir='ltr'><strong>(Joan.</strong></span> <span class='ocrx_word' id='word_1_639' title='bbox 524 4138 597 4189; x_wconf 87' lang='lat' dir='ltr'><strong>tv,</strong></span> <span class='ocrx_word' id='word_1_640' title='bbox 641 4121 756 4192; x_wconf 70' lang='lat'><strong>26).</strong></span> <span class='ocrx_word' id='word_1_641' title='bbox 803 4123 863 4175; x_wconf 81' lang='lat' dir='ltr'><strong>Et</strong></span> <span class='ocrx_word' id='word_1_642' title='bbox 893 4124 954 4176; x_wconf 90' lang='lat' dir='ltr'><strong>ad</strong></span> <span class='ocrx_word' id='word_1_643' title='bbox 1002 4125 1149 4190; x_wconf 67' lang='lat' dir='ltr'><strong>disci;</strong></span> <span class='ocrx_word' id='word_1_644' title='bbox 1173 4125 1286 4178; x_wconf 79' lang='lat' dir='ltr'><strong>ulos</strong></span> <span class='ocrx_word' id='word_1_645' title='bbox 1319 4144 1330 4177; x_wconf 89' lang='lat'><strong>:</strong></span> <span class='ocrx_word' id='word_1_646' title='bbox 1366 4126 1533 4178; x_wconf 83' lang='lat' dir='ltr'><strong>Verba</strong></span> <span class='ocrx_word' id='word_1_647' title='bbox 1565 4141 1682 4194; x_wconf 67' lang='lat' dir='ltr'><strong>quin</strong></span> 
     </span>
    </p>
   </div>
   <div class='ocr_carea' id='block_1_74' title="bbox 151 4211 1677 4290">
    <p class='ocr_par' dir='ltr' id='par_1_74' title="bbox 151 4211 1677 4290">
     <span class='ocr_line' id='line_1_74' title="bbox 151 4211 1677 4290; baseline 0.008 -30"><span class='ocrx_word' id='word_1_648' title='bbox 151 4222 234 4275; x_wconf 70' lang='lat' dir='ltr'><strong>ego</strong></span> <span class='ocrx_word' id='word_1_649' title='bbox 259 4211 454 4267; x_wconf 78' lang='lat' dir='ltr'><strong>lecutus</strong></span> <span class='ocrx_word' id='word_1_650' title='bbox 472 4229 587 4267; x_wconf 90' lang='lat' dir='ltr'><strong>sum</strong></span> <span class='ocrx_word' id='word_1_651' title='bbox 618 4215 786 4280; x_wconf 84' lang='lat' dir='ltr'><strong>vobis,</strong></span> <span class='ocrx_word' id='word_1_652' title='bbox 813 4217 1027 4284; x_wconf 82' lang='lat' dir='ltr'><strong>spiritus</strong></span> <span class='ocrx_word' id='word_1_653' title='bbox 1050 4227 1098 4270; x_wconf 94' lang='lat' dir='ltr'><strong>et</strong></span> <span class='ocrx_word' id='word_1_654' title='bbox 1122 4218 1223 4271; x_wconf 82' lang='lat' dir='ltr'><strong>vita</strong></span> <span class='ocrx_word' id='word_1_655' title='bbox 1250 4227 1371 4270; x_wconf 92' lang='lat' dir='ltr'><strong>sunt</strong></span> <span class='ocrx_word' id='word_1_656' title='bbox 1397 4217 1573 4290; x_wconf 73' lang='lat' dir='ltr'><strong>(loqu.</strong></span> <span class='ocrx_word' id='word_1_657' title='bbox 1608 4235 1677 4283; x_wconf 85' lang='lat' dir='ltr'><strong>rt,</strong></span> 
     </span>
    </p>
   </div>
   <div class='ocr_carea' id='block_1_75' title="bbox 152 4297 1680 4377">
    <p class='ocr_par' dir='ltr' id='par_1_75' title="bbox 152 4297 1680 4377">
     <span class='ocr_line' id='line_1_75' title="bbox 152 4297 1680 4377; baseline 0.007 -28"><span class='ocrx_word' id='word_1_658' title='bbox 152 4297 244 4366; x_wconf 77' lang='lat' dir='ltr'><strong>6t).</strong></span> <span class='ocrx_word' id='word_1_659' title='bbox 269 4300 330 4354; x_wconf 84' lang='lat' dir='ltr'><strong>Et</strong></span> <span class='ocrx_word' id='word_1_660' title='bbox 355 4303 418 4355; x_wconf 88' lang='lat' dir='ltr'><strong>ad</strong></span> <span class='ocrx_word' id='word_1_661' title='bbox 449 4302 656 4357; x_wconf 86' lang='lat' dir='ltr'><strong>Patrem</strong></span> <span class='ocrx_word' id='word_1_662' title='bbox 692 4322 702 4354; x_wconf 93' lang='lat'>:</span> <span class='ocrx_word' id='word_1_663' title='bbox 737 4305 841 4373; x_wconf 86' lang='lat' dir='ltr'><strong>Ego</strong></span> <span class='ocrx_word' id='word_1_664' title='bbox 863 4306 926 4357; x_wconf 92' lang='lat' dir='ltr'><strong>ad</strong></span> <span class='ocrx_word' id='word_1_665' title='bbox 957 4318 1006 4358; x_wconf 91' lang='lat' dir='ltr'><strong>te</strong></span> <span class='ocrx_word' id='word_1_666' title='bbox 1046 4308 1198 4364; x_wconf 84' lang='lat' dir='ltr'><strong>venio</strong></span> <span class='ocrx_word' id='word_1_667' title='bbox 1227 4325 1239 4359; x_wconf 88' lang='lat'>:</span> <span class='ocrx_word' id='word_1_668' title='bbox 1271 4319 1320 4360; x_wconf 94' lang='lat' dir='ltr'><strong>et</strong></span> <span class='ocrx_word' id='word_1_669' title='bbox 1353 4307 1464 4360; x_wconf 72' lang='lat' dir='ltr'><strong>iure</strong></span> <span class='ocrx_word' id='word_1_670' title='bbox 1494 4310 1578 4377; x_wconf 76' lang='lat' dir='ltr'><strong>luq</strong></span> <span class='ocrx_word' id='word_1_671' title='bbox 1604 4325 1680 4360; x_wconf 72' lang='grc' dir='ltr'><strong>»ιη-</strong></span> 
     </span>
    </p>
   </div>
   <div class='ocr_carea' id='block_1_76' title="bbox 151 4384 1679 4477">
    <p class='ocr_par' dir='ltr' id='par_1_76' title="bbox 151 4384 1679 4477">
     <span class='ocr_line' id='line_1_76' title="bbox 151 4384 1679 4477; baseline 0.009 -36"><span class='ocrx_word' id='word_1_672' title='bbox 151 4384 193 4438; x_wconf 91' lang='lat' dir='ltr'><strong>in</strong></span> <span class='ocrx_word' id='word_1_673' title='bbox 220 4387 310 4445; x_wconf 87' lang='lat' dir='ltr'><strong>hoc</strong></span> <span class='ocrx_word' id='word_1_674' title='bbox 329 4394 521 4449; x_wconf 83' lang='lat' dir='ltr'><strong>mundo</strong></span> <span class='ocrx_word' id='word_1_675' title='bbox 547 4393 722 4461; x_wconf 77' lang='lat' dir='ltr'><strong>(Joan.</strong></span> <span class='ocrx_word' id='word_1_676' title='bbox 760 4411 882 4460; x_wconf 82' lang='lat' dir='ltr'><strong>.\Vll,</strong></span> <span class='ocrx_word' id='word_1_677' title='bbox 917 4395 1024 4464; x_wconf 81' lang='grc'><strong>15).</strong></span> <span class='ocrx_word' id='word_1_678' title='bbox 1061 4396 1124 4477; x_wconf 77' lang='lat' dir='ltr'><strong>Et</strong></span> <span class='ocrx_word' id='word_1_679' title='bbox 1157 4399 1344 4451; x_wconf 80' lang='lat' dir='ltr'><strong>iterum</strong></span> <span class='ocrx_word' id='word_1_680' title='bbox 1377 4398 1571 4453; x_wconf 69' lang='lat' dir='ltr'><strong>Iuda-is</strong></span> <span class='ocrx_word' id='word_1_681' title='bbox 1602 4403 1679 4454; x_wconf 86' lang='lat' dir='ltr'><strong>di-</strong></span> 
     </span>
    </p>
   </div>
   <div class='ocr_carea' id='block_1_77' title="bbox 1789 3215 2826 3268">
    <p class='ocr_par' dir='ltr' id='par_1_77' title="bbox 1789 3215 2826 3268">
     <span class='ocr_line' id='line_1_77' title="bbox 1789 3215 2826 3268; baseline -0.005 0"><span class='ocrx_word' id='word_1_682' title='bbox 1789 3215 1910 3268; x_wconf 84' lang='lat' dir='ltr'><strong>tur?</strong></span> <span class='ocrx_word' id='word_1_683' title='bbox 2470 3222 2471 3225; x_wconf 77' lang='lat'>‘</span> <span class='ocrx_word' id='word_1_684' title='bbox 2558 3234 2574 3252; x_wconf 70' lang='grc' dir='ltr'><em>α</em></span> <span class='ocrx_word' id='word_1_685' title='bbox 2820 3256 2826 3263; x_wconf 90' lang='grc'><strong><em>,</em></strong></span> 
     </span>
    </p>
   </div>
   <div class='ocr_carea' id='block_1_78' title="bbox 2379 3290 2756 3366">
    <p class='ocr_par' dir='ltr' id='par_1_78' title="bbox 2379 3290 2756 3366">
     <span class='ocr_line' id='line_1_78' title="bbox 2379 3290 2756 3366; baseline 0.005 -4"><span class='ocrx_word' id='word_1_686' title='bbox 2379 3290 2602 3365; x_wconf 62' lang='lat' dir='ltr'><strong>CAPUT</strong></span> <span class='ocrx_word' id='word_1_687' title='bbox 2643 3304 2756 3366; x_wconf 82' lang='lat' dir='ltr'><strong>xu.</strong></span> 
     </span>
    </p>
   </div>
   <div class='ocr_carea' id='block_1_79' title="bbox 1827 3391 2899 3473">
    <p class='ocr_par' dir='ltr' id='par_1_79' title="bbox 1827 3391 2899 3473">
     <span class='ocr_line' id='line_1_79' title="bbox 1827 3391 2899 3473; baseline 0.013 -28"><span class='ocrx_word' id='word_1_688' title='bbox 1827 3467 1830 3472; x_wconf 24' lang='grc' dir='ltr'><strong>Ι</strong></span> <span class='ocrx_word' id='word_1_689' title='bbox 2237 3391 2426 3452; x_wconf 79' lang='lat' dir='ltr'><strong>Filium</strong></span> <span class='ocrx_word' id='word_1_690' title='bbox 2447 3417 2554 3455; x_wconf 81' lang='lat' dir='ltr'><strong>esse</strong></span> <span class='ocrx_word' id='word_1_691' title='bbox 2575 3403 2899 3473; x_wconf 80' lang='lat' dir='ltr'><strong>principium.</strong></span> 
     </span>
    </p>
   </div>
   <div class='ocr_carea' id='block_1_80' title="bbox 1839 3477 3355 3563">
    <p class='ocr_par' dir='ltr' id='par_1_80' title="bbox 1839 3477 3355 3563">
     <span class='ocr_line' id='line_1_80' title="bbox 1839 3477 3355 3563; baseline 0.007 -20"><span class='ocrx_word' id='word_1_692' title='bbox 1839 3477 1912 3543; x_wconf 36' lang='lat' dir='ltr'><strong>&#39;Sl</strong></span> <span class='ocrx_word' id='word_1_693' title='bbox 1943 3497 2116 3543; x_wconf 87' lang='lat' dir='ltr'><strong>autem</strong></span> <span class='ocrx_word' id='word_1_694' title='bbox 2145 3487 2413 3544; x_wconf 83' lang='lat' dir='ltr'><strong>dixerint:</strong></span> <span class='ocrx_word' id='word_1_695' title='bbox 2441 3489 2566 3546; x_wconf 87' lang='lat' dir='ltr'><strong>Erat</strong></span> <span class='ocrx_word' id='word_1_696' title='bbox 2600 3503 2805 3561; x_wconf 74' lang='lat' dir='ltr'><strong>tempus</strong></span> <span class='ocrx_word' id='word_1_697' title='bbox 2846 3500 3129 3563; x_wconf 83' lang='lat' dir='ltr'><strong>antequam</strong></span> <span class='ocrx_word' id='word_1_698' title='bbox 3161 3497 3227 3553; x_wconf 90' lang='lat' dir='ltr'><strong>de</strong></span> <span class='ocrx_word' id='word_1_699' title='bbox 3259 3500 3355 3554; x_wconf 77' lang='lat' dir='ltr'><strong>Pa-</strong></span> 
     </span>
    </p>
   </div>
   <div class='ocr_carea' id='block_1_81' title="bbox 1787 3578 3351 3652">
    <p class='ocr_par' dir='ltr' id='par_1_81' title="bbox 1787 3578 3351 3652">
     <span class='ocr_line' id='line_1_81' title="bbox 1787 3578 3351 3652; baseline 0.009 -22"><span class='ocrx_word' id='word_1_700' title='bbox 1787 3587 1866 3632; x_wconf 90' lang='lat' dir='ltr'><strong>tre</strong></span> <span class='ocrx_word' id='word_1_701' title='bbox 1906 3578 2069 3632; x_wconf 84' lang='lat' dir='ltr'><strong>Filius</strong></span> <span class='ocrx_word' id='word_1_702' title='bbox 2104 3590 2430 3643; x_wconf 78' lang='lat' dir='ltr'><strong>nasceretur,</strong></span> <span class='ocrx_word' id='word_1_703' title='bbox 2473 3582 2567 3649; x_wconf 87' lang='lat' dir='ltr'><strong>pro</strong></span> <span class='ocrx_word' id='word_1_704' title='bbox 2606 3596 2671 3635; x_wconf 92' lang='lat' dir='ltr'><strong>eo</strong></span> <span class='ocrx_word' id='word_1_705' title='bbox 2698 3583 2838 3652; x_wconf 91' lang='lat' dir='ltr'><strong>quod</strong></span> <span class='ocrx_word' id='word_1_706' title='bbox 2882 3583 3080 3641; x_wconf 67' lang='lat' dir='ltr'><strong>Iudaeis</strong></span> <span class='ocrx_word' id='word_1_707' title='bbox 3122 3589 3351 3645; x_wconf 70' lang='lat' dir='ltr'><strong>dixerit:</strong></span> 
     </span>
    </p>
   </div>
   <div class='ocr_carea' id='block_1_82' title="bbox 1787 3670 2960 3742">
    <p class='ocr_par' dir='ltr' id='par_1_82' title="bbox 1787 3670 2960 3742">
     <span class='ocr_line' id='line_1_82' title="bbox 1787 3670 2960 3742; baseline 0.006 -19"><span class='ocrx_word' id='word_1_708' title='bbox 1787 3670 2104 3738; x_wconf 83' lang='lat' dir='ltr'><strong>Principium</strong></span> <span class='ocrx_word' id='word_1_709' title='bbox 2129 3670 2266 3739; x_wconf 89' lang='lat' dir='ltr'><strong>quod</strong></span> <span class='ocrx_word' id='word_1_710' title='bbox 2294 3671 2481 3740; x_wconf 80' lang='lat' dir='ltr'><strong>loq’uor</strong></span> <span class='ocrx_word' id='word_1_711' title='bbox 2507 3673 2678 3742; x_wconf 81' lang='lat' dir='ltr'><strong>vobis.</strong></span> <span class='ocrx_word' id='word_1_712' title='bbox 2958 3673 2960 3675; x_wconf 74' lang='grc'><em>’</em></span> 
     </span>
    </p>
   </div>
   <div class='ocr_carea' id='block_1_83' title="bbox 1856 3761 3351 3844">
    <p class='ocr_par' dir='ltr' id='par_1_83' title="bbox 1856 3761 3351 3844">
     <span class='ocr_line' id='line_1_83' title="bbox 1856 3761 3351 3844; baseline 0.01 -28"><span class='ocrx_word' id='word_1_713' title='bbox 1856 3761 2156 3832; x_wconf 71' lang='lat' dir='ltr'><strong>Responsio.</strong></span> <span class='ocrx_word' id='word_1_714' title='bbox 2182 3761 2451 3832; x_wconf 80' lang='lat' dir='ltr'><strong>Cognosce</strong></span> <span class='ocrx_word' id='word_1_715' title='bbox 2473 3761 2658 3818; x_wconf 80' lang='lat' dir='ltr'><strong>Filium</strong></span> <span class='ocrx_word' id='word_1_716' title='bbox 2688 3782 2790 3819; x_wconf 91' lang='lat' dir='ltr'><strong>non</strong></span> <span class='ocrx_word' id='word_1_717' title='bbox 2813 3782 2876 3822; x_wconf 82' lang='lat' dir='ltr'><strong>ex</strong></span> <span class='ocrx_word' id='word_1_718' title='bbox 2897 3767 3154 3839; x_wconf 81' lang='lat' dir='ltr'><strong>tempore,</strong></span> <span class='ocrx_word' id='word_1_719' title='bbox 3179 3787 3351 3844; x_wconf 77' lang='lat' dir='ltr'><strong>neque</strong></span> 
     </span>
    </p>
   </div>
   <div class='ocr_carea' id='block_1_84' title="bbox 1787 3853 3350 3932">
    <p class='ocr_par' dir='ltr' id='par_1_84' title="bbox 1787 3853 3350 3932">
     <span class='ocr_line' id='line_1_84' title="bbox 1787 3853 3350 3932; baseline 0.009 -27"><span class='ocrx_word' id='word_1_720' title='bbox 1787 3859 1905 3916; x_wconf 83' lang='lat' dir='ltr'><strong>post</strong></span> <span class='ocrx_word' id='word_1_721' title='bbox 1936 3861 2170 3920; x_wconf 90' lang='lat' dir='ltr'><strong>tempora</strong></span> <span class='ocrx_word' id='word_1_722' title='bbox 2201 3862 2404 3919; x_wconf 86' lang='lat' dir='ltr'><strong>natum,</strong></span> <span class='ocrx_word' id='word_1_723' title='bbox 2435 3853 2526 3907; x_wconf 88' lang='lat' dir='ltr'><strong>sed</strong></span> <span class='ocrx_word' id='word_1_724' title='bbox 2554 3865 2675 3910; x_wconf 89' lang='lat' dir='ltr'><strong>ante</strong></span> <span class='ocrx_word' id='word_1_725' title='bbox 2697 3860 2872 3911; x_wconf 81' lang='lat' dir='ltr'><strong>omn&#39;a</strong></span> <span class='ocrx_word' id='word_1_726' title='bbox 2906 3866 3138 3928; x_wconf 84' lang='lat' dir='ltr'><strong>tempora</strong></span> <span class='ocrx_word' id='word_1_727' title='bbox 3167 3863 3234 3917; x_wconf 91' lang='lat' dir='ltr'><strong>de</strong></span> <span class='ocrx_word' id='word_1_728' title='bbox 3259 3879 3350 3932; x_wconf 55' lang='lat' dir='ltr'><strong>pa:</strong></span> 
     </span>
    </p>
   </div>
   <div class='ocr_carea' id='block_1_85' title="bbox 1788 3942 3355 4016">
    <p class='ocr_par' dir='ltr' id='par_1_85' title="bbox 1788 3942 3355 4016">
     <span class='ocr_line' id='line_1_85' title="bbox 1788 3942 3355 4016; baseline 0.01 -23"><span class='ocrx_word' id='word_1_729' title='bbox 1788 3950 1939 3996; x_wconf 83' lang='lat' dir='ltr'><strong>terno</strong></span> <span class='ocrx_word' id='word_1_730' title='bbox 1968 3950 2119 3995; x_wconf 85' lang='lat' dir='ltr'><strong>utero</strong></span> <span class='ocrx_word' id='word_1_731' title='bbox 2150 3942 2579 3999; x_wconf 77' lang='lat' dir='ltr'><strong>inenarrahiiiter</strong></span> <span class='ocrx_word' id='word_1_732' title='bbox 2609 3957 2942 4013; x_wconf 79' lang='lat' dir='ltr'><strong>generatum,</strong></span> <span class='ocrx_word' id='word_1_733' title='bbox 2975 3947 3089 4016; x_wconf 78' lang='lat' dir='ltr'><strong>ipso</strong></span> <span class='ocrx_word' id='word_1_734' title='bbox 3115 3951 3223 4006; x_wconf 78' lang='lat' dir='ltr'><strong>Deo</strong></span> <span class='ocrx_word' id='word_1_735' title='bbox 3257 3953 3355 4008; x_wconf 81' lang='lat' dir='ltr'><strong>Pa-</strong></span> 
     </span>
    </p>
   </div>
   <div class='ocr_carea' id='block_1_86' title="bbox 1788 4020 3352 4112">
    <p class='ocr_par' dir='ltr' id='par_1_86' title="bbox 1788 4020 3352 4112">
     <span class='ocr_line' id='line_1_86' title="bbox 1788 4020 3352 4112; baseline 0.01 -27"><span class='ocrx_word' id='word_1_736' title='bbox 1788 4043 1865 4086; x_wconf 89' lang='lat' dir='ltr'><strong>tre</strong></span> <span class='ocrx_word' id='word_1_737' title='bbox 1895 4033 1944 4086; x_wconf 89' lang='lat' dir='ltr'><strong>in</strong></span> <span class='ocrx_word' id='word_1_738' title='bbox 1976 4034 2267 4109; x_wconf 86' lang='lat' dir='ltr'><strong>ccn&#39;esimo</strong></span> <span class='ocrx_word' id='word_1_739' title='bbox 2298 4050 2438 4088; x_wconf 91' lang='lat' dir='ltr'><strong>nono</strong></span> <span class='ocrx_word' id='word_1_740' title='bbox 2472 4033 2676 4103; x_wconf 69' lang='lat' dir='ltr'><strong>péaimo</strong></span> <span class='ocrx_word' id='word_1_741' title='bbox 2705 4037 2882 4110; x_wconf 74' lang='lat' dir='ltr'><strong>(Vera.</strong></span> <span class='ocrx_word' id='word_1_742' title='bbox 2915 4039 2967 4107; x_wconf 86' lang='grc'><strong>5)</strong></span> <span class='ocrx_word' id='word_1_743' title='bbox 2999 4056 3093 4109; x_wconf 91' lang='lat' dir='ltr'><strong>per</strong></span> <span class='ocrx_word' id='word_1_744' title='bbox 3123 4020 3352 4112; x_wconf 60' lang='lat' dir='ltr'><strong>prophc-s</strong></span> 
     </span>
    </p>
   </div>
   <div class='ocr_carea' id='block_1_87' title="bbox 1788 4123 3350 4194">
    <p class='ocr_par' dir='ltr' id='par_1_87' title="bbox 1788 4123 3350 4194">
     <span class='ocr_line' id='line_1_87' title="bbox 1788 4123 3350 4194; baseline 0.008 -19"><span class='ocrx_word' id='word_1_745' title='bbox 1788 4133 1890 4175; x_wconf 82' lang='lat' dir='ltr'><strong>tam</strong></span> <span class='ocrx_word' id='word_1_746' title='bbox 1938 4123 2192 4177; x_wconf 87' lang='lat' dir='ltr'><strong>dicente:</strong></span> <span class='ocrx_word' id='word_1_747' title='bbox 2228 4125 2280 4176; x_wconf 90' lang='lat' dir='ltr'><strong>lu</strong></span> <span class='ocrx_word' id='word_1_748' title='bbox 2330 4127 2702 4194; x_wconf 75' lang='lat' dir='ltr'><strong>Splendorihus</strong></span> <span class='ocrx_word' id='word_1_749' title='bbox 2745 4139 3050 4183; x_wconf 88' lang='lat' dir='ltr'><strong>sanctorum</strong></span> <span class='ocrx_word' id='word_1_750' title='bbox 3092 4147 3153 4185; x_wconf 77' lang='lat' dir='ltr'><strong>ex</strong></span> <span class='ocrx_word' id='word_1_751' title='bbox 3201 4143 3350 4194; x_wconf 87' lang='lat' dir='ltr'><strong>utero</strong></span> 
     </span>
    </p>
   </div>
   <div class='ocr_carea' id='block_1_88' title="bbox 1785 4192 3349 4293">
    <p class='ocr_par' dir='ltr' id='par_1_88' title="bbox 1785 4192 3349 4293">
     <span class='ocr_line' id='line_1_88' title="bbox 1785 4192 3349 4293; baseline 0.01 -30"><span class='ocrx_word' id='word_1_752' title='bbox 1785 4221 1906 4265; x_wconf 89' lang='lat' dir='ltr'><strong>ante</strong></span> <span class='ocrx_word' id='word_1_753' title='bbox 1935 4211 1968 4265; x_wconf 85' lang='grc' dir='ltr'><strong>Ι.</strong></span> <span class='ocrx_word' id='word_1_754' title='bbox 1991 4212 2210 4268; x_wconf 58' lang='lat' dir='ltr'><strong>citi-rum</strong></span> <span class='ocrx_word' id='word_1_755' title='bbox 2248 4192 2402 4282; x_wconf 84' lang='lat' dir='ltr'><strong>genui</strong></span> <span class='ocrx_word' id='word_1_756' title='bbox 2439 4222 2510 4269; x_wconf 74' lang='lat' dir='ltr'><strong>te.</strong></span> <span class='ocrx_word' id='word_1_757' title='bbox 2542 4215 2709 4282; x_wconf 84' lang='lat' dir='ltr'><strong>Quam</strong></span> <span class='ocrx_word' id='word_1_758' title='bbox 2741 4214 3058 4293; x_wconf 68' lang='lat' dir='ltr'><strong>sententiain</strong></span> <span class='ocrx_word' id='word_1_759' title='bbox 3095 4192 3349 4280; x_wconf 51' lang='lat' dir='ltr'><strong>et&quot;is:iias&#39;</strong></span> 
     </span>
    </p>
   </div>
   <div class='ocr_carea' id='block_1_89' title="bbox 1785 4303 3348 4383">
    <p class='ocr_par' dir='ltr' id='par_1_89' title="bbox 1785 4303 3348 4383">
     <span class='ocr_line' id='line_1_89' title="bbox 1785 4303 3348 4383; baseline 0.011 -31"><span class='ocrx_word' id='word_1_760' title='bbox 1785 4306 2040 4370; x_wconf 85' lang='lat' dir='ltr'><strong>propheta</strong></span> <span class='ocrx_word' id='word_1_761' title='bbox 2070 4303 2243 4357; x_wconf 73' lang='lat' dir='ltr'><strong>dubiis</strong></span> <span class='ocrx_word' id='word_1_762' title='bbox 2263 4314 2422 4373; x_wconf 84' lang='lat' dir='ltr'><strong>atque</strong></span> <span class='ocrx_word' id='word_1_763' title='bbox 2449 4305 2732 4360; x_wconf 83' lang='lat' dir='ltr'><strong>incredulis</strong></span> <span class='ocrx_word' id='word_1_764' title='bbox 2760 4309 3035 4383; x_wconf 73' lang='lat' dir='ltr'><strong>evidenter</strong></span> <span class='ocrx_word' id='word_1_765' title='bbox 3050 4319 3312 4381; x_wconf 62' lang='lat' dir='ltr'><strong>expressit</strong></span> <span class='ocrx_word' id='word_1_766' title='bbox 3336 4335 3348 4369; x_wconf 73' lang='grc' dir='ltr'><strong>ι</strong></span> 
     </span>
    </p>
   </div>
   <div class='ocr_carea' id='block_1_90' title="bbox 1787 4395 3352 4467">
    <p class='ocr_par' dir='ltr' id='par_1_90' title="bbox 1787 4395 3352 4467">
     <span class='ocr_line' id='line_1_90' title="bbox 1787 4395 3352 4467; baseline 0.009 -21"><span class='ocrx_word' id='word_1_767' title='bbox 1787 4395 1910 4446; x_wconf 89' lang='lat' dir='ltr'><strong>dum</strong></span> <span class='ocrx_word' id='word_1_768' title='bbox 1945 4410 2048 4447; x_wconf 90' lang='lat' dir='ltr'><strong>non</strong></span> <span class='ocrx_word' id='word_1_769' title='bbox 2081 4395 2221 4449; x_wconf 87' lang='lat' dir='ltr'><strong>aliud</strong></span> <span class='ocrx_word' id='word_1_770' title='bbox 2253 4395 2318 4448; x_wconf 82' lang='lat' dir='ltr'><strong>de</strong></span> <span class='ocrx_word' id='word_1_771' title='bbox 2351 4396 2505 4464; x_wconf 88' lang='lat' dir='ltr'><strong>Filio,</strong></span> <span class='ocrx_word' id='word_1_772' title='bbox 2543 4413 2699 4467; x_wconf 89' lang='lat' dir='ltr'><strong>quam</strong></span> <span class='ocrx_word' id='word_1_773' title='bbox 2733 4400 2800 4454; x_wconf 88' lang='lat' dir='ltr'><strong>de</strong></span> <span class='ocrx_word' id='word_1_774' title='bbox 2833 4401 2985 4455; x_wconf 87' lang='lat' dir='ltr'><strong>Patre</strong></span> <span class='ocrx_word' id='word_1_775' title='bbox 3017 4403 3352 4460; x_wconf 75' lang='lat' dir='ltr'><strong>ineiiahiiiter</strong></span> 
     </span>
    </p>
   </div>
   <div class='ocr_carea' id='block_1_91' title="bbox 152 4469 3354 4560">
    <p class='ocr_par' dir='ltr' id='par_1_91' title="bbox 152 4469 3354 4560">
     <span class='ocr_line' id='line_1_91' title="bbox 152 4469 3354 4560; baseline 0.006 -25"><span class='ocrx_word' id='word_1_776' title='bbox 152 4480 206 4530; x_wconf 85' lang='lat' dir='ltr'><strong>cit</strong></span> <span class='ocrx_word' id='word_1_777' title='bbox 231 4499 243 4533; x_wconf 90' lang='lat'>:</span> <span class='ocrx_word' id='word_1_778' title='bbox 273 4484 473 4554; x_wconf 87' lang='lat' dir='ltr'><strong>Loquor</strong></span> <span class='ocrx_word' id='word_1_779' title='bbox 497 4487 648 4541; x_wconf 91' lang='lat' dir='ltr'><strong>vobis</strong></span> <span class='ocrx_word' id='word_1_780' title='bbox 678 4498 725 4541; x_wconf 91' lang='lat' dir='ltr'><strong>et</strong></span> <span class='ocrx_word' id='word_1_781' title='bbox 761 4503 860 4540; x_wconf 91' lang='lat' dir='ltr'><strong>non</strong></span> <span class='ocrx_word' id='word_1_782' title='bbox 905 4470 1149 4554; x_wconf 82' lang='lat' dir='ltr'><strong>audistis,</strong></span> <span class='ocrx_word' id='word_1_783' title='bbox 1196 4491 1238 4543; x_wconf 86' lang='lat' dir='ltr'><strong>si</strong></span> <span class='ocrx_word' id='word_1_784' title='bbox 1271 4502 1443 4544; x_wconf 87' lang='lat' dir='ltr'><strong>autem</strong></span> <span class='ocrx_word' id='word_1_785' title='bbox 1478 4494 1682 4546; x_wconf 78' lang='lat' dir='ltr'><strong>vein-rit</strong></span> <span class='ocrx_word' id='word_1_786' title='bbox 1717 4469 1763 4526; x_wconf 82' lang='grc' dir='ltr'><strong>Ῐ)</strong></span> <span class='ocrx_word' id='word_1_787' title='bbox 1791 4498 1968 4539; x_wconf 91' lang='lat' dir='ltr'><strong>natum</strong></span> <span class='ocrx_word' id='word_1_788' title='bbox 1999 4488 2231 4542; x_wconf 88' lang='lat' dir='ltr'><strong>ostendit</strong></span> <span class='ocrx_word' id='word_1_789' title='bbox 2258 4503 2271 4541; x_wconf 92' lang='lat'><strong>:</strong></span> <span class='ocrx_word' id='word_1_790' title='bbox 2303 4488 2361 4542; x_wconf 87' lang='lat' dir='ltr'><strong>in</strong></span> <span class='ocrx_word' id='word_1_791' title='bbox 2389 4489 2704 4559; x_wconf 87' lang='lat' dir='ltr'><strong>humilitate,</strong></span> <span class='ocrx_word' id='word_1_792' title='bbox 2746 4492 2935 4560; x_wconf 86' lang='lat' dir='ltr'><strong>inquit,</strong></span> <span class='ocrx_word' id='word_1_793' title='bbox 2977 4495 3238 4551; x_wconf 75' lang='lat' dir='ltr'><strong>sublatum</strong></span> <span class='ocrx_word' id='word_1_794' title='bbox 3270 4507 3354 4553; x_wconf 86' lang='lat' dir='ltr'><strong>est</strong></span> 
     </span>
    </p>
   </div>
   <div class='ocr_carea' id='block_1_92' title="bbox 151 4570 3352 4658">
    <p class='ocr_par' dir='ltr' id='par_1_92' title="bbox 151 4570 3352 4658">
     <span class='ocr_line' id='line_1_92' title="bbox 151 4570 3352 4658; baseline 0.006 -38"><span class='ocrx_word' id='word_1_795' title='bbox 151 4570 282 4637; x_wconf 77' lang='lat' dir='ltr'><strong>alius,</strong></span> <span class='ocrx_word' id='word_1_796' title='bbox 310 4575 449 4630; x_wconf 79' lang='lat' dir='ltr'><strong>iilum</strong></span> <span class='ocrx_word' id='word_1_797' title='bbox 481 4577 705 4631; x_wconf 78' lang='lat' dir='ltr'><strong>audietis</strong></span> <span class='ocrx_word' id='word_1_798' title='bbox 741 4578 916 4647; x_wconf 81' lang='lat' dir='ltr'><strong>(Joan.</strong></span> <span class='ocrx_word' id='word_1_799' title='bbox 943 4594 992 4642; x_wconf 80' lang='grc' dir='ltr'><strong>ν,</strong></span> <span class='ocrx_word' id='word_1_800' title='bbox 1022 4579 1134 4632; x_wconf 60' lang='lat'><strong>43!.</strong></span> <span class='ocrx_word' id='word_1_801' title='bbox 1179 4580 1241 4632; x_wconf 84' lang='lat' dir='ltr'><strong>Et</strong></span> <span class='ocrx_word' id='word_1_802' title='bbox 1288 4582 1472 4634; x_wconf 88' lang='lat' dir='ltr'><strong>iterum</strong></span> <span class='ocrx_word' id='word_1_803' title='bbox 1510 4599 1520 4632; x_wconf 94' lang='lat'><strong>:</strong></span> <span class='ocrx_word' id='word_1_804' title='bbox 1559 4582 1681 4635; x_wconf 81' lang='lat' dir='ltr'><strong>li:ec</strong></span> <span class='ocrx_word' id='word_1_805' title='bbox 1777 4577 2034 4646; x_wconf 79' lang='lat' dir='ltr'><strong>judicium</strong></span> <span class='ocrx_word' id='word_1_806' title='bbox 2077 4579 2212 4647; x_wconf 79' lang='lat' dir='ltr'><strong>ejus,</strong></span> <span class='ocrx_word' id='word_1_807' title='bbox 2264 4581 2590 4634; x_wconf 77' lang='lat' dir='ltr'><strong>nativitatem</strong></span> <span class='ocrx_word' id='word_1_808' title='bbox 2641 4583 2797 4654; x_wconf 79' lang='lat'><strong>373</strong></span> <span class='ocrx_word' id='word_1_809' title='bbox 2855 4596 3028 4640; x_wconf 84' lang='lat' dir='ltr'><strong>autem</strong></span> <span class='ocrx_word' id='word_1_810' title='bbox 3079 4588 3192 4657; x_wconf 83' lang='lat' dir='ltr'><strong>ejus</strong></span> <span class='ocrx_word' id='word_1_811' title='bbox 3229 4593 3352 4658; x_wconf 64' lang='lat' dir='ltr'><strong>quis</strong></span> 
     </span>
    </p>
   </div>
   <div class='ocr_carea' id='block_1_93' title="bbox 153 4659 1676 4740">
    <p class='ocr_par' dir='ltr' id='par_1_93' title="bbox 153 4659 1676 4740">
     <span class='ocr_line' id='line_1_93' title="bbox 153 4659 1676 4740; baseline 0.009 -27"><span class='ocrx_word' id='word_1_812' title='bbox 153 4659 328 4718; x_wconf 78' lang='lat' dir='ltr'><strong>locutus</strong></span> <span class='ocrx_word' id='word_1_813' title='bbox 357 4677 436 4720; x_wconf 91' lang='lat' dir='ltr'><strong>est</strong></span> <span class='ocrx_word' id='word_1_814' title='bbox 469 4667 623 4721; x_wconf 86' lang='lat' dir='ltr'><strong>Jcsus</strong></span> <span class='ocrx_word' id='word_1_815' title='bbox 655 4669 704 4720; x_wconf 91' lang='lat' dir='ltr'><strong>iu</strong></span> <span class='ocrx_word' id='word_1_816' title='bbox 744 4670 1118 4737; x_wconf 74' lang='lat' dir='ltr'><strong>gazophyiztcio</strong></span> <span class='ocrx_word' id='word_1_817' title='bbox 1149 4670 1346 4726; x_wconf 89' lang='lat' dir='ltr'><strong>docens</strong></span> <span class='ocrx_word' id='word_1_818' title='bbox 1376 4673 1426 4723; x_wconf 92' lang='lat' dir='ltr'><strong>in</strong></span> <span class='ocrx_word' id='word_1_819' title='bbox 1459 4673 1676 4740; x_wconf 74' lang='lat' dir='ltr'><strong>templo,</strong></span> 
     </span>
    </p>
   </div>
   <div class='ocr_carea' id='block_1_94' title="bbox 151 4757 1676 4828">
    <p class='ocr_par' dir='ltr' id='par_1_94' title="bbox 151 4757 1676 4828">
     <span class='ocr_line' id='line_1_94' title="bbox 151 4757 1676 4828; baseline 0.01 -27"><span class='ocrx_word' id='word_1_820' title='bbox 151 4757 194 4802; x_wconf 86' lang='lat' dir='ltr'><strong>et</strong></span> <span class='ocrx_word' id='word_1_821' title='bbox 213 4769 351 4811; x_wconf 86' lang='lat' dir='ltr'><strong>nemo</strong></span> <span class='ocrx_word' id='word_1_822' title='bbox 379 4758 726 4825; x_wconf 85' lang='lat' dir='ltr'><strong>apprehendit</strong></span> <span class='ocrx_word' id='word_1_823' title='bbox 750 4773 890 4823; x_wconf 89' lang='lat' dir='ltr'><strong>eum,</strong></span> <span class='ocrx_word' id='word_1_824' title='bbox 921 4761 1036 4828; x_wconf 86' lang='lat' dir='ltr'><strong>quia</strong></span> <span class='ocrx_word' id='word_1_825' title='bbox 1065 4760 1294 4813; x_wconf 89' lang='lat' dir='ltr'><strong>nondum</strong></span> <span class='ocrx_word' id='word_1_826' title='bbox 1312 4773 1526 4815; x_wconf 81' lang='lat' dir='ltr'><strong>venerat</strong></span> <span class='ocrx_word' id='word_1_827' title='bbox 1552 4763 1676 4816; x_wconf 87' lang='lat' dir='ltr'><strong>hora</strong></span> 
     </span>
    </p>
   </div>
   <div class='ocr_carea' id='block_1_95' title="bbox 153 4841 1676 4920">
    <p class='ocr_par' dir='ltr' id='par_1_95' title="bbox 153 4841 1676 4920">
     <span class='ocr_line' id='line_1_95' title="bbox 153 4841 1676 4920; baseline 0.01 -28"><span class='ocrx_word' id='word_1_828' title='bbox 153 4841 245 4908; x_wconf 87' lang='lat' dir='ltr'><strong>ejus</strong></span> <span class='ocrx_word' id='word_1_829' title='bbox 271 4844 436 4916; x_wconf 79' lang='lat' dir='ltr'><strong>(Joan.</strong></span> <span class='ocrx_word' id='word_1_830' title='bbox 460 4865 574 4911; x_wconf 85' lang='lat' dir='ltr'><strong>vni,</strong></span> <span class='ocrx_word' id='word_1_831' title='bbox 603 4849 716 4918; x_wconf 70' lang='lat'><strong>20).</strong></span> <span class='ocrx_word' id='word_1_832' title='bbox 754 4851 886 4903; x_wconf 75' lang='lat' dir='ltr'><strong>Ecce</strong></span> <span class='ocrx_word' id='word_1_833' title='bbox 913 4849 965 4902; x_wconf 92' lang='lat' dir='ltr'><strong>in</strong></span> <span class='ocrx_word' id='word_1_834' title='bbox 998 4850 1060 4903; x_wconf 87' lang='lat' dir='ltr'><strong>iis</strong></span> <span class='ocrx_word' id='word_1_835' title='bbox 1081 4851 1348 4915; x_wconf 87' lang='lat' dir='ltr'><strong>omnibus,</strong></span> <span class='ocrx_word' id='word_1_836' title='bbox 1373 4866 1490 4920; x_wconf 65' lang='lat' dir='ltr'><strong>quae</strong></span> <span class='ocrx_word' id='word_1_837' title='bbox 1516 4867 1676 4920; x_wconf 82' lang='lat' dir='ltr'><strong>supe-</strong></span> 
     </span>
    </p>
   </div>
   <div class='ocr_carea' id='block_1_96' title="bbox 154 4935 1682 5025">
    <p class='ocr_par' dir='ltr' id='par_1_96' title="bbox 154 4935 1682 5025">
     <span class='ocr_line' id='line_1_96' title="bbox 154 4935 1682 5025; baseline 0.008 -37"><span class='ocrx_word' id='word_1_838' title='bbox 154 4935 243 4990; x_wconf 85' lang='lat' dir='ltr'><strong>rius</strong></span> <span class='ocrx_word' id='word_1_839' title='bbox 264 4941 390 4995; x_wconf 90' lang='lat' dir='ltr'><strong>dicta</strong></span> <span class='ocrx_word' id='word_1_840' title='bbox 411 4952 553 5005; x_wconf 84' lang='lat' dir='ltr'><strong>sunt,</strong></span> <span class='ocrx_word' id='word_1_841' title='bbox 572 4958 673 4996; x_wconf 89' lang='lat' dir='ltr'><strong>non</strong></span> <span class='ocrx_word' id='word_1_842' title='bbox 697 4939 855 4997; x_wconf 69' lang='lat' dir='ltr'><strong>doces</strong></span> <span class='ocrx_word' id='word_1_843' title='bbox 875 4941 1062 4996; x_wconf 79' lang='lat' dir='ltr'><strong>Filium</strong></span> <span class='ocrx_word' id='word_1_844' title='bbox 1084 4955 1344 5025; x_wconf 72' lang='lat' dir='ltr'><strong>prtecepto</strong></span> <span class='ocrx_word' id='word_1_845' title='bbox 1363 4945 1531 4998; x_wconf 84' lang='lat' dir='ltr'><strong>Patris</strong></span> <span class='ocrx_word' id='word_1_846' title='bbox 1557 4947 1682 5000; x_wconf 82' lang='lat' dir='ltr'><strong>fuis-</strong></span> 
     </span>
    </p>
   </div>
   <div class='ocr_carea' id='block_1_97' title="bbox 153 5028 1680 5106">
    <p class='ocr_par' dir='ltr' id='par_1_97' title="bbox 153 5028 1680 5106">
     <span class='ocr_line' id='line_1_97' title="bbox 153 5028 1680 5106; baseline 0.009 -29"><span class='ocrx_word' id='word_1_847' title='bbox 153 5038 200 5077; x_wconf 75' lang='lat' dir='ltr'><strong>se</strong></span> <span class='ocrx_word' id='word_1_848' title='bbox 222 5028 456 5100; x_wconf 89' lang='lat' dir='ltr'><strong>locutum,</strong></span> <span class='ocrx_word' id='word_1_849' title='bbox 484 5035 576 5099; x_wconf 86' lang='lat' dir='ltr'><strong>sed</strong></span> <span class='ocrx_word' id='word_1_850' title='bbox 607 5035 774 5104; x_wconf 86' lang='lat' dir='ltr'><strong>magis</strong></span> <span class='ocrx_word' id='word_1_851' title='bbox 797 5035 1098 5090; x_wconf 79' lang='lat' dir='ltr'><strong>exercuisse</strong></span> <span class='ocrx_word' id='word_1_852' title='bbox 1125 5037 1177 5088; x_wconf 93' lang='lat' dir='ltr'><strong>in</strong></span> <span class='ocrx_word' id='word_1_853' title='bbox 1212 5036 1474 5105; x_wconf 82' lang='lat' dir='ltr'><strong>loquendo</strong></span> <span class='ocrx_word' id='word_1_854' title='bbox 1513 5035 1680 5106; x_wconf 88' lang='lat' dir='ltr'><strong>impe-</strong></span> 
     </span>
    </p>
   </div>
   <div class='ocr_carea' id='block_1_98' title="bbox 155 5127 286 5172">
    <p class='ocr_par' dir='ltr' id='par_1_98' title="bbox 155 5127 286 5172">
     <span class='ocr_line' id='line_1_98' title="bbox 155 5127 286 5172; baseline 0.031 -3"><span class='ocrx_word' id='word_1_855' title='bbox 155 5127 286 5172; x_wconf 72' lang='lat' dir='ltr'><strong>&quot;tim.</strong></span> 
     </span>
    </p>
   </div>
   <div class='ocr_carea' id='block_1_99' title="bbox 730 5213 1073 5271">
    <p class='ocr_par' dir='ltr' id='par_1_99' title="bbox 730 5213 1073 5271">
     <span class='ocr_line' id='line_1_99' title="bbox 730 5213 1073 5271; baseline -0.009 0"><span class='ocrx_word' id='word_1_856' title='bbox 730 5213 954 5271; x_wconf 82' lang='lat' dir='ltr'><strong>CAPUT</strong></span> <span class='ocrx_word' id='word_1_857' title='bbox 990 5217 1073 5270; x_wconf 78' lang='lat' dir='ltr'><strong>XI.</strong></span> 
     </span>
    </p>
   </div>
   <div class='ocr_carea' id='block_1_100' title="bbox 156 5291 1676 5378">
    <p class='ocr_par' dir='ltr' id='par_1_100' title="bbox 156 5291 1676 5378">
     <span class='ocr_line' id='line_1_100' title="bbox 156 5291 1676 5378; baseline 0.011 -32"><span class='ocrx_word' id='word_1_858' title='bbox 156 5291 352 5355; x_wconf 77' lang='lat' dir='ltr'><strong>Jtmione</strong></span> <span class='ocrx_word' id='word_1_859' title='bbox 374 5303 542 5360; x_wconf 73' lang='lat' dir='ltr'><strong>Patris</strong></span> <span class='ocrx_word' id='word_1_860' title='bbox 565 5307 814 5375; x_wconf 78' lang='lat' dir='ltr'><strong>quomodo</strong></span> <span class='ocrx_word' id='word_1_861' title='bbox 845 5301 1014 5360; x_wconf 73' lang='lat' dir='ltr'><strong>Filius</strong></span> <span class='ocrx_word' id='word_1_862' title='bbox 1041 5297 1214 5374; x_wconf 73' lang='lat' dir='ltr'><strong>fecerit</strong></span> <span class='ocrx_word' id='word_1_863' title='bbox 1235 5321 1346 5375; x_wconf 80' lang='lat' dir='ltr'><strong>qua:</strong></span> <span class='ocrx_word' id='word_1_864' title='bbox 1371 5308 1506 5378; x_wconf 78' lang='lat' dir='ltr'><strong>facta</strong></span> <span class='ocrx_word' id='word_1_865' title='bbox 1537 5318 1676 5362; x_wconf 73' lang='lat' dir='ltr'><strong>sunt.</strong></span> 
     </span>
    </p>
   </div>
   <div class='ocr_carea' id='block_1_101' title="bbox 210 5386 1676 5468">
    <p class='ocr_par' dir='ltr' id='par_1_101' title="bbox 210 5386 1676 5468">
     <span class='ocr_line' id='line_1_101' title="bbox 210 5386 1676 5468; baseline 0.009 -27"><span class='ocrx_word' id='word_1_866' title='bbox 210 5386 256 5442; x_wconf 90' lang='lat' dir='ltr'><strong>Si</strong></span> <span class='ocrx_word' id='word_1_867' title='bbox 286 5394 367 5464; x_wconf 87' lang='lat' dir='ltr'><strong>tibi</strong></span> <span class='ocrx_word' id='word_1_868' title='bbox 404 5391 671 5452; x_wconf 82' lang='lat' dir='ltr'><strong>dixerint:</strong></span> <span class='ocrx_word' id='word_1_869' title='bbox 705 5398 822 5468; x_wconf 88' lang='lat' dir='ltr'><strong>quia</strong></span> <span class='ocrx_word' id='word_1_870' title='bbox 855 5397 1020 5452; x_wconf 82' lang='lat' dir='ltr'><strong>Filius</strong></span> <span class='ocrx_word' id='word_1_871' title='bbox 1045 5398 1287 5467; x_wconf 88' lang='lat' dir='ltr'><strong>jussione</strong></span> <span class='ocrx_word' id='word_1_872' title='bbox 1325 5399 1498 5455; x_wconf 82' lang='lat' dir='ltr'><strong>Patris</strong></span> <span class='ocrx_word' id='word_1_873' title='bbox 1528 5399 1676 5468; x_wconf 85' lang='lat' dir='ltr'><strong>iecit,</strong></span> 
     </span>
    </p>
   </div>
   <div class='ocr_carea' id='block_1_102' title="bbox 158 5483 554 5546">
    <p class='ocr_par' dir='ltr' id='par_1_102' title="bbox 158 5483 554 5546">
     <span class='ocr_line' id='line_1_102' title="bbox 158 5483 554 5546; baseline 0.015 -12"><span class='ocrx_word' id='word_1_874' title='bbox 158 5492 251 5546; x_wconf 79' lang='lat' dir='ltr'><strong>qua:</strong></span> <span class='ocrx_word' id='word_1_875' title='bbox 268 5483 388 5540; x_wconf 78' lang='lat' dir='ltr'><strong>facta</strong></span> <span class='ocrx_word' id='word_1_876' title='bbox 409 5501 469 5540; x_wconf 93' lang='lat' dir='ltr'><strong>su</strong></span> <span class='ocrx_word' id='word_1_877' title='bbox 480 5497 554 5540; x_wconf 81' lang='lat' dir='ltr'><strong>nt.</strong></span> 
     </span>
    </p>
   </div>
   <div class='ocr_carea' id='block_1_103' title="bbox 214 5572 1677 5651">
    <p class='ocr_par' dir='ltr' id='par_1_103' title="bbox 214 5572 1677 5651">
     <span class='ocr_line' id='line_1_103' title="bbox 214 5572 1677 5651; baseline 0.006 -23"><span class='ocrx_word' id='word_1_878' title='bbox 214 5572 484 5632; x_wconf 71' lang='lat' dir='ltr'><strong>Responsio.</strong></span> <span class='ocrx_word' id='word_1_879' title='bbox 517 5579 628 5631; x_wconf 72' lang='lat' dir='ltr'><strong>Non</strong></span> <span class='ocrx_word' id='word_1_880' title='bbox 653 5589 708 5632; x_wconf 92' lang='lat' dir='ltr'><strong>ut</strong></span> <span class='ocrx_word' id='word_1_881' title='bbox 739 5581 850 5646; x_wconf 81' lang='lat' dir='ltr'><strong>ipse</strong></span> <span class='ocrx_word' id='word_1_882' title='bbox 879 5582 1072 5636; x_wconf 90' lang='lat' dir='ltr'><strong>astruis</strong></span> <span class='ocrx_word' id='word_1_883' title='bbox 1100 5581 1548 5651; x_wconf 73' lang='lat' dir='ltr'><strong>Filiumjussione</strong></span> <span class='ocrx_word' id='word_1_884' title='bbox 1573 5580 1677 5637; x_wconf 81' lang='lat' dir='ltr'><strong>Pa-</strong></span> 
     </span>
    </p>
   </div>
   <div class='ocr_carea' id='block_1_104' title="bbox 162 5661 1676 5745">
    <p class='ocr_par' dir='ltr' id='par_1_104' title="bbox 162 5661 1676 5745">
     <span class='ocr_line' id='line_1_104' title="bbox 162 5661 1676 5745; baseline 0.013 -32"><span class='ocrx_word' id='word_1_885' title='bbox 162 5661 438 5727; x_wconf 81' lang='lat' dir='ltr'><strong>ttisiccisse.</strong></span> <span class='ocrx_word' id='word_1_886' title='bbox 460 5685 574 5736; x_wconf 71' lang='lat' dir='ltr'><strong>qum.</strong></span> <span class='ocrx_word' id='word_1_887' title='bbox 598 5669 728 5723; x_wconf 81' lang='lat' dir='ltr'><strong>facta</strong></span> <span class='ocrx_word' id='word_1_888' title='bbox 762 5682 884 5726; x_wconf 86' lang='lat' dir='ltr'><strong>sunt</strong></span> <span class='ocrx_word' id='word_1_889' title='bbox 910 5691 922 5726; x_wconf 88' lang='lat'><strong>:</strong></span> <span class='ocrx_word' id='word_1_890' title='bbox 952 5674 1042 5728; x_wconf 77' lang='lat' dir='ltr'><strong>sed</strong></span> <span class='ocrx_word' id='word_1_891' title='bbox 1062 5675 1143 5729; x_wconf 87' lang='lat' dir='ltr'><strong>sui</strong></span> <span class='ocrx_word' id='word_1_892' title='bbox 1168 5673 1389 5745; x_wconf 81' lang='lat' dir='ltr'><strong>imperia</strong></span> <span class='ocrx_word' id='word_1_893' title='bbox 1414 5684 1466 5729; x_wconf 92' lang='lat' dir='ltr'><strong>ct</strong></span> <span class='ocrx_word' id='word_1_894' title='bbox 1490 5675 1676 5731; x_wconf 84' lang='lat' dir='ltr'><strong>volun-</strong></span> 
     </span>
    </p>
   </div>
   <div class='ocr_carea' id='block_1_105' title="bbox 365 5759 849 5820">
    <p class='ocr_par' dir='ltr' id='par_1_105' title="bbox 365 5759 849 5820">
     <span class='ocr_line' id='line_1_105' title="bbox 365 5759 849 5820; baseline 0.006 -4"><span class='ocrx_word' id='word_1_895' title='bbox 365 5759 618 5818; x_wconf 70' lang='lat' dir='ltr'><strong>Pn‘noe.</strong></span> <span class='ocrx_word' id='word_1_896' title='bbox 668 5759 849 5820; x_wconf 78' lang='lat' dir='ltr'><strong>LXII.</strong></span> 
     </span>
    </p>
   </div>
   <div class='ocr_carea' id='block_1_106' title="bbox 1784 4668 3346 4747">
    <p class='ocr_par' dir='ltr' id='par_1_106' title="bbox 1784 4668 3346 4747">
     <span class='ocr_line' id='line_1_106' title="bbox 1784 4668 3346 4747; baseline 0.011 -29"><span class='ocrx_word' id='word_1_897' title='bbox 1784 4669 2049 4722; x_wconf 86' lang='lat' dir='ltr'><strong>cuarrabit</strong></span> <span class='ocrx_word' id='word_1_898' title='bbox 2077 4668 2230 4738; x_wconf 76' lang='lat' dir='ltr'><strong>(lsai.</strong></span> <span class='ocrx_word' id='word_1_899' title='bbox 2262 4682 2378 4737; x_wconf 81' lang='lat' dir='ltr'><strong>Lttt,‘</strong></span> <span class='ocrx_word' id='word_1_900' title='bbox 2400 4671 2492 4740; x_wconf 81' lang='lat'><strong>8)?</strong></span> <span class='ocrx_word' id='word_1_901' title='bbox 2526 4674 2586 4726; x_wconf 66' lang='lat' dir='ltr'><strong>lit</strong></span> <span class='ocrx_word' id='word_1_902' title='bbox 2609 4675 2658 4726; x_wconf 92' lang='lat' dir='ltr'><strong>in</strong></span> <span class='ocrx_word' id='word_1_903' title='bbox 2689 4674 2824 4728; x_wconf 87' lang='lat' dir='ltr'><strong>libro</strong></span> <span class='ocrx_word' id='word_1_904' title='bbox 2849 4675 2950 4731; x_wconf 79' lang='lat' dir='ltr'><strong>Job</strong></span> <span class='ocrx_word' id='word_1_905' title='bbox 2976 4694 2988 4729; x_wconf 91' lang='lat'><strong>:</strong></span> <span class='ocrx_word' id='word_1_906' title='bbox 3022 4678 3346 4747; x_wconf 85' lang='lat' dir='ltr'><strong>Sapientiam</strong></span> 
     </span>
    </p>
   </div>
   <div class='ocr_carea' id='block_1_107' title="bbox 1786 4758 3348 4826">
    <p class='ocr_par' dir='ltr' id='par_1_107' title="bbox 1786 4758 3348 4826">
     <span class='ocr_line' id='line_1_107' title="bbox 1786 4758 3348 4826; baseline 0.01 -16"><span class='ocrx_word' id='word_1_907' title='bbox 1786 4758 1877 4811; x_wconf 88' lang='lat' dir='ltr'><strong>Dei</strong></span> <span class='ocrx_word' id='word_1_908' title='bbox 1911 4759 2079 4812; x_wconf 82' lang='lat' dir='ltr'><strong>Patris</strong></span> <span class='ocrx_word' id='word_1_909' title='bbox 2110 4761 2251 4814; x_wconf 91' lang='lat' dir='ltr'><strong>unde</strong></span> <span class='ocrx_word' id='word_1_910' title='bbox 2279 4761 2562 4817; x_wconf 79' lang='lat' dir='ltr'><strong>invenies?</strong></span> <span class='ocrx_word' id='word_1_911' title='bbox 2597 4762 2752 4819; x_wconf 84' lang='lat' dir='ltr'><strong>Latet</strong></span> <span class='ocrx_word' id='word_1_912' title='bbox 2776 4767 2917 4820; x_wconf 87' lang='lat' dir='ltr'><strong>enim</strong></span> <span class='ocrx_word' id='word_1_913' title='bbox 2958 4769 3026 4821; x_wconf 87' lang='lat' dir='ltr'><strong>ab</strong></span> <span class='ocrx_word' id='word_1_914' title='bbox 3050 4770 3219 4824; x_wconf 84' lang='lat' dir='ltr'><strong>oculis</strong></span> <span class='ocrx_word' id='word_1_915' title='bbox 3249 4771 3348 4826; x_wconf 89' lang='lat' dir='ltr'><strong>ho-</strong></span> 
     </span>
    </p>
   </div>
   <div class='ocr_carea' id='block_1_108' title="bbox 1788 4849 3345 4930">
    <p class='ocr_par' dir='ltr' id='par_1_108' title="bbox 1788 4849 3345 4930">
     <span class='ocr_line' id='line_1_108' title="bbox 1788 4849 3345 4930; baseline 0.008 -28"><span class='ocrx_word' id='word_1_916' title='bbox 1788 4849 1988 4903; x_wconf 88' lang='lat' dir='ltr'><strong>minum</strong></span> <span class='ocrx_word' id='word_1_917' title='bbox 2015 4860 2067 4903; x_wconf 93' lang='lat' dir='ltr'><strong>et</strong></span> <span class='ocrx_word' id='word_1_918' title='bbox 2089 4866 2114 4902; x_wconf 91' lang='lat' dir='ltr'><strong>a</strong></span> <span class='ocrx_word' id='word_1_919' title='bbox 2142 4852 2446 4906; x_wconf 88' lang='lat' dir='ltr'><strong>volucribus</strong></span> <span class='ocrx_word' id='word_1_920' title='bbox 2469 4855 2724 4909; x_wconf 85' lang='lat' dir='ltr'><strong>absconsa</strong></span> <span class='ocrx_word' id='word_1_921' title='bbox 2751 4869 2832 4910; x_wconf 91' lang='lat' dir='ltr'><strong>est</strong></span> <span class='ocrx_word' id='word_1_922' title='bbox 2859 4856 2996 4928; x_wconf 80' lang='lat' dir='ltr'><strong>(Job,</strong></span> <span class='ocrx_word' id='word_1_923' title='bbox 3026 4876 3207 4925; x_wconf 75' lang='lat' dir='ltr'><strong>xxviii,</strong></span> <span class='ocrx_word' id='word_1_924' title='bbox 3231 4863 3288 4914; x_wconf 71' lang='lat' dir='ltr'><strong>2i</strong></span> <span class='ocrx_word' id='word_1_925' title='bbox 3307 4867 3345 4930; x_wconf 85' lang='lat'><strong>).</strong></span> 
     </span>
    </p>
   </div>
   <div class='ocr_carea' id='block_1_109' title="bbox 1789 4940 3351 5022">
    <p class='ocr_par' dir='ltr' id='par_1_109' title="bbox 1789 4940 3351 5022">
     <span class='ocr_line' id='line_1_109' title="bbox 1789 4940 3351 5022; baseline 0.01 -31"><span class='ocrx_word' id='word_1_926' title='bbox 1789 4940 2165 5006; x_wconf 64' lang='lat' dir='ltr'><strong>i&#39;lxpergiscere</strong></span> <span class='ocrx_word' id='word_1_927' title='bbox 2207 4942 2496 5008; x_wconf 89' lang='lat' dir='ltr'><strong>paululum,</strong></span> <span class='ocrx_word' id='word_1_928' title='bbox 2528 4955 2580 4998; x_wconf 90' lang='lat' dir='ltr'><strong>et</strong></span> <span class='ocrx_word' id='word_1_929' title='bbox 2613 4944 2658 4998; x_wconf 89' lang='lat' dir='ltr'><strong>si</strong></span> <span class='ocrx_word' id='word_1_930' title='bbox 2685 4945 2861 5022; x_wconf 74' lang='lat' dir='ltr'><strong>intueri</strong></span> <span class='ocrx_word' id='word_1_931' title='bbox 2907 4950 3144 5004; x_wconf 77' lang='lat' dir='ltr'><strong>scientire</strong></span> <span class='ocrx_word' id='word_1_932' title='bbox 3179 4953 3228 5004; x_wconf 92' lang='lat' dir='ltr'><strong>in</strong></span> <span class='ocrx_word' id='word_1_933' title='bbox 3272 4964 3351 5006; x_wconf 41' lang='lat' dir='ltr'><strong>tes</strong></span> 
     </span>
    </p>
   </div>
   <div class='ocr_carea' id='block_1_110' title="bbox 1787 5033 3349 5111">
    <p class='ocr_par' dir='ltr' id='par_1_110' title="bbox 1787 5033 3349 5111">
     <span class='ocr_line' id='line_1_110' title="bbox 1787 5033 3349 5111; baseline 0.01 -29"><span class='ocrx_word' id='word_1_934' title='bbox 1787 5033 1956 5101; x_wconf 83' lang='lat' dir='ltr'><strong>ipsum</strong></span> <span class='ocrx_word' id='word_1_935' title='bbox 1981 5033 2306 5101; x_wconf 85' lang='lat' dir='ltr'><strong>aliquantum</strong></span> <span class='ocrx_word' id='word_1_936' title='bbox 2330 5034 2511 5100; x_wconf 85' lang='lat' dir='ltr'><strong>habes,</strong></span> <span class='ocrx_word' id='word_1_937' title='bbox 2526 5037 2739 5091; x_wconf 81' lang='lat' dir='ltr'><strong>attende</strong></span> <span class='ocrx_word' id='word_1_938' title='bbox 2755 5046 2809 5092; x_wconf 88' lang='lat' dir='ltr'><strong>et</strong></span> <span class='ocrx_word' id='word_1_939' title='bbox 2825 5040 3080 5102; x_wconf 88' lang='lat' dir='ltr'><strong>invenies,</strong></span> <span class='ocrx_word' id='word_1_940' title='bbox 3099 5043 3349 5111; x_wconf 88' lang='lat' dir='ltr'><strong>quoniam</strong></span> 
     </span>
    </p>
   </div>
   <div class='ocr_carea' id='block_1_111' title="bbox 1786 5125 3348 5198">
    <p class='ocr_par' dir='ltr' id='par_1_111' title="bbox 1786 5125 3348 5198">
     <span class='ocr_line' id='line_1_111' title="bbox 1786 5125 3348 5198; baseline 0.007 -22"><span class='ocrx_word' id='word_1_941' title='bbox 1786 5125 1937 5192; x_wconf 88' lang='lat' dir='ltr'><strong>cujus</strong></span> <span class='ocrx_word' id='word_1_942' title='bbox 1965 5126 2524 5196; x_wconf 83' lang='lat' dir='ltr'><strong>nativitasaprophcta</strong></span> <span class='ocrx_word' id='word_1_943' title='bbox 2550 5131 2650 5183; x_wconf 86' lang='lat' dir='ltr'><strong>non</strong></span> <span class='ocrx_word' id='word_1_944' title='bbox 2669 5131 2834 5198; x_wconf 77' lang='lat' dir='ltr'><strong>putuit</strong></span> <span class='ocrx_word' id='word_1_945' title='bbox 2863 5133 3098 5187; x_wconf 81' lang='lat' dir='ltr'><strong>enarrari</strong></span> <span class='ocrx_word' id='word_1_946' title='bbox 3129 5151 3188 5188; x_wconf 84' lang='lat' dir='ltr'><strong>ex</strong></span> <span class='ocrx_word' id='word_1_947' title='bbox 3213 5152 3348 5189; x_wconf 84' lang='lat' dir='ltr'><strong>tcm-</strong></span> 
     </span>
    </p>
   </div>
   <div class='ocr_carea' id='block_1_112' title="bbox 1699 5217 3346 5294">
    <p class='ocr_par' dir='ltr' id='par_1_112' title="bbox 1699 5217 3346 5294">
     <span class='ocr_line' id='line_1_112' title="bbox 1699 5217 3346 5294; baseline 0.011 -30"><span class='ocrx_word' id='word_1_948' title='bbox 1699 5276 1708 5284; x_wconf 85' lang='lat'><strong>_</strong></span> <span class='ocrx_word' id='word_1_949' title='bbox 1787 5231 1934 5283; x_wconf 77' lang='lat' dir='ltr'><strong>pure,</strong></span> <span class='ocrx_word' id='word_1_950' title='bbox 1970 5227 2024 5269; x_wconf 93' lang='lat' dir='ltr'><strong>ut</strong></span> <span class='ocrx_word' id='word_1_951' title='bbox 2055 5228 2294 5272; x_wconf 87' lang='lat' dir='ltr'><strong>astruere</strong></span> <span class='ocrx_word' id='word_1_952' title='bbox 2334 5217 2448 5286; x_wconf 93' lang='lat' dir='ltr'><strong>ipse</strong></span> <span class='ocrx_word' id='word_1_953' title='bbox 2487 5225 2720 5285; x_wconf 90' lang='lat' dir='ltr'><strong>conaris,</strong></span> <span class='ocrx_word' id='word_1_954' title='bbox 2753 5238 2854 5276; x_wconf 93' lang='lat' dir='ltr'><strong>non</strong></span> <span class='ocrx_word' id='word_1_955' title='bbox 2889 5227 3056 5292; x_wconf 87' lang='lat' dir='ltr'><strong>putuit</strong></span> <span class='ocrx_word' id='word_1_956' title='bbox 3082 5230 3346 5294; x_wconf 69' lang='lat' dir='ltr'><strong>generari.</strong></span> 
     </span>
    </p>
   </div>
   <div class='ocr_carea' id='block_1_113' title="bbox 1788 5307 3346 5385">
    <p class='ocr_par' dir='ltr' id='par_1_113' title="bbox 1788 5307 3346 5385">
     <span class='ocr_line' id='line_1_113' title="bbox 1788 5307 3346 5385; baseline 0.01 -28"><span class='ocrx_word' id='word_1_957' title='bbox 1788 5308 1842 5360; x_wconf 92' lang='lat' dir='ltr'><strong>lu</strong></span> <span class='ocrx_word' id='word_1_958' title='bbox 1861 5307 2138 5376; x_wconf 77' lang='lat' dir='ltr'><strong>principio,</strong></span> <span class='ocrx_word' id='word_1_959' title='bbox 2159 5307 2329 5376; x_wconf 92' lang='lat' dir='ltr'><strong>inquit</strong></span> <span class='ocrx_word' id='word_1_960' title='bbox 2345 5309 2574 5364; x_wconf 80' lang='lat' dir='ltr'><strong>Joannes</strong></span> <span class='ocrx_word' id='word_1_961' title='bbox 2593 5313 2936 5383; x_wconf 79' lang='lat' dir='ltr'><strong>evangelista,</strong></span> <span class='ocrx_word' id='word_1_962' title='bbox 2959 5327 3072 5368; x_wconf 91' lang='lat' dir='ltr'><strong>erat</strong></span> <span class='ocrx_word' id='word_1_963' title='bbox 3094 5315 3346 5385; x_wconf 82' lang='lat' dir='ltr'><strong>Verbum,</strong></span> 
     </span>
    </p>
   </div>
   <div class='ocr_carea' id='block_1_114' title="bbox 1784 5399 3344 5470">
    <p class='ocr_par' dir='ltr' id='par_1_114' title="bbox 1784 5399 3344 5470">
     <span class='ocr_line' id='line_1_114' title="bbox 1784 5399 3344 5470; baseline 0.007 -18"><span class='ocrx_word' id='word_1_964' title='bbox 1784 5407 1839 5453; x_wconf 88' lang='lat' dir='ltr'><strong>et</strong></span> <span class='ocrx_word' id='word_1_965' title='bbox 1865 5399 2089 5470; x_wconf 72' lang='lat' dir='ltr'><strong>Y,erhnm</strong></span> <span class='ocrx_word' id='word_1_966' title='bbox 2121 5407 2239 5452; x_wconf 90' lang='lat' dir='ltr'><strong>erat</strong></span> <span class='ocrx_word' id='word_1_967' title='bbox 2281 5401 2416 5468; x_wconf 87' lang='lat' dir='ltr'><strong>apud</strong></span> <span class='ocrx_word' id='word_1_968' title='bbox 2449 5400 2633 5465; x_wconf 87' lang='lat' dir='ltr'><strong>Deum,</strong></span> <span class='ocrx_word' id='word_1_969' title='bbox 2674 5411 2732 5456; x_wconf 88' lang='lat' dir='ltr'><strong>et</strong></span> <span class='ocrx_word' id='word_1_970' title='bbox 2776 5405 2910 5458; x_wconf 91' lang='lat' dir='ltr'><strong>Deus</strong></span> <span class='ocrx_word' id='word_1_971' title='bbox 2950 5417 3065 5459; x_wconf 83' lang='lat' dir='ltr'><strong>erat</strong></span> <span class='ocrx_word' id='word_1_972' title='bbox 3091 5406 3344 5463; x_wconf 72' lang='lat' dir='ltr'><strong>thi&#39;blillh</strong></span> 
     </span>
    </p>
   </div>
   <div class='ocr_carea' id='block_1_115' title="bbox 1788 5487 3408 5566">
    <p class='ocr_par' dir='ltr' id='par_1_115' title="bbox 1788 5487 3408 5566">
     <span class='ocr_line' id='line_1_115' title="bbox 1788 5487 3408 5566; baseline 0.007 -24"><span class='ocrx_word' id='word_1_973' title='bbox 1788 5488 1896 5544; x_wconf 87' lang='lat' dir='ltr'><strong>iloc</strong></span> <span class='ocrx_word' id='word_1_974' title='bbox 1929 5497 2044 5543; x_wconf 90' lang='lat' dir='ltr'><strong>erat</strong></span> <span class='ocrx_word' id='word_1_975' title='bbox 2074 5487 2125 5542; x_wconf 93' lang='lat' dir='ltr'><strong>iu</strong></span> <span class='ocrx_word' id='word_1_976' title='bbox 2159 5489 2416 5559; x_wconf 83' lang='lat' dir='ltr'><strong>principio</strong></span> <span class='ocrx_word' id='word_1_977' title='bbox 2445 5490 2583 5560; x_wconf 85' lang='lat' dir='ltr'><strong>apud</strong></span> <span class='ocrx_word' id='word_1_978' title='bbox 2626 5492 2812 5551; x_wconf 87' lang='lat' dir='ltr'><strong>Deum.</strong></span> <span class='ocrx_word' id='word_1_979' title='bbox 2841 5496 3025 5548; x_wconf 83' lang='lat' dir='ltr'><strong>Omnia</strong></span> <span class='ocrx_word' id='word_1_980' title='bbox 3058 5513 3150 5565; x_wconf 91' lang='lat' dir='ltr'><strong>per</strong></span> <span class='ocrx_word' id='word_1_981' title='bbox 3182 5502 3347 5566; x_wconf 79' lang='lat' dir='ltr'><strong>ipsum</strong></span> <span class='ocrx_word' id='word_1_982' title='bbox 3402 5508 3408 5517; x_wconf 96' lang='lat'><em>‘</em></span> 
     </span>
    </p>
   </div>
   <div class='ocr_carea' id='block_1_116' title="bbox 1789 5579 3348 5657">
    <p class='ocr_par' dir='ltr' id='par_1_116' title="bbox 1789 5579 3348 5657">
     <span class='ocr_line' id='line_1_116' title="bbox 1789 5579 3348 5657; baseline 0.009 -28"><span class='ocrx_word' id='word_1_983' title='bbox 1789 5579 1923 5633; x_wconf 71' lang='lat' dir='ltr'><strong>tacta</strong></span> <span class='ocrx_word' id='word_1_984' title='bbox 1952 5588 2094 5647; x_wconf 85' lang='lat' dir='ltr'><strong>sunt,</strong></span> <span class='ocrx_word' id='word_1_985' title='bbox 2127 5590 2183 5636; x_wconf 89' lang='lat' dir='ltr'><strong>et</strong></span> <span class='ocrx_word' id='word_1_986' title='bbox 2208 5582 2322 5636; x_wconf 90' lang='lat' dir='ltr'><strong>sine</strong></span> <span class='ocrx_word' id='word_1_987' title='bbox 2350 5581 2465 5648; x_wconf 75' lang='lat' dir='ltr'><strong>ipso</strong></span> <span class='ocrx_word' id='word_1_988' title='bbox 2499 5584 2692 5638; x_wconf 78' lang='lat' dir='ltr'><strong>factum</strong></span> <span class='ocrx_word' id='word_1_989' title='bbox 2724 5596 2805 5640; x_wconf 80' lang='lat' dir='ltr'><strong>est</strong></span> <span class='ocrx_word' id='word_1_990' title='bbox 2837 5587 2964 5641; x_wconf 82' lang='lat' dir='ltr'><strong>nihil</strong></span> <span class='ocrx_word' id='word_1_991' title='bbox 2997 5587 3175 5656; x_wconf 78' lang='lat' dir='ltr'><strong>(Jd‘an.</strong></span> <span class='ocrx_word' id='word_1_992' title='bbox 3209 5608 3242 5651; x_wconf 88' lang='lat' dir='ltr'><strong>l,</strong></span> <span class='ocrx_word' id='word_1_993' title='bbox 3280 5597 3348 5657; x_wconf 73' lang='lat' dir='ltr'><strong>lt.</strong></span> 
     </span>
    </p>
   </div>
   <div class='ocr_carea' id='block_1_117' title="bbox 1786 5671 3348 5744">
    <p class='ocr_par' dir='ltr' id='par_1_117' title="bbox 1786 5671 3348 5744">
     <span class='ocr_line' id='line_1_117' title="bbox 1786 5671 3348 5744; baseline 0.006 -16"><span class='ocrx_word' id='word_1_994' title='bbox 1786 5671 2062 5728; x_wconf 80' lang='lat' dir='ltr'><strong>Etiterunt</strong></span> <span class='ocrx_word' id='word_1_995' title='bbox 2094 5689 2103 5722; x_wconf 95' lang='lat'>:</span> <span class='ocrx_word' id='word_1_996' title='bbox 2133 5671 2250 5726; x_wconf 85' lang='lat' dir='ltr'><strong>Erat</strong></span> <span class='ocrx_word' id='word_1_997' title='bbox 2283 5671 2369 5727; x_wconf 80' lang='lat' dir='ltr'><strong>lux</strong></span> <span class='ocrx_word' id='word_1_998' title='bbox 2400 5688 2517 5728; x_wconf 88' lang='lat' dir='ltr'><strong>vcra</strong></span> <span class='ocrx_word' id='word_1_999' title='bbox 2557 5689 2674 5744; x_wconf 82' lang='lat' dir='ltr'><strong>quae.</strong></span> <span class='ocrx_word' id='word_1_1000' title='bbox 2714 5676 2972 5731; x_wconf 86' lang='lat' dir='ltr'><strong>illuminat</strong></span> <span class='ocrx_word' id='word_1_1001' title='bbox 3004 5693 3215 5735; x_wconf 89' lang='lat' dir='ltr'><strong>omnem</strong></span> <span class='ocrx_word' id='word_1_1002' title='bbox 3250 5683 3348 5738; x_wconf 74' lang='grc' dir='ltr'><strong>Ιιιι⁸</strong></span> 
     </span>
    </p>
   </div>
   <div class='ocr_carea' id='block_1_118' title="bbox 2847 5766 2916 5829">
    <p class='ocr_par' dir='ltr' id='par_1_118' title="bbox 2847 5766 2916 5829">
     <span class='ocr_line' id='line_1_118' title="bbox 2847 5766 2916 5829; baseline 0.072 -5"><span class='ocrx_word' id='word_1_1003' title='bbox 2847 5766 2916 5829; x_wconf 67' lang='grc'><strong>12</strong></span> 
     </span>
    </p>
   </div>
   <div class='ocr_carea' id='block_1_119' title="bbox 3252 268 3436 326">
    <p class='ocr_par' dir='ltr' id='par_1_119' title="bbox 3252 268 3436 326">
     <span class='ocr_line' id='line_1_119' title="bbox 3252 268 3436 326; baseline -0.011 0"><span class='ocrx_word' id='word_1_1004' title='bbox 3252 268 3436 326; x_wconf 61' lang='grc' dir='ltr'><strong>δίη.</strong></span> 
     </span>
    </p>
   </div>
  </div>
