3856 6222
501 324 611 383 365

1814 310 2030 369 VIGILII
2069 306 2433 365 TAPSENSIS

3615 299 3709 355 $6I

508 439 701 490 minem
719 424 1008 489 venientem
1027 428 1077 482 itt
1100 428 1239 480 hunc
1266 420 1716 503 mundumanu.
1739 422 1864 489 1,9).
1886 419 1937 472 In
1968 419 2068 472 isto
2098 422 2145 479 Α
2173 414 2239 469 de
2280 414 2524 468 omnibus
2566 410 2813 481 operibus
2853 409 3138 480 impietatis
3176 424 3357 464 eorum
3390 408 3559 478 (Judre
3585 402 3710 477 iis).

510 527 664 595 igitur
692 518 851 576 verbo
886 520 1023 595 quod
1063 517 1275 580 dicitur,
1324 522 1453 577 erat,
1490 512 1534 564 si
1578 521 1784 579 tempus
1824 520 2062 576 qumrcre

510 600 757 677 volueris,
802 628 905 665 nou
950 592 1183 662 invenies
1214 605 1495 675 :quoniam
1544 618 1608 657 ex
1649 613 1750 670 quo
1792 600 1968 663 Pater,
1996 612 2060 651 ex

509 708 596 761 illo
624 716 695 758 et.
716 703 877 756 Filius
909 719 919 753 :
954 711 1008 754 et
1034 699 1170 770 quod
1203 698 1380 760 Pater,
1409 704 1492 751 est
1516 695 1671 748 etiam
1700 690 1880 756 Filius,
1911 689 2063 743 Salo-

510 810 665 849 mone
695 793 902 847 dicente
931 806 947 846 :
978 791 1086 859 Ego
1115 804 1178 844 cx
1204 803 1298 843 ore
1324 784 1576 840 AitiSSitlli
1612 781 1836 851 proditi,
1870 778 2062 854 primo-

508 888 681 951 genita
723 890 845 935 ante
880 896 1090 933 omnem
1131 886 1425 932 creaturam
1457 889 1472 925 :
1501 887 1595 940 ego
1626 869 1723 924 feci
1754 878 1806 923 ut
1848 869 1902 921 iu
1927 867 2063 921 cmlo

506 978 734 1028 oriretur
757 973 929 1033 Iutncu
959 967 1287 1028 indeficicus,
1310 974 1362 1018 et
1385 962 1570 1015 nebula
1595 959 1700 1012 texi
1722 972 1930 1012 omnem
1956 965 2062 1009 ter-

508 1078 620 1117 ram
650 1081 663 1116 :
687 1076 783 1130 ego
806 1060 857 1113 in
881 1058 1104 1112 excelsis
1128 1054 1373 1114 babitavi,
1403 1060 1455 1104 et
1482 1050 1601 1103 thro
1623 1063 1702 1100 ius
1725 1060 1872 1101 meus
1894 1047 1946 1099 in
1969 1058 2061 1098 co-

507 1156 685 1208 lumna
718 1150 894 1204 nubis.
931 1148 1127 1217 Cyrum
1158 1142 1277 1197 εαξιὶ
1317 1139 1532 1195 circuiri
1575 1137 1719 1202 s‘ola,
1761 1145 1814 1190 et
1848 1135 1900 1189 iu
1943 1148 2064 1202 pro-

512 1244 729 1297 fundum
762 1241 935 1310 ahy-si
985 1234 1276 1306 penetravi,
1305 1242 1358 1286 et
1390 1233 1442 1284 in
1472 1230 1615 1283 omni
1655 1239 1792 1282 terra
1826 1224 1969 1292 steti,
2011 1235 2065 1279 et

511 1338 562 1388 in
598 1334 738 1387 omni
772 1340 926 1401 gente
959 1339 1013 1381 et
1053 1326 1245 1394 popqu
1289 1323 1635 1392 principatum
1677 1318 1832 1373 habui
1876 1315 2059 1388 (Eccli.

460 1485 463 1489 ,
511 1440 651 1486 sxw,
693 1424 826 1491 5-9).
880 1420 1008 1474 Item
1041 1406 1322 1471 ἰιιΐεϐιιιιι
1369 1420 1578 1481 pararet
1618 1410 1809 1465 cmlum
1848 1409 2063 1462 aderam

508 1517 583 1569 illi
612 1531 625 1567 :
654 1524 705 1567 et
736 1525 853 1566 cum
891 1514 1191 1577 segregaret
1234 1518 1383 1557 suam
1415 1502 1619 1564 sedem,
1664 1496 1873 1569 quando
1905 1508 2062 1564 super

507 1614 692 1659 ventos
722 1600 885 1655 fortes
907 1598 1129 1652 faciebat
1156 1596 1209 1649 in
1240 1608 1447 1648 summo
1477 1590 1641 1644 nubes
1673 1603 1690 1642 :
1718 1596 1770 1642 et
1796 1585 1917 1640 cum
1948 1599 2064 1640 cer-

505 1678 589 1750 tos
617 1693 843 1764 ponebat
871 1690 1041 1745 fontes
1065 1689 1160 1741 sub
1189 1686 1324 1740 cmlo
1349 1700 1362 1737 :
1385 1696 1503 1736 cum
1527 1680 1677 1735 fortia
1703 1678 1927 1742 faciebat
1950 1676 2064 1729 Iun-

509 1789 750 1838 dameuta
794 1792 968 1842 terrae,
1017 1792 1114 1844 ego
1144 1789 1285 1828 erant
1330 1787 1446 1826 cu:n
1489 1772 1583 1823 illo
1618 1781 1937 1836 componens
1964 1784 1984 1818 «ε
2008 1773 2061 1818 et
2092 1769 2136 1828 Β

508 1894 606 1955 ogp
623 1891 764 1929 erant
789 1867 872 1927 cui
896 1867 1165 1938 atlgaudeb
1184 1875 1217 1916 tt
1240 1878 1357 1918 cum
1380 1864 1645 1916 laetaretur
1672 1858 1802 1913 orbe
1829 1855 2059 1926 perfecto

509 1945 686 2034 (Prov.
730 1980 840 2027 νιιι,
872 1963 947 2029 7).
982 1958 1116 2015 Elin
1146 1956 1347 2028 psalmo
1374 1952 1663 2008 centesimo
1688 1949 1857 2019 primo
1885 1945 2056 2018 (Vm.

507 2046 598 2127 23)
632 2077 641 2109 ε
671 2058 773 2118 Τιι,
807 2052 1046 2113 Domine,
1077 2051 1129 2101 in
1182 2044 1439 2115 principio
1471 2041 1696 2095 fundasti
1743 2051 1935 2092 terram
1965 2054 1975 2088 :
2009 2043 2062 2089 et

510 2162 668 2218 opera
699 2156 944 2199 manuum
985 2150 1188 2194 tuarum
1229 2144 1350 2189 sunt
1378 2133 1518 2186 coeli.
1552 2132 1651 2198 Ipsi
1692 2127 1971 2198 peribunt:
2004 2138 2060 2179 tu

509 2214 683 2290 autem
715 2244 1011 2302 perntanes,
1056 2236 1108 2279 ct
1136 2224 1310 2279 omnia
1350 2222 1487 2276 sicut
1513 2214 1881 2274 vestimentum
1912 2225 2060 2270 vete-

512 2334 737 2386 raseeot,
760 2336 812 2375 et
832 2318 1306 2387 sicutopcrtorium
1337 2312 1563 2366 mut-abis
1584 2323 1643 2363 ea
1672 2324 1686 2362 :
1712 2316 1765 2362 ct
1790 2308 2064 2360 mutabun-

507 2430 611 2470 tur.
637 2414 715 2468 'I‘u
745 2408 935 2466 autem
958 2409 1096 2462 idem
1127 2405 1239 2475 ipse
1269 2418 1344 2458 es.
1381 2402 1491 2455 Non
1532 2402 1672 2455 enim
1703 2408 1835 2460 erat,
1857 2406 1913 2449 ut
1940 2398 2016 2449 ais
2045 2436 2059 2458 ,

509 2506 703 2577 aliquid
735 2502 986 2572 temporis
1013 2508 1295 2569 antequam
1325 2495 1389 2547 tle
1428 2493 1581 2546 Patre
1620 2488 1785 2564 Filius
1817 2501 2061 2557 nascere-

511 2609 613 2651 tur.
658 2595 914 2659 Quou‘am
960 2590 1047 2656 qti
1094 2595 1327 2652 tempora
1374 2580 1612 2633 universi
1664 2577 1871 2645 propria
1917 2586 2065 2643 pete-

510 2696 644 2740 state
672 2680 962 2747 consuluit,
994 2693 1057 2732 ex
1102 2686 1337 2743 tempore
1363 2671 1445 2725 vel
1484 2676 1601 2738 post
1644 2674 1881 2733 tempora
1921 2664 2062 2718 nasci

511 2793 613 2831 non
640 2774 826 2845 potuit.

1080 2855 1302 2911 CAPUT
1342 2851 1486 2907 XIII;

848 2951 1053 3005 Patrem
1078 2946 1213 3000 Filio
1243 2941 1726 3013 dedissejndirium.

576 3044 736 3116 37h.
760 3044 817 3099 Si
865 3056 989 3095 vero
1032 3037 1262 3092 dixerint
1297 3032 1437 3102 quod
1483 3024 1657 3085 Pater
1686 3028 1889 3082 dederit
1929 3022 2065 3079 Filio

509 3145 821 3205 potestatem
855 3130 1107 3198 judicium
1134 3122 1389 3177 faciendi.

579 3222 877 3293 Responsio.
929 3217 1114 3271 Filium
1148 3214 1302 3281 igitur
1331 3210 1423 3264 Dei
1452 3216 1711 3278 potestate
1746 3206 1955 3275 propria
1986 3204 2062 3258 fa-

506 3327 712 3367 ttttrunt
743 3324 862 3364 esse
889 3304 1166 3375 judicium,
1217 3317 1280 3355 ex
1321 3302 1385 3355 iis
1434 3298 1744 3353 testimoniis
1776 3298 2060 3364 prudentes

499 3407 812 3470 agnoscant,
845 3405 898 3448 et
932 3394 1128 3462 justum
1168 3388 1500 3459 proferentcs
1531 3388 1582 3440 in
1614 3386 1711 3439 hac
1736 3400 1895 3439 causa
1921 3375 2062 3452 judi-

505 3494 669 3556 cium,
698 3484 998 3545 ostendant,
1032 3489 1086 3534 et
1122 3481 1269 3548 cujus
1310 3478 1588 3532 sententia:
1618 3479 1783 3544 magis
1825 3490 1941 3528 eum
1978 3489 2062 3528 ra-

510 3584 648 3632 tione
697 3572 1049 3643 concordant,
1107 3580 1157 3622 et
1211 3569 1360 3635 cujus
1404 3568 1523 3622 fidei
1572 3566 1841 3619 veritatem
1892 3566 2062 3628 impu-

507 3677 689 3737 gnant,
730 3663 859 3718 Isaia
908 3660 1159 3729 prOpheta
1202 3656 1410 3711 dicente
1443 3673 1455 3707 ε
1485 3656 1611 3722 Quis
1649 3653 1897 3723 cognovit
1941 3667 2063 3706 seu-

508 3775 623 3811 sum
647 3755 876 3829 Domini,
907 3760 997 3805 aut
1020 3752 1138 3818 quis
1169 3749 1507 3803 consiliarius
1534 3748 1651 3815 ejus
1678 3747 1792 3809 fuit,
1825 3757 1915 3799 aut
1943 3746 2060 3814 quis

505 3848 772 3915 consuluit
801 3856 853 3899 et
879 3840 1129 3895 inStruxit
1158 3854 1296 3903 cum,
1330 3837 1448 3905 quis
1475 3837 1707 3890 ostendit
1734 3833 1783 3887 ei
1806 3833 2058 3901 judicium

506 3940 661 4007 (Isai.
683 3952 745 3989 ιι.
768 3976 783 3999 ,
812 3934 917 3996 I5).
952 3931 1076 3984 Item
1109 3929 1208 3982 ibi:
1237 3927 1359 3980 lltec
1393 3926 1519 3981 dicit
1547 3925 1827 3979 Dominus:
1851 3922 1936 3975 Vte
1963 3934 2060 3989 po-

508 4028 740 4083 tentibus
771 4024 821 4076 in
852 4020 1031 4083 Israel,
1075 4019 1198 4083 qu'a
1238 4015 1599 4068 non'cessavit
1644 4013 1914 4065 iracundia
1945 4025 2059 4064 mea

511 4119 562 4170 iu
590 4114 689 4176 eis,
716 4110 969 4179 judicium
1008 4105 1075 4159 de
1106 4103 1331 4158 inimicis
1363 4101 1572 4164 faciam,
1603 4109 1655 4153 et
1684 4100 1936 4153 cremabo
1967 4113 2061 4152 cos

510 4209 630 4277 igne
654 4203 717 4256 ad
748 4213 933 4268 purum
964 4196 1109 4267 (Isai.
1138 4210 1177 4258 ι,
1208 4192 1321 4259 (ξι).
1354 4193 1480 4245 Item
1505 4190 1575 4245 ibi
1609 4209 1620 4242 :
1648 4190 1853 4244 Statuet
1888 4188 2063 4241 Domi-

511 4310 610 4350 nus
646 4294 698 4345 in
726 4288 924 4359 judicm
970 4284 1215 4354 populum
1266 4297 1438 4344 suum,
1480 4290 1530 4332 et
1562 4282 1673 4348 ipse
1719 4280 1968 4332 Dooiuus
2012 4280 2061 4331 in

511 4383 758 4451 judicium
787 4377 961 4433 veniet
984 4390 1102 4427 cum
1134 4371 1429 4425 senioribus
1454 4370 1630 4437 populi
1658 4377 1711 4422 et
1744 4369 2063 4437 principibus

2166 499 2236 558 Et
2257 504 2311 557 in
2342 501 2625 569 Evangelio
2653 518 2664 552 :
2694 497 2823 553 Cum
2847 501 3050 554 venerit
3085 498 3247 552 Filius
3279 498 3497 551 hominis
3524 497 3578 550 in
3608 512 3714 549 ma-

2157 593 2352 659 jestate
2374 607 2489 658 sua,
2520 599 2572 645 et
2616 605 2799 644 omnes
2828 591 2997 658 angeli
3025 590 3140 659 ejus
3167 605 3284 644 cum
3315 603 3398 651 eo,
3440 598 3559 640 tunc
3591 602 3713 641 con.

2162 681 2515 748 gregabuutur
2542 687 2661 731 ante
2686 692 2804 732 eum
2833 693 3016 732 omnes
3036 687 3244 747 gentes,
3267 685 3321 731 et
3343 676 3601 746 separabit
3627 662 3727 728 eas.

2160 764 2230 823 ab
2259 764 2504 833 invicem,
2541 771 2678 820 sicut
2702 778 2877 834 pastor
2898 774 3139 834 segregat
3165 779 3331 833 agnos
3353 768 3419 817 ab
3445 763 3629 825 haedis,
3662 771 3715 816 et

2163 864 2213 909 st
2248 865 2359 910 tuet
2390 869 2551 923 agnos
2580 855 2643 908 ad
2670 854 2938 907 dexteram
2960 867 3131 916 suam,
3156 852 3338 905 hasdos
3359 864 3527 906 autem
3556 850 3623 902 ad
3644 849 3710 903 si-

2163 945 2381 998 nistram
2414 944 2627 1015 (Matth.
2667 956 2789 1005 xxv,
2820 941 2931 1010 5t).
2964 940 3121 1010 375
3154 940 3342 992 Filium
3374 954 3496 1008 ergo
3519 953 3709 993 securi-

2166 1032 2290 1085 dum
2323 1033 2371 1084 id
2416 1032 2555 1100 quod
2587 1032 2724 1084 Deus
2752 1038 2851 1104 est,
2895 1028 3022 1104 nihil
3062 1042 3091 1080 a
3120 1027 3276 1081 Patre
3314 1027 3527 1096 legimus
3559 1040 3713 1082 acce-

2168 1120 2329 1188 pisse,
2372 1133 2524 1184 quem
2562 1118 2612 1170 in
2648 1117 2808 1170 corde
2828 1102 3013 1169 I’atris.
3042 1115 3463 1184 inseparabiliter
3499 1129 3713 1168 mancu-

2167 1215 2292 1271 tem,
2322 1206 2561 1257 universa
2589 1204 2853 1257 credimus
2896 1204 3213 1269 possedisse.
3246 1202 3353 1256 Sed
3382 1203 3468 1256 ille
3487 1210 3713 1271 potesta-

2166 1302 2269 1346 tem
2326 1294 2530 1362 accepit
2568 1292 2820 1361 judicium
2886 1290 3152 1356 faciendi,
3225 1293 3316 1359 qui
3377 1293 3707 1360 semetipsum

2166 1381 2495 1448 exinanieus,
2529 1380 2751 1435 formam
2786 1380 3030 1449 dignatus
3058 1387 3141 1434 est
3176 1392 3446 1434 assumere
3480 1381 3639 1434 servi.

2744 1492 2965 1549 CAPUT
3006 1491 3144 1548 XIV.

2169 1583 2383 1649 Quando
2423 1582 2632 1647 dicunt,
2668 1580 2861 1635 Filium
2893 1596 2995 1635 non
3018 1578 3257 1634 habuisse
3286 1586 3562 1649 potestatem
3588 1578 3711 1631 dm

2234 1655 2307 1775 ag
2330 1654 2586 1775 delegerant
2613 1653 2689 1706 vel
2715 1652 2781 1705 ad
2812 1649 3089 1716 sinistram,
3117 1648 3389 1705 sessiotmn
3410 1648 3593 1703 duobus
3624 1650 3706 1701 di-

2234 1741 2256 1775 ι
2291 1739 2413 1775 mut
2448 1762 2463 1775 .

2234 1738 2463 1791 serpunt.

2230 1827 2284 1882 Si
2314 1836 2492 1883 autem
2520 1828 2753 1889 dixerint.
2788 1828 2908 1906 tibi,
2928 1827 3069 1897 quod
3099 1828 3266 1884 Filius
3302 1828 3502 1883 duobus
3535 1825 3699 1880 disci-

2162 1916 2297 1984 pulis
2320 1916 2515 1972 dixerit
2543 1935 2556 1971 :
2583 1917 2811 1975 Calicem
2836 1918 3046 1986 quidem
3076 1932 3251 1971 meum
3284 1916 3491 1979 bibetis,
3518 1914 3699 1968 sedere

2163 1998 2337 2060 autem
2368 2004 2433 2059 ad
2462 2004 2735 2060 dexteram
2768 2018 2960 2071 meam,
2991 2005 3074 2059 vel
3105 2004 3170 2058 ad
3208 2005 3473 2059 sinistram
3502 2017 3599 2056 non
3626 2010 3705 2056 est

2164 2108 2339 2147 meum
2368 2092 2495 2147 dare
2524 2093 2672 2148 vobis
2695 2091 2907 2161 (Matth.
2932 2107 3021 2157 xx,
3045 2092 3163 2161 23).

2233 2186 2529 2255 Responsio.
2567 2185 2799 2253 Proprim
2823 2187 3098 2255 potestatis
3124 2185 3316 2239 Filium
3338 2199 3473 2251 esse,
3500 2192 3549 2240 et
3571 2197 3701 2253 pra:-

2162 2275 2368 2330 cedeuti
2412 2276 2520 2343 jam
2563 2276 2919 2343 disputatione
2959 2275 3258 2339 docuimus,
3308 2284 3364 2329 et
3413 2288 3542 2328 nunc
3586 2274 3696 2339 ipso

2172 2370 2463 2438 opitulante
2490 2367 2814 2431 docebimus,
2846 2367 3131 2437 Evangelia
3160 2376 3521 2436 protestante:
3550 2366 3701 2418 Voca-

2164 2460 2231 2513 tis
2266 2458 2555 2515 duodecim
2596 2457 2869 2525 discipulis
2919 2457 3030 2509 suis
3058 2456 3230 2520 dedit,
3270 2456 3352 2509 eis
3401 2461 3696 2523 potestatem

2164 2547 2441 2615 Spirituum
2488 2543 2899 2610 immnndorum,
2947 2554 3004 2598 ut
3041 2544 3294 2613 ejicerent
3335 2557 3447 2607 eos,
3476 2551 3529 2595 et
3553 2546 3697 2594 cun-

2162 2651 2283 2693 rent
2324 2653 2533 2693 omnem
2564 2638 2891 2707 languorem,
2924 2646 2977 2692 et
3009 2652 3220 2691 omnem
3269 2637 3615 2691 infimitatem
3644 2634 3694 2687 in

2166 2734 2356 2802 populo
2394 2730 2609 2802 (Matth.
2653 2747 2720 2795 x,
2753 2730 2835 2801 I).
2882 2731 2945 2784 Et
2989 2731 3216 2785 iterum:
3248 2730 3418 2784 Amen
3461 2728 3576 2783 dico
3603 2742 3689 2779 vo-

2166 2821 2247 2875 bis
2274 2822 2411 2890 quod
2440 2834 2537 2874 vos
2562 2820 2650 2887 qui
2687 2818 2855 2873 secuti
2895 2819 3025 2872 estis
3054 2832 3159 2881 me,
3187 2818 3240 2871 in
3289 2816 3695 2881 regeneratiane,

2165 2925 2285 2966 cum
2320 2910 2482 2963 Filius
2508 2910 2734 2963 hominis
2773 2909 2972 2963 sederit
3002 2910 3053 2962 itt
3084 2910 3210 2963 sede
3254 2909 3542 2976 majestatis
3568 2921 3689 2965 stur.

2167 2998 2419 3053 sedebitis
2442 3007 2495 3049 et
2518 3011 2610 3049 vos
2639 3011 2758 3050 cum
2788 3012 2851 3051 eo
2870 3011 3029 3065 super
3054 2997 3335 3050 duodecim
3374 2986 3689 3062 sedes,'judi-

2089 3107 2136 3169 α
2166 3096 2346 3140 cantes
2383 3084 2656 3138 duodecim
2694 3086 2862 3151 tribus
2899 3084 3052 3140 Israel
3086 3084 3305 3155 (Matth.
3350 3100 3457 3147 xlv,
3488 3085 3605 3151 ἲς).
3640 3082 3696 3136 ει

2165 3177 2351 3230 iterum
2381 3189 2397 3227 :
2430 3175 2561 3227 Ecce
2589 3172 2708 3227 dedi
2731 3175 2878 3228 vobis
2903 3182 3216 3242 potestatem
3240 3185 3296 3226 ut
3322 3173 3532 3226 calcetis
3551 3184 3694 3238 super

2163 3275 2457 3334 serpentes,
2489 3274 2541 3319 et
2568 3266 2891 3332 scorpiones,
2926 3272 2979 3318 et
3019 3278 3177 3331 super
3218 3278 3431 3315 omnem
3464 3262 3690 3312 virtutem

2164 3359 2386 3422 inimici,
2427 3366 2479 3408 et
2520 3359 2564 3409 si
2602 3356 2741 3423 quod
2782 3367 3040 3407 venenum
3083 3350 3345 3415 biberitis,
3389 3348 3514 3402 nihil
3557 3346 3692 3401 vobis

2166 3450 2377 3505 nocebit
2419 3448 2567 3518 (Luc.
2606 3465 2659 3512 χ,
2697 3447 2804 3515 t9).
2854 3447 2919 3498 Et
2962 3446 3151 3498 iterum
3185 3462 3196 3495 :
3231 3424 3502 3510 QuotquOt
3534 3450 3693 3493 autem

2165 3553 2478 3611 teceperunt
2502 3557 2643 3604 eum,
2673 3540 2813 3594 dedit
2838 3540 2915 3592 eis
2947 3545 3261 3607 pOtestatem
3293 3535 3432 3587 ﬁlios
3461 3533 3545 3586 Dei
3574 3530 3695 3594 fieri,

2165 3633 2229 3687 iis
2256 3634 2342 3699 qui
2383 3630 2601 3685 credunt
2642 3631 2693 3681 iit
2732 3629 2943 3681 nomine
2971 3626 3087 3695 ejus
3113 3623 3286 3695 (Joan.
3336 3638 3374 3685 I,
3422 3621 3530 3689 12).
3558 3619 3615 3673 Et
3640 3620 3688 3671 in

2084 3746 2085 3751 η
2164 3721 2475 3791 Apocalypsi
2506 3736 2521 3773 ε
2547 3720 2643 3784 Qui
2679 3718 2884 3780 vicerit,
2913 3715 3051 3768 dabo
3079 3714 3150 3765 illi
3191 3711 3382 3765 sedere
3412 3723 3613 3765 mecum
3646 3708 3691 3758 itt

2163 3815 2289 3869 sede
2320 3825 2457 3875 mea,
2498 3810 2632 3862 sicut
2678 3818 2729 3860 et
2759 3820 2856 3874 ego
2894 3806 3017 3869 vici,
3060 3811 3114 3855 et
3158 3801 3270 3854 sedi
3319 3814 3437 3852 cum
3469 3798 3612 3851 Patre
3648 3796 3694 3847 in

2164 3893 2290 3959 sede
2320 3900 2484 3968 ipsius
2505 3898 2686 3965 (Apoc.
2707 3910 2783 3960 ιιι,
2808 3893 2919 3961 2|).
2952 3893 3077 3945 Item
3109 3889 3178 3943 ibi
3202 3908 3214 3940 :
3235 3888 3331 3954 Qtti
3364 3888 3547 3953 vicerit
3573 3884 3697 3937 dabo

2163 3997 2239 4051 illi
2267 3994 2580 4049 manducare
2621 3992 2685 4044 de
2726 3991 2864 4058 ligno
2896 3990 3033 4053 vitae,
3064 3985 3202 4053 quod
3250 3997 3332 4037 ρει
3383 3985 3434 4036 in
3469 3980 3695 4050 paradiso

2168 4090 2257 4144 Dei
2287 4088 2386 4141 mei
2427 4084 2605 4155 (Apoc.
2638 4099 2695 4148 tt,
2729 4084 2802 4152 7).
2843 4080 2941 4145 Qui
2971 4079 3214 4133 omnibus
3255 4076 3405 4141 disci,
3427 4074 3543 4136 ulis,
3572 4072 3695 4125 duo-

2164 4182 2333 4235 decim
2364 4179 2527 4231 tribtts
2558 4170 2825 4243 judicandi
2865 4176 3176 4237 potestatem
3224 4165 3392 4230 dedit,
3441 4172 3494 4216 et
3530 4174 3692 4214 secum

2171 4270 2356 4323 sedere
2401 4263 2660 4334 permisit,
2708 4259 2911 4313 duobus
2954 4265 3153 4307 tantum
3205 4253 3495 4319 discipulis,
3538 4258 3590 4301 ut
3632 4244 3691 4297 ad

2167 4363 2435 4415 dexteram
2470 4356 2549 4410 vel
2582 4354 2645 4406 ad
2677 4352 2776 4404 sini
2811 4359 2943 4402 tram
2978 4346 3094 4414 ejus
3136 4344 3419 4404 sederent,
3447 4338 3689 4393 licentiam

513 4447 620 4527 suis
661 4470 811 4540 (Isai.
842 4483 917 4531 ιιι,
953 4466 1055 4531 15).
1101 4464 1229 4515 Item
1268 4459 1337 4513 ibi
1372 4474 1384 4511 :
1421 4457 1597 4510 Induit
1643 4472 1701 4511 se
1723 4458 1981 4525 jttStitiam
2013 4470 2062 4509 et
2093 4454 2139 4513 D
2167 4453 2292 4504 dare
2320 4466 2421 4504 non
2454 4447 2666 4501 habuit?

512 4568 731 4636 gloriam
766 4579 778 4615 :
811 4555 1187 4623 circumposuit
1216 4552 1416 4619 galeam
1447 4548 1630 4601 salutis
1660 4547 1821 4615 capiti
1862 4560 1980 4612 suo,
2012 4556 2067 4600 et

512 4658 717 4728 operuit
747 4672 804 4709 sc
833 4663 978 4706 veste
1003 4648 1264 4708 vindictzc,
1300 4652 1355 4695 ιιι
1375 4641 1627 4695 retribuat
1662 4638 2064 4691 retributionem

513 4723 827 4800 adversariis
850 4740 959 4795 suis
990 4738 1143 4807 (Is-ai.
1170 4750 1276 4797 ur,
1308 4734 1417 4801 I7).
1452 4730 1577 4783 Item
1611 4727 1682 4781 ibi
1712 4744 1723 4778 :
1758 4727 1894 4779 Ecce
1924 4723 2064 4777 enim

513 4834 770 4889 Dominus
796 4842 850 4884 ut
879 4829 1013 4896 ignis
1044 4824 1237 4886 venirt,
1270 4831 1323 4875 et
1353 4830 1411 4872 ut
1431 4826 1713 4885 tempestas
1737 4827 1924 4867 cursus
1952 4814 2068 4880 ejus

512 4923 736 4977 reddere
779 4918 1060 4972 vindictam
1109 4915 1158 4965 in
1202 4915 1298 4974 ira,
1343 4918 1397 4963 et
1447 4907 1701 4960 ultionem
1762 4906 1812 4957 itt
1862 4904 2068 4956 flamma

514 5018 649 5085 ignis
685 5010 833 5084 (frui.
866 5007 1148 5073 cavum).
1187 5006 1245 5057 Et
1284 5004 1334 5055 in
1364 4999 1563 5067 psalmo
1596 5010 1736 5049 uouo
1766 4990 2023 5063 (Vers.‘9)
2054 5008 2066 5043 :

520 5084 727 5156 Paravit
750 5102 800 5153 in
829 5098 1026 5167 judicio
1052 5093 1230 5147 sedem
1263 5105 1430 5152 suam,
1474 5094 1527 5143 et
1556 5088 1667 5153 ipse
1692 5084 1949 5153 judicahit
1978 5089 2073 5135 oro'

519 5195 634 5245 bern
686 5199 840 5243 terrae
881 5188 929 5239 in
980 5185 1245 5251 :cquitate.
1293 5182 1354 5234 Et
1399 5180 1450 5233 in
1496 5178 1788 5232 centesimo
1840 5175 2072 5229 secundo

522 5280 691 5351 (Vera.
725 5278 812 5346 19)
838 5296 851 5329 :
883 5275 1135 5329 Dominus
1161 5274 1210 5324 in
1237 5270 1372 5323 cmlu
1397 5268 1596 5332 paravit
1621 5268 1867 5319 thronum
1893 5279 2069 5325 suum,

520 5377 571 5421 et
597 5380 811 5434 regnum
844 5365 955 5433 ejus
983 5362 1227 5415 omnibus
1256 5356 1626 5411 dominabitur.
1666 5355 1727 5407 Et
1754 5356 1802 5405 in
1838 5366 2068 5419 nontge-

519 5460 655 5509 simo
681 5454 836 5507 tertio
861 5452 1030 5519 (Verr.
1060 5452 1111 5513 I)
1142 5466 1153 5499 :
1183 5448 1318 5500 Deus
1348 5446 1601 5497 ultienum
1631 5443 1904 5507 Dominus,
1933 5441 2072 5493 Deus

522 5546 774 5597 ultionutu
817 5541 980 5593 libere
1008 5541 1129 5605 egit.
1182 5537 1243 5589 Et
1285 5535 1334 5587 in
1366 5533 1584 5600 epistola
1613 5532 1760 5586 Iuda:
1793 5531 2020 5599 apostoli
2057 5547 2069 5582 :

526 5636 655 5686 'ivee
681 5623 851 5684 veniet
886 5630 1135 5681 Dominus
1162 5628 1211 5680 in
1251 5624 1480 5679 millibus
1510 5622 1682 5677 facere
1707 5622 1983 5690 judicium,
2015 5629 2071 5675 et

521 5723 741 5782 perdere
788 5735 969 5775 omnes
1017 5716 1220 5785 impios,
1262 5724 1315 5771 et
1349 5725 1568 5783 arguere
1611 5724 1819 5767 omnem
1858 5723 2068 5766 carnem

2748 4530 2968 4585 CAPUT
3014 4529 3122 4581 XV.

2256 4628 2331 4681 De
2352 4643 2409 4680 eo
2432 4628 2564 4695 quod
2585 4626 2763 4676 dicitur
2786 4639 2800 4673 :
2836 4622 2951 4695 Non
2986 4627 3141 4683 potest
3166 4612 3331 4665 Filius
3354 4629 3382 4664 a
3410 4628 3459 4664 sc
3485 4610 3634 4678 favere

2798 4691 3089 4756 quidquam.

2241 4805 2399 4877 376
2420 4806 2473 4860 Si
2502 4818 2626 4858 vero
2653 4801 2991 4870 opposuerim
3022 4798 3116 4850 tibi
3145 4794 3283 4859 quod
3313 4793 3475 4847 Filius
3496 4786 3689 4840 dixerit:

2172 4873 2285 4957 Non
2305 4873 2481 4963 potest
2511 4895 2672 4947 Filius
2708 4906 2736 4944 a
2774 4905 2829 4943 se
2878 4889 3047 4940 facere
3092 4884 3400 4953 quidquam,
3444 4880 3537 4932 nisi
3564 4873 3687 4945 quod

2172 4985 2361 5041 viderit
2389 4984 2592 5037 Patrem
2612 4982 2899 5034 facientem
2925 4974 3098 5042 (Joun.
3132 4988 3184 5031 ν,
3224 4970 3331 5039 19).

2244 5073 2540 5141 Responsio.
2579 5058 2631 5124 Si
2673 5070 2823 5122 Iidem
2863 5074 3056 5118 rectam
3101 5074 3331 5124 teneres,
3371 5067 3423 5112 ct
3463 5069 3559 5128 non
3594 5049 3691 5104 falsi

2174 5164 2430 5233 dogmatis
2478 5161 2728 5227 pravitate
2782 5157 2933 5210 fidem
2990 5154 3302 5208 catholicam
3357 5152 3688 5217 impugnarcs,

2176 5264 2518 5320 cognosceres
2562 5247 2745 5300 Filium
2789 5246 2996 5312 prepria
3041 5250 3299 5308 potestate
3342 5238 3546 5295 fecisse,
3595 5243 3693 5298 qua:

2179 5345 2382 5398 Patrem
2436 5357 2536 5393 non
2578 5340 2830 5406 legimus,
2884 5336 2979 5387 nisi
3029 5348 3119 5401 per
3176 5316 3361 5383 Filium
3415 5324 3694 5394 perfecisse.

2179 5430 2419 5499 Nunquid
2444 5429 2597 5482 Pater
2618 5442 2763 5493 aqua:
2791 5425 3108 5477 elementum
3140 5418 3405 5472 convertit
3428 5416 3477 5467 in
3510 5407 3697 5465 vinum?

2178 5521 2417 5592 Nunquid
2449 5522 2599 5574 Pater
2626 5532 2809 5571 navem
2843 5514 3162 5572 con~c:ndit,
3194 5521 3283 5563 aut
3328 5509 3515 5566 ventis,
3543 5512 3590 5555 et
3618 5502 3699 5553 IIu-

2176 5620 2347 5675 CIibus
2371 5625 2430 5669 ttt
2458 5615 2806 5683 quiescerent,
2854 5606 3163 5674 imperavit?
3192 5602 3435 5669 Nunquid
3482 5600 3623 5651 I‘ater
3646 5593 3699 5643 de

2180 5708 2405 5778 quinque
2436 5702 2655 5772 panibus
2686 5707 2737 5753 et
2769 5698 2973 5751 duobus
2996 5695 3229 5764 piscibus
3259 5692 3310 5744 in
3334 5691 3539 5743 deserto
3570 5683 3695 5750 quia.
