  <div class='ocr_page' id='page_1' title='image "/cluster/home/n/w/nwhite01/storage/ocr_20150623/61-62/uva.x000827102/770.png"; bbox 0 0 3856 6222; ppageno 0'>
   <div class='ocr_carea' id='block_1_1' title="bbox 139 262 247 316">
    <p class='ocr_par' dir='ltr' id='par_1_1' title="bbox 139 262 247 316">
     <span class='ocr_line' id='line_1_1' title="bbox 139 262 247 316; baseline 0.009 -2"><span class='ocrx_word' id='word_1_1' title='bbox 139 262 247 316; x_wconf 78' lang='lat'><strong>563</strong></span> 
     </span>
    </p>
   </div>
   <div class='ocr_carea' id='block_1_2' title="bbox 1210 217 2206 318">
    <p class='ocr_par' dir='ltr' id='par_1_2' title="bbox 1210 217 2206 318">
     <span class='ocr_line' id='line_1_2' title="bbox 1210 217 2206 318; baseline -0.002 -1"><span class='ocrx_word' id='word_1_2' title='bbox 1210 261 1218 263; x_wconf 69' lang='lat'><em>‘</em></span> <span class='ocrx_word' id='word_1_3' title='bbox 1254 217 1519 317; x_wconf 63' lang='lat' dir='ltr'><strong>comit</strong></span> <span class='ocrx_word' id='word_1_4' title='bbox 1556 260 1961 317; x_wconf 71' lang='lat' dir='ltr'><strong>VARIMADUM</strong></span> <span class='ocrx_word' id='word_1_5' title='bbox 2003 256 2125 318; x_wconf 74' lang='lat' dir='ltr'><strong>LIB.</strong></span> <span class='ocrx_word' id='word_1_6' title='bbox 2171 264 2206 317; x_wconf 86' lang='grc' dir='ltr'>ι.</span> 
     </span>
    </p>
   </div>
   <div class='ocr_carea' id='block_1_3' title="bbox 3214 271 3318 326">
    <p class='ocr_par' dir='ltr' id='par_1_3' title="bbox 3214 271 3318 326">
     <span class='ocr_line' id='line_1_3' title="bbox 3214 271 3318 326; baseline 0.019 -2"><span class='ocrx_word' id='word_1_7' title='bbox 3214 271 3318 326; x_wconf 68' lang='grc' dir='ltr'>ιω</span> 
     </span>
    </p>
   </div>
   <div class='ocr_carea' id='block_1_4' title="bbox 137 339 3317 446">
    <p class='ocr_par' dir='ltr' id='par_1_4' title="bbox 137 339 3317 446">
     <span class='ocr_line' id='line_1_4' title="bbox 137 339 3317 446; baseline 0.004 -26"><span class='ocrx_word' id='word_1_8' title='bbox 137 384 247 436; x_wconf 83' lang='lat' dir='ltr'><strong>que</strong></span> <span class='ocrx_word' id='word_1_9' title='bbox 287 365 436 419; x_wconf 80' lang='lat' dir='ltr'><strong>millia</strong></span> <span class='ocrx_word' id='word_1_10' title='bbox 482 339 751 418; x_wconf 72' lang='lat' dir='ltr'><strong>heminam</strong></span> <span class='ocrx_word' id='word_1_11' title='bbox 798 364 974 433; x_wconf 65' lang='lat' dir='ltr'><strong>pavit?</strong></span> <span class='ocrx_word' id='word_1_12' title='bbox 1011 364 1252 434; x_wconf 80' lang='lat' dir='ltr'><strong>Nunquid</strong></span> <span class='ocrx_word' id='word_1_13' title='bbox 1299 368 1453 421; x_wconf 87' lang='lat' dir='ltr'><strong>Pater</strong></span> <span class='ocrx_word' id='word_1_14' title='bbox 1498 383 1657 436; x_wconf 81' lang='lat' dir='ltr'><strong>super</strong></span> <span class='ocrx_word' id='word_1_15' title='bbox 1693 374 1739 432; x_wconf 79' lang='grc' dir='ltr'><strong>Δ</strong></span> <span class='ocrx_word' id='word_1_16' title='bbox 1766 380 2016 434; x_wconf 90' lang='lat' dir='ltr'><strong>strueret,</strong></span> <span class='ocrx_word' id='word_1_17' title='bbox 2041 381 2094 424; x_wconf 92' lang='lat' dir='ltr'><strong>et</strong></span> <span class='ocrx_word' id='word_1_18' title='bbox 2125 386 2216 424; x_wconf 73' lang='lat' dir='ltr'><strong>vos</strong></span> <span class='ocrx_word' id='word_1_19' title='bbox 2258 372 2498 438; x_wconf 68' lang='lat' dir='ltr'><strong>Asianos,</strong></span> <span class='ocrx_word' id='word_1_20' title='bbox 2524 374 2608 441; x_wconf 93' lang='lat' dir='ltr'><strong>qni</strong></span> <span class='ocrx_word' id='word_1_21' title='bbox 2641 389 2797 426; x_wconf 90' lang='lat' dir='ltr'><strong>unum</strong></span> <span class='ocrx_word' id='word_1_22' title='bbox 2846 374 2898 427; x_wconf 90' lang='lat' dir='ltr'><strong>in</strong></span> <span class='ocrx_word' id='word_1_23' title='bbox 2927 375 3181 446; x_wconf 72' lang='lat' dir='ltr'><strong>Trinitate</strong></span> <span class='ocrx_word' id='word_1_24' title='bbox 3218 384 3317 433; x_wconf 62' lang='lat' dir='ltr'><strong>alio</strong></span> 
     </span>
    </p>
   </div>
   <div class='ocr_carea' id='block_1_5' title="bbox 135 458 1665 527">
    <p class='ocr_par' dir='ltr' id='par_1_5' title="bbox 135 458 1665 527">
     <span class='ocr_line' id='line_1_5' title="bbox 135 458 1665 527; baseline 0.005 -17"><span class='ocrx_word' id='word_1_25' title='bbox 135 474 283 512; x_wconf 83' lang='lat' dir='ltr'><strong>mare</strong></span> <span class='ocrx_word' id='word_1_26' title='bbox 301 459 514 526; x_wconf 73' lang='lat' dir='ltr'><strong>pedibus</strong></span> <span class='ocrx_word' id='word_1_27' title='bbox 540 458 1123 527; x_wconf 79' lang='lat' dir='ltr'><strong>amlmlavit?&#39;Nunquid</strong></span> <span class='ocrx_word' id='word_1_28' title='bbox 1152 461 1310 513; x_wconf 84' lang='lat' dir='ltr'><strong>Pater</strong></span> <span class='ocrx_word' id='word_1_29' title='bbox 1328 463 1514 516; x_wconf 86' lang='lat' dir='ltr'><strong>oculos</strong></span> <span class='ocrx_word' id='word_1_30' title='bbox 1538 465 1665 516; x_wconf 62' lang='lat' dir='ltr'><strong>caci</strong></span> 
     </span>
    </p>
   </div>
   <div class='ocr_carea' id='block_1_6' title="bbox 137 541 1666 618">
    <p class='ocr_par' dir='ltr' id='par_1_6' title="bbox 137 541 1666 618">
     <span class='ocr_line' id='line_1_6' title="bbox 137 541 1666 618; baseline 0.005 -20"><span class='ocrx_word' id='word_1_31' title='bbox 137 549 248 600; x_wconf 87' lang='lat' dir='ltr'><strong>nati</strong></span> <span class='ocrx_word' id='word_1_32' title='bbox 275 546 502 614; x_wconf 73' lang='lat' dir='ltr'><strong>aperuit?</strong></span> <span class='ocrx_word' id='word_1_33' title='bbox 533 546 773 613; x_wconf 83' lang='lat' dir='ltr'><strong>Nunquid</strong></span> <span class='ocrx_word' id='word_1_34' title='bbox 821 548 977 600; x_wconf 90' lang='lat' dir='ltr'><strong>Pater</strong></span> <span class='ocrx_word' id='word_1_35' title='bbox 1011 562 1188 601; x_wconf 83' lang='lat' dir='ltr'><strong>coram</strong></span> <span class='ocrx_word' id='word_1_36' title='bbox 1214 551 1540 618; x_wconf 84' lang='lat' dir='ltr'><strong>principibus</strong></span> <span class='ocrx_word' id='word_1_37' title='bbox 1566 541 1666 605; x_wconf 64' lang='lat' dir='ltr'><strong>Iu-</strong></span> 
     </span>
    </p>
   </div>
   <div class='ocr_carea' id='block_1_7' title="bbox 134 635 1668 705">
    <p class='ocr_par' dir='ltr' id='par_1_7' title="bbox 134 635 1668 705">
     <span class='ocr_line' id='line_1_7' title="bbox 134 635 1668 705; baseline 0.005 -15"><span class='ocrx_word' id='word_1_38' title='bbox 134 638 361 690; x_wconf 66' lang='lat' dir='ltr'><strong>dmortnn</strong></span> <span class='ocrx_word' id='word_1_39' title='bbox 386 635 722 705; x_wconf 83' lang='lat' dir='ltr'><strong>paralyticum</strong></span> <span class='ocrx_word' id='word_1_40' title='bbox 746 639 981 705; x_wconf 67' lang='lat' dir='ltr'><strong>pristina:</strong></span> <span class='ocrx_word' id='word_1_41' title='bbox 1005 641 1216 693; x_wconf 79' lang='lat' dir='ltr'><strong>Sanitati</strong></span> <span class='ocrx_word' id='word_1_42' title='bbox 1239 643 1503 696; x_wconf 79' lang='lat' dir='ltr'><strong>restituit?</strong></span> <span class='ocrx_word' id='word_1_43' title='bbox 1527 645 1668 698; x_wconf 56' lang='lat' dir='ltr'><strong>Nune</strong></span> 
     </span>
    </p>
   </div>
   <div class='ocr_carea' id='block_1_8' title="bbox 133 728 1667 804">
    <p class='ocr_par' dir='ltr' id='par_1_8' title="bbox 133 728 1667 804">
     <span class='ocr_line' id='line_1_8' title="bbox 133 728 1667 804; baseline 0.007 -23"><span class='ocrx_word' id='word_1_44' title='bbox 133 729 262 793; x_wconf 79' lang='lat' dir='ltr'><strong>quid</strong></span> <span class='ocrx_word' id='word_1_45' title='bbox 308 729 452 781; x_wconf 86' lang='lat' dir='ltr'><strong>Pater</strong></span> <span class='ocrx_word' id='word_1_46' title='bbox 502 728 798 794; x_wconf 79' lang='lat' dir='ltr'><strong>hominem,</strong></span> <span class='ocrx_word' id='word_1_47' title='bbox 847 733 1049 784; x_wconf 79' lang='lat' dir='ltr'><strong>aridam</strong></span> <span class='ocrx_word' id='word_1_48' title='bbox 1088 748 1305 787; x_wconf 88' lang='lat' dir='ltr'><strong>manum</strong></span> <span class='ocrx_word' id='word_1_49' title='bbox 1356 738 1667 804; x_wconf 73' lang='lat' dir='ltr'><strong>habentem,</strong></span> 
     </span>
    </p>
   </div>
   <div class='ocr_carea' id='block_1_9' title="bbox 132 816 1671 893">
    <p class='ocr_par' dir='ltr' id='par_1_9' title="bbox 132 816 1671 893">
     <span class='ocr_line' id='line_1_9' title="bbox 132 816 1671 893; baseline 0.006 -23"><span class='ocrx_word' id='word_1_50' title='bbox 132 819 330 870; x_wconf 85' lang='lat' dir='ltr'><strong>cunctis</strong></span> <span class='ocrx_word' id='word_1_51' title='bbox 347 816 633 869; x_wconf 87' lang='lat' dir='ltr'><strong>astantibus</strong></span> <span class='ocrx_word' id='word_1_52' title='bbox 664 819 716 870; x_wconf 91' lang='lat' dir='ltr'><strong>in</strong></span> <span class='ocrx_word' id='word_1_53' title='bbox 746 822 953 887; x_wconf 88' lang='lat' dir='ltr'><strong>templo</strong></span> <span class='ocrx_word' id='word_1_54' title='bbox 972 823 1177 874; x_wconf 75' lang='lat' dir='ltr'><strong>curarit</strong></span> <span class='ocrx_word' id='word_1_55' title='bbox 1194 823 1219 874; x_wconf 82' lang='lat'><strong>‘.’</strong></span> <span class='ocrx_word' id='word_1_56' title='bbox 1245 824 1487 893; x_wconf 76' lang='lat' dir='ltr'><strong>Nunquid</strong></span> <span class='ocrx_word' id='word_1_57' title='bbox 1516 827 1671 880; x_wconf 82' lang='lat' dir='ltr'><strong>Pater</strong></span> 
     </span>
    </p>
   </div>
   <div class='ocr_carea' id='block_1_10' title="bbox 132 904 1667 980">
    <p class='ocr_par' dir='ltr' id='par_1_10' title="bbox 132 904 1667 980">
     <span class='ocr_line' id='line_1_10' title="bbox 132 904 1667 980; baseline 0.008 -24"><span class='ocrx_word' id='word_1_58' title='bbox 132 906 399 957; x_wconf 77' lang='lat' dir='ltr'><strong>mulierem</strong></span> <span class='ocrx_word' id='word_1_59' title='bbox 437 904 580 957; x_wconf 80' lang='lat' dir='ltr'><strong>[luxu</strong></span> <span class='ocrx_word' id='word_1_60' title='bbox 620 908 887 973; x_wconf 81' lang='lat' dir='ltr'><strong>sanguinis</strong></span> <span class='ocrx_word' id='word_1_61' title='bbox 922 909 1278 979; x_wconf 69' lang='lat' dir='ltr'><strong>laborantem,</strong></span> <span class='ocrx_word' id='word_1_62' title='bbox 1312 913 1482 965; x_wconf 72' lang='lat' dir='ltr'><strong>turbzs</strong></span> <span class='ocrx_word' id='word_1_63' title='bbox 1514 913 1667 980; x_wconf 79' lang='lat' dir='ltr'><strong>igno-</strong></span> 
     </span>
    </p>
   </div>
   <div class='ocr_carea' id='block_1_11' title="bbox 135 990 1671 1068">
    <p class='ocr_par' dir='ltr' id='par_1_11' title="bbox 135 990 1671 1068">
     <span class='ocr_line' id='line_1_11' title="bbox 135 990 1671 1068; baseline 0.007 -25"><span class='ocrx_word' id='word_1_64' title='bbox 135 993 383 1054; x_wconf 87' lang='lat' dir='ltr'><strong>rantibus,</strong></span> <span class='ocrx_word' id='word_1_65' title='bbox 407 990 617 1046; x_wconf 88' lang='lat' dir='ltr'><strong>deitatis</strong></span> <span class='ocrx_word' id='word_1_66' title='bbox 654 1007 765 1047; x_wconf 71' lang='lat' dir='ltr'><strong>sua:</strong></span> <span class='ocrx_word' id='word_1_67' title='bbox 807 995 1002 1048; x_wconf 75' lang='lat' dir='ltr'><strong>virtute</strong></span> <span class='ocrx_word' id='word_1_68' title='bbox 1037 1000 1280 1051; x_wconf 78' lang='lat' dir='ltr'><strong>sanavit?</strong></span> <span class='ocrx_word' id='word_1_69' title='bbox 1320 1000 1388 1052; x_wconf 79' lang='lat' dir='ltr'><strong>Et</strong></span> <span class='ocrx_word' id='word_1_70' title='bbox 1419 1002 1570 1068; x_wconf 86' lang='lat' dir='ltr'><strong>plura</strong></span> <span class='ocrx_word' id='word_1_71' title='bbox 1606 1003 1671 1056; x_wconf 81' lang='lat' dir='ltr'><strong>iis</strong></span> 
     </span>
    </p>
   </div>
   <div class='ocr_carea' id='block_1_12' title="bbox 134 1084 1666 1154">
    <p class='ocr_par' dir='ltr' id='par_1_12' title="bbox 134 1084 1666 1154">
     <span class='ocr_line' id='line_1_12' title="bbox 134 1084 1666 1154; baseline 0.003 -18"><span class='ocrx_word' id='word_1_72' title='bbox 134 1084 466 1149; x_wconf 78' lang='lat' dir='ltr'><strong>mirabiliora,</strong></span> <span class='ocrx_word' id='word_1_73' title='bbox 505 1100 622 1154; x_wconf 65' lang='lat' dir='ltr'><strong>qua</strong></span> <span class='ocrx_word' id='word_1_74' title='bbox 667 1086 942 1141; x_wconf 84' lang='lat' dir='ltr'><strong>Dominum</strong></span> <span class='ocrx_word' id='word_1_75' title='bbox 982 1101 1219 1145; x_wconf 83' lang='lat' dir='ltr'><strong>nostrum</strong></span> <span class='ocrx_word' id='word_1_76' title='bbox 1247 1094 1430 1148; x_wconf 83' lang='lat' dir='ltr'><strong>Iesum</strong></span> <span class='ocrx_word' id='word_1_77' title='bbox 1477 1095 1666 1150; x_wconf 70' lang='lat' dir='ltr'><strong>fecisse</strong></span> 
     </span>
    </p>
   </div>
   <div class='ocr_carea' id='block_1_13' title="bbox 130 1175 1663 1252">
    <p class='ocr_par' dir='ltr' id='par_1_13' title="bbox 130 1175 1663 1252">
     <span class='ocr_line' id='line_1_13' title="bbox 130 1175 1663 1252; baseline 0.008 -26"><span class='ocrx_word' id='word_1_78' title='bbox 130 1175 413 1237; x_wconf 79' lang='lat' dir='ltr'><strong>credimus;</strong></span> <span class='ocrx_word' id='word_1_79' title='bbox 462 1185 516 1228; x_wconf 90' lang='lat' dir='ltr'><strong>et</strong></span> <span class='ocrx_word' id='word_1_80' title='bbox 558 1178 824 1232; x_wconf 87' lang='lat' dir='ltr'><strong>credendo</strong></span> <span class='ocrx_word' id='word_1_81' title='bbox 868 1184 1260 1250; x_wconf 74' lang='lat' dir='ltr'><strong>cognoscimus,</strong></span> <span class='ocrx_word' id='word_1_82' title='bbox 1290 1196 1374 1241; x_wconf 80' lang='grc' dir='ltr'><strong>ἐι</strong></span> <span class='ocrx_word' id='word_1_83' title='bbox 1419 1191 1663 1252; x_wconf 74' lang='lat' dir='ltr'><strong>fatemur,</strong></span> 
     </span>
    </p>
   </div>
   <div class='ocr_carea' id='block_1_14' title="bbox 129 1261 1664 1344">
    <p class='ocr_par' dir='ltr' id='par_1_14' title="bbox 129 1261 1664 1344">
     <span class='ocr_line' id='line_1_14' title="bbox 129 1261 1664 1344; baseline 0.011 -33"><span class='ocrx_word' id='word_1_84' title='bbox 129 1261 370 1328; x_wconf 88' lang='lat' dir='ltr'><strong>quoniam</strong></span> <span class='ocrx_word' id='word_1_85' title='bbox 407 1264 491 1329; x_wconf 89' lang='lat' dir='ltr'><strong>qui</strong></span> <span class='ocrx_word' id='word_1_86' title='bbox 520 1273 793 1330; x_wconf 82' lang='lat' dir='ltr'><strong>paternum</strong></span> <span class='ocrx_word' id='word_1_87' title='bbox 832 1282 964 1338; x_wconf 75' lang='lat' dir='ltr'><strong>opus</strong></span> <span class='ocrx_word' id='word_1_88' title='bbox 1007 1275 1336 1341; x_wconf 80' lang='lat' dir='ltr'><strong>exsequitur,</strong></span> <span class='ocrx_word' id='word_1_89' title='bbox 1368 1289 1398 1328; x_wconf 91' lang='lat' dir='ltr'><strong>a</strong></span> <span class='ocrx_word' id='word_1_90' title='bbox 1429 1280 1664 1344; x_wconf 72' lang='lat' dir='ltr'><strong>paternis</strong></span> 
     </span>
    </p>
   </div>
   <div class='ocr_carea' id='block_1_15' title="bbox 130 1351 1145 1416">
    <p class='ocr_par' dir='ltr' id='par_1_15' title="bbox 130 1351 1145 1416">
     <span class='ocr_line' id='line_1_15' title="bbox 130 1351 1145 1416; baseline 0.012 -17"><span class='ocrx_word' id='word_1_91' title='bbox 130 1351 374 1416; x_wconf 78' lang='lat' dir='ltr'><strong>Operibus</strong></span> <span class='ocrx_word' id='word_1_92' title='bbox 393 1352 593 1406; x_wconf 87' lang='lat' dir='ltr'><strong>alienus</strong></span> <span class='ocrx_word' id='word_1_93' title='bbox 620 1368 740 1408; x_wconf 81' lang='lat' dir='ltr'><strong>esse</strong></span> <span class='ocrx_word' id='word_1_94' title='bbox 763 1370 866 1409; x_wconf 90' lang='lat' dir='ltr'><strong>non</strong></span> <span class='ocrx_word' id='word_1_95' title='bbox 886 1359 1145 1412; x_wconf 90' lang='lat' dir='ltr'><strong>creditur.</strong></span> 
     </span>
    </p>
   </div>
   <div class='ocr_carea' id='block_1_16' title="bbox 691 1492 1084 1548">
    <p class='ocr_par' dir='ltr' id='par_1_16' title="bbox 691 1492 1084 1548">
     <span class='ocr_line' id='line_1_16' title="bbox 691 1492 1084 1548; baseline 0.008 -4"><span class='ocrx_word' id='word_1_96' title='bbox 691 1492 912 1548; x_wconf 82' lang='lat' dir='ltr'><strong>CAPUT</strong></span> <span class='ocrx_word' id='word_1_97' title='bbox 951 1493 1084 1547; x_wconf 73' lang='lat' dir='ltr'><strong>XVI.</strong></span> 
     </span>
    </p>
   </div>
   <div class='ocr_carea' id='block_1_17' title="bbox 153 1602 1620 1675">
    <p class='ocr_par' dir='ltr' id='par_1_17' title="bbox 153 1602 1620 1675">
     <span class='ocr_line' id='line_1_17' title="bbox 153 1602 1620 1675; baseline 0.012 -17"><span class='ocrx_word' id='word_1_98' title='bbox 153 1602 268 1658; x_wconf 70' lang='lat' dir='ltr'><strong>‘L’bt&#39;</strong></span> <span class='ocrx_word' id='word_1_99' title='bbox 285 1606 448 1658; x_wconf 66' lang='lat' dir='ltr'><strong>dicunt</strong></span> <span class='ocrx_word' id='word_1_100' title='bbox 475 1606 677 1668; x_wconf 78' lang='lat' dir='ltr'><strong>Patrem</strong></span> <span class='ocrx_word' id='word_1_101' title='bbox 701 1619 747 1662; x_wconf 80' lang='lat' dir='ltr'><strong>et</strong></span> <span class='ocrx_word' id='word_1_102' title='bbox 774 1609 964 1664; x_wconf 74' lang='lat' dir='ltr'><strong>Filiam</strong></span> <span class='ocrx_word' id='word_1_103' title='bbox 994 1630 1095 1666; x_wconf 75' lang='lat' dir='ltr'><strong>non</strong></span> <span class='ocrx_word' id='word_1_104' title='bbox 1123 1631 1229 1670; x_wconf 70' lang='lat' dir='ltr'><strong>esse</strong></span> <span class='ocrx_word' id='word_1_105' title='bbox 1253 1635 1407 1671; x_wconf 73' lang='lat' dir='ltr'><strong>unum</strong></span> <span class='ocrx_word' id='word_1_106' title='bbox 1437 1620 1620 1675; x_wconf 74' lang='lat' dir='ltr'><strong>Deam.</strong></span> 
     </span>
    </p>
   </div>
   <div class='ocr_carea' id='block_1_18' title="bbox 1769 460 2939 524">
    <p class='ocr_par' dir='ltr' id='par_1_18' title="bbox 1769 460 2939 524">
     <span class='ocr_line' id='line_1_18' title="bbox 1769 460 2939 524; baseline 0.003 -12"><span class='ocrx_word' id='word_1_107' title='bbox 1769 460 1928 512; x_wconf 90' lang='lat' dir='ltr'><strong>nuitis</strong></span> <span class='ocrx_word' id='word_1_108' title='bbox 1953 461 2135 524; x_wconf 90' lang='lat' dir='ltr'><strong>Deum,</strong></span> <span class='ocrx_word' id='word_1_109' title='bbox 2167 462 2337 514; x_wconf 88' lang='lat' dir='ltr'><strong>modis</strong></span> <span class='ocrx_word' id='word_1_110' title='bbox 2366 463 2608 514; x_wconf 84' lang='lat' dir='ltr'><strong>omnibus</strong></span> <span class='ocrx_word' id='word_1_111' title='bbox 2646 464 2939 518; x_wconf 78' lang='lat' dir='ltr'><strong>refutaret?</strong></span> 
     </span>
    </p>
   </div>
   <div class='ocr_carea' id='block_1_19' title="bbox 2337 553 2762 608">
    <p class='ocr_par' dir='ltr' id='par_1_19' title="bbox 2337 553 2762 608">
     <span class='ocr_line' id='line_1_19' title="bbox 2337 553 2762 608; baseline 0.005 -2"><span class='ocrx_word' id='word_1_112' title='bbox 2337 553 2560 607; x_wconf 72' lang='lat' dir='ltr'><strong>CAPUT</strong></span> <span class='ocrx_word' id='word_1_113' title='bbox 2602 556 2762 608; x_wconf 70' lang='lat' dir='ltr'><strong>XVII.</strong></span> 
     </span>
    </p>
   </div>
   <div class='ocr_carea' id='block_1_20' title="bbox 1842 641 3243 712">
    <p class='ocr_par' dir='ltr' id='par_1_20' title="bbox 1842 641 3243 712">
     <span class='ocr_line' id='line_1_20' title="bbox 1842 641 3243 712; baseline 0.006 -21"><span class='ocrx_word' id='word_1_114' title='bbox 1842 641 2137 693; x_wconf 70' lang='lat' dir='ltr'><strong>Declaratur</strong></span> <span class='ocrx_word' id='word_1_115' title='bbox 2168 644 2353 695; x_wconf 84' lang='lat' dir='ltr'><strong>dictum</strong></span> <span class='ocrx_word' id='word_1_116' title='bbox 2377 659 2395 694; x_wconf 91' lang='lat'><strong><em>:</em></strong></span> <span class='ocrx_word' id='word_1_117' title='bbox 2426 644 2596 710; x_wconf 79' lang='lat' dir='ltr'><strong>Pater,</strong></span> <span class='ocrx_word' id='word_1_118' title='bbox 2623 646 2848 712; x_wconf 76' lang='lat' dir='ltr'><strong>clari/ica</strong></span> <span class='ocrx_word' id='word_1_119' title='bbox 2872 644 3062 698; x_wconf 74' lang='lat' dir='ltr'><strong>Filium</strong></span> <span class='ocrx_word' id='word_1_120' title='bbox 3082 657 3243 700; x_wconf 79' lang='lat' dir='ltr'><strong>litum.</strong></span> 
     </span>
    </p>
   </div>
   <div class='ocr_carea' id='block_1_21' title="bbox 1837 727 3318 807">
    <p class='ocr_par' dir='ltr' id='par_1_21' title="bbox 1837 727 3318 807">
     <span class='ocr_line' id='line_1_21' title="bbox 1837 727 3318 807; baseline 0.005 -24"><span class='ocrx_word' id='word_1_121' title='bbox 1837 729 2000 798; x_wconf 74' lang='lat'><strong>378</strong></span> <span class='ocrx_word' id='word_1_122' title='bbox 2024 730 2083 782; x_wconf 88' lang='lat' dir='ltr'><strong>Si</strong></span> <span class='ocrx_word' id='word_1_123' title='bbox 2126 743 2301 784; x_wconf 86' lang='lat' dir='ltr'><strong>autem</strong></span> <span class='ocrx_word' id='word_1_124' title='bbox 2355 733 2585 784; x_wconf 74' lang='lat' dir='ltr'><strong>dixerint</strong></span> <span class='ocrx_word' id='word_1_125' title='bbox 2633 737 2753 799; x_wconf 83' lang='lat' dir='ltr'><strong>quia</strong></span> <span class='ocrx_word' id='word_1_126' title='bbox 2806 727 2926 787; x_wconf 80' lang='lat' dir='ltr'><strong>ideo</strong></span> <span class='ocrx_word' id='word_1_127' title='bbox 2957 736 3119 790; x_wconf 79' lang='lat' dir='ltr'><strong>Filius</strong></span> <span class='ocrx_word' id='word_1_128' title='bbox 3144 738 3318 807; x_wconf 80' lang='lat' dir='ltr'><strong>minor</strong></span> 
     </span>
    </p>
   </div>
   <div class='ocr_carea' id='block_1_22' title="bbox 1769 821 3320 894">
    <p class='ocr_par' dir='ltr' id='par_1_22' title="bbox 1769 821 3320 894">
     <span class='ocr_line' id='line_1_22' title="bbox 1769 821 3320 894; baseline 0.005 -23"><span class='ocrx_word' id='word_1_129' title='bbox 1769 827 1871 886; x_wconf 74' lang='lat' dir='ltr'><strong>est,</strong></span> <span class='ocrx_word' id='word_1_130' title='bbox 1903 821 2039 885; x_wconf 87' lang='lat' dir='ltr'><strong>quod</strong></span> <span class='ocrx_word' id='word_1_131' title='bbox 2097 821 2248 874; x_wconf 84' lang='lat' dir='ltr'><strong>Pater</strong></span> <span class='ocrx_word' id='word_1_132' title='bbox 2290 822 2437 875; x_wconf 87' lang='lat' dir='ltr'><strong>illum</strong></span> <span class='ocrx_word' id='word_1_133' title='bbox 2487 823 2872 887; x_wconf 81' lang='lat' dir='ltr'><strong>clariﬁeaverit,</strong></span> <span class='ocrx_word' id='word_1_134' title='bbox 2925 839 3022 892; x_wconf 88' lang='lat' dir='ltr'><strong>pro</strong></span> <span class='ocrx_word' id='word_1_135' title='bbox 3071 840 3138 879; x_wconf 80' lang='lat' dir='ltr'><strong>eo</strong></span> <span class='ocrx_word' id='word_1_136' title='bbox 3177 827 3320 894; x_wconf 77' lang='lat' dir='ltr'><strong>quod</strong></span> 
     </span>
    </p>
   </div>
   <div class='ocr_carea' id='block_1_23' title="bbox 1766 908 3316 986">
    <p class='ocr_par' dir='ltr' id='par_1_23' title="bbox 1766 908 3316 986">
     <span class='ocr_line' id='line_1_23' title="bbox 1766 908 3316 986; baseline 0.008 -28"><span class='ocrx_word' id='word_1_137' title='bbox 1766 908 2018 973; x_wconf 85' lang='lat' dir='ltr'><strong>scriptum</strong></span> <span class='ocrx_word' id='word_1_138' title='bbox 2057 919 2182 964; x_wconf 84' lang='lat' dir='ltr'><strong>est:</strong></span> <span class='ocrx_word' id='word_1_139' title='bbox 2216 910 2388 976; x_wconf 88' lang='lat' dir='ltr'><strong>Pater,</strong></span> <span class='ocrx_word' id='word_1_140' title='bbox 2440 912 2672 965; x_wconf 79' lang='lat' dir='ltr'><strong>clariﬁca</strong></span> <span class='ocrx_word' id='word_1_141' title='bbox 2712 913 2899 967; x_wconf 84' lang='lat' dir='ltr'><strong>Filium</strong></span> <span class='ocrx_word' id='word_1_142' title='bbox 2942 922 3089 967; x_wconf 89' lang='lat' dir='ltr'><strong>tuum</strong></span> <span class='ocrx_word' id='word_1_143' title='bbox 3135 914 3316 986; x_wconf 69' lang='lat' dir='ltr'><strong>(locat.</strong></span> 
     </span>
    </p>
   </div>
   <div class='ocr_carea' id='block_1_24' title="bbox 1769 996 1998 1064">
    <p class='ocr_par' dir='ltr' id='par_1_24' title="bbox 1769 996 1998 1064">
     <span class='ocr_line' id='line_1_24' title="bbox 1769 996 1998 1064; baseline 0.009 -18"><span class='ocrx_word' id='word_1_144' title='bbox 1769 996 1998 1064; x_wconf 77' lang='lat' dir='ltr'><strong>xvu,I).</strong></span> 
     </span>
    </p>
   </div>
   <div class='ocr_carea' id='block_1_25' title="bbox 1837 1085 3319 1155">
    <p class='ocr_par' dir='ltr' id='par_1_25' title="bbox 1837 1085 3319 1155">
     <span class='ocr_line' id='line_1_25' title="bbox 1837 1085 3319 1155; baseline 0.006 -15"><span class='ocrx_word' id='word_1_145' title='bbox 1837 1085 2130 1155; x_wconf 51' lang='lat' dir='ltr'><strong>Responsio.</strong></span> <span class='ocrx_word' id='word_1_146' title='bbox 2186 1088 2334 1144; x_wconf 74' lang='lat' dir='ltr'><strong>Sicut</strong></span> <span class='ocrx_word' id='word_1_147' title='bbox 2362 1089 2516 1142; x_wconf 79' lang='lat' dir='ltr'><strong>Pater</strong></span> <span class='ocrx_word' id='word_1_148' title='bbox 2561 1091 2751 1144; x_wconf 76' lang='lat' dir='ltr'><strong>Filium</strong></span> <span class='ocrx_word' id='word_1_149' title='bbox 2795 1107 2949 1146; x_wconf 86' lang='lat' dir='ltr'><strong>suum</strong></span> <span class='ocrx_word' id='word_1_150' title='bbox 3000 1094 3319 1149; x_wconf 81' lang='lat' dir='ltr'><strong>elarilicasse</strong></span> 
     </span>
    </p>
   </div>
   <div class='ocr_carea' id='block_1_26' title="bbox 1767 1174 3318 1254">
    <p class='ocr_par' dir='ltr' id='par_1_26' title="bbox 1767 1174 3318 1254">
     <span class='ocr_line' id='line_1_26' title="bbox 1767 1174 3318 1254; baseline 0.01 -28"><span class='ocrx_word' id='word_1_151' title='bbox 1767 1174 2008 1238; x_wconf 86' lang='lat' dir='ltr'><strong>docetur,</strong></span> <span class='ocrx_word' id='word_1_152' title='bbox 2032 1177 2103 1230; x_wconf 89' lang='lat' dir='ltr'><strong>ita</strong></span> <span class='ocrx_word' id='word_1_153' title='bbox 2142 1178 2300 1230; x_wconf 86' lang='lat' dir='ltr'><strong>etiam</strong></span> <span class='ocrx_word' id='word_1_154' title='bbox 2347 1179 2510 1231; x_wconf 78' lang='lat' dir='ltr'><strong>Filius</strong></span> <span class='ocrx_word' id='word_1_155' title='bbox 2561 1179 2768 1235; x_wconf 77' lang='lat' dir='ltr'><strong>Patrem</strong></span> <span class='ocrx_word' id='word_1_156' title='bbox 2818 1183 3140 1239; x_wconf 79' lang='lat' dir='ltr'><strong>elarilieasse</strong></span> <span class='ocrx_word' id='word_1_157' title='bbox 3185 1203 3318 1254; x_wconf 64' lang='lat' dir='ltr'><strong>pm</strong></span> 
     </span>
    </p>
   </div>
   <div class='ocr_carea' id='block_1_27' title="bbox 1766 1265 3316 1338">
    <p class='ocr_par' dir='ltr' id='par_1_27' title="bbox 1766 1265 3316 1338">
     <span class='ocr_line' id='line_1_27' title="bbox 1766 1265 3316 1338; baseline 0.008 -21"><span class='ocrx_word' id='word_1_158' title='bbox 1766 1265 2014 1317; x_wconf 79' lang='lat' dir='ltr'><strong>scribitur</strong></span> <span class='ocrx_word' id='word_1_159' title='bbox 2034 1305 2051 1328; x_wconf 93' lang='lat'><strong>,</strong></span> <span class='ocrx_word' id='word_1_160' title='bbox 2094 1267 2414 1334; x_wconf 72' lang='lat' dir='ltr'><strong>evangelista</strong></span> <span class='ocrx_word' id='word_1_161' title='bbox 2435 1268 2648 1322; x_wconf 79' lang='lat' dir='ltr'><strong>dironte</strong></span> <span class='ocrx_word' id='word_1_162' title='bbox 2678 1285 2695 1321; x_wconf 93' lang='lat'><strong>:</strong></span> <span class='ocrx_word' id='word_1_163' title='bbox 2725 1269 3015 1338; x_wconf 79' lang='lat' dir='ltr'><strong>Respondit</strong></span> <span class='ocrx_word' id='word_1_164' title='bbox 3059 1273 3212 1327; x_wconf 79' lang='lat' dir='ltr'><strong>Jeszis</strong></span> <span class='ocrx_word' id='word_1_165' title='bbox 3258 1285 3316 1329; x_wconf 82' lang='lat' dir='ltr'><strong>et</strong></span> 
     </span>
    </p>
   </div>
   <div class='ocr_carea' id='block_1_28' title="bbox 1765 1354 3318 1422">
    <p class='ocr_par' dir='ltr' id='par_1_28' title="bbox 1765 1354 3318 1422">
     <span class='ocr_line' id='line_1_28' title="bbox 1765 1354 3318 1422; baseline 0.007 -18"><span class='ocrx_word' id='word_1_166' title='bbox 1765 1354 1941 1406; x_wconf 90' lang='lat' dir='ltr'><strong>dixit:</strong></span> <span class='ocrx_word' id='word_1_167' title='bbox 1976 1355 2085 1422; x_wconf 78' lang='lat' dir='ltr'><strong>Ego</strong></span> <span class='ocrx_word' id='word_1_168' title='bbox 2127 1355 2449 1408; x_wconf 60' lang='lat' dir='ltr'><strong>damouium</strong></span> <span class='ocrx_word' id='word_1_169' title='bbox 2498 1372 2602 1412; x_wconf 85' lang='lat' dir='ltr'><strong>non</strong></span> <span class='ocrx_word' id='word_1_170' title='bbox 2655 1355 2859 1422; x_wconf 82' lang='lat' dir='ltr'><strong>habeo,</strong></span> <span class='ocrx_word' id='word_1_171' title='bbox 2888 1359 2981 1412; x_wconf 82' lang='lat' dir='ltr'><strong>sed</strong></span> <span class='ocrx_word' id='word_1_172' title='bbox 3027 1360 3318 1415; x_wconf 75' lang='lat' dir='ltr'><strong>honoriﬁco</strong></span> 
     </span>
    </p>
   </div>
   <div class='ocr_carea' id='block_1_29' title="bbox 1767 1446 3315 1521">
    <p class='ocr_par' dir='ltr' id='par_1_29' title="bbox 1767 1446 3315 1521">
     <span class='ocr_line' id='line_1_29' title="bbox 1767 1446 3315 1521; baseline 0.005 -23"><span class='ocrx_word' id='word_1_173' title='bbox 1767 1446 1972 1499; x_wconf 82' lang='lat' dir='ltr'><strong>Patrem</strong></span> <span class='ocrx_word' id='word_1_174' title='bbox 2020 1461 2217 1512; x_wconf 80' lang='lat' dir='ltr'><strong>meum,</strong></span> <span class='ocrx_word' id='word_1_175' title='bbox 2249 1456 2305 1501; x_wconf 88' lang='lat' dir='ltr'><strong>et</strong></span> <span class='ocrx_word' id='word_1_176' title='bbox 2351 1463 2449 1516; x_wconf 78' lang='lat' dir='ltr'><strong>vos</strong></span> <span class='ocrx_word' id='word_1_177' title='bbox 2487 1449 2841 1502; x_wconf 84' lang='lat' dir='ltr'><strong>inhonorastis</strong></span> <span class='ocrx_word' id='word_1_178' title='bbox 2869 1465 2955 1503; x_wconf 88' lang='lat' dir='ltr'><strong>me</strong></span> <span class='ocrx_word' id='word_1_179' title='bbox 2991 1450 3169 1521; x_wconf 77' lang='lat' dir='ltr'><strong>(Joan.</strong></span> <span class='ocrx_word' id='word_1_180' title='bbox 3202 1469 3315 1516; x_wconf 74' lang='lat' dir='ltr'><strong>vui,</strong></span> 
     </span>
    </p>
   </div>
   <div class='ocr_carea' id='block_1_30' title="bbox 1764 1533 3318 1605">
    <p class='ocr_par' dir='ltr' id='par_1_30' title="bbox 1764 1533 3318 1605">
     <span class='ocr_line' id='line_1_30' title="bbox 1764 1533 3318 1605; baseline 0.005 -19"><span class='ocrx_word' id='word_1_181' title='bbox 1764 1533 1878 1601; x_wconf 65' lang='lat'><strong>69).</strong></span> <span class='ocrx_word' id='word_1_182' title='bbox 1903 1536 1968 1591; x_wconf 80' lang='lat' dir='ltr'><strong>Et</strong></span> <span class='ocrx_word' id='word_1_183' title='bbox 1987 1536 2099 1602; x_wconf 79' lang='lat' dir='ltr'><strong>ipse</strong></span> <span class='ocrx_word' id='word_1_184' title='bbox 2121 1535 2160 1588; x_wconf 71' lang='lat' dir='ltr'><strong>Ii&#39;</strong></span> <span class='ocrx_word' id='word_1_185' title='bbox 2164 1535 2284 1588; x_wconf 91' lang='lat' dir='ltr'><strong>ilius</strong></span> <span class='ocrx_word' id='word_1_186' title='bbox 2298 1536 2366 1589; x_wconf 91' lang='lat' dir='ltr'><strong>ad</strong></span> <span class='ocrx_word' id='word_1_187' title='bbox 2387 1538 2595 1591; x_wconf 80' lang='lat' dir='ltr'><strong>Patrem</strong></span> <span class='ocrx_word' id='word_1_188' title='bbox 2630 1536 2906 1592; x_wconf 78' lang='lat' dir='ltr'><strong>:Claiit‘tca</strong></span> <span class='ocrx_word' id='word_1_189' title='bbox 2930 1540 3118 1593; x_wconf 76' lang='lat' dir='ltr'><strong>Filium</strong></span> <span class='ocrx_word' id='word_1_190' title='bbox 3144 1552 3318 1605; x_wconf 84' lang='lat' dir='ltr'><strong>tuum,</strong></span> 
     </span>
    </p>
   </div>
   <div class='ocr_carea' id='block_1_31' title="bbox 1764 1624 3314 1696">
    <p class='ocr_par' dir='ltr' id='par_1_31' title="bbox 1764 1624 3314 1696">
     <span class='ocr_line' id='line_1_31' title="bbox 1764 1624 3314 1696; baseline 0.005 -21"><span class='ocrx_word' id='word_1_191' title='bbox 1764 1633 1821 1675; x_wconf 86' lang='lat' dir='ltr'><strong>ut</strong></span> <span class='ocrx_word' id='word_1_192' title='bbox 1845 1633 1899 1677; x_wconf 93' lang='lat' dir='ltr'><strong>et</strong></span> <span class='ocrx_word' id='word_1_193' title='bbox 1928 1624 2090 1677; x_wconf 72' lang='lat' dir='ltr'><strong>Filius</strong></span> <span class='ocrx_word' id='word_1_194' title='bbox 2117 1633 2239 1682; x_wconf 82' lang='lat' dir='ltr'><strong>tuus</strong></span> <span class='ocrx_word' id='word_1_195' title='bbox 2265 1626 2521 1680; x_wconf 82' lang='lat' dir='ltr'><strong>cIarilicet</strong></span> <span class='ocrx_word' id='word_1_196' title='bbox 2552 1634 2605 1679; x_wconf 77' lang='lat' dir='ltr'><strong>te</strong></span> <span class='ocrx_word' id='word_1_197' title='bbox 2649 1626 2824 1696; x_wconf 73' lang='grc' dir='ltr'><strong>(Ιοαιι.</strong></span> <span class='ocrx_word' id='word_1_198' title='bbox 2854 1644 2980 1690; x_wconf 81' lang='lat' dir='ltr'><strong>mi,</strong></span> <span class='ocrx_word' id='word_1_199' title='bbox 3013 1630 3088 1695; x_wconf 79' lang='grc'><strong>1).</strong></span> <span class='ocrx_word' id='word_1_200' title='bbox 3122 1631 3185 1683; x_wconf 78' lang='grc' dir='ltr'><strong>ει</strong></span> <span class='ocrx_word' id='word_1_201' title='bbox 3218 1634 3314 1684; x_wconf 79' lang='lat' dir='ltr'><strong>ite-</strong></span> 
     </span>
    </p>
   </div>
   <div class='ocr_carea' id='block_1_32' title="bbox 204 1713 3314 1807">
    <p class='ocr_par' dir='ltr' id='par_1_32' title="bbox 204 1713 3314 1807">
     <span class='ocr_line' id='line_1_32' title="bbox 204 1713 3314 1807; baseline 0.013 -31"><span class='ocrx_word' id='word_1_202' title='bbox 204 1723 258 1778; x_wconf 91' lang='lat' dir='ltr'><strong>Si</strong></span> <span class='ocrx_word' id='word_1_203' title='bbox 298 1725 514 1778; x_wconf 83' lang='lat' dir='ltr'><strong>dixerint</strong></span> <span class='ocrx_word' id='word_1_204' title='bbox 544 1743 558 1779; x_wconf 87' lang='lat'><strong>:</strong></span> <span class='ocrx_word' id='word_1_205' title='bbox 583 1727 696 1782; x_wconf 83' lang='lat' dir='ltr'><strong>Non</strong></span> <span class='ocrx_word' id='word_1_206' title='bbox 737 1739 818 1782; x_wconf 90' lang='lat' dir='ltr'><strong>est</strong></span> <span class='ocrx_word' id='word_1_207' title='bbox 865 1747 999 1786; x_wconf 85' lang='lat' dir='ltr'><strong>unus</strong></span> <span class='ocrx_word' id='word_1_208' title='bbox 1043 1734 1214 1800; x_wconf 85' lang='lat' dir='ltr'><strong>Deus,</strong></span> <span class='ocrx_word' id='word_1_209' title='bbox 1258 1743 1390 1807; x_wconf 89' lang='lat' dir='ltr'><strong>quia</strong></span> <span class='ocrx_word' id='word_1_210' title='bbox 1439 1743 1664 1797; x_wconf 86' lang='lat' dir='ltr'><strong>dicendo</strong></span> <span class='ocrx_word' id='word_1_211' title='bbox 1694 1713 1740 1771; x_wconf 67' lang='grc' dir='ltr'><strong>Β</strong></span> <span class='ocrx_word' id='word_1_212' title='bbox 1768 1729 1915 1807; x_wconf 51' lang='grc' dir='ltr'>Ὗωῆ</span> <span class='ocrx_word' id='word_1_213' title='bbox 1939 1714 2049 1807; x_wconf 51' lang='lat'><strong>83°</strong></span> <span class='ocrx_word' id='word_1_214' title='bbox 2076 1717 2421 1807; x_wconf 44' lang='lat' dir='ltr'><strong>mfhriﬁu&#39;i</strong></span> <span class='ocrx_word' id='word_1_215' title='bbox 2445 1733 2604 1777; x_wconf 58' lang='lat' dir='ltr'><strong>super</strong></span> <span class='ocrx_word' id='word_1_216' title='bbox 2627 1729 2821 1772; x_wconf 48' lang='lat' dir='ltr'><strong>“nam</strong></span> <span class='ocrx_word' id='word_1_217' title='bbox 2848 1721 3031 1789; x_wconf 59' lang='lat' dir='ltr'><strong>&quot;Md&quot;</strong></span> <span class='ocrx_word' id='word_1_218' title='bbox 3056 1723 3120 1789; x_wconf 56' lang='grc'><strong>⁸)·</strong></span> <span class='ocrx_word' id='word_1_219' title='bbox 3159 1723 3223 1774; x_wconf 64' lang='grc' dir='ltr'><strong>ει</strong></span> <span class='ocrx_word' id='word_1_220' title='bbox 3248 1724 3314 1778; x_wconf 56' lang='grc'><strong>³⁸1</strong></span> 
     </span>
    </p>
   </div>
   <div class='ocr_carea' id='block_1_33' title="bbox 132 1816 1662 1901">
    <p class='ocr_par' dir='ltr' id='par_1_33' title="bbox 132 1816 1662 1901">
     <span class='ocr_line' id='line_1_33' title="bbox 132 1816 1662 1901; baseline 0.014 -36"><span class='ocrx_word' id='word_1_221' title='bbox 132 1829 291 1865; x_wconf 88' lang='lat' dir='ltr'><strong>unum</strong></span> <span class='ocrx_word' id='word_1_222' title='bbox 313 1830 510 1878; x_wconf 90' lang='lat' dir='ltr'><strong>sumus,</strong></span> <span class='ocrx_word' id='word_1_223' title='bbox 531 1816 662 1868; x_wconf 75' lang='lat' dir='ltr'><strong>duos</strong></span> <span class='ocrx_word' id='word_1_224' title='bbox 677 1821 930 1884; x_wconf 85' lang='lat' dir='ltr'><strong>ostendis,</strong></span> <span class='ocrx_word' id='word_1_225' title='bbox 960 1839 1063 1876; x_wconf 87' lang='lat' dir='ltr'><strong>non</strong></span> <span class='ocrx_word' id='word_1_226' title='bbox 1091 1841 1250 1879; x_wconf 89' lang='lat' dir='ltr'><strong>unum</strong></span> <span class='ocrx_word' id='word_1_227' title='bbox 1273 1827 1447 1896; x_wconf 74' lang='lat' dir='ltr'><strong>(locu.</strong></span> <span class='ocrx_word' id='word_1_228' title='bbox 1471 1849 1523 1896; x_wconf 76' lang='grc' dir='ltr'>ι,</span> <span class='ocrx_word' id='word_1_229' title='bbox 1546 1834 1662 1901; x_wconf 79' lang='lat'><strong>50).</strong></span> 
     </span>
    </p>
   </div>
   <div class='ocr_carea' id='block_1_34' title="bbox 207 1904 1665 1992">
    <p class='ocr_par' dir='ltr' id='par_1_34' title="bbox 207 1904 1665 1992">
     <span class='ocr_line' id='line_1_34' title="bbox 207 1904 1665 1992; baseline 0.016 -37"><span class='ocrx_word' id='word_1_230' title='bbox 207 1904 486 1972; x_wconf 71' lang='lat' dir='ltr'><strong>Responsio.</strong></span> <span class='ocrx_word' id='word_1_231' title='bbox 516 1907 743 1975; x_wconf 81' lang='lat' dir='ltr'><strong>Excepta</strong></span> <span class='ocrx_word' id='word_1_232' title='bbox 765 1912 1122 1970; x_wconf 87' lang='lat' dir='ltr'><strong>incarnatione</strong></span> <span class='ocrx_word' id='word_1_233' title='bbox 1143 1917 1285 1982; x_wconf 80' lang='lat' dir='ltr'><strong>Filii,</strong></span> <span class='ocrx_word' id='word_1_234' title='bbox 1311 1938 1430 1987; x_wconf 83' lang='lat' dir='ltr'><strong>qua:</strong></span> <span class='ocrx_word' id='word_1_235' title='bbox 1455 1924 1523 1976; x_wconf 89' lang='lat' dir='ltr'><strong>ab</strong></span> <span class='ocrx_word' id='word_1_236' title='bbox 1549 1926 1665 1992; x_wconf 81' lang='lat' dir='ltr'><strong>ipso</strong></span> 
     </span>
    </p>
   </div>
   <div class='ocr_carea' id='block_1_35' title="bbox 131 1998 1668 2077">
    <p class='ocr_par' dir='ltr' id='par_1_35' title="bbox 131 1998 1668 2077">
     <span class='ocr_line' id='line_1_35' title="bbox 131 1998 1668 2077; baseline 0.015 -31"><span class='ocrx_word' id='word_1_237' title='bbox 131 2011 231 2061; x_wconf 90' lang='lat' dir='ltr'><strong>pro</strong></span> <span class='ocrx_word' id='word_1_238' title='bbox 257 2007 422 2049; x_wconf 73' lang='lat' dir='ltr'><strong>nostra</strong></span> <span class='ocrx_word' id='word_1_239' title='bbox 452 1998 813 2066; x_wconf 88' lang='lat' dir='ltr'><strong>redemptione</strong></span> <span class='ocrx_word' id='word_1_240' title='bbox 854 2014 1121 2072; x_wconf 86' lang='lat' dir='ltr'><strong>assumpta</strong></span> <span class='ocrx_word' id='word_1_241' title='bbox 1166 2017 1268 2073; x_wconf 77' lang='lat' dir='ltr'><strong>est,</strong></span> <span class='ocrx_word' id='word_1_242' title='bbox 1300 2009 1477 2077; x_wconf 89' lang='lat' dir='ltr'><strong>Pater,</strong></span> <span class='ocrx_word' id='word_1_243' title='bbox 1504 2014 1668 2070; x_wconf 83' lang='lat' dir='ltr'><strong>Filius</strong></span> 
     </span>
    </p>
   </div>
   <div class='ocr_carea' id='block_1_36' title="bbox 131 2087 1668 2164">
    <p class='ocr_par' dir='ltr' id='par_1_36' title="bbox 131 2087 1668 2164">
     <span class='ocr_line' id='line_1_36' title="bbox 131 2087 1668 2164; baseline 0.016 -28"><span class='ocrx_word' id='word_1_244' title='bbox 131 2096 185 2136; x_wconf 88' lang='lat' dir='ltr'><strong>et</strong></span> <span class='ocrx_word' id='word_1_245' title='bbox 205 2087 418 2153; x_wconf 83' lang='lat' dir='ltr'><strong>Spiritus</strong></span> <span class='ocrx_word' id='word_1_246' title='bbox 437 2098 650 2142; x_wconf 80' lang='lat' dir='ltr'><strong>sanctus</strong></span> <span class='ocrx_word' id='word_1_247' title='bbox 681 2105 813 2143; x_wconf 91' lang='lat' dir='ltr'><strong>unus</strong></span> <span class='ocrx_word' id='word_1_248' title='bbox 843 2093 1038 2148; x_wconf 76' lang='lat' dir='ltr'><strong>dicitur</strong></span> <span class='ocrx_word' id='word_1_249' title='bbox 1062 2097 1226 2164; x_wconf 84' lang='lat' dir='ltr'><strong>Deus,</strong></span> <span class='ocrx_word' id='word_1_250' title='bbox 1249 2098 1302 2153; x_wconf 86' lang='lat' dir='ltr'><strong>et</strong></span> <span class='ocrx_word' id='word_1_251' title='bbox 1331 2117 1436 2155; x_wconf 90' lang='lat' dir='ltr'><strong>non</strong></span> <span class='ocrx_word' id='word_1_252' title='bbox 1465 2104 1668 2162; x_wconf 78' lang='lat' dir='ltr'><strong>divisus</strong></span> 
     </span>
    </p>
   </div>
   <div class='ocr_carea' id='block_1_37' title="bbox 132 2177 1667 2256">
    <p class='ocr_par' dir='ltr' id='par_1_37' title="bbox 132 2177 1667 2256">
     <span class='ocr_line' id='line_1_37' title="bbox 132 2177 1667 2256; baseline 0.016 -29"><span class='ocrx_word' id='word_1_253' title='bbox 132 2178 186 2228; x_wconf 89' lang='lat' dir='ltr'><strong>in</strong></span> <span class='ocrx_word' id='word_1_254' title='bbox 232 2177 406 2243; x_wconf 89' lang='lat' dir='ltr'><strong>tribus,</strong></span> <span class='ocrx_word' id='word_1_255' title='bbox 436 2189 491 2232; x_wconf 91' lang='lat' dir='ltr'><strong>ut</strong></span> <span class='ocrx_word' id='word_1_256' title='bbox 517 2180 629 2248; x_wconf 84' lang='lat' dir='ltr'><strong>ipse</strong></span> <span class='ocrx_word' id='word_1_257' title='bbox 665 2183 918 2252; x_wconf 67' lang='lat' dir='ltr'><strong>sacrilega</strong></span> <span class='ocrx_word' id='word_1_258' title='bbox 971 2186 1128 2256; x_wconf 80' lang='lat'><strong>377</strong></span> <span class='ocrx_word' id='word_1_259' title='bbox 1181 2203 1358 2246; x_wconf 89' lang='lat' dir='ltr'><strong>mente</strong></span> <span class='ocrx_word' id='word_1_260' title='bbox 1400 2195 1667 2251; x_wconf 80' lang='lat' dir='ltr'><strong>aﬂirmare</strong></span> 
     </span>
    </p>
   </div>
   <div class='ocr_carea' id='block_1_38' title="bbox 129 2267 1666 2352">
    <p class='ocr_par' dir='ltr' id='par_1_38' title="bbox 129 2267 1666 2352">
     <span class='ocr_line' id='line_1_38' title="bbox 129 2267 1666 2352; baseline 0.014 -34"><span class='ocrx_word' id='word_1_261' title='bbox 129 2267 354 2332; x_wconf 84' lang='lat' dir='ltr'><strong>conaris,</strong></span> <span class='ocrx_word' id='word_1_262' title='bbox 383 2269 473 2322; x_wconf 86' lang='lat' dir='ltr'><strong>sed</strong></span> <span class='ocrx_word' id='word_1_263' title='bbox 517 2268 569 2322; x_wconf 90' lang='lat' dir='ltr'><strong>in</strong></span> <span class='ocrx_word' id='word_1_264' title='bbox 617 2271 784 2324; x_wconf 85' lang='lat' dir='ltr'><strong>tribus</strong></span> <span class='ocrx_word' id='word_1_265' title='bbox 831 2278 1069 2339; x_wconf 83' lang='lat' dir='ltr'><strong>personis</strong></span> <span class='ocrx_word' id='word_1_266' title='bbox 1121 2288 1175 2331; x_wconf 89' lang='lat' dir='ltr'><strong>et</strong></span> <span class='ocrx_word' id='word_1_267' title='bbox 1214 2281 1536 2352; x_wconf 79' lang='lat' dir='ltr'><strong>nominibus,</strong></span> <span class='ocrx_word' id='word_1_268' title='bbox 1565 2301 1666 2338; x_wconf 90' lang='lat' dir='ltr'><strong>una</strong></span> 
     </span>
    </p>
   </div>
   <div class='ocr_carea' id='block_1_39' title="bbox 135 2357 1668 2438">
    <p class='ocr_par' dir='ltr' id='par_1_39' title="bbox 135 2357 1668 2438">
     <span class='ocr_line' id='line_1_39' title="bbox 135 2357 1668 2438; baseline 0.014 -32"><span class='ocrx_word' id='word_1_269' title='bbox 135 2357 376 2419; x_wconf 87' lang='lat' dir='ltr'><strong>probatur</strong></span> <span class='ocrx_word' id='word_1_270' title='bbox 409 2357 696 2411; x_wconf 82' lang='lat' dir='ltr'><strong>substantia</strong></span> <span class='ocrx_word' id='word_1_271' title='bbox 739 2360 972 2427; x_wconf 89' lang='lat' dir='ltr'><strong>deitatis,</strong></span> <span class='ocrx_word' id='word_1_272' title='bbox 1004 2364 1255 2419; x_wconf 83' lang='lat' dir='ltr'><strong>Zacharia</strong></span> <span class='ocrx_word' id='word_1_273' title='bbox 1307 2372 1564 2438; x_wconf 83' lang='lat' dir='ltr'><strong>propheta</strong></span> <span class='ocrx_word' id='word_1_274' title='bbox 1590 2376 1668 2427; x_wconf 84' lang='lat' dir='ltr'><strong>di-</strong></span> 
     </span>
    </p>
   </div>
   <div class='ocr_carea' id='block_1_40' title="bbox 133 2447 1666 2523">
    <p class='ocr_par' dir='ltr' id='par_1_40' title="bbox 133 2447 1666 2523">
     <span class='ocr_line' id='line_1_40' title="bbox 133 2447 1666 2523; baseline 0.012 -25"><span class='ocrx_word' id='word_1_275' title='bbox 133 2455 325 2499; x_wconf 86' lang='lat' dir='ltr'><strong>cente:</strong></span> <span class='ocrx_word' id='word_1_276' title='bbox 373 2447 476 2499; x_wconf 82' lang='lat' dir='ltr'><strong>Erit</strong></span> <span class='ocrx_word' id='word_1_277' title='bbox 538 2449 794 2523; x_wconf 75' lang='lat' dir='ltr'><strong>Dominus</strong></span> <span class='ocrx_word' id='word_1_278' title='bbox 837 2452 886 2502; x_wconf 94' lang='lat' dir='ltr'><strong>in</strong></span> <span class='ocrx_word' id='word_1_279' title='bbox 933 2467 1107 2520; x_wconf 78' lang='lat' dir='ltr'><strong>regem</strong></span> <span class='ocrx_word' id='word_1_280' title='bbox 1156 2470 1314 2523; x_wconf 81' lang='lat' dir='ltr'><strong>super</strong></span> <span class='ocrx_word' id='word_1_281' title='bbox 1368 2476 1666 2515; x_wconf 66' lang='lat' dir='ltr'><strong>unxersam</strong></span> 
     </span>
    </p>
   </div>
   <div class='ocr_carea' id='block_1_41' title="bbox 136 2521 1666 2610">
    <p class='ocr_par' dir='ltr' id='par_1_41' title="bbox 136 2521 1666 2610">
     <span class='ocr_line' id='line_1_41' title="bbox 136 2521 1666 2610; baseline 0.014 -24"><span class='ocrx_word' id='word_1_282' title='bbox 136 2545 340 2598; x_wconf 81' lang='lat' dir='ltr'><strong>terrain,</strong></span> <span class='ocrx_word' id='word_1_283' title='bbox 371 2544 428 2588; x_wconf 86' lang='lat' dir='ltr'><strong>et</strong></span> <span class='ocrx_word' id='word_1_284' title='bbox 460 2536 512 2588; x_wconf 91' lang='lat' dir='ltr'><strong>in</strong></span> <span class='ocrx_word' id='word_1_285' title='bbox 539 2539 624 2590; x_wconf 90' lang='lat' dir='ltr'><strong>die</strong></span> <span class='ocrx_word' id='word_1_286' title='bbox 651 2538 740 2590; x_wconf 90' lang='lat' dir='ltr'><strong>illa</strong></span> <span class='ocrx_word' id='word_1_287' title='bbox 779 2521 880 2592; x_wconf 79' lang='lat' dir='ltr'><strong>erit</strong></span> <span class='ocrx_word' id='word_1_288' title='bbox 924 2541 1180 2597; x_wconf 88' lang='lat' dir='ltr'><strong>Dominus</strong></span> <span class='ocrx_word' id='word_1_289' title='bbox 1208 2521 1362 2610; x_wconf 83' lang='lat' dir='ltr'><strong>unus,</strong></span> <span class='ocrx_word' id='word_1_290' title='bbox 1389 2559 1445 2603; x_wconf 90' lang='lat' dir='ltr'><strong>et</strong></span> <span class='ocrx_word' id='word_1_291' title='bbox 1473 2568 1666 2607; x_wconf 83' lang='lat' dir='ltr'><strong>uoiuen</strong></span> 
     </span>
    </p>
   </div>
   <div class='ocr_carea' id='block_1_42' title="bbox 132 2625 1666 2707">
    <p class='ocr_par' dir='ltr' id='par_1_42' title="bbox 132 2625 1666 2707">
     <span class='ocr_line' id='line_1_42' title="bbox 132 2625 1666 2707; baseline 0.012 -30"><span class='ocrx_word' id='word_1_292' title='bbox 132 2626 250 2690; x_wconf 71' lang='lat' dir='ltr'><strong>eius</strong></span> <span class='ocrx_word' id='word_1_293' title='bbox 275 2640 426 2676; x_wconf 88' lang='lat' dir='ltr'><strong>unum</strong></span> <span class='ocrx_word' id='word_1_294' title='bbox 452 2625 627 2692; x_wconf 70' lang='lat' dir='ltr'><strong>(lacn.</strong></span> <span class='ocrx_word' id='word_1_295' title='bbox 663 2643 766 2691; x_wconf 82' lang='lat' dir='ltr'><strong>xiv,</strong></span> <span class='ocrx_word' id='word_1_296' title='bbox 791 2629 866 2697; x_wconf 87' lang='lat'><strong>9).</strong></span> <span class='ocrx_word' id='word_1_297' title='bbox 894 2630 1038 2683; x_wconf 89' lang='lat' dir='ltr'><strong>Diem</strong></span> <span class='ocrx_word' id='word_1_298' title='bbox 1067 2633 1202 2686; x_wconf 85' lang='lat' dir='ltr'><strong>hanc</strong></span> <span class='ocrx_word' id='word_1_299' title='bbox 1229 2651 1385 2702; x_wconf 88' lang='lat' dir='ltr'><strong>quam</strong></span> <span class='ocrx_word' id='word_1_300' title='bbox 1413 2640 1666 2707; x_wconf 86' lang='lat' dir='ltr'><strong>propheta</strong></span> 
     </span>
    </p>
   </div>
   <div class='ocr_carea' id='block_1_43' title="bbox 134 2719 1664 2797">
    <p class='ocr_par' dir='ltr' id='par_1_43' title="bbox 134 2719 1664 2797">
     <span class='ocr_line' id='line_1_43' title="bbox 134 2719 1664 2797; baseline 0.012 -28"><span class='ocrx_word' id='word_1_301' title='bbox 134 2719 380 2786; x_wconf 70' lang='lat' dir='ltr'><strong>designat,</strong></span> <span class='ocrx_word' id='word_1_302' title='bbox 411 2719 571 2772; x_wconf 85' lang='lat' dir='ltr'><strong>futuri</strong></span> <span class='ocrx_word' id='word_1_303' title='bbox 615 2735 733 2773; x_wconf 62' lang='lat' dir='ltr'><strong>esse</strong></span> <span class='ocrx_word' id='word_1_304' title='bbox 774 2722 956 2789; x_wconf 86' lang='lat' dir='ltr'><strong>judicii</strong></span> <span class='ocrx_word' id='word_1_305' title='bbox 1007 2739 1161 2785; x_wconf 85' lang='lat' dir='ltr'><strong>nemo</strong></span> <span class='ocrx_word' id='word_1_306' title='bbox 1186 2737 1269 2780; x_wconf 81' lang='lat' dir='ltr'><strong>est</strong></span> <span class='ocrx_word' id='word_1_307' title='bbox 1314 2732 1401 2797; x_wconf 89' lang='lat' dir='ltr'><strong>qui</strong></span> <span class='ocrx_word' id='word_1_308' title='bbox 1446 2736 1664 2788; x_wconf 84' lang='lat' dir='ltr'><strong>neseiat.</strong></span> 
     </span>
    </p>
   </div>
   <div class='ocr_carea' id='block_1_44' title="bbox 135 2806 1665 2892">
    <p class='ocr_par' dir='ltr' id='par_1_44' title="bbox 135 2806 1665 2892">
     <span class='ocr_line' id='line_1_44' title="bbox 135 2806 1665 2892; baseline 0.012 -36"><span class='ocrx_word' id='word_1_309' title='bbox 135 2807 354 2875; x_wconf 79' lang='lat' dir='ltr'><strong>lthniro</strong></span> <span class='ocrx_word' id='word_1_310' title='bbox 372 2809 543 2875; x_wconf 84' lang='lat' dir='ltr'><strong>itaque</strong></span> <span class='ocrx_word' id='word_1_311' title='bbox 559 2823 588 2860; x_wconf 91' lang='lat' dir='ltr'><strong>a</strong></span> <span class='ocrx_word' id='word_1_312' title='bbox 610 2817 663 2861; x_wconf 88' lang='lat' dir='ltr'><strong>te</strong></span> <span class='ocrx_word' id='word_1_313' title='bbox 682 2817 740 2862; x_wconf 88' lang='lat' dir='ltr'><strong>ut</strong></span> <span class='ocrx_word' id='word_1_314' title='bbox 762 2813 892 2864; x_wconf 88' lang='lat' dir='ltr'><strong>hanc</strong></span> <span class='ocrx_word' id='word_1_315' title='bbox 911 2814 1178 2881; x_wconf 72' lang='lat' dir='ltr'><strong>prophetae</strong></span> <span class='ocrx_word' id='word_1_316' title='bbox 1191 2806 1527 2885; x_wconf 82' lang='lat' dir='ltr'><strong>sententiam,</strong></span> <span class='ocrx_word' id='word_1_317' title='bbox 1543 2825 1665 2892; x_wconf 72' lang='lat' dir='ltr'><strong>qu‘d</strong></span> 
     </span>
    </p>
   </div>
   <div class='ocr_carea' id='block_1_45' title="bbox 102 2899 1664 2978">
    <p class='ocr_par' dir='ltr' id='par_1_45' title="bbox 102 2899 1664 2978">
     <span class='ocr_line' id='line_1_45' title="bbox 102 2899 1664 2978; baseline 0.008 -27"><span class='ocrx_word' id='word_1_318' title='bbox 102 2932 104 2934; x_wconf 97' lang='lat'><strong><em>-</em></strong></span> <span class='ocrx_word' id='word_1_319' title='bbox 136 2899 230 2951; x_wconf 89' lang='lat' dir='ltr'><strong>sibi</strong></span> <span class='ocrx_word' id='word_1_320' title='bbox 270 2900 373 2966; x_wconf 70' lang='lat' dir='ltr'><strong>ipse</strong></span> <span class='ocrx_word' id='word_1_321' title='bbox 401 2900 546 2965; x_wconf 72' lang='lat' dir='ltr'><strong>velit,</strong></span> <span class='ocrx_word' id='word_1_322' title='bbox 577 2910 629 2954; x_wconf 90' lang='lat' dir='ltr'><strong>et</strong></span> <span class='ocrx_word' id='word_1_323' title='bbox 659 2902 770 2968; x_wconf 84' lang='lat' dir='ltr'><strong>ipse</strong></span> <span class='ocrx_word' id='word_1_324' title='bbox 799 2919 1053 2971; x_wconf 71' lang='lat' dir='ltr'><strong>exponas.</strong></span> <span class='ocrx_word' id='word_1_325' title='bbox 1081 2908 1207 2970; x_wconf 78' lang='lat' dir='ltr'><strong>Quis</strong></span> <span class='ocrx_word' id='word_1_326' title='bbox 1238 2910 1393 2976; x_wconf 78' lang='lat' dir='ltr'><strong>igitur</strong></span> <span class='ocrx_word' id='word_1_327' title='bbox 1412 2912 1512 2964; x_wconf 90' lang='lat' dir='ltr'><strong>erit</strong></span> <span class='ocrx_word' id='word_1_328' title='bbox 1549 2928 1664 2978; x_wconf 84' lang='lat' dir='ltr'><strong>rex,</strong></span> 
     </span>
    </p>
   </div>
   <div class='ocr_carea' id='block_1_46' title="bbox 134 2991 1666 3074">
    <p class='ocr_par' dir='ltr' id='par_1_46' title="bbox 134 2991 1666 3074">
     <span class='ocr_line' id='line_1_46' title="bbox 134 2991 1666 3074; baseline 0.013 -35"><span class='ocrx_word' id='word_1_329' title='bbox 134 2992 250 3055; x_wconf 86' lang='lat' dir='ltr'><strong>quis</strong></span> <span class='ocrx_word' id='word_1_330' title='bbox 273 2991 516 3042; x_wconf 88' lang='lat' dir='ltr'><strong>Dominus</strong></span> <span class='ocrx_word' id='word_1_331' title='bbox 539 3008 691 3056; x_wconf 85' lang='lat' dir='ltr'><strong>unus,</strong></span> <span class='ocrx_word' id='word_1_332' title='bbox 730 3005 822 3047; x_wconf 91' lang='lat' dir='ltr'><strong>aut</strong></span> <span class='ocrx_word' id='word_1_333' title='bbox 849 2995 965 3063; x_wconf 82' lang='lat' dir='ltr'><strong>quis</strong></span> <span class='ocrx_word' id='word_1_334' title='bbox 997 3014 1186 3052; x_wconf 88' lang='lat' dir='ltr'><strong>nomen</strong></span> <span class='ocrx_word' id='word_1_335' title='bbox 1213 3001 1431 3074; x_wconf 70' lang='lat' dir='ltr'><strong>deitatis</strong></span> <span class='ocrx_word' id='word_1_336' title='bbox 1448 3006 1666 3059; x_wconf 89' lang='lat' dir='ltr'><strong>sortitur</strong></span> 
     </span>
    </p>
   </div>
   <div class='ocr_carea' id='block_1_47' title="bbox 137 3078 1659 3150">
    <p class='ocr_par' dir='ltr' id='par_1_47' title="bbox 137 3078 1659 3150">
     <span class='ocr_line' id='line_1_47' title="bbox 137 3078 1659 3150; baseline 0.014 -22"><span class='ocrx_word' id='word_1_337' title='bbox 137 3092 194 3128; x_wconf 80' lang='lat' dir='ltr'><strong>ex</strong></span> <span class='ocrx_word' id='word_1_338' title='bbox 225 3078 408 3131; x_wconf 74' lang='lat' dir='ltr'><strong>tribus?</strong></span> <span class='ocrx_word' id='word_1_339' title='bbox 435 3078 488 3133; x_wconf 87' lang='lat' dir='ltr'><strong>Si</strong></span> <span class='ocrx_word' id='word_1_340' title='bbox 516 3079 668 3133; x_wconf 64' lang='lat' dir='ltr'><strong>Pater</strong></span> <span class='ocrx_word' id='word_1_341' title='bbox 693 3091 796 3147; x_wconf 79' lang='lat' dir='ltr'><strong>est,</strong></span> <span class='ocrx_word' id='word_1_342' title='bbox 828 3085 937 3150; x_wconf 77' lang='lat' dir='ltr'><strong>ipse</strong></span> <span class='ocrx_word' id='word_1_343' title='bbox 962 3088 1107 3140; x_wconf 90' lang='lat' dir='ltr'><strong>solus</strong></span> <span class='ocrx_word' id='word_1_344' title='bbox 1130 3105 1264 3143; x_wconf 92' lang='lat' dir='ltr'><strong>unus</strong></span> <span class='ocrx_word' id='word_1_345' title='bbox 1285 3092 1478 3147; x_wconf 90' lang='lat' dir='ltr'><strong>dicitur</strong></span> <span class='ocrx_word' id='word_1_346' title='bbox 1505 3095 1659 3148; x_wconf 82' lang='lat' dir='ltr'><strong>Deus.</strong></span> 
     </span>
    </p>
   </div>
   <div class='ocr_carea' id='block_1_48' title="bbox 137 3165 1665 3252">
    <p class='ocr_par' dir='ltr' id='par_1_48' title="bbox 137 3165 1665 3252">
     <span class='ocr_line' id='line_1_48' title="bbox 137 3165 1665 3252; baseline 0.016 -35"><span class='ocrx_word' id='word_1_347' title='bbox 137 3165 211 3217; x_wconf 82' lang='lat' dir='ltr'><strong>Ab</strong></span> <span class='ocrx_word' id='word_1_348' title='bbox 251 3167 361 3234; x_wconf 88' lang='lat' dir='ltr'><strong>ipso</strong></span> <span class='ocrx_word' id='word_1_349' title='bbox 402 3182 528 3236; x_wconf 79' lang='lat' dir='ltr'><strong>ergo</strong></span> <span class='ocrx_word' id='word_1_350' title='bbox 567 3170 773 3225; x_wconf 81' lang='lat' dir='ltr'><strong>deitatis</strong></span> <span class='ocrx_word' id='word_1_351' title='bbox 820 3178 1072 3232; x_wconf 72' lang='lat' dir='ltr'><strong>vocabulo</strong></span> <span class='ocrx_word' id='word_1_352' title='bbox 1128 3180 1292 3236; x_wconf 84' lang='lat' dir='ltr'><strong>Filius</strong></span> <span class='ocrx_word' id='word_1_353' title='bbox 1333 3193 1388 3235; x_wconf 92' lang='lat' dir='ltr'><strong>et</strong></span> <span class='ocrx_word' id='word_1_354' title='bbox 1435 3186 1665 3252; x_wconf 89' lang='lat' dir='ltr'><strong>Spiritus</strong></span> 
     </span>
    </p>
   </div>
   <div class='ocr_carea' id='block_1_49' title="bbox 136 3254 1663 3344">
    <p class='ocr_par' dir='ltr' id='par_1_49' title="bbox 136 3254 1663 3344">
     <span class='ocr_line' id='line_1_49' title="bbox 136 3254 1663 3344; baseline 0.018 -42"><span class='ocrx_word' id='word_1_355' title='bbox 136 3263 334 3305; x_wconf 83' lang='lat' dir='ltr'><strong>sanctus</strong></span> <span class='ocrx_word' id='word_1_356' title='bbox 353 3254 531 3322; x_wconf 84' lang='lat' dir='ltr'><strong>alieni,</strong></span> <span class='ocrx_word' id='word_1_357' title='bbox 554 3260 692 3325; x_wconf 91' lang='lat' dir='ltr'><strong>quod</strong></span> <span class='ocrx_word' id='word_1_358' title='bbox 730 3263 887 3326; x_wconf 85' lang='lat' dir='ltr'><strong>absit,</strong></span> <span class='ocrx_word' id='word_1_359' title='bbox 915 3279 945 3325; x_wconf 85' lang='lat' dir='ltr'><strong>_a</strong></span> <span class='ocrx_word' id='word_1_360' title='bbox 982 3266 1133 3321; x_wconf 84' lang='lat' dir='ltr'><strong>nobis</strong></span> <span class='ocrx_word' id='word_1_361' title='bbox 1164 3267 1325 3323; x_wconf 74' lang='lat' dir='ltr'><strong>fuisse</strong></span> <span class='ocrx_word' id='word_1_362' title='bbox 1355 3274 1663 3344; x_wconf 60' lang='lat' dir='ltr'><strong>probantur,</strong></span> 
     </span>
    </p>
   </div>
   <div class='ocr_carea' id='block_1_50' title="bbox 137 3337 1662 3428">
    <p class='ocr_par' dir='ltr' id='par_1_50' title="bbox 137 3337 1662 3428">
     <span class='ocr_line' id='line_1_50' title="bbox 137 3337 1662 3428; baseline 0.019 -40"><span class='ocrx_word' id='word_1_363' title='bbox 137 3337 536 3410; x_wconf 37' lang='lat' dir='ltr'><strong>quia‘scriptum</strong></span> <span class='ocrx_word' id='word_1_364' title='bbox 579 3351 659 3399; x_wconf 81' lang='lat' dir='ltr'><strong>est</strong></span> <span class='ocrx_word' id='word_1_365' title='bbox 690 3363 706 3402; x_wconf 88' lang='lat'><strong>:</strong></span> <span class='ocrx_word' id='word_1_366' title='bbox 739 3349 791 3400; x_wconf 90' lang='lat' dir='ltr'><strong>In</strong></span> <span class='ocrx_word' id='word_1_367' title='bbox 831 3351 916 3404; x_wconf 88' lang='lat' dir='ltr'><strong>die</strong></span> <span class='ocrx_word' id='word_1_368' title='bbox 960 3353 1049 3405; x_wconf 89' lang='lat' dir='ltr'><strong>illa</strong></span> <span class='ocrx_word' id='word_1_369' title='bbox 1087 3357 1189 3409; x_wconf 84' lang='lat' dir='ltr'><strong>erit</strong></span> <span class='ocrx_word' id='word_1_370' title='bbox 1217 3337 1470 3414; x_wconf 81' lang='lat' dir='ltr'><strong>Dominus</strong></span> <span class='ocrx_word' id='word_1_371' title='bbox 1509 3337 1662 3428; x_wconf 69' lang='lat' dir='ltr'><strong>unus,</strong></span> 
     </span>
    </p>
   </div>
   <div class='ocr_carea' id='block_1_51' title="bbox 137 3436 1662 3509">
    <p class='ocr_par' dir='ltr' id='par_1_51' title="bbox 137 3436 1662 3509">
     <span class='ocr_line' id='line_1_51' title="bbox 137 3436 1662 3509; baseline 0.018 -30"><span class='ocrx_word' id='word_1_372' title='bbox 137 3439 186 3480; x_wconf 88' lang='lat' dir='ltr'><strong>et</strong></span> <span class='ocrx_word' id='word_1_373' title='bbox 212 3445 391 3486; x_wconf 88' lang='lat' dir='ltr'><strong>nomen</strong></span> <span class='ocrx_word' id='word_1_374' title='bbox 425 3436 539 3502; x_wconf 84' lang='lat' dir='ltr'><strong>ejus</strong></span> <span class='ocrx_word' id='word_1_375' title='bbox 574 3441 770 3491; x_wconf 84' lang='lat' dir='ltr'><strong>unum?</strong></span> <span class='ocrx_word' id='word_1_376' title='bbox 798 3440 853 3494; x_wconf 92' lang='lat' dir='ltr'><strong>Si</strong></span> <span class='ocrx_word' id='word_1_377' title='bbox 883 3456 1030 3505; x_wconf 81' lang='lat' dir='ltr'><strong>vero,</strong></span> <span class='ocrx_word' id='word_1_378' title='bbox 1061 3453 1118 3496; x_wconf 85' lang='lat' dir='ltr'><strong>ut</strong></span> <span class='ocrx_word' id='word_1_379' title='bbox 1143 3456 1242 3509; x_wconf 88' lang='lat' dir='ltr'><strong>est,</strong></span> <span class='ocrx_word' id='word_1_380' title='bbox 1277 3463 1441 3502; x_wconf 85' lang='lat' dir='ltr'><strong>unum</strong></span> <span class='ocrx_word' id='word_1_381' title='bbox 1470 3466 1662 3507; x_wconf 86' lang='lat' dir='ltr'><strong>nomen</strong></span> 
     </span>
    </p>
   </div>
   <div class='ocr_carea' id='block_1_52' title="bbox 138 3523 1665 3612">
    <p class='ocr_par' dir='ltr' id='par_1_52' title="bbox 138 3523 1665 3612">
     <span class='ocr_line' id='line_1_52' title="bbox 138 3523 1665 3612; baseline 0.018 -41"><span class='ocrx_word' id='word_1_382' title='bbox 138 3525 219 3572; x_wconf 85' lang='lat' dir='ltr'><strong>est</strong></span> <span class='ocrx_word' id='word_1_383' title='bbox 237 3523 496 3579; x_wconf 70' lang='lat' dir='ltr'><strong>Trinitatis</strong></span> <span class='ocrx_word' id='word_1_384' title='bbox 519 3546 533 3581; x_wconf 91' lang='lat'><strong>:</strong></span> <span class='ocrx_word' id='word_1_385' title='bbox 562 3530 685 3596; x_wconf 87' lang='lat' dir='ltr'><strong>quid</strong></span> <span class='ocrx_word' id='word_1_386' title='bbox 714 3547 799 3585; x_wconf 91' lang='lat' dir='ltr'><strong>me</strong></span> <span class='ocrx_word' id='word_1_387' title='bbox 826 3535 1110 3601; x_wconf 76' lang='lat' dir='ltr'><strong>persuades</strong></span> <span class='ocrx_word' id='word_1_388' title='bbox 1131 3539 1349 3593; x_wconf 85' lang='lat' dir='ltr'><strong>credere</strong></span> <span class='ocrx_word' id='word_1_389' title='bbox 1375 3545 1514 3609; x_wconf 86' lang='lat' dir='ltr'><strong>quod</strong></span> <span class='ocrx_word' id='word_1_390' title='bbox 1543 3559 1665 3612; x_wconf 89' lang='lat' dir='ltr'><strong>pro-</strong></span> 
     </span>
    </p>
   </div>
   <div class='ocr_carea' id='block_1_53' title="bbox 140 3610 1666 3694">
    <p class='ocr_par' dir='ltr' id='par_1_53' title="bbox 140 3610 1666 3694">
     <span class='ocr_line' id='line_1_53' title="bbox 140 3610 1666 3694; baseline 0.02 -35"><span class='ocrx_word' id='word_1_391' title='bbox 140 3610 310 3675; x_wconf 78' lang='lat' dir='ltr'><strong>phetas</strong></span> <span class='ocrx_word' id='word_1_392' title='bbox 334 3623 385 3668; x_wconf 88' lang='lat' dir='ltr'><strong>et</strong></span> <span class='ocrx_word' id='word_1_393' title='bbox 423 3621 690 3684; x_wconf 83' lang='lat' dir='ltr'><strong>apostolos</strong></span> <span class='ocrx_word' id='word_1_394' title='bbox 743 3637 844 3675; x_wconf 91' lang='lat' dir='ltr'><strong>non</strong></span> <span class='ocrx_word' id='word_1_395' title='bbox 897 3625 1052 3678; x_wconf 74' lang='lat' dir='ltr'><strong>video</strong></span> <span class='ocrx_word' id='word_1_396' title='bbox 1081 3629 1428 3694; x_wconf 59' lang='grc' dir='ltr'><strong>ιιι-πήξας»εεῖ</strong></span> <span class='ocrx_word' id='word_1_397' title='bbox 1455 3610 1580 3686; x_wconf 78' lang='lat' dir='ltr'><strong>Nam</strong></span> <span class='ocrx_word' id='word_1_398' title='bbox 1610 3645 1666 3689; x_wconf 86' lang='lat' dir='ltr'><strong>et</strong></span> 
     </span>
    </p>
   </div>
   <div class='ocr_carea' id='block_1_54' title="bbox 139 3696 1662 3793">
    <p class='ocr_par' dir='ltr' id='par_1_54' title="bbox 139 3696 1662 3793">
     <span class='ocr_line' id='line_1_54' title="bbox 139 3696 1662 3793; baseline 0.02 -44"><span class='ocrx_word' id='word_1_399' title='bbox 139 3696 404 3757; x_wconf 70' lang='lat' dir='ltr'><strong>Malachias</strong></span> <span class='ocrx_word' id='word_1_400' title='bbox 422 3707 592 3771; x_wconf 72' lang='lat' dir='ltr'><strong>solum</strong></span> <span class='ocrx_word' id='word_1_401' title='bbox 621 3709 805 3762; x_wconf 84' lang='lat' dir='ltr'><strong>Filium</strong></span> <span class='ocrx_word' id='word_1_402' title='bbox 830 3712 1111 3781; x_wconf 73' lang='lat' dir='ltr'><strong>intimarit,</strong></span> <span class='ocrx_word' id='word_1_403' title='bbox 1141 3732 1295 3783; x_wconf 88' lang='lat' dir='ltr'><strong>quem</strong></span> <span class='ocrx_word' id='word_1_404' title='bbox 1326 3720 1538 3775; x_wconf 86' lang='lat' dir='ltr'><strong>humani</strong></span> <span class='ocrx_word' id='word_1_405' title='bbox 1568 3742 1662 3793; x_wconf 77' lang='lat' dir='ltr'><strong>ge-</strong></span> 
     </span>
    </p>
   </div>
   <div class='ocr_carea' id='block_1_55' title="bbox 135 3791 1662 3872">
    <p class='ocr_par' dir='ltr' id='par_1_55' title="bbox 135 3791 1662 3872">
     <span class='ocr_line' id='line_1_55' title="bbox 135 3791 1662 3872; baseline 0.02 -32"><span class='ocrx_word' id='word_1_406' title='bbox 135 3791 265 3843; x_wconf 83' lang='lat' dir='ltr'><strong>neris</strong></span> <span class='ocrx_word' id='word_1_407' title='bbox 280 3804 563 3849; x_wconf 83' lang='lat' dir='ltr'><strong>creatorem</strong></span> <span class='ocrx_word' id='word_1_408' title='bbox 585 3814 741 3852; x_wconf 88' lang='lat' dir='ltr'><strong>unum</strong></span> <span class='ocrx_word' id='word_1_409' title='bbox 769 3802 928 3854; x_wconf 77' lang='lat' dir='ltr'><strong>Deum</strong></span> <span class='ocrx_word' id='word_1_410' title='bbox 953 3807 1116 3871; x_wconf 88' lang='lat' dir='ltr'><strong>proph</strong></span> <span class='ocrx_word' id='word_1_411' title='bbox 1138 3809 1250 3861; x_wconf 87' lang='lat' dir='ltr'><strong>-tiea</strong></span> <span class='ocrx_word' id='word_1_412' title='bbox 1267 3791 1662 3872; x_wconf 71' lang='lat' dir='ltr'><strong>a:.nttnt‘atiune</strong></span> 
     </span>
    </p>
   </div>
   <div class='ocr_carea' id='block_1_56' title="bbox 135 3880 1664 3963">
    <p class='ocr_par' dir='ltr' id='par_1_56' title="bbox 135 3880 1664 3963">
     <span class='ocr_line' id='line_1_56' title="bbox 135 3880 1664 3963; baseline 0.02 -32"><span class='ocrx_word' id='word_1_413' title='bbox 135 3880 407 3947; x_wconf 69' lang='lat' dir='ltr'><strong>designavit</strong></span> <span class='ocrx_word' id='word_1_414' title='bbox 436 3904 450 3938; x_wconf 94' lang='lat'>:</span> <span class='ocrx_word' id='word_1_415' title='bbox 478 3888 592 3955; x_wconf 88' lang='lat' dir='ltr'><strong>ipso</strong></span> <span class='ocrx_word' id='word_1_416' title='bbox 619 3890 827 3945; x_wconf 79' lang='lat' dir='ltr'><strong>dicente</strong></span> <span class='ocrx_word' id='word_1_417' title='bbox 851 3908 863 3939; x_wconf 91' lang='lat'>:</span> <span class='ocrx_word' id='word_1_418' title='bbox 893 3895 1076 3947; x_wconf 81' lang='lat' dir='ltr'><strong>Nonne</strong></span> <span class='ocrx_word' id='word_1_419' title='bbox 1123 3899 1260 3952; x_wconf 86' lang='lat' dir='ltr'><strong>Dens</strong></span> <span class='ocrx_word' id='word_1_420' title='bbox 1302 3919 1434 3955; x_wconf 91' lang='lat' dir='ltr'><strong>unus</strong></span> <span class='ocrx_word' id='word_1_421' title='bbox 1461 3910 1664 3963; x_wconf 69' lang='lat' dir='ltr'><strong>ereavit</strong></span> 
     </span>
    </p>
   </div>
   <div class='ocr_carea' id='block_1_57' title="bbox 135 3971 1658 4058">
    <p class='ocr_par' dir='ltr' id='par_1_57' title="bbox 135 3971 1658 4058">
     <span class='ocr_line' id='line_1_57' title="bbox 135 3971 1658 4058; baseline 0.02 -41"><span class='ocrx_word' id='word_1_422' title='bbox 135 3971 247 4021; x_wconf 80' lang='lat' dir='ltr'><strong>vos?</strong></span> <span class='ocrx_word' id='word_1_423' title='bbox 270 3988 435 4028; x_wconf 86' lang='lat' dir='ltr'><strong>nonne</strong></span> <span class='ocrx_word' id='word_1_424' title='bbox 464 3977 617 4030; x_wconf 85' lang='lat' dir='ltr'><strong>Pater</strong></span> <span class='ocrx_word' id='word_1_425' title='bbox 640 3992 868 4035; x_wconf 81' lang='lat' dir='ltr'><strong>unusest</strong></span> <span class='ocrx_word' id='word_1_426' title='bbox 891 3985 1127 4037; x_wconf 89' lang='lat' dir='ltr'><strong>omnium</strong></span> <span class='ocrx_word' id='word_1_427' title='bbox 1151 3998 1378 4043; x_wconf 78' lang='lat' dir='ltr'><strong>vestrum</strong></span> <span class='ocrx_word' id='word_1_428' title='bbox 1408 3993 1658 4058; x_wconf 68' lang='lat' dir='ltr'><strong>(Malaclr.</strong></span> 
     </span>
    </p>
   </div>
   <div class='ocr_carea' id='block_1_58' title="bbox 136 4057 1660 4143">
    <p class='ocr_par' dir='ltr' id='par_1_58' title="bbox 136 4057 1660 4143">
     <span class='ocr_line' id='line_1_58' title="bbox 136 4057 1660 4143; baseline 0.024 -39"><span class='ocrx_word' id='word_1_429' title='bbox 136 4069 184 4119; x_wconf 85' lang='grc' dir='ltr'><strong>ιι,</strong></span> <span class='ocrx_word' id='word_1_430' title='bbox 211 4057 326 4126; x_wconf 70' lang='lat'><strong>10)?</strong></span> <span class='ocrx_word' id='word_1_431' title='bbox 355 4062 494 4115; x_wconf 83' lang='lat' dir='ltr'><strong>Et-in</strong></span> <span class='ocrx_word' id='word_1_432' title='bbox 543 4066 949 4122; x_wconf 88' lang='lat' dir='ltr'><strong>Deuteronomio</strong></span> <span class='ocrx_word' id='word_1_433' title='bbox 981 4090 994 4122; x_wconf 90' lang='lat'><em>:</em></span> <span class='ocrx_word' id='word_1_434' title='bbox 1027 4075 1161 4126; x_wconf 82' lang='lat' dir='ltr'><strong>Audi</strong></span> <span class='ocrx_word' id='word_1_435' title='bbox 1188 4077 1378 4143; x_wconf 87' lang='lat' dir='ltr'><strong>Israel;</strong></span> <span class='ocrx_word' id='word_1_436' title='bbox 1412 4057 1660 4140; x_wconf 86' lang='lat' dir='ltr'><strong>Dominus</strong></span> 
     </span>
    </p>
   </div>
   <div class='ocr_carea' id='block_1_59' title="bbox 135 4143 1657 4239">
    <p class='ocr_par' dir='ltr' id='par_1_59' title="bbox 135 4143 1657 4239">
     <span class='ocr_line' id='line_1_59' title="bbox 135 4143 1657 4239; baseline 0.024 -44"><span class='ocrx_word' id='word_1_437' title='bbox 135 4143 255 4199; x_wconf 82' lang='lat' dir='ltr'><strong>Dens</strong></span> <span class='ocrx_word' id='word_1_438' title='bbox 277 4159 409 4239; x_wconf 63' lang='lat' dir='ltr'><strong>tuus,</strong></span> <span class='ocrx_word' id='word_1_439' title='bbox 438 4153 576 4208; x_wconf 87' lang='lat' dir='ltr'><strong>Deus</strong></span> <span class='ocrx_word' id='word_1_440' title='bbox 599 4172 733 4237; x_wconf 84' lang='lat' dir='ltr'><strong>unus</strong></span> <span class='ocrx_word' id='word_1_441' title='bbox 757 4169 838 4211; x_wconf 87' lang='lat' dir='ltr'><strong>est</strong></span> <span class='ocrx_word' id='word_1_442' title='bbox 860 4162 1034 4228; x_wconf 74' lang='lat' dir='ltr'><strong>(Deut.</strong></span> <span class='ocrx_word' id='word_1_443' title='bbox 1059 4180 1131 4227; x_wconf 80' lang='lat' dir='ltr'><strong>\‘l,</strong></span> <span class='ocrx_word' id='word_1_444' title='bbox 1155 4167 1231 4231; x_wconf 66' lang='lat'><strong>4).</strong></span> <span class='ocrx_word' id='word_1_445' title='bbox 1258 4170 1321 4221; x_wconf 79' lang='lat' dir='ltr'><strong>Et</strong></span> <span class='ocrx_word' id='word_1_446' title='bbox 1347 4173 1620 4239; x_wconf 58' lang='lat' dir='ltr'><strong>Apostolu.</strong></span> <span class='ocrx_word' id='word_1_447' title='bbox 1641 4195 1657 4231; x_wconf 87' lang='lat'>:</span> 
     </span>
    </p>
   </div>
   <div class='ocr_carea' id='block_1_60' title="bbox 133 4226 1655 4329">
    <p class='ocr_par' dir='ltr' id='par_1_60' title="bbox 133 4226 1655 4329">
     <span class='ocr_line' id='line_1_60' title="bbox 133 4226 1655 4329; baseline 0.027 -44"><span class='ocrx_word' id='word_1_448' title='bbox 133 4235 295 4329; x_wconf 67' lang='lat' dir='ltr'><strong>Nullus</strong></span> <span class='ocrx_word' id='word_1_449' title='bbox 325 4226 456 4298; x_wconf 73' lang='lat' dir='ltr'><strong>Deus</strong></span> <span class='ocrx_word' id='word_1_450' title='bbox 470 4233 610 4326; x_wconf 22' lang='lat' dir='ltr'><strong>\nisi.</strong></span> <span class='ocrx_word' id='word_1_451' title='bbox 639 4265 773 4304; x_wconf 80' lang='lat' dir='ltr'><strong>unus</strong></span> <span class='ocrx_word' id='word_1_452' title='bbox 799 4226 998 4322; x_wconf 20' lang='lat' dir='ltr'><strong>(liCor.</strong></span> <span class='ocrx_word' id='word_1_453' title='bbox 1037 4274 1147 4322; x_wconf 68' lang='grc' dir='ltr'><strong>νιν,</strong></span> <span class='ocrx_word' id='word_1_454' title='bbox 1191 4226 1266 4329; x_wconf 49' lang='grc' dir='ltr'><strong>λ).</strong></span> <span class='ocrx_word' id='word_1_455' title='bbox 1311 4226 1610 4324; x_wconf 40' lang='grc' dir='ltr'>Ειιίιετυιιι</span> 
     </span>
    </p>
   </div>
   <div class='ocr_carea' id='block_1_61' title="bbox 135 4322 1655 4415">
    <p class='ocr_par' dir='ltr' id='par_1_61' title="bbox 135 4322 1655 4415">
     <span class='ocr_line' id='line_1_61' title="bbox 135 4322 1655 4415; baseline 0.026 -41"><span class='ocrx_word' id='word_1_456' title='bbox 135 4322 260 4415; x_wconf 66' lang='lat' dir='ltr'><strong>Unus</strong></span> <span class='ocrx_word' id='word_1_457' title='bbox 283 4322 548 4401; x_wconf 75' lang='lat' dir='ltr'><strong>Dominus,</strong></span> <span class='ocrx_word' id='word_1_458' title='bbox 576 4349 675 4388; x_wconf 91' lang='lat' dir='ltr'><strong>una</strong></span> <span class='ocrx_word' id='word_1_459' title='bbox 703 4338 852 4405; x_wconf 81' lang='lat' dir='ltr'><strong>ﬁdes,</strong></span> <span class='ocrx_word' id='word_1_460' title='bbox 876 4358 1036 4396; x_wconf 89' lang='lat' dir='ltr'><strong>unum</strong></span> <span class='ocrx_word' id='word_1_461' title='bbox 1061 4322 1339 4415; x_wconf 80' lang='lat' dir='ltr'><strong>baptisma,</strong></span> <span class='ocrx_word' id='word_1_462' title='bbox 1359 4370 1491 4408; x_wconf 87' lang='lat' dir='ltr'><strong>unus</strong></span> 
     </span>
    </p>
   </div>
   <div class='ocr_carea' id='block_1_62' title="bbox 133 4410 1653 4500">
    <p class='ocr_par' dir='ltr' id='par_1_62' title="bbox 133 4410 1653 4500">
     <span class='ocr_line' id='line_1_62' title="bbox 133 4410 1653 4500; baseline 0.026 -39"><span class='ocrx_word' id='word_1_463' title='bbox 133 4410 326 4475; x_wconf 62' lang='lat' dir='ltr'><strong>(Epﬁes.</strong></span> <span class='ocrx_word' id='word_1_464' title='bbox 361 4436 430 4482; x_wconf 83' lang='lat' dir='ltr'><strong>tv,</strong></span> <span class='ocrx_word' id='word_1_465' title='bbox 461 4421 537 4489; x_wconf 81' lang='grc'><strong>5).</strong></span> <span class='ocrx_word' id='word_1_466' title='bbox 567 4424 658 4478; x_wconf 85' lang='lat' dir='ltr'><strong>Vel</strong></span> <span class='ocrx_word' id='word_1_467' title='bbox 685 4442 822 4480; x_wconf 89' lang='lat' dir='ltr'><strong>nunc</strong></span> <span class='ocrx_word' id='word_1_468' title='bbox 845 4431 1061 4485; x_wconf 77' lang='lat' dir='ltr'><strong>adverte</strong></span> <span class='ocrx_word' id='word_1_469' title='bbox 1091 4410 1209 4500; x_wconf 80' lang='lat' dir='ltr'><strong>quia</strong></span> <span class='ocrx_word' id='word_1_470' title='bbox 1235 4410 1367 4492; x_wconf 80' lang='lat' dir='ltr'><strong>unus</strong></span> <span class='ocrx_word' id='word_1_471' title='bbox 1391 4442 1529 4497; x_wconf 91' lang='lat' dir='ltr'><strong>Deus</strong></span> 
     </span>
    </p>
   </div>
   <div class='ocr_carea' id='block_1_63' title="bbox 129 4504 1647 4588">
    <p class='ocr_par' dir='ltr' id='par_1_63' title="bbox 129 4504 1647 4588">
     <span class='ocr_line' id='line_1_63' title="bbox 129 4504 1647 4588; baseline 0.026 -39"><span class='ocrx_word' id='word_1_472' title='bbox 129 4511 197 4552; x_wconf 81' lang='lat' dir='ltr'><strong>est</strong></span> <span class='ocrx_word' id='word_1_473' title='bbox 216 4504 418 4560; x_wconf 80' lang='lat' dir='ltr'><strong>divisus.</strong></span> <span class='ocrx_word' id='word_1_474' title='bbox 446 4510 498 4562; x_wconf 81' lang='lat' dir='ltr'><strong>In</strong></span> <span class='ocrx_word' id='word_1_475' title='bbox 517 4513 681 4568; x_wconf 79' lang='lat' dir='ltr'><strong>tribus</strong></span> <span class='ocrx_word' id='word_1_476' title='bbox 711 4520 948 4580; x_wconf 87' lang='lat' dir='ltr'><strong>personis</strong></span> <span class='ocrx_word' id='word_1_477' title='bbox 973 4529 1027 4572; x_wconf 90' lang='lat' dir='ltr'><strong>et</strong></span> <span class='ocrx_word' id='word_1_478' title='bbox 1053 4508 1352 4578; x_wconf 82' lang='lat' dir='ltr'><strong>nominibus</strong></span> <span class='ocrx_word' id='word_1_479' title='bbox 1374 4546 1506 4584; x_wconf 90' lang='lat' dir='ltr'><strong>unus</strong></span> <span class='ocrx_word' id='word_1_480' title='bbox 1524 4535 1647 4588; x_wconf 86' lang='lat' dir='ltr'><strong>dici-</strong></span> 
     </span>
    </p>
   </div>
   <div class='ocr_carea' id='block_1_64' title="bbox 129 4591 1654 4674">
    <p class='ocr_par' dir='ltr' id='par_1_64' title="bbox 129 4591 1654 4674">
     <span class='ocr_line' id='line_1_64' title="bbox 129 4591 1654 4674; baseline 0.025 -38"><span class='ocrx_word' id='word_1_481' title='bbox 129 4595 199 4638; x_wconf 88' lang='lat' dir='ltr'><strong>tur</strong></span> <span class='ocrx_word' id='word_1_482' title='bbox 219 4591 364 4654; x_wconf 73' lang='lat' dir='ltr'><strong>Dens,</strong></span> <span class='ocrx_word' id='word_1_483' title='bbox 392 4601 642 4665; x_wconf 78' lang='lat' dir='ltr'><strong>Apostolo</strong></span> <span class='ocrx_word' id='word_1_484' title='bbox 658 4609 937 4658; x_wconf 80' lang='lat' dir='ltr'><strong>aUestante</strong></span> <span class='ocrx_word' id='word_1_485' title='bbox 962 4607 1282 4663; x_wconf 83' lang='lat' dir='ltr'><strong>:Divisiones</strong></span> <span class='ocrx_word' id='word_1_486' title='bbox 1296 4626 1468 4669; x_wconf 85' lang='lat' dir='ltr'><strong>autem</strong></span> <span class='ocrx_word' id='word_1_487' title='bbox 1493 4620 1654 4674; x_wconf 84' lang='lat' dir='ltr'><strong>dona-</strong></span> 
     </span>
    </p>
   </div>
   <div class='ocr_carea' id='block_1_65' title="bbox 129 4678 1647 4770">
    <p class='ocr_par' dir='ltr' id='par_1_65' title="bbox 129 4678 1647 4770">
     <span class='ocr_line' id='line_1_65' title="bbox 129 4678 1647 4770; baseline 0.025 -47"><span class='ocrx_word' id='word_1_488' title='bbox 129 4678 305 4732; x_wconf 85' lang='lat' dir='ltr'><strong>tionnm</strong></span> <span class='ocrx_word' id='word_1_489' title='bbox 353 4681 637 4748; x_wconf 79' lang='lat' dir='ltr'><strong>gratiarum</strong></span> <span class='ocrx_word' id='word_1_490' title='bbox 670 4699 811 4752; x_wconf 86' lang='lat' dir='ltr'><strong>sunt,</strong></span> <span class='ocrx_word' id='word_1_491' title='bbox 845 4683 934 4756; x_wconf 84' lang='lat' dir='ltr'><strong>ait,</strong></span> <span class='ocrx_word' id='word_1_492' title='bbox 981 4694 1117 4748; x_wconf 89' lang='lat' dir='ltr'><strong>idem</strong></span> <span class='ocrx_word' id='word_1_493' title='bbox 1163 4710 1336 4752; x_wconf 90' lang='lat' dir='ltr'><strong>autem</strong></span> <span class='ocrx_word' id='word_1_494' title='bbox 1387 4707 1647 4770; x_wconf 83' lang='lat' dir='ltr'><strong>spiritus:</strong></span> 
     </span>
    </p>
   </div>
   <div class='ocr_carea' id='block_1_66' title="bbox 127 4771 1647 4859">
    <p class='ocr_par' dir='ltr' id='par_1_66' title="bbox 127 4771 1647 4859">
     <span class='ocr_line' id='line_1_66' title="bbox 127 4771 1647 4859; baseline 0.023 -42"><span class='ocrx_word' id='word_1_495' title='bbox 127 4777 169 4818; x_wconf 88' lang='lat' dir='ltr'><strong>et</strong></span> <span class='ocrx_word' id='word_1_496' title='bbox 195 4771 467 4830; x_wconf 83' lang='lat' dir='ltr'><strong>divisiones</strong></span> <span class='ocrx_word' id='word_1_497' title='bbox 498 4779 940 4836; x_wconf 85' lang='lat' dir='ltr'><strong>ministrationum</strong></span> <span class='ocrx_word' id='word_1_498' title='bbox 968 4797 1112 4855; x_wconf 87' lang='lat' dir='ltr'><strong>sunt,</strong></span> <span class='ocrx_word' id='word_1_499' title='bbox 1136 4789 1274 4842; x_wconf 88' lang='lat' dir='ltr'><strong>idem</strong></span> <span class='ocrx_word' id='word_1_500' title='bbox 1323 4793 1437 4859; x_wconf 85' lang='lat' dir='ltr'><strong>ipse</strong></span> <span class='ocrx_word' id='word_1_501' title='bbox 1470 4798 1647 4852; x_wconf 86' lang='lat' dir='ltr'><strong>Domi-</strong></span> 
     </span>
    </p>
   </div>
   <div class='ocr_carea' id='block_1_67' title="bbox 126 4865 1647 4939">
    <p class='ocr_par' dir='ltr' id='par_1_67' title="bbox 126 4865 1647 4939">
     <span class='ocr_line' id='line_1_67' title="bbox 126 4865 1647 4939; baseline 0.021 -32"><span class='ocrx_word' id='word_1_502' title='bbox 126 4869 232 4922; x_wconf 87' lang='lat' dir='ltr'><strong>nus;</strong></span> <span class='ocrx_word' id='word_1_503' title='bbox 261 4872 309 4915; x_wconf 89' lang='lat' dir='ltr'><strong>et</strong></span> <span class='ocrx_word' id='word_1_504' title='bbox 335 4865 619 4920; x_wconf 74' lang='lat' dir='ltr'><strong>divisiones</strong></span> <span class='ocrx_word' id='word_1_505' title='bbox 663 4871 1029 4937; x_wconf 85' lang='lat' dir='ltr'><strong>operationum</strong></span> <span class='ocrx_word' id='word_1_506' title='bbox 1085 4885 1228 4935; x_wconf 88' lang='lat' dir='ltr'><strong>sunt.</strong></span> <span class='ocrx_word' id='word_1_507' title='bbox 1275 4880 1414 4933; x_wconf 83' lang='lat' dir='ltr'><strong>idem</strong></span> <span class='ocrx_word' id='word_1_508' title='bbox 1471 4896 1647 4939; x_wconf 88' lang='lat' dir='ltr'><strong>autem</strong></span> 
     </span>
    </p>
   </div>
   <div class='ocr_carea' id='block_1_68' title="bbox 127 4945 1643 5042">
    <p class='ocr_par' dir='ltr' id='par_1_68' title="bbox 127 4945 1643 5042">
     <span class='ocr_line' id='line_1_68' title="bbox 127 4945 1643 5042; baseline 0.019 -44"><span class='ocrx_word' id='word_1_509' title='bbox 127 4945 349 5042; x_wconf 64' lang='lat' dir='ltr'><strong>Dens,qui</strong></span> <span class='ocrx_word' id='word_1_510' title='bbox 375 4972 627 5022; x_wconf 83' lang='lat' dir='ltr'><strong>operatur</strong></span> <span class='ocrx_word' id='word_1_511' title='bbox 653 4963 826 5014; x_wconf 80' lang='lat' dir='ltr'><strong>omnia</strong></span> <span class='ocrx_word' id='word_1_512' title='bbox 861 4964 912 5014; x_wconf 92' lang='lat' dir='ltr'><strong>in</strong></span> <span class='ocrx_word' id='word_1_513' title='bbox 943 4968 1188 5018; x_wconf 90' lang='lat' dir='ltr'><strong>omnibus</strong></span> <span class='ocrx_word' id='word_1_514' title='bbox 1210 4969 1262 5033; x_wconf 94' lang='lat' dir='ltr'><strong>(I</strong></span> <span class='ocrx_word' id='word_1_515' title='bbox 1293 4970 1410 5022; x_wconf 85' lang='lat' dir='ltr'><strong>Cor.</strong></span> <span class='ocrx_word' id='word_1_516' title='bbox 1448 4990 1536 5035; x_wconf 73' lang='lat' dir='ltr'><strong>xu,</strong></span> <span class='ocrx_word' id='word_1_517' title='bbox 1570 4975 1643 5042; x_wconf 68' lang='grc' dir='ltr'><strong>ί).</strong></span> 
     </span>
    </p>
   </div>
   <div class='ocr_carea' id='block_1_69' title="bbox 126 5033 1648 5123">
    <p class='ocr_par' dir='ltr' id='par_1_69' title="bbox 126 5033 1648 5123">
     <span class='ocr_line' id='line_1_69' title="bbox 126 5033 1648 5123; baseline 0.017 -33"><span class='ocrx_word' id='word_1_518' title='bbox 126 5033 239 5097; x_wconf 57' lang='lat' dir='ltr'><strong>Quid</strong></span> <span class='ocrx_word' id='word_1_519' title='bbox 266 5043 412 5110; x_wconf 81' lang='lat' dir='ltr'><strong>igitur</strong></span> <span class='ocrx_word' id='word_1_520' title='bbox 441 5057 523 5098; x_wconf 89' lang='lat' dir='ltr'><strong>est</strong></span> <span class='ocrx_word' id='word_1_521' title='bbox 568 5049 706 5114; x_wconf 86' lang='lat' dir='ltr'><strong>quod</strong></span> <span class='ocrx_word' id='word_1_522' title='bbox 765 5051 897 5104; x_wconf 77' lang='lat' dir='ltr'><strong>Filio</strong></span> <span class='ocrx_word' id='word_1_523' title='bbox 943 5055 1199 5123; x_wconf 75' lang='lat' dir='ltr'><strong>derogare</strong></span> <span class='ocrx_word' id='word_1_524' title='bbox 1247 5063 1459 5116; x_wconf 88' lang='lat' dir='ltr'><strong>Ininime</strong></span> <span class='ocrx_word' id='word_1_525' title='bbox 1504 5033 1648 5121; x_wconf 62' lang='grc' dir='ltr'>διώιὶ-</span> 
     </span>
    </p>
   </div>
   <div class='ocr_carea' id='block_1_70' title="bbox 125 5127 1646 5209">
    <p class='ocr_par' dir='ltr' id='par_1_70' title="bbox 125 5127 1646 5209">
     <span class='ocr_line' id='line_1_70' title="bbox 125 5127 1646 5209; baseline 0.026 -39"><span class='ocrx_word' id='word_1_526' title='bbox 125 5127 254 5209; x_wconf 72' lang='lat' dir='ltr'><strong>Iasii?</strong></span> <span class='ocrx_word' id='word_1_527' title='bbox 277 5142 328 5182; x_wconf 93' lang='lat' dir='ltr'><strong>ut</strong></span> <span class='ocrx_word' id='word_1_528' title='bbox 350 5135 398 5184; x_wconf 70' lang='lat' dir='ltr'><strong>in</strong></span> <span class='ocrx_word' id='word_1_529' title='bbox 423 5150 488 5186; x_wconf 87' lang='lat' dir='ltr'><strong>eo</strong></span> <span class='ocrx_word' id='word_1_530' title='bbox 512 5137 652 5201; x_wconf 87' lang='lat' dir='ltr'><strong>quod</strong></span> <span class='ocrx_word' id='word_1_531' title='bbox 675 5138 803 5190; x_wconf 77' lang='lat' dir='ltr'><strong>dixit</strong></span> <span class='ocrx_word' id='word_1_532' title='bbox 827 5157 839 5189; x_wconf 92' lang='lat'>:</span> <span class='ocrx_word' id='word_1_533' title='bbox 881 5142 988 5208; x_wconf 78' lang='lat' dir='ltr'><strong>Ego</strong></span> <span class='ocrx_word' id='word_1_534' title='bbox 1009 5154 1062 5195; x_wconf 89' lang='lat' dir='ltr'><strong>et</strong></span> <span class='ocrx_word' id='word_1_535' title='bbox 1095 5146 1250 5200; x_wconf 81' lang='lat' dir='ltr'><strong>Pater</strong></span> <span class='ocrx_word' id='word_1_536' title='bbox 1275 5164 1431 5202; x_wconf 88' lang='lat' dir='ltr'><strong>unum</strong></span> <span class='ocrx_word' id='word_1_537' title='bbox 1466 5167 1646 5209; x_wconf 85' lang='lat' dir='ltr'><strong>sumus</strong></span> 
     </span>
    </p>
   </div>
   <div class='ocr_carea' id='block_1_71' title="bbox 128 5207 1641 5295">
    <p class='ocr_par' dir='ltr' id='par_1_71' title="bbox 128 5207 1641 5295">
     <span class='ocr_line' id='line_1_71' title="bbox 128 5207 1641 5295; baseline 0.026 -38"><span class='ocrx_word' id='word_1_538' title='bbox 128 5207 277 5273; x_wconf 79' lang='lat' dir='ltr'><strong>(Joau.</strong></span> <span class='ocrx_word' id='word_1_539' title='bbox 308 5234 335 5268; x_wconf 72' lang='grc' dir='ltr'><strong>ι</strong></span> <span class='ocrx_word' id='word_1_540' title='bbox 364 5259 376 5280; x_wconf 83' lang='grc'><strong><em>,</em></strong></span> <span class='ocrx_word' id='word_1_541' title='bbox 409 5222 546 5288; x_wconf 82' lang='lat'><strong>50):</strong></span> <span class='ocrx_word' id='word_1_542' title='bbox 595 5224 727 5276; x_wconf 80' lang='lat' dir='ltr'><strong>duos</strong></span> <span class='ocrx_word' id='word_1_543' title='bbox 773 5207 1112 5284; x_wconf 84' lang='lat' dir='ltr'><strong>nihilominus</strong></span> <span class='ocrx_word' id='word_1_544' title='bbox 1157 5236 1286 5291; x_wconf 83' lang='lat' dir='ltr'><strong>deus</strong></span> <span class='ocrx_word' id='word_1_545' title='bbox 1341 5250 1521 5292; x_wconf 81' lang='lat' dir='ltr'><strong>natura</strong></span> <span class='ocrx_word' id='word_1_546' title='bbox 1575 5207 1641 5295; x_wconf 75' lang='lat' dir='ltr'><strong>ab</strong></span> 
     </span>
    </p>
   </div>
   <div class='ocr_carea' id='block_1_72' title="bbox 125 5297 1641 5394">
    <p class='ocr_par' dir='ltr' id='par_1_72' title="bbox 125 5297 1641 5394">
     <span class='ocr_line' id='line_1_72' title="bbox 125 5297 1641 5394; baseline 0.022 -47"><span class='ocrx_word' id='word_1_547' title='bbox 125 5297 315 5358; x_wconf 85' lang='lat' dir='ltr'><strong>invicem</strong></span> <span class='ocrx_word' id='word_1_548' title='bbox 366 5318 417 5361; x_wconf 88' lang='lat' dir='ltr'><strong>et</strong></span> <span class='ocrx_word' id='word_1_549' title='bbox 444 5311 639 5365; x_wconf 90' lang='lat' dir='ltr'><strong>deitate</strong></span> <span class='ocrx_word' id='word_1_550' title='bbox 688 5315 928 5368; x_wconf 74' lang='lat' dir='ltr'><strong>diversos</strong></span> <span class='ocrx_word' id='word_1_551' title='bbox 958 5319 1289 5378; x_wconf 70' lang='lat' dir='ltr'><strong>introducere</strong></span> <span class='ocrx_word' id='word_1_552' title='bbox 1336 5330 1564 5394; x_wconf 77' lang='lat' dir='ltr'><strong>coneris,</strong></span> <span class='ocrx_word' id='word_1_553' title='bbox 1590 5343 1641 5383; x_wconf 91' lang='lat' dir='ltr'><strong>ct</strong></span> 
     </span>
    </p>
   </div>
   <div class='ocr_carea' id='block_1_73' title="bbox 124 5387 1638 5484">
    <p class='ocr_par' dir='ltr' id='par_1_73' title="bbox 124 5387 1638 5484">
     <span class='ocr_line' id='line_1_73' title="bbox 124 5387 1638 5484; baseline 0.025 -50"><span class='ocrx_word' id='word_1_554' title='bbox 124 5387 348 5446; x_wconf 71' lang='lat' dir='ltr'><strong>aﬁirmaro</strong></span> <span class='ocrx_word' id='word_1_555' title='bbox 389 5413 491 5450; x_wconf 90' lang='lat' dir='ltr'><strong>non</strong></span> <span class='ocrx_word' id='word_1_556' title='bbox 535 5402 763 5454; x_wconf 78' lang='lat' dir='ltr'><strong>metuis?</strong></span> <span class='ocrx_word' id='word_1_557' title='bbox 795 5405 1040 5471; x_wconf 80' lang='lat' dir='ltr'><strong>ignorans</strong></span> <span class='ocrx_word' id='word_1_558' title='bbox 1085 5413 1205 5475; x_wconf 75' lang='lat' dir='ltr'><strong>quia</strong></span> <span class='ocrx_word' id='word_1_559' title='bbox 1259 5428 1377 5467; x_wconf 80' lang='lat' dir='ltr'><strong>eum</strong></span> <span class='ocrx_word' id='word_1_560' title='bbox 1421 5431 1638 5484; x_wconf 90' lang='lat' dir='ltr'><strong>sumus,</strong></span> 
     </span>
    </p>
   </div>
   <div class='ocr_carea' id='block_1_74' title="bbox 124 5476 1638 5561">
    <p class='ocr_par' dir='ltr' id='par_1_74' title="bbox 124 5476 1638 5561">
     <span class='ocr_line' id='line_1_74' title="bbox 124 5476 1638 5561; baseline 0.022 -33"><span class='ocrx_word' id='word_1_561' title='bbox 124 5476 242 5540; x_wconf 87' lang='lat' dir='ltr'><strong>dicit.</strong></span> <span class='ocrx_word' id='word_1_562' title='bbox 270 5499 515 5552; x_wconf 79' lang='lat' dir='ltr'><strong>personas</strong></span> <span class='ocrx_word' id='word_1_563' title='bbox 559 5492 823 5559; x_wconf 77' lang='lat' dir='ltr'><strong>distinxit,</strong></span> <span class='ocrx_word' id='word_1_564' title='bbox 873 5511 976 5548; x_wconf 89' lang='lat' dir='ltr'><strong>non</strong></span> <span class='ocrx_word' id='word_1_565' title='bbox 1026 5499 1236 5554; x_wconf 89' lang='lat' dir='ltr'><strong>deitatis</strong></span> <span class='ocrx_word' id='word_1_566' title='bbox 1289 5476 1638 5561; x_wconf 71' lang='lat' dir='ltr'><strong>substantiam</strong></span> 
     </span>
    </p>
   </div>
   <div class='ocr_carea' id='block_1_75' title="bbox 128 5581 1643 5652">
    <p class='ocr_par' dir='ltr' id='par_1_75' title="bbox 128 5581 1643 5652">
     <span class='ocr_line' id='line_1_75' title="bbox 128 5581 1643 5652; baseline 0.012 -18"><span class='ocrx_word' id='word_1_567' title='bbox 128 5581 365 5643; x_wconf 61' lang='lat' dir='ltr'><strong>i0Paravit.</strong></span> <span class='ocrx_word' id='word_1_568' title='bbox 396 5590 453 5636; x_wconf 91' lang='lat' dir='ltr'><strong>ut</strong></span> <span class='ocrx_word' id='word_1_569' title='bbox 502 5592 558 5638; x_wconf 90' lang='lat' dir='ltr'><strong>et</strong></span> <span class='ocrx_word' id='word_1_570' title='bbox 588 5584 873 5640; x_wconf 75' lang='lat' dir='ltr'><strong>Siheilium</strong></span> <span class='ocrx_word' id='word_1_571' title='bbox 925 5589 1170 5645; x_wconf 86' lang='lat' dir='ltr'><strong>unionem</strong></span> <span class='ocrx_word' id='word_1_572' title='bbox 1215 5604 1505 5650; x_wconf 77' lang='lat' dir='ltr'><strong>sectantem</strong></span> <span class='ocrx_word' id='word_1_573' title='bbox 1548 5599 1643 5652; x_wconf 81' lang='lat' dir='ltr'><strong>de-</strong></span> 
     </span>
    </p>
   </div>
   <div class='ocr_carea' id='block_1_76' title="bbox 1684 4397 1732 4455">
    <p class='ocr_par' dir='ltr' id='par_1_76' title="bbox 1684 4397 1732 4455">
     <span class='ocr_line' id='line_1_76' title="bbox 1684 4397 1732 4455; baseline 0 0"><span class='ocrx_word' id='word_1_574' title='bbox 1684 4397 1732 4455; x_wconf 88' lang='lat' dir='ltr'><strong>D</strong></span> 
     </span>
    </p>
   </div>
   <div class='ocr_carea' id='block_1_77' title="bbox 1765 1802 3317 1877">
    <p class='ocr_par' dir='ltr' id='par_1_77' title="bbox 1765 1802 3317 1877">
     <span class='ocr_line' id='line_1_77' title="bbox 1765 1802 3317 1877; baseline 0.008 -24"><span class='ocrx_word' id='word_1_575' title='bbox 1765 1802 2091 1870; x_wconf 78' lang='lat' dir='ltr'><strong>discipulos:</strong></span> <span class='ocrx_word' id='word_1_576' title='bbox 2122 1806 2179 1858; x_wconf 89' lang='lat' dir='ltr'><strong>Si</strong></span> <span class='ocrx_word' id='word_1_577' title='bbox 2216 1807 2341 1872; x_wconf 87' lang='lat' dir='ltr'><strong>quid</strong></span> <span class='ocrx_word' id='word_1_578' title='bbox 2383 1808 2641 1876; x_wconf 83' lang='lat' dir='ltr'><strong>petieritis</strong></span> <span class='ocrx_word' id='word_1_579' title='bbox 2669 1810 2720 1860; x_wconf 91' lang='lat' dir='ltr'><strong>in</strong></span> <span class='ocrx_word' id='word_1_580' title='bbox 2774 1813 2986 1864; x_wconf 82' lang='lat' dir='ltr'><strong>nomine</strong></span> <span class='ocrx_word' id='word_1_581' title='bbox 3024 1827 3167 1877; x_wconf 85' lang='lat' dir='ltr'><strong>meo,</strong></span> <span class='ocrx_word' id='word_1_582' title='bbox 3212 1813 3317 1865; x_wconf 82' lang='lat' dir='ltr'><strong>hoc</strong></span> 
     </span>
    </p>
   </div>
   <div class='ocr_carea' id='block_1_78' title="bbox 1764 1891 3322 1972">
    <p class='ocr_par' dir='ltr' id='par_1_78' title="bbox 1764 1891 3322 1972">
     <span class='ocr_line' id='line_1_78' title="bbox 1764 1891 3322 1972; baseline 0.007 -28"><span class='ocrx_word' id='word_1_583' title='bbox 1764 1891 1972 1954; x_wconf 79' lang='lat' dir='ltr'><strong>faciam,</strong></span> <span class='ocrx_word' id='word_1_584' title='bbox 2001 1903 2058 1946; x_wconf 90' lang='lat' dir='ltr'><strong>ut</strong></span> <span class='ocrx_word' id='word_1_585' title='bbox 2079 1895 2391 1949; x_wconf 80' lang='lat' dir='ltr'><strong>clarilicetur</strong></span> <span class='ocrx_word' id='word_1_586' title='bbox 2416 1897 2570 1950; x_wconf 86' lang='lat' dir='ltr'><strong>Pater</strong></span> <span class='ocrx_word' id='word_1_587' title='bbox 2603 1899 2655 1951; x_wconf 91' lang='lat' dir='ltr'><strong>in</strong></span> <span class='ocrx_word' id='word_1_588' title='bbox 2703 1899 2834 1952; x_wconf 76' lang='lat' dir='ltr'><strong>Filio</strong></span> <span class='ocrx_word' id='word_1_589' title='bbox 2858 1899 3029 1968; x_wconf 77' lang='lat' dir='ltr'><strong>(Junii.</strong></span> <span class='ocrx_word' id='word_1_590' title='bbox 3065 1919 3171 1965; x_wconf 77' lang='lat' dir='ltr'><strong>xiv,</strong></span> <span class='ocrx_word' id='word_1_591' title='bbox 3201 1905 3322 1972; x_wconf 63' lang='grc'><strong>15).</strong></span> 
     </span>
    </p>
   </div>
   <div class='ocr_carea' id='block_1_79' title="bbox 1765 1981 3316 2058">
    <p class='ocr_par' dir='ltr' id='par_1_79' title="bbox 1765 1981 3316 2058">
     <span class='ocr_line' id='line_1_79' title="bbox 1765 1981 3316 2058; baseline 0.008 -25"><span class='ocrx_word' id='word_1_592' title='bbox 1765 1982 1829 2034; x_wconf 79' lang='lat' dir='ltr'><strong>Et</strong></span> <span class='ocrx_word' id='word_1_593' title='bbox 1858 1981 2044 2034; x_wconf 88' lang='lat' dir='ltr'><strong>iterum</strong></span> <span class='ocrx_word' id='word_1_594' title='bbox 2075 2000 2091 2036; x_wconf 91' lang='lat'><strong>:</strong></span> <span class='ocrx_word' id='word_1_595' title='bbox 2121 1984 2270 2038; x_wconf 85' lang='lat' dir='ltr'><strong>Nunc</strong></span> <span class='ocrx_word' id='word_1_596' title='bbox 2294 1986 2608 2042; x_wconf 76' lang='lat' dir='ltr'><strong>clariﬁcatus</strong></span> <span class='ocrx_word' id='word_1_597' title='bbox 2650 1998 2732 2042; x_wconf 82' lang='lat' dir='ltr'><strong>est</strong></span> <span class='ocrx_word' id='word_1_598' title='bbox 2776 1989 2938 2042; x_wconf 78' lang='lat' dir='ltr'><strong>Filius</strong></span> <span class='ocrx_word' id='word_1_599' title='bbox 2979 1991 3229 2058; x_wconf 84' lang='lat' dir='ltr'><strong>hominis,</strong></span> <span class='ocrx_word' id='word_1_600' title='bbox 3258 2007 3316 2046; x_wconf 86' lang='lat' dir='ltr'><strong>ct</strong></span> 
     </span>
    </p>
   </div>
   <div class='ocr_carea' id='block_1_80' title="bbox 1766 2073 3310 2152">
    <p class='ocr_par' dir='ltr' id='par_1_80' title="bbox 1766 2073 3310 2152">
     <span class='ocr_line' id='line_1_80' title="bbox 1766 2073 3310 2152; baseline 0.009 -29"><span class='ocrx_word' id='word_1_601' title='bbox 1766 2073 1904 2127; x_wconf 80' lang='lat' dir='ltr'><strong>Deus</strong></span> <span class='ocrx_word' id='word_1_602' title='bbox 1922 2074 2232 2129; x_wconf 84' lang='lat' dir='ltr'><strong>cIarilieatus</strong></span> <span class='ocrx_word' id='word_1_603' title='bbox 2255 2086 2337 2131; x_wconf 79' lang='lat' dir='ltr'><strong>est</strong></span> <span class='ocrx_word' id='word_1_604' title='bbox 2363 2079 2414 2131; x_wconf 91' lang='lat' dir='ltr'><strong>in</strong></span> <span class='ocrx_word' id='word_1_605' title='bbox 2445 2079 2534 2132; x_wconf 93' lang='lat' dir='ltr'><strong>illo</strong></span> <span class='ocrx_word' id='word_1_606' title='bbox 2553 2078 2727 2150; x_wconf 70' lang='lat' dir='ltr'><strong>(Iona.</strong></span> <span class='ocrx_word' id='word_1_607' title='bbox 2753 2098 2869 2147; x_wconf 81' lang='lat' dir='ltr'><strong>xnt,</strong></span> <span class='ocrx_word' id='word_1_608' title='bbox 2892 2083 3004 2152; x_wconf 80' lang='lat'><strong>5|).</strong></span> <span class='ocrx_word' id='word_1_609' title='bbox 3030 2084 3093 2136; x_wconf 83' lang='lat' dir='ltr'><strong>Et</strong></span> <span class='ocrx_word' id='word_1_610' title='bbox 3121 2084 3310 2137; x_wconf 84' lang='lat' dir='ltr'><strong>Isaias:</strong></span> 
     </span>
    </p>
   </div>
   <div class='ocr_carea' id='block_1_81' title="bbox 1767 2162 3314 2238">
    <p class='ocr_par' dir='ltr' id='par_1_81' title="bbox 1767 2162 3314 2238">
     <span class='ocr_line' id='line_1_81' title="bbox 1767 2162 3314 2238; baseline 0.009 -24"><span class='ocrx_word' id='word_1_611' title='bbox 1767 2162 2092 2217; x_wconf 80' lang='lat' dir='ltr'><strong>Exaltabitur</strong></span> <span class='ocrx_word' id='word_1_612' title='bbox 2114 2165 2366 2220; x_wconf 84' lang='lat' dir='ltr'><strong>Dominus</strong></span> <span class='ocrx_word' id='word_1_613' title='bbox 2389 2168 2618 2222; x_wconf 87' lang='lat' dir='ltr'><strong>Sabaoth</strong></span> <span class='ocrx_word' id='word_1_614' title='bbox 2648 2171 2701 2222; x_wconf 90' lang='lat' dir='ltr'><strong>in</strong></span> <span class='ocrx_word' id='word_1_615' title='bbox 2725 2170 2942 2238; x_wconf 86' lang='lat' dir='ltr'><strong>judicio,</strong></span> <span class='ocrx_word' id='word_1_616' title='bbox 2970 2184 3024 2226; x_wconf 90' lang='lat' dir='ltr'><strong>ct</strong></span> <span class='ocrx_word' id='word_1_617' title='bbox 3063 2174 3314 2228; x_wconf 76' lang='lat' dir='ltr'><strong>Dominus</strong></span> 
     </span>
    </p>
   </div>
   <div class='ocr_carea' id='block_1_82' title="bbox 1763 2257 3315 2331">
    <p class='ocr_par' dir='ltr' id='par_1_82' title="bbox 1763 2257 3315 2331">
     <span class='ocr_line' id='line_1_82' title="bbox 1763 2257 3315 2331; baseline 0.008 -26"><span class='ocrx_word' id='word_1_618' title='bbox 1763 2261 1979 2306; x_wconf 88' lang='lat' dir='ltr'><strong>sanctus</strong></span> <span class='ocrx_word' id='word_1_619' title='bbox 2016 2257 2383 2310; x_wconf 70' lang='lat' dir='ltr'><strong>ctarilicabitur</strong></span> <span class='ocrx_word' id='word_1_620' title='bbox 2430 2258 2483 2311; x_wconf 91' lang='lat' dir='ltr'><strong>in</strong></span> <span class='ocrx_word' id='word_1_621' title='bbox 2527 2259 2620 2313; x_wconf 82' lang='lat' dir='ltr'><strong>illo</strong></span> <span class='ocrx_word' id='word_1_622' title='bbox 2668 2259 2818 2329; x_wconf 79' lang='lat' dir='ltr'><strong>(lsui.</strong></span> <span class='ocrx_word' id='word_1_623' title='bbox 2852 2279 2902 2324; x_wconf 74' lang='grc' dir='ltr'><strong>ν,</strong></span> <span class='ocrx_word' id='word_1_624' title='bbox 2937 2263 3048 2331; x_wconf 79' lang='grc'><strong>16).</strong></span> <span class='ocrx_word' id='word_1_625' title='bbox 3075 2267 3315 2331; x_wconf 77' lang='lat' dir='ltr'><strong>Agnoscc</strong></span> 
     </span>
    </p>
   </div>
   <div class='ocr_carea' id='block_1_83' title="bbox 1765 2348 3314 2421">
    <p class='ocr_par' dir='ltr' id='par_1_83' title="bbox 1765 2348 3314 2421">
     <span class='ocr_line' id='line_1_83' title="bbox 1765 2348 3314 2421; baseline 0.007 -22"><span class='ocrx_word' id='word_1_626' title='bbox 1765 2348 1998 2411; x_wconf 81' lang='lat' dir='ltr'><strong>tandem,</strong></span> <span class='ocrx_word' id='word_1_627' title='bbox 2027 2350 2244 2415; x_wconf 83' lang='lat' dir='ltr'><strong>perﬁde,</strong></span> <span class='ocrx_word' id='word_1_628' title='bbox 2273 2354 2518 2419; x_wconf 69' lang='lat' dir='ltr'><strong>q-toniam</strong></span> <span class='ocrx_word' id='word_1_629' title='bbox 2542 2353 2594 2404; x_wconf 92' lang='lat' dir='ltr'><strong>in</strong></span> <span class='ocrx_word' id='word_1_630' title='bbox 2635 2355 2821 2421; x_wconf 86' lang='lat' dir='ltr'><strong>quibus</strong></span> <span class='ocrx_word' id='word_1_631' title='bbox 2846 2373 2944 2408; x_wconf 88' lang='lat' dir='ltr'><strong>una</strong></span> <span class='ocrx_word' id='word_1_632' title='bbox 2990 2366 3072 2410; x_wconf 49' lang='lat' dir='ltr'><strong>est</strong></span> <span class='ocrx_word' id='word_1_633' title='bbox 3117 2358 3314 2410; x_wconf 74' lang='lat' dir='ltr'><strong>clariﬁ-</strong></span> 
     </span>
    </p>
   </div>
   <div class='ocr_carea' id='block_1_84' title="bbox 1764 2441 3157 2514">
    <p class='ocr_par' dir='ltr' id='par_1_84' title="bbox 1764 2441 3157 2514">
     <span class='ocr_line' id='line_1_84' title="bbox 1764 2441 3157 2514; baseline 0.008 -23"><span class='ocrx_word' id='word_1_634' title='bbox 1764 2442 1902 2491; x_wconf 88' lang='lat' dir='ltr'><strong>catio</strong></span> <span class='ocrx_word' id='word_1_635' title='bbox 1927 2441 2149 2505; x_wconf 71' lang='lat' dir='ltr'><strong>virtutis,</strong></span> <span class='ocrx_word' id='word_1_636' title='bbox 2182 2442 2322 2494; x_wconf 88' lang='lat' dir='ltr'><strong>nulla</strong></span> <span class='ocrx_word' id='word_1_637' title='bbox 2353 2443 2570 2496; x_wconf 80' lang='lat' dir='ltr'><strong>interest</strong></span> <span class='ocrx_word' id='word_1_638' title='bbox 2594 2444 2841 2498; x_wconf 87' lang='lat' dir='ltr'><strong>discretio</strong></span> <span class='ocrx_word' id='word_1_639' title='bbox 2867 2450 3157 2514; x_wconf 87' lang='lat' dir='ltr'><strong>potestatis.</strong></span> 
     </span>
    </p>
   </div>
   <div class='ocr_carea' id='block_1_85' title="bbox 2312 2530 2758 2585">
    <p class='ocr_par' dir='ltr' id='par_1_85' title="bbox 2312 2530 2758 2585">
     <span class='ocr_line' id='line_1_85' title="bbox 2312 2530 2758 2585; baseline 0.002 -1"><span class='ocrx_word' id='word_1_640' title='bbox 2312 2530 2535 2584; x_wconf 83' lang='lat' dir='ltr'><strong>CAPUT</strong></span> <span class='ocrx_word' id='word_1_641' title='bbox 2574 2531 2758 2585; x_wconf 76' lang='lat' dir='ltr'><strong>XVIII.</strong></span> 
     </span>
    </p>
   </div>
   <div class='ocr_carea' id='block_1_86' title="bbox 1839 2607 3243 2691">
    <p class='ocr_par' dir='ltr' id='par_1_86' title="bbox 1839 2607 3243 2691">
     <span class='ocr_line' id='line_1_86' title="bbox 1839 2607 3243 2691; baseline 0.009 -20"><span class='ocrx_word' id='word_1_642' title='bbox 1839 2619 1938 2671; x_wconf 80' lang='lat' dir='ltr'><strong>Ubi</strong></span> <span class='ocrx_word' id='word_1_643' title='bbox 1976 2621 2151 2673; x_wconf 74' lang='lat' dir='ltr'><strong>dicunt</strong></span> <span class='ocrx_word' id='word_1_644' title='bbox 2195 2622 2394 2690; x_wconf 78' lang='lat' dir='ltr'><strong>proprie</strong></span> <span class='ocrx_word' id='word_1_645' title='bbox 2434 2621 2625 2674; x_wconf 77' lang='lat' dir='ltr'><strong>Filium</strong></span> <span class='ocrx_word' id='word_1_646' title='bbox 2666 2607 2780 2675; x_wconf 73' lang='grc' dir='ltr'>τιοηί</span> <span class='ocrx_word' id='word_1_647' title='bbox 2811 2626 2991 2679; x_wconf 66' lang='lat' dir='ltr'><strong>vidisse</strong></span> <span class='ocrx_word' id='word_1_648' title='bbox 3019 2627 3243 2691; x_wconf 58' lang='lat' dir='ltr'><strong>Patren.</strong></span> 
     </span>
    </p>
   </div>
   <div class='ocr_carea' id='block_1_87' title="bbox 1835 2711 3316 2786">
    <p class='ocr_par' dir='ltr' id='par_1_87' title="bbox 1835 2711 3316 2786">
     <span class='ocr_line' id='line_1_87' title="bbox 1835 2711 3316 2786; baseline 0.006 -22"><span class='ocrx_word' id='word_1_649' title='bbox 1835 2711 1890 2764; x_wconf 92' lang='lat' dir='ltr'><strong>Si</strong></span> <span class='ocrx_word' id='word_1_650' title='bbox 1916 2718 2091 2764; x_wconf 82' lang='lat' dir='ltr'><strong>autem</strong></span> <span class='ocrx_word' id='word_1_651' title='bbox 2119 2711 2348 2764; x_wconf 76' lang='lat' dir='ltr'><strong>dixerint</strong></span> <span class='ocrx_word' id='word_1_652' title='bbox 2389 2713 2527 2780; x_wconf 88' lang='lat' dir='ltr'><strong>quod</strong></span> <span class='ocrx_word' id='word_1_653' title='bbox 2553 2712 2715 2766; x_wconf 70' lang='lat' dir='ltr'><strong>Filius</strong></span> <span class='ocrx_word' id='word_1_654' title='bbox 2760 2729 2862 2766; x_wconf 92' lang='lat' dir='ltr'><strong>non</strong></span> <span class='ocrx_word' id='word_1_655' title='bbox 2896 2727 3064 2783; x_wconf 75' lang='lat' dir='ltr'><strong>porest</strong></span> <span class='ocrx_word' id='word_1_656' title='bbox 3107 2722 3316 2786; x_wconf 81' lang='lat' dir='ltr'><strong>propiie</strong></span> 
     </span>
    </p>
   </div>
   <div class='ocr_carea' id='block_1_88' title="bbox 1765 2801 3315 2872">
    <p class='ocr_par' dir='ltr' id='par_1_88' title="bbox 1765 2801 3315 2872">
     <span class='ocr_line' id='line_1_88' title="bbox 1765 2801 3315 2872; baseline 0.009 -20"><span class='ocrx_word' id='word_1_657' title='bbox 1765 2801 1940 2855; x_wconf 78' lang='lat' dir='ltr'><strong>videre</strong></span> <span class='ocrx_word' id='word_1_658' title='bbox 1964 2803 2187 2870; x_wconf 79' lang='lat' dir='ltr'><strong>Patrem,</strong></span> <span class='ocrx_word' id='word_1_659' title='bbox 2218 2805 2337 2871; x_wconf 88' lang='lat' dir='ltr'><strong>quia</strong></span> <span class='ocrx_word' id='word_1_660' title='bbox 2378 2805 2624 2872; x_wconf 88' lang='lat' dir='ltr'><strong>scriptum</strong></span> <span class='ocrx_word' id='word_1_661' title='bbox 2651 2814 2732 2858; x_wconf 90' lang='lat' dir='ltr'><strong>est</strong></span> <span class='ocrx_word' id='word_1_662' title='bbox 2761 2823 2773 2857; x_wconf 96' lang='lat'>:</span> <span class='ocrx_word' id='word_1_663' title='bbox 2807 2807 2970 2860; x_wconf 85' lang='lat' dir='ltr'><strong>Deum</strong></span> <span class='ocrx_word' id='word_1_664' title='bbox 3006 2824 3161 2863; x_wconf 90' lang='lat' dir='ltr'><strong>nemo</strong></span> <span class='ocrx_word' id='word_1_665' title='bbox 3185 2827 3217 2864; x_wconf 74' lang='grc' dir='ltr'>ν</span> <span class='ocrx_word' id='word_1_666' title='bbox 3237 2813 3270 2865; x_wconf 89' lang='lat' dir='ltr'><strong>d</strong></span> <span class='ocrx_word' id='word_1_667' title='bbox 3292 2822 3315 2866; x_wconf 85' lang='grc' dir='ltr'><strong>ι</strong></span> 
     </span>
    </p>
   </div>
   <div class='ocr_carea' id='block_1_89' title="bbox 1767 2891 2411 2962">
    <p class='ocr_par' dir='ltr' id='par_1_89' title="bbox 1767 2891 2411 2962">
     <span class='ocr_line' id='line_1_89' title="bbox 1767 2891 2411 2962; baseline 0.005 -20"><span class='ocrx_word' id='word_1_668' title='bbox 1767 2908 1993 2959; x_wconf 91' lang='lat' dir='ltr'><strong>unquam</strong></span> <span class='ocrx_word' id='word_1_669' title='bbox 2017 2891 2194 2960; x_wconf 82' lang='lat' dir='ltr'><strong>(Joau.</strong></span> <span class='ocrx_word' id='word_1_670' title='bbox 2228 2908 2266 2957; x_wconf 83' lang='grc' dir='ltr'>ι,</span> <span class='ocrx_word' id='word_1_671' title='bbox 2301 2893 2411 2962; x_wconf 75' lang='grc'><strong>18).</strong></span> 
     </span>
    </p>
   </div>
   <div class='ocr_carea' id='block_1_90' title="bbox 1839 2981 3313 3057">
    <p class='ocr_par' dir='ltr' id='par_1_90' title="bbox 1839 2981 3313 3057">
     <span class='ocr_line' id='line_1_90' title="bbox 1839 2981 3313 3057; baseline 0.008 -25"><span class='ocrx_word' id='word_1_672' title='bbox 1839 2981 2132 3046; x_wconf 74' lang='lat' dir='ltr'><strong>Responsio.</strong></span> <span class='ocrx_word' id='word_1_673' title='bbox 2162 2981 2309 3034; x_wconf 81' lang='lat' dir='ltr'><strong>Nunc</strong></span> <span class='ocrx_word' id='word_1_674' title='bbox 2354 2983 2509 3049; x_wconf 82' lang='lat' dir='ltr'><strong>igitur</strong></span> <span class='ocrx_word' id='word_1_675' title='bbox 2551 2983 2617 3035; x_wconf 86' lang='lat' dir='ltr'><strong>ad</strong></span> <span class='ocrx_word' id='word_1_676' title='bbox 2653 2983 2814 3051; x_wconf 87' lang='lat' dir='ltr'><strong>ipsius</strong></span> <span class='ocrx_word' id='word_1_677' title='bbox 2863 2985 3016 3040; x_wconf 76' lang='lat' dir='ltr'><strong>inlitis</strong></span> <span class='ocrx_word' id='word_1_678' title='bbox 3056 2989 3313 3057; x_wconf 77' lang='lat' dir='ltr'><strong>originem</strong></span> 
     </span>
    </p>
   </div>
   <div class='ocr_carea' id='block_1_91' title="bbox 1690 3057 3315 3144">
    <p class='ocr_par' dir='ltr' id='par_1_91' title="bbox 1690 3057 3315 3144">
     <span class='ocr_line' id='line_1_91' title="bbox 1690 3057 3315 3144; baseline 0.012 -27"><span class='ocrx_word' id='word_1_679' title='bbox 1690 3057 1734 3116; x_wconf 88' lang='lat' dir='ltr'><strong>C</strong></span> <span class='ocrx_word' id='word_1_680' title='bbox 1767 3069 2082 3134; x_wconf 82' lang='lat' dir='ltr'><strong>redeamus,</strong></span> <span class='ocrx_word' id='word_1_681' title='bbox 2123 3075 2186 3124; x_wconf 76' lang='lat' dir='ltr'><strong>ei</strong></span> <span class='ocrx_word' id='word_1_682' title='bbox 2231 3086 2335 3140; x_wconf 79' lang='lat' dir='ltr'><strong>quo</strong></span> <span class='ocrx_word' id='word_1_683' title='bbox 2389 3071 2576 3125; x_wconf 81' lang='lat' dir='ltr'><strong>Filium</strong></span> <span class='ocrx_word' id='word_1_684' title='bbox 2627 3062 2834 3125; x_wconf 81' lang='lat' dir='ltr'><strong>Patrem</strong></span> <span class='ocrx_word' id='word_1_685' title='bbox 2882 3090 3092 3144; x_wconf 82' lang='lat' dir='ltr'><strong>semper</strong></span> <span class='ocrx_word' id='word_1_686' title='bbox 3134 3081 3315 3135; x_wconf 77' lang='lat' dir='ltr'><strong>videre</strong></span> 
     </span>
    </p>
   </div>
   <div class='ocr_carea' id='block_1_92' title="bbox 1766 3161 3315 3228">
    <p class='ocr_par' dir='ltr' id='par_1_92' title="bbox 1766 3161 3315 3228">
     <span class='ocr_line' id='line_1_92' title="bbox 1766 3161 3315 3228; baseline 0.009 -18"><span class='ocrx_word' id='word_1_687' title='bbox 1766 3161 2036 3226; x_wconf 77' lang='lat' dir='ltr'><strong>potuise,</strong></span> <span class='ocrx_word' id='word_1_688' title='bbox 2088 3162 2167 3214; x_wconf 68' lang='lat' dir='ltr'><strong>vel</strong></span> <span class='ocrx_word' id='word_1_689' title='bbox 2222 3175 2376 3228; x_wconf 79' lang='lat' dir='ltr'><strong>posse</strong></span> <span class='ocrx_word' id='word_1_690' title='bbox 2435 3161 2843 3216; x_wconf 70' lang='lat' dir='ltr'><strong>evidentioribus</strong></span> <span class='ocrx_word' id='word_1_691' title='bbox 2897 3167 3206 3222; x_wconf 76' lang='lat' dir='ltr'><strong>testimoniis</strong></span> <span class='ocrx_word' id='word_1_692' title='bbox 3247 3171 3315 3224; x_wconf 81' lang='lat' dir='ltr'><strong>do</strong></span> 
     </span>
    </p>
   </div>
   <div class='ocr_carea' id='block_1_93' title="bbox 1746 3248 3314 3338">
    <p class='ocr_par' dir='ltr' id='par_1_93' title="bbox 1746 3248 3314 3338">
     <span class='ocr_line' id='line_1_93' title="bbox 1746 3248 3314 3338; baseline 0.01 -41"><span class='ocrx_word' id='word_1_693' title='bbox 1746 3248 1970 3323; x_wconf 77' lang='lat' dir='ltr'><strong>.Veteris</strong></span> <span class='ocrx_word' id='word_1_694' title='bbox 2015 3259 2069 3302; x_wconf 91' lang='lat' dir='ltr'><strong>ct</strong></span> <span class='ocrx_word' id='word_1_695' title='bbox 2100 3249 2228 3302; x_wconf 72' lang='lat' dir='ltr'><strong>Novi</strong></span> <span class='ocrx_word' id='word_1_696' title='bbox 2262 3250 2597 3304; x_wconf 89' lang='lat' dir='ltr'><strong>Iustrumenti</strong></span> <span class='ocrx_word' id='word_1_697' title='bbox 2626 3251 2813 3306; x_wconf 88' lang='lat' dir='ltr'><strong>litteris</strong></span> <span class='ocrx_word' id='word_1_698' title='bbox 2836 3253 3141 3322; x_wconf 80' lang='lat' dir='ltr'><strong>doceamus,</strong></span> <span class='ocrx_word' id='word_1_699' title='bbox 3162 3259 3314 3338; x_wconf 66' lang='lat' dir='ltr'><strong>Salo-</strong></span> 
     </span>
    </p>
   </div>
   <div class='ocr_carea' id='block_1_94' title="bbox 1764 3319 3308 3415">
    <p class='ocr_par' dir='ltr' id='par_1_94' title="bbox 1764 3319 3308 3415">
     <span class='ocr_line' id='line_1_94' title="bbox 1764 3319 3308 3415; baseline 0.008 -27"><span class='ocrx_word' id='word_1_700' title='bbox 1764 3351 1919 3392; x_wconf 90' lang='lat' dir='ltr'><strong>mone</strong></span> <span class='ocrx_word' id='word_1_701' title='bbox 1935 3319 2155 3392; x_wconf 75' lang='lat' dir='ltr'><strong>dicente</strong></span> <span class='ocrx_word' id='word_1_702' title='bbox 2191 3357 2203 3389; x_wconf 93' lang='lat'>:</span> <span class='ocrx_word' id='word_1_703' title='bbox 2236 3339 2299 3392; x_wconf 83' lang='lat' dir='ltr'><strong>Et</strong></span> <span class='ocrx_word' id='word_1_704' title='bbox 2324 3348 2494 3394; x_wconf 86' lang='lat' dir='ltr'><strong>tecum</strong></span> <span class='ocrx_word' id='word_1_705' title='bbox 2521 3340 2796 3407; x_wconf 85' lang='lat' dir='ltr'><strong>sapientia,</strong></span> <span class='ocrx_word' id='word_1_706' title='bbox 2826 3357 2943 3408; x_wconf 78' lang='lat' dir='ltr'><strong>qua:</strong></span> <span class='ocrx_word' id='word_1_707' title='bbox 2980 3319 3308 3415; x_wconf 26' lang='lat' dir='ltr'><strong>novitvopera</strong></span> 
     </span>
    </p>
   </div>
   <div class='ocr_carea' id='block_1_95' title="bbox 1766 3428 3312 3500">
    <p class='ocr_par' dir='ltr' id='par_1_95' title="bbox 1766 3428 3312 3500">
     <span class='ocr_line' id='line_1_95' title="bbox 1766 3428 3312 3500; baseline 0.008 -23"><span class='ocrx_word' id='word_1_708' title='bbox 1766 3435 1873 3491; x_wconf 87' lang='lat' dir='ltr'><strong>tua,</strong></span> <span class='ocrx_word' id='word_1_709' title='bbox 1911 3443 2027 3494; x_wconf 78' lang='lat' dir='ltr'><strong>qua:</strong></span> <span class='ocrx_word' id='word_1_710' title='bbox 2054 3428 2217 3480; x_wconf 80' lang='lat' dir='ltr'><strong>adluit</strong></span> <span class='ocrx_word' id='word_1_711' title='bbox 2239 3428 2351 3490; x_wconf 88' lang='lat' dir='ltr'><strong>tibi,</strong></span> <span class='ocrx_word' id='word_1_712' title='bbox 2378 3444 2496 3481; x_wconf 87' lang='lat' dir='ltr'><strong>eum</strong></span> <span class='ocrx_word' id='word_1_713' title='bbox 2520 3429 2719 3482; x_wconf 80' lang='lat' dir='ltr'><strong>faceres</strong></span> <span class='ocrx_word' id='word_1_714' title='bbox 2745 3431 2924 3483; x_wconf 82' lang='lat' dir='ltr'><strong>orbem</strong></span> <span class='ocrx_word' id='word_1_715' title='bbox 2954 3443 3232 3500; x_wconf 87' lang='lat' dir='ltr'><strong>terrarum,</strong></span> <span class='ocrx_word' id='word_1_716' title='bbox 3255 3445 3312 3496; x_wconf 85' lang='lat' dir='ltr'><strong>et</strong></span> 
     </span>
    </p>
   </div>
   <div class='ocr_carea' id='block_1_96' title="bbox 1765 3515 3312 3592">
    <p class='ocr_par' dir='ltr' id='par_1_96' title="bbox 1765 3515 3312 3592">
     <span class='ocr_line' id='line_1_96' title="bbox 1765 3515 3312 3592; baseline 0.009 -26"><span class='ocrx_word' id='word_1_717' title='bbox 1765 3515 1873 3582; x_wconf 87' lang='lat' dir='ltr'><strong>ipsa</strong></span> <span class='ocrx_word' id='word_1_718' title='bbox 1898 3518 2041 3568; x_wconf 81' lang='lat' dir='ltr'><strong>novit</strong></span> <span class='ocrx_word' id='word_1_719' title='bbox 2064 3515 2187 3583; x_wconf 82' lang='lat' dir='ltr'><strong>quid</strong></span> <span class='ocrx_word' id='word_1_720' title='bbox 2209 3515 2276 3568; x_wconf 81' lang='lat' dir='ltr'><strong>sit</strong></span> <span class='ocrx_word' id='word_1_721' title='bbox 2302 3516 2546 3583; x_wconf 86' lang='lat' dir='ltr'><strong>placitum</strong></span> <span class='ocrx_word' id='word_1_722' title='bbox 2567 3517 2734 3570; x_wconf 83' lang='lat' dir='ltr'><strong>oculis</strong></span> <span class='ocrx_word' id='word_1_723' title='bbox 2755 3520 3026 3588; x_wconf 82' lang='lat' dir='ltr'><strong>tuis(Sap.</strong></span> <span class='ocrx_word' id='word_1_724' title='bbox 3049 3538 3127 3587; x_wconf 78' lang='lat' dir='ltr'><strong>Ix,</strong></span> <span class='ocrx_word' id='word_1_725' title='bbox 3149 3525 3224 3592; x_wconf 84' lang='lat'><strong>9).</strong></span> <span class='ocrx_word' id='word_1_726' title='bbox 3243 3527 3312 3579; x_wconf 78' lang='lat' dir='ltr'><strong>Et</strong></span> 
     </span>
    </p>
   </div>
   <div class='ocr_carea' id='block_1_97' title="bbox 1765 3606 3304 3681">
    <p class='ocr_par' dir='ltr' id='par_1_97' title="bbox 1765 3606 3304 3681">
     <span class='ocr_line' id='line_1_97' title="bbox 1765 3606 3304 3681; baseline 0.008 -22"><span class='ocrx_word' id='word_1_727' title='bbox 1765 3606 2079 3659; x_wconf 88' lang='lat' dir='ltr'><strong>Dominusin</strong></span> <span class='ocrx_word' id='word_1_728' title='bbox 2095 3606 2584 3674; x_wconf 74' lang='lat' dir='ltr'><strong>Ex&#39;angeliozNemo</strong></span> <span class='ocrx_word' id='word_1_729' title='bbox 2612 3610 2758 3661; x_wconf 71' lang='lat' dir='ltr'><strong>novit</strong></span> <span class='ocrx_word' id='word_1_730' title='bbox 2780 3610 2990 3676; x_wconf 82' lang='lat' dir='ltr'><strong>Filium,</strong></span> <span class='ocrx_word' id='word_1_731' title='bbox 3018 3616 3117 3667; x_wconf 89' lang='lat' dir='ltr'><strong>nisi</strong></span> <span class='ocrx_word' id='word_1_732' title='bbox 3131 3615 3304 3681; x_wconf 82' lang='lat' dir='ltr'><strong>Pater,</strong></span> 
     </span>
    </p>
   </div>
   <div class='ocr_carea' id='block_1_98' title="bbox 1764 3695 3307 3766">
    <p class='ocr_par' dir='ltr' id='par_1_98' title="bbox 1764 3695 3307 3766">
     <span class='ocr_line' id='line_1_98' title="bbox 1764 3695 3307 3766; baseline 0.006 -20"><span class='ocrx_word' id='word_1_733' title='bbox 1764 3709 1934 3761; x_wconf 84' lang='lat' dir='ltr'><strong>neque</strong></span> <span class='ocrx_word' id='word_1_734' title='bbox 1956 3695 2160 3747; x_wconf 82' lang='lat' dir='ltr'><strong>Patrem</strong></span> <span class='ocrx_word' id='word_1_735' title='bbox 2181 3696 2300 3760; x_wconf 91' lang='lat' dir='ltr'><strong>quis</strong></span> <span class='ocrx_word' id='word_1_736' title='bbox 2329 3697 2490 3760; x_wconf 74' lang='lat' dir='ltr'><strong>norit,</strong></span> <span class='ocrx_word' id='word_1_737' title='bbox 2518 3698 2617 3750; x_wconf 92' lang='lat' dir='ltr'><strong>isi</strong></span> <span class='ocrx_word' id='word_1_738' title='bbox 2641 3698 2800 3766; x_wconf 79' lang='lat'><strong>379</strong></span> <span class='ocrx_word' id='word_1_739' title='bbox 2823 3700 3003 3765; x_wconf 79' lang='lat' dir='ltr'><strong>Filius,</strong></span> <span class='ocrx_word' id='word_1_740' title='bbox 3032 3713 3086 3761; x_wconf 81' lang='lat' dir='ltr'><strong>et</strong></span> <span class='ocrx_word' id='word_1_741' title='bbox 3107 3707 3190 3758; x_wconf 90' lang='lat' dir='ltr'><strong>cui</strong></span> <span class='ocrx_word' id='word_1_742' title='bbox 3221 3721 3307 3760; x_wconf 77' lang='lat' dir='ltr'><strong>vo-</strong></span> 
     </span>
    </p>
   </div>
   <div class='ocr_carea' id='block_1_99' title="bbox 1763 3782 3307 3854">
    <p class='ocr_par' dir='ltr' id='par_1_99' title="bbox 1763 3782 3307 3854">
     <span class='ocr_line' id='line_1_99' title="bbox 1763 3782 3307 3854; baseline 0.01 -19"><span class='ocrx_word' id='word_1_743' title='bbox 1763 3784 1918 3836; x_wconf 87' lang='lat' dir='ltr'><strong>luerit</strong></span> <span class='ocrx_word' id='word_1_744' title='bbox 1944 3782 2103 3835; x_wconf 83' lang='lat' dir='ltr'><strong>Filius</strong></span> <span class='ocrx_word' id='word_1_745' title='bbox 2143 3784 2376 3837; x_wconf 68' lang='lat' dir='ltr'><strong>revelare</strong></span> <span class='ocrx_word' id='word_1_746' title='bbox 2408 3784 2554 3854; x_wconf 70' lang='lat' dir='ltr'><strong>(Lac.</strong></span> <span class='ocrx_word' id='word_1_747' title='bbox 2584 3802 2638 3851; x_wconf 73' lang='grc' dir='ltr'><strong>ι,</strong></span> <span class='ocrx_word' id='word_1_748' title='bbox 2688 3789 2798 3854; x_wconf 70' lang='lat'><strong>2‘2).</strong></span> <span class='ocrx_word' id='word_1_749' title='bbox 2833 3791 2894 3841; x_wconf 78' lang='lat' dir='ltr'><strong>Et</strong></span> <span class='ocrx_word' id='word_1_750' title='bbox 2941 3791 3065 3844; x_wconf 86' lang='lat' dir='ltr'><strong>item</strong></span> <span class='ocrx_word' id='word_1_751' title='bbox 3098 3810 3111 3843; x_wconf 91' lang='lat'>:</span> <span class='ocrx_word' id='word_1_752' title='bbox 3139 3793 3307 3850; x_wconf 65' lang='lat' dir='ltr'><strong>Deuzn</strong></span> 
     </span>
    </p>
   </div>
   <div class='ocr_carea' id='block_1_100' title="bbox 1762 3873 3306 3945">
    <p class='ocr_par' dir='ltr' id='par_1_100' title="bbox 1762 3873 3306 3945">
     <span class='ocr_line' id='line_1_100' title="bbox 1762 3873 3306 3945; baseline 0.009 -22"><span class='ocrx_word' id='word_1_753' title='bbox 1762 3886 1918 3924; x_wconf 83' lang='lat' dir='ltr'><strong>nemo</strong></span> <span class='ocrx_word' id='word_1_754' title='bbox 1945 3873 2070 3924; x_wconf 72' lang='lat' dir='ltr'><strong>vidit</strong></span> <span class='ocrx_word' id='word_1_755' title='bbox 2113 3887 2362 3940; x_wconf 76' lang='lat' dir='ltr'><strong>unquam,</strong></span> <span class='ocrx_word' id='word_1_756' title='bbox 2396 3873 2495 3925; x_wconf 76' lang='lat' dir='ltr'><strong>nisi</strong></span> <span class='ocrx_word' id='word_1_757' title='bbox 2535 3875 2850 3942; x_wconf 61' lang='lat' dir='ltr'><strong>unigenitus,</strong></span> <span class='ocrx_word' id='word_1_758' title='bbox 2881 3879 2968 3945; x_wconf 86' lang='lat' dir='ltr'><strong>qui</strong></span> <span class='ocrx_word' id='word_1_759' title='bbox 2999 3890 3078 3933; x_wconf 86' lang='lat' dir='ltr'><strong>est</strong></span> <span class='ocrx_word' id='word_1_760' title='bbox 3105 3882 3158 3934; x_wconf 88' lang='lat' dir='ltr'><strong>in</strong></span> <span class='ocrx_word' id='word_1_761' title='bbox 3186 3888 3306 3938; x_wconf 75' lang='lat' dir='ltr'><strong>sinu</strong></span> 
     </span>
    </p>
   </div>
   <div class='ocr_carea' id='block_1_101' title="bbox 1763 3965 3304 4037">
    <p class='ocr_par' dir='ltr' id='par_1_101' title="bbox 1763 3965 3304 4037">
     <span class='ocr_line' id='line_1_101' title="bbox 1763 3965 3304 4037; baseline 0.01 -21"><span class='ocrx_word' id='word_1_762' title='bbox 1763 3965 1870 4016; x_wconf 83' lang='grc' dir='ltr'>Ρ.ιι-</span> <span class='ocrx_word' id='word_1_763' title='bbox 1889 3966 1952 4029; x_wconf 89' lang='lat' dir='ltr'><strong>is,</strong></span> <span class='ocrx_word' id='word_1_764' title='bbox 1987 3965 2098 4032; x_wconf 85' lang='lat' dir='ltr'><strong>ipse</strong></span> <span class='ocrx_word' id='word_1_765' title='bbox 2122 3966 2384 4018; x_wconf 77' lang='lat' dir='ltr'><strong>enarravit</strong></span> <span class='ocrx_word' id='word_1_766' title='bbox 2412 3965 2586 4033; x_wconf 82' lang='lat' dir='ltr'><strong>(Joan.</strong></span> <span class='ocrx_word' id='word_1_767' title='bbox 2618 3985 2655 4033; x_wconf 83' lang='lat' dir='ltr'><strong>i,</strong></span> <span class='ocrx_word' id='word_1_768' title='bbox 2682 3968 2786 4037; x_wconf 79' lang='grc'><strong>18).</strong></span> <span class='ocrx_word' id='word_1_769' title='bbox 2814 3970 2876 4022; x_wconf 78' lang='lat' dir='ltr'><strong>Et</strong></span> <span class='ocrx_word' id='word_1_770' title='bbox 2898 3973 3086 4029; x_wconf 87' lang='lat' dir='ltr'><strong>iterum</strong></span> <span class='ocrx_word' id='word_1_771' title='bbox 3108 3975 3304 4033; x_wconf 77' lang='lat' dir='ltr'><strong>Iuda-is</strong></span> 
     </span>
    </p>
   </div>
   <div class='ocr_carea' id='block_1_102' title="bbox 1761 4058 3302 4129">
    <p class='ocr_par' dir='ltr' id='par_1_102' title="bbox 1761 4058 3302 4129">
     <span class='ocr_line' id='line_1_102' title="bbox 1761 4058 3302 4129; baseline 0.012 -20"><span class='ocrx_word' id='word_1_772' title='bbox 1761 4059 1886 4111; x_wconf 87' lang='lat' dir='ltr'><strong>dicit</strong></span> <span class='ocrx_word' id='word_1_773' title='bbox 1917 4076 1930 4109; x_wconf 91' lang='lat'><strong>:</strong></span> <span class='ocrx_word' id='word_1_774' title='bbox 1961 4058 2061 4111; x_wconf 72' lang='lat' dir='ltr'><strong>Vos</strong></span> <span class='ocrx_word' id='word_1_775' title='bbox 2111 4074 2214 4111; x_wconf 93' lang='lat' dir='ltr'><strong>non</strong></span> <span class='ocrx_word' id='word_1_776' title='bbox 2263 4061 2428 4114; x_wconf 90' lang='lat' dir='ltr'><strong>nostis</strong></span> <span class='ocrx_word' id='word_1_777' title='bbox 2454 4075 2594 4124; x_wconf 89' lang='lat' dir='ltr'><strong>eum,</strong></span> <span class='ocrx_word' id='word_1_778' title='bbox 2625 4077 2722 4129; x_wconf 72' lang='lat' dir='ltr'><strong>ego</strong></span> <span class='ocrx_word' id='word_1_779' title='bbox 2766 4075 2953 4118; x_wconf 85' lang='lat' dir='ltr'><strong>autem.</strong></span> <span class='ocrx_word' id='word_1_780' title='bbox 2971 4069 3090 4122; x_wconf 78' lang='lat' dir='ltr'><strong>novi</strong></span> <span class='ocrx_word' id='word_1_781' title='bbox 3141 4086 3261 4126; x_wconf 87' lang='lat' dir='ltr'><strong>eum</strong></span> <span class='ocrx_word' id='word_1_782' title='bbox 3284 4091 3302 4127; x_wconf 87' lang='lat'><strong>:</strong></span> 
     </span>
    </p>
   </div>
   <div class='ocr_carea' id='block_1_103' title="bbox 1761 4154 3305 4222">
    <p class='ocr_par' dir='ltr' id='par_1_103' title="bbox 1761 4154 3305 4222">
     <span class='ocr_line' id='line_1_103' title="bbox 1761 4154 3305 4222; baseline 0.012 -20"><span class='ocrx_word' id='word_1_783' title='bbox 1761 4154 1896 4220; x_wconf 86' lang='lat' dir='ltr'><strong>quod</strong></span> <span class='ocrx_word' id='word_1_784' title='bbox 1922 4154 1967 4205; x_wconf 88' lang='lat' dir='ltr'><strong>si</strong></span> <span class='ocrx_word' id='word_1_785' title='bbox 2009 4154 2189 4206; x_wconf 87' lang='lat' dir='ltr'><strong>dixero</strong></span> <span class='ocrx_word' id='word_1_786' title='bbox 2215 4154 2332 4221; x_wconf 89' lang='lat' dir='ltr'><strong>quia</strong></span> <span class='ocrx_word' id='word_1_787' title='bbox 2364 4170 2465 4206; x_wconf 89' lang='lat' dir='ltr'><strong>non</strong></span> <span class='ocrx_word' id='word_1_788' title='bbox 2505 4157 2623 4209; x_wconf 74' lang='lat' dir='ltr'><strong>novi</strong></span> <span class='ocrx_word' id='word_1_789' title='bbox 2652 4172 2792 4220; x_wconf 89' lang='lat' dir='ltr'><strong>eum,</strong></span> <span class='ocrx_word' id='word_1_790' title='bbox 2823 4172 2917 4212; x_wconf 86' lang='lat' dir='ltr'><strong>ero</strong></span> <span class='ocrx_word' id='word_1_791' title='bbox 2941 4163 3128 4217; x_wconf 86' lang='lat' dir='ltr'><strong>similis</strong></span> <span class='ocrx_word' id='word_1_792' title='bbox 3153 4168 3305 4222; x_wconf 69' lang='lat' dir='ltr'><strong>vobis</strong></span> 
     </span>
    </p>
   </div>
   <div class='ocr_carea' id='block_1_104' title="bbox 1763 4238 3385 4329">
    <p class='ocr_par' dir='ltr' id='par_1_104' title="bbox 1763 4238 3385 4329">
     <span class='ocr_line' id='line_1_104' title="bbox 1763 4238 3385 4329; baseline 0.01 -34"><span class='ocrx_word' id='word_1_793' title='bbox 1763 4245 1981 4297; x_wconf 81' lang='lat' dir='ltr'><strong>mendax</strong></span> <span class='ocrx_word' id='word_1_794' title='bbox 2014 4243 2190 4329; x_wconf 57' lang='lat' dir='ltr'><strong>(lenii.</strong></span> <span class='ocrx_word' id='word_1_795' title='bbox 2241 4259 2352 4308; x_wconf 77' lang='lat' dir='ltr'><strong>vsn,</strong></span> <span class='ocrx_word' id='word_1_796' title='bbox 2385 4244 2492 4314; x_wconf 74' lang='grc'><strong>55).</strong></span> <span class='ocrx_word' id='word_1_797' title='bbox 2529 4247 2653 4299; x_wconf 83' lang='grc' dir='ltr'>Ιιεηι</span> <span class='ocrx_word' id='word_1_798' title='bbox 2703 4250 2770 4300; x_wconf 87' lang='lat' dir='ltr'><strong>ibi</strong></span> <span class='ocrx_word' id='word_1_799' title='bbox 2803 4265 2816 4298; x_wconf 75' lang='grc' dir='ltr'><strong>ι</strong></span> <span class='ocrx_word' id='word_1_800' title='bbox 2846 4252 2943 4314; x_wconf 80' lang='lat' dir='ltr'><strong>Qui</strong></span> <span class='ocrx_word' id='word_1_801' title='bbox 2973 4268 3036 4307; x_wconf 80' lang='lat' dir='ltr'><strong>ex</strong></span> <span class='ocrx_word' id='word_1_802' title='bbox 3069 4255 3176 4309; x_wconf 87' lang='lat' dir='ltr'><strong>Deo</strong></span> <span class='ocrx_word' id='word_1_803' title='bbox 3196 4268 3299 4323; x_wconf 83' lang='lat' dir='ltr'><strong>est,</strong></span> <span class='ocrx_word' id='word_1_804' title='bbox 3376 4238 3385 4244; x_wconf 26' lang='lat'><strong>‘</strong></span> 
     </span>
    </p>
   </div>
   <div class='ocr_carea' id='block_1_105' title="bbox 1761 4337 3301 4415">
    <p class='ocr_par' dir='ltr' id='par_1_105' title="bbox 1761 4337 3301 4415">
     <span class='ocr_line' id='line_1_105' title="bbox 1761 4337 3301 4415; baseline 0.009 -25"><span class='ocrx_word' id='word_1_805' title='bbox 1761 4340 1846 4392; x_wconf 90' lang='lat' dir='ltr'><strong>hic</strong></span> <span class='ocrx_word' id='word_1_806' title='bbox 1872 4339 2013 4392; x_wconf 67' lang='lat' dir='ltr'><strong>nni-it</strong></span> <span class='ocrx_word' id='word_1_807' title='bbox 2041 4353 2159 4391; x_wconf 87' lang='lat' dir='ltr'><strong>eum</strong></span> <span class='ocrx_word' id='word_1_808' title='bbox 2186 4337 2345 4404; x_wconf 80' lang='lat' dir='ltr'><strong>(Ibid.</strong></span> <span class='ocrx_word' id='word_1_809' title='bbox 2376 4340 2482 4408; x_wconf 66' lang='grc' dir='ltr'><strong>ιτ).</strong></span> <span class='ocrx_word' id='word_1_810' title='bbox 2512 4342 2571 4392; x_wconf 82' lang='grc' dir='ltr'>Ει</span> <span class='ocrx_word' id='word_1_811' title='bbox 2597 4342 2786 4394; x_wconf 83' lang='lat' dir='ltr'><strong>iterum</strong></span> <span class='ocrx_word' id='word_1_812' title='bbox 2818 4359 2832 4394; x_wconf 89' lang='lat'><strong>:</strong></span> <span class='ocrx_word' id='word_1_813' title='bbox 2864 4345 2973 4413; x_wconf 82' lang='lat' dir='ltr'><strong>Ego</strong></span> <span class='ocrx_word' id='word_1_814' title='bbox 3018 4350 3136 4402; x_wconf 71' lang='lat' dir='ltr'><strong>novi</strong></span> <span class='ocrx_word' id='word_1_815' title='bbox 3157 4366 3301 4415; x_wconf 87' lang='lat' dir='ltr'><strong>eum,</strong></span> 
     </span>
    </p>
   </div>
   <div class='ocr_carea' id='block_1_106' title="bbox 1757 4434 3296 4514">
    <p class='ocr_par' dir='ltr' id='par_1_106' title="bbox 1757 4434 3296 4514">
     <span class='ocr_line' id='line_1_106' title="bbox 1757 4434 3296 4514; baseline 0.012 -31"><span class='ocrx_word' id='word_1_816' title='bbox 1757 4435 1876 4504; x_wconf 82' lang='lat' dir='ltr'><strong>quia</strong></span> <span class='ocrx_word' id='word_1_817' title='bbox 1925 4436 1991 4486; x_wconf 89' lang='lat' dir='ltr'><strong>ab</strong></span> <span class='ocrx_word' id='word_1_818' title='bbox 2040 4434 2153 4501; x_wconf 78' lang='lat' dir='ltr'><strong>ipso</strong></span> <span class='ocrx_word' id='word_1_819' title='bbox 2199 4448 2332 4492; x_wconf 76' lang='lat' dir='ltr'><strong>sunt.</strong></span> <span class='ocrx_word' id='word_1_820' title='bbox 2391 4437 2523 4489; x_wconf 76' lang='lat' dir='ltr'><strong>Ecce</strong></span> <span class='ocrx_word' id='word_1_821' title='bbox 2565 4438 2875 4501; x_wconf 88' lang='lat' dir='ltr'><strong>docuimus,</strong></span> <span class='ocrx_word' id='word_1_822' title='bbox 2913 4447 3033 4510; x_wconf 89' lang='lat' dir='ltr'><strong>quia</strong></span> <span class='ocrx_word' id='word_1_823' title='bbox 3085 4460 3296 4514; x_wconf 85' lang='lat' dir='ltr'><strong>semper</strong></span> 
     </span>
    </p>
   </div>
   <div class='ocr_carea' id='block_1_107' title="bbox 1759 4521 3299 4591">
    <p class='ocr_par' dir='ltr' id='par_1_107' title="bbox 1759 4521 3299 4591">
     <span class='ocr_line' id='line_1_107' title="bbox 1759 4521 3299 4591; baseline 0.01 -16"><span class='ocrx_word' id='word_1_824' title='bbox 1759 4525 1897 4575; x_wconf 71' lang='lat' dir='ltr'><strong>videt</strong></span> <span class='ocrx_word' id='word_1_825' title='bbox 1925 4523 2084 4575; x_wconf 82' lang='lat' dir='ltr'><strong>I-‘ilins</strong></span> <span class='ocrx_word' id='word_1_826' title='bbox 2116 4521 2319 4574; x_wconf 89' lang='lat' dir='ltr'><strong>Patrem</strong></span> <span class='ocrx_word' id='word_1_827' title='bbox 2363 4527 2626 4591; x_wconf 80' lang='lat' dir='ltr'><strong>quomodo</strong></span> <span class='ocrx_word' id='word_1_828' title='bbox 2655 4541 2684 4579; x_wconf 80' lang='grc' dir='ltr'><strong>ν</strong></span> <span class='ocrx_word' id='word_1_829' title='bbox 2723 4542 2748 4581; x_wconf 96' lang='lat' dir='ltr'><strong>s</strong></span> <span class='ocrx_word' id='word_1_830' title='bbox 2775 4534 3008 4586; x_wconf 80' lang='lat' dir='ltr'><strong>astruitis</strong></span> <span class='ocrx_word' id='word_1_831' title='bbox 3051 4549 3171 4589; x_wconf 87' lang='lat' dir='ltr'><strong>eum</strong></span> <span class='ocrx_word' id='word_1_832' title='bbox 3201 4537 3299 4590; x_wconf 79' lang='lat' dir='ltr'><strong>Pa-</strong></span> 
     </span>
    </p>
   </div>
   <div class='ocr_carea' id='block_1_108' title="bbox 1758 4619 2698 4683">
    <p class='ocr_par' dir='ltr' id='par_1_108' title="bbox 1758 4619 2698 4683">
     <span class='ocr_line' id='line_1_108' title="bbox 1758 4619 2698 4683; baseline -0.003 -10"><span class='ocrx_word' id='word_1_833' title='bbox 1758 4631 1889 4674; x_wconf 85' lang='lat' dir='ltr'><strong>trem</strong></span> <span class='ocrx_word' id='word_1_834' title='bbox 1916 4632 2019 4670; x_wconf 86' lang='lat' dir='ltr'><strong>non</strong></span> <span class='ocrx_word' id='word_1_835' title='bbox 2044 4630 2193 4683; x_wconf 72' lang='lat' dir='ltr'><strong>posse</strong></span> <span class='ocrx_word' id='word_1_836' title='bbox 2222 4619 2431 4670; x_wconf 79' lang='lat' dir='ltr'><strong>videre?</strong></span> <span class='ocrx_word' id='word_1_837' title='bbox 2693 4619 2698 4623; x_wconf 71' lang='grc'><em>’</em></span> 
     </span>
    </p>
   </div>
   <div class='ocr_carea' id='block_1_109' title="bbox 2324 4712 2714 4771">
    <p class='ocr_par' dir='ltr' id='par_1_109' title="bbox 2324 4712 2714 4771">
     <span class='ocr_line' id='line_1_109' title="bbox 2324 4712 2714 4771; baseline 0.015 -7"><span class='ocrx_word' id='word_1_838' title='bbox 2324 4714 2544 4769; x_wconf 76' lang='lat' dir='ltr'><strong>CAPUT</strong></span> <span class='ocrx_word' id='word_1_839' title='bbox 2585 4712 2714 4771; x_wconf 79' lang='lat' dir='ltr'><strong>XIX.</strong></span> 
     </span>
    </p>
   </div>
   <div class='ocr_carea' id='block_1_110' title="bbox 1877 4798 3169 4877">
    <p class='ocr_par' dir='ltr' id='par_1_110' title="bbox 1877 4798 3169 4877">
     <span class='ocr_line' id='line_1_110' title="bbox 1877 4798 3169 4877; baseline 0.012 -28"><span class='ocrx_word' id='word_1_840' title='bbox 1877 4798 2077 4851; x_wconf 72' lang='lat' dir='ltr'><strong>Patrem</strong></span> <span class='ocrx_word' id='word_1_841' title='bbox 2112 4798 2246 4851; x_wconf 77' lang='lat' dir='ltr'><strong>Filio</strong></span> <span class='ocrx_word' id='word_1_842' title='bbox 2277 4805 2605 4855; x_wconf 78' lang='lat' dir='ltr'><strong>testimonium</strong></span> <span class='ocrx_word' id='word_1_843' title='bbox 2635 4806 2914 4873; x_wconf 78' lang='lat' dir='ltr'><strong>perhibere.</strong></span> <span class='ocrx_word' id='word_1_844' title='bbox 2941 4813 3060 4877; x_wconf 76' lang='lat' dir='ltr'><strong>quid</strong></span> <span class='ocrx_word' id='word_1_845' title='bbox 3085 4813 3169 4865; x_wconf 72' lang='lat' dir='ltr'><strong>ait.</strong></span> 
     </span>
    </p>
   </div>
   <div class='ocr_carea' id='block_1_111' title="bbox 1825 4889 3291 4969">
    <p class='ocr_par' dir='ltr' id='par_1_111' title="bbox 1825 4889 3291 4969">
     <span class='ocr_line' id='line_1_111' title="bbox 1825 4889 3291 4969; baseline 0.01 -29"><span class='ocrx_word' id='word_1_846' title='bbox 1825 4889 1878 4940; x_wconf 91' lang='lat' dir='ltr'><strong>Si</strong></span> <span class='ocrx_word' id='word_1_847' title='bbox 1905 4889 2042 4941; x_wconf 88' lang='lat' dir='ltr'><strong>enim</strong></span> <span class='ocrx_word' id='word_1_848' title='bbox 2073 4889 2321 4951; x_wconf 84' lang='lat' dir='ltr'><strong>dixerint,</strong></span> <span class='ocrx_word' id='word_1_849' title='bbox 2353 4893 2470 4944; x_wconf 81' lang='lat' dir='ltr'><strong>ideo</strong></span> <span class='ocrx_word' id='word_1_850' title='bbox 2499 4895 2668 4946; x_wconf 90' lang='lat' dir='ltr'><strong>minor</strong></span> <span class='ocrx_word' id='word_1_851' title='bbox 2694 4906 2774 4947; x_wconf 91' lang='lat' dir='ltr'><strong>est</strong></span> <span class='ocrx_word' id='word_1_852' title='bbox 2796 4896 2956 4951; x_wconf 81' lang='lat' dir='ltr'><strong>Filius</strong></span> <span class='ocrx_word' id='word_1_853' title='bbox 2976 4898 3146 4964; x_wconf 81' lang='lat' dir='ltr'><strong>Patre,</strong></span> <span class='ocrx_word' id='word_1_854' title='bbox 3172 4902 3291 4969; x_wconf 88' lang='lat' dir='ltr'><strong>quin</strong></span> 
     </span>
    </p>
   </div>
   <div class='ocr_carea' id='block_1_112' title="bbox 1758 4980 2530 5046">
    <p class='ocr_par' dir='ltr' id='par_1_112' title="bbox 1758 4980 2530 5046">
     <span class='ocr_line' id='line_1_112' title="bbox 1758 4980 2530 5046; baseline 0.01 -17"><span class='ocrx_word' id='word_1_855' title='bbox 1758 4980 1908 5031; x_wconf 79' lang='lat' dir='ltr'><strong>I‘ater</strong></span> <span class='ocrx_word' id='word_1_856' title='bbox 1936 4981 2131 5046; x_wconf 67' lang='lat' dir='ltr'><strong>praebet</strong></span> <span class='ocrx_word' id='word_1_857' title='bbox 2159 4985 2530 5038; x_wconf 77' lang='lat' dir='ltr'><strong>testimonium.</strong></span> 
     </span>
    </p>
   </div>
   <div class='ocr_carea' id='block_1_113' title="bbox 1824 5051 3292 5137">
    <p class='ocr_par' dir='ltr' id='par_1_113' title="bbox 1824 5051 3292 5137">
     <span class='ocr_line' id='line_1_113' title="bbox 1824 5051 3292 5137; baseline 0.013 -19"><span class='ocrx_word' id='word_1_858' title='bbox 1824 5051 2122 5133; x_wconf 67' lang='lat' dir='ltr'><strong>ltcsponsio.</strong></span> <span class='ocrx_word' id='word_1_859' title='bbox 2154 5071 2208 5123; x_wconf 88' lang='lat' dir='ltr'><strong>Si</strong></span> <span class='ocrx_word' id='word_1_860' title='bbox 2235 5087 2424 5125; x_wconf 87' lang='lat' dir='ltr'><strong>sereno</strong></span> <span class='ocrx_word' id='word_1_861' title='bbox 2452 5089 2608 5127; x_wconf 88' lang='lat' dir='ltr'><strong>sensu</strong></span> <span class='ocrx_word' id='word_1_862' title='bbox 2631 5076 2830 5129; x_wconf 75' lang='lat' dir='ltr'><strong>divinas</strong></span> <span class='ocrx_word' id='word_1_863' title='bbox 2854 5093 3128 5134; x_wconf 71' lang='lat' dir='ltr'><strong>recenseas</strong></span> <span class='ocrx_word' id='word_1_864' title='bbox 3152 5082 3292 5137; x_wconf 82' lang='lat' dir='ltr'><strong>Seri-</strong></span> 
     </span>
    </p>
   </div>
   <div class='ocr_carea' id='block_1_114' title="bbox 1753 5159 3291 5225">
    <p class='ocr_par' dir='ltr' id='par_1_114' title="bbox 1753 5159 3291 5225">
     <span class='ocr_line' id='line_1_114' title="bbox 1753 5159 3291 5225; baseline 0.012 -19"><span class='ocrx_word' id='word_1_865' title='bbox 1753 5166 1955 5222; x_wconf 89' lang='lat' dir='ltr'><strong>ptnras,</strong></span> <span class='ocrx_word' id='word_1_866' title='bbox 1998 5159 2231 5212; x_wconf 71' lang='lat' dir='ltr'><strong>invenies</strong></span> <span class='ocrx_word' id='word_1_867' title='bbox 2277 5177 2380 5214; x_wconf 92' lang='lat' dir='ltr'><strong>non</strong></span> <span class='ocrx_word' id='word_1_868' title='bbox 2426 5166 2592 5215; x_wconf 80' lang='lat' dir='ltr'><strong>solum</strong></span> <span class='ocrx_word' id='word_1_869' title='bbox 2633 5165 2837 5218; x_wconf 88' lang='lat' dir='ltr'><strong>Patrem</strong></span> <span class='ocrx_word' id='word_1_870' title='bbox 2882 5167 3012 5220; x_wconf 74' lang='lat' dir='ltr'><strong>Filio</strong></span> <span class='ocrx_word' id='word_1_871' title='bbox 3053 5172 3291 5225; x_wconf 74' lang='lat' dir='ltr'><strong>testimo-</strong></span> 
     </span>
    </p>
   </div>
   <div class='ocr_carea' id='block_1_115' title="bbox 1755 5244 3320 5320">
    <p class='ocr_par' dir='ltr' id='par_1_115' title="bbox 1755 5244 3320 5320">
     <span class='ocr_line' id='line_1_115' title="bbox 1755 5244 3320 5320; baseline 0.013 -27"><span class='ocrx_word' id='word_1_872' title='bbox 1755 5246 1894 5295; x_wconf 91' lang='lat' dir='ltr'><strong>nium</strong></span> <span class='ocrx_word' id='word_1_873' title='bbox 1940 5247 2318 5311; x_wconf 80' lang='lat' dir='ltr'><strong>perbibentem.</strong></span> <span class='ocrx_word' id='word_1_874' title='bbox 2358 5249 2449 5302; x_wconf 90' lang='lat' dir='ltr'><strong>sed</strong></span> <span class='ocrx_word' id='word_1_875' title='bbox 2493 5261 2651 5303; x_wconf 90' lang='lat' dir='ltr'><strong>totam</strong></span> <span class='ocrx_word' id='word_1_876' title='bbox 2682 5255 2836 5307; x_wconf 63' lang='lat' dir='ltr'><strong>simul</strong></span> <span class='ocrx_word' id='word_1_877' title='bbox 2887 5244 3320 5320; x_wconf 26' lang='lat' dir='ltr'><strong>inseparabilem-</strong></span> 
     </span>
    </p>
   </div>
   <div class='ocr_carea' id='block_1_116' title="bbox 1749 5326 3288 5413">
    <p class='ocr_par' dir='ltr' id='par_1_116' title="bbox 1749 5326 3288 5413">
     <span class='ocr_line' id='line_1_116' title="bbox 1749 5326 3288 5413; baseline 0.014 -32"><span class='ocrx_word' id='word_1_878' title='bbox 1749 5329 2089 5398; x_wconf 88' lang='lat' dir='ltr'><strong>Trinitatem,</strong></span> <span class='ocrx_word' id='word_1_879' title='bbox 2150 5335 2287 5388; x_wconf 89' lang='lat' dir='ltr'><strong>idem</strong></span> <span class='ocrx_word' id='word_1_880' title='bbox 2331 5337 2550 5391; x_wconf 82' lang='lat' dir='ltr'><strong>Domino</strong></span> <span class='ocrx_word' id='word_1_881' title='bbox 2600 5352 2920 5406; x_wconf 85' lang='lat' dir='ltr'><strong>protestantc</strong></span> <span class='ocrx_word' id='word_1_882' title='bbox 2960 5363 2971 5394; x_wconf 86' lang='grc'>;</span> <span class='ocrx_word' id='word_1_883' title='bbox 3015 5326 3124 5413; x_wconf 77' lang='lat' dir='ltr'><strong>Ego</strong></span> <span class='ocrx_word' id='word_1_884' title='bbox 3172 5361 3288 5402; x_wconf 87' lang='lat' dir='ltr'><strong>sum</strong></span> 
     </span>
    </p>
   </div>
   <div class='ocr_carea' id='block_1_117' title="bbox 1747 5424 3288 5498">
    <p class='ocr_par' dir='ltr' id='par_1_117' title="bbox 1747 5424 3288 5498">
     <span class='ocr_line' id='line_1_117' title="bbox 1747 5424 3288 5498; baseline 0.012 -27"><span class='ocrx_word' id='word_1_885' title='bbox 1747 5424 1835 5488; x_wconf 85' lang='lat' dir='ltr'><strong>qui</strong></span> <span class='ocrx_word' id='word_1_886' title='bbox 1865 5424 2221 5476; x_wconf 84' lang='lat' dir='ltr'><strong>testimonium</strong></span> <span class='ocrx_word' id='word_1_887' title='bbox 2267 5427 2518 5491; x_wconf 87' lang='lat' dir='ltr'><strong>pcrhibeo</strong></span> <span class='ocrx_word' id='word_1_888' title='bbox 2559 5429 2625 5481; x_wconf 87' lang='lat' dir='ltr'><strong>de</strong></span> <span class='ocrx_word' id='word_1_889' title='bbox 2674 5433 2904 5498; x_wconf 82' lang='lat' dir='ltr'><strong>tneipso,</strong></span> <span class='ocrx_word' id='word_1_890' title='bbox 2950 5443 3004 5486; x_wconf 86' lang='lat' dir='ltr'><strong>et</strong></span> <span class='ocrx_word' id='word_1_891' title='bbox 3050 5436 3288 5489; x_wconf 81' lang='lat' dir='ltr'><strong>testimo-</strong></span> 
     </span>
    </p>
   </div>
   <div class='ocr_carea' id='block_1_118' title="bbox 1746 5513 3311 5590">
    <p class='ocr_par' dir='ltr' id='par_1_118' title="bbox 1746 5513 3311 5590">
     <span class='ocr_line' id='line_1_118' title="bbox 1746 5513 3311 5590; baseline 0.013 -28"><span class='ocrx_word' id='word_1_892' title='bbox 1746 5513 1891 5566; x_wconf 86' lang='lat' dir='ltr'><strong>nium</strong></span> <span class='ocrx_word' id='word_1_893' title='bbox 1930 5515 2175 5580; x_wconf 90' lang='lat' dir='ltr'><strong>perhibet</strong></span> <span class='ocrx_word' id='word_1_894' title='bbox 2210 5517 2279 5570; x_wconf 89' lang='lat' dir='ltr'><strong>de</strong></span> <span class='ocrx_word' id='word_1_895' title='bbox 2325 5533 2409 5572; x_wconf 88' lang='lat' dir='ltr'><strong>me</strong></span> <span class='ocrx_word' id='word_1_896' title='bbox 2444 5519 2623 5585; x_wconf 85' lang='lat' dir='ltr'><strong>Pater,</strong></span> <span class='ocrx_word' id='word_1_897' title='bbox 2665 5522 2752 5590; x_wconf 90' lang='lat' dir='ltr'><strong>qui</strong></span> <span class='ocrx_word' id='word_1_898' title='bbox 2794 5525 2934 5578; x_wconf 89' lang='lat' dir='ltr'><strong>misit</strong></span> <span class='ocrx_word' id='word_1_899' title='bbox 2979 5539 3070 5578; x_wconf 84' lang='lat' dir='ltr'><strong>me</strong></span> <span class='ocrx_word' id='word_1_900' title='bbox 3110 5523 3311 5588; x_wconf 69' lang='grc' dir='ltr'><strong>ματη..</strong></span> 
     </span>
    </p>
   </div>
   <div class='ocr_carea' id='block_1_119' title="bbox 1746 5605 3306 5684">
    <p class='ocr_par' dir='ltr' id='par_1_119' title="bbox 1746 5605 3306 5684">
     <span class='ocr_line' id='line_1_119' title="bbox 1746 5605 3306 5684; baseline 0.011 -26"><span class='ocrx_word' id='word_1_901' title='bbox 1746 5617 1860 5671; x_wconf 78' lang='lat' dir='ltr'><strong>vui,</strong></span> <span class='ocrx_word' id='word_1_902' title='bbox 1891 5605 2001 5673; x_wconf 74' lang='grc'><strong>18).</strong></span> <span class='ocrx_word' id='word_1_903' title='bbox 2035 5605 2100 5660; x_wconf 82' lang='lat' dir='ltr'><strong>Et</strong></span> <span class='ocrx_word' id='word_1_904' title='bbox 2127 5606 2317 5662; x_wconf 89' lang='lat' dir='ltr'><strong>iterum</strong></span> <span class='ocrx_word' id='word_1_905' title='bbox 2361 5625 2377 5662; x_wconf 90' lang='lat'><strong>:</strong></span> <span class='ocrx_word' id='word_1_906' title='bbox 2417 5610 2472 5665; x_wconf 89' lang='lat' dir='ltr'><strong>Si</strong></span> <span class='ocrx_word' id='word_1_907' title='bbox 2500 5625 2600 5681; x_wconf 63' lang='lat' dir='ltr'><strong>ego</strong></span> <span class='ocrx_word' id='word_1_908' title='bbox 2627 5614 2978 5684; x_wconf 73' lang='lat' dir='ltr'><strong>testimonium</strong></span> <span class='ocrx_word' id='word_1_909' title='bbox 3030 5616 3306 5683; x_wconf 74' lang='lat' dir='ltr'><strong>perbibeo.</strong></span> 
     </span>
    </p>
   </div>
  </div>
