3856 6222
499 360 597 411 567

1776 343 1998 399 γεοςιιιι
2038 303 2394 400 TAPSENSIS

3584 338 3679 402 568

496 473 563 520 de
592 463 808 532 meipso,
840 462 1187 517 testimonium
1215 473 1386 513 meum
1420 473 1603 513 vet-unt
1633 465 1734 523 est,
1774 458 1895 524 quia
1925 457 2037 511 scio
2074 461 2116 519 Α
2146 458 2273 511 dicit
2304 456 2553 511 Dominus
2583 455 2794 511 Christo
2816 469 2934 510 meo
2960 455 3205 523 Domino,
3235 467 3317 509 cut
3351 452 3481 507 tenui
3506 450 3680 505 dexte-

501 552 638 607 unu'e
660 552 811 606 venio
826 560 875 605 ct
895 566 997 620 quo
1015 551 1143 605 vado
1170 549 1372 619 (Joan.,
1397 564 1509 611 vut,
1534 549 1643 616 lii).
1675 547 1735 601 Et
1754 546 1820 601 de
1843 547 2043 614 Spiritu

503 648 685 701 sancto
709 664 720 699 :
745 647 872 698 Cum
902 645 1102 698 venerit
1126 644 1427 697 Paracletus
1450 642 1538 695 ille
1565 648 1793 703 sanctus,
1818 638 2049 707 Spiritus

504 737 758 799 veritatis,
808 736 894 789 ille
924 736 1277 789 testimonium
1309 731 1603 802 perbibebit
1636 731 1701 783 de
1747 744 1832 784 me
1868 727 2047 798 (Joan.

505 824 732 894 ΠΛΟ).
781 824 1061 889 Intendite,
1111 837 1310 893 quaeso,
1363 820 1651 887 intendite,
1699 818 1948 887 quoniam
1997 818 2050 871 in

432 968 439 975 ,
504 914 821 981 quibus‘uua
849 912 1231 967 testificationis
1254 911 1416 963 virtus
1441 907 1756 968 ostenditur,
1784 905 1956 959 nullus
1987 904 2055 958 ab

505 1009 609 1061 alio
635 1020 804 1074 neque
834 1006 1115 1074 potentior,
1147 1016 1314 1069 neque
1342 999 1560 1052 interior
1580 996 1865 1065 jndicatur.

1090 1090 1311 1145 CAPUT
1353 1085 1468 1140 XX.

509 1188 716 1240 Patrem
738 1186 1051 1249 inuisibilem,
1071 1181 1262 1235 Filium
1284 1197 1398 1235 vero
1424 1195 1527 1233 esse
1553 1152 1817 1241 visibilem,
1831 1175 1954 1244 quid
1968 1175 2053 1229 sit.

576 1276 631 1331 Si
660 1276 751 1329 tibi
778 1275 1006 1328 dixerint
1032 1271 1098 1325 de
1120 1287 1205 1336 eo,
1259 1270 1413 1322 Pater
1457 1267 1625 1332 major
1653 1274 1755 1330 cst,
1795 1264 1916 1333 quia
1946 1264 2058 1330 ipse

508 1362 785 1416 invisibilis
809 1361 1020 1423 dicitur,
1054 1356 1217 1411 Filius
1248 1370 1372 1409 vero
1399 1354 1619 1408 visibilis
1641 1351 1973 1420 praedicatur.

578 1448 1114 1520 Remmio..S;epitts
1159 1447 1255 1499 ista
1283 1444 1389 1513 jattt
1419 1443 1669 1506 diximus,
1720 1440 1839 1509 quia
1869 1451 2058 1493 secun-

507 1542 630 1593 dum
662 1539 887 1592 hominis
914 1538 1134 1591 formam
1166 1535 1330 1587 Ftlius
1354 1531 1577 1585 visibilis
1619 1529 1830 1593 dicitur,
1867 1543 2058 1583 secunc

507 1632 631 1685 dum
659 1629 871 1682 dcitatis
902 1640 1023 1681 vero
1053 1624 1399 1678 substantiam
1431 1622 1590 1689 330
1610 1618 1887 1672 invisibilis
1919 1633 2055 1685 priu-

508 1725 733 1778 dicatur.‘
775 1720 933 1775 Paulo
960 1717 1201 1787 apostolo
1232 1714 1548 1785 prmdieante
1592 1730 1603 1765 :
1634 1713 1676 1765 0
1702 1710 1943 1773 altitudo,
1976 1711 2063 1764 itt-

2149 562 2283 615 ram,
2302 554 2354 599 et
2380 545 2595 599 obedire
2622 544 2806 599 faciam
2831 553 2952 599 ante
2972 559 3093 598 eum
3119 558 3311 598 omnes
3334 553 3507 612 gentes
3528 539 3679 610 (Ini.

2149 653 2267 691 ην.
2300 637 2352 707 I)
2384 637 2510 690 Item
2540 636 2648 690 ibi:
2680 636 2787 705 Ego
2814 643 2934 690 ante
2962 650 3081 688 eum
3127 633 3359 703 pratibo,
3408 642 3456 685 et
3483 640 3683 684 montes

2150 730 2331 798 planos
2370 727 2594 782 efficiam
2642 736 2797 795 atque
2825 725 3055 795 aperiam
3087 735 3209 779 ante
3244 739 3363 779 eum
3391 732 3591 791 portas,
3637 730 3686 775 et

2149 825 2389 879 civitates
2435 838 2537 877 non
2572 822 2883 878 claudentur
2918 821 3110 891 (Ibid.,
3144 821 3225 888 2).
3274 820 3399 874 Item
3443 818 3508 871 ibi
3537 834 3549 867 :
3583 814 3686 882 Ego

2151 914 2336 968 vocavi
2364 922 2418 968 ct
2446 912 2639 968 adduxi
2676 928 2817 978 eum,
2864 922 2918 967 et
2953 925 3264 981 prosperum
3312 910 3410 965 iter
3446 909 3552 977 ejus
3594 904 3686 957 feci

2156 1008 2308 1077 (Iaai.
2333 1023 2518 1074 vaut,
2544 1009 2765 1076 15,”).
2788 1007 2854 1061 Et
2883 1008 2935 1061 in
2964 1007 3165 1075 psalmo
3185 1002 3469 1059 centesimo
3491 998 3687 1053 tricesi-

2154 1114 2242 1152 mo
2270 1099 2455 1165 primo.
2508 1097 2693 1152 Paravi
2722 1096 2991 1152 lucernam
3037 1094 3249 1148 Chrisio
3276 1105 3415 1156 meo,
3457 1089 3687 1143 inimicos

2154 1188 2267 1257 ejus
2295 1187 2504 1241 induam
2526 1186 2854 1241 confusione.
2887 1186 2949 1238 Et
2980 1186 3030 1238 in
3057 1182 3340 1252 Evangelio
3364 1199 3377 1234 :
3402 1181 3523 1234 Ecce
3542 1176 3688 1231 mitto

2156 1276 2397 1347 angelum
2421 1291 2594 1331 meum
2626 1284 2745 1329 ant:
2768 1274 2955 1329 facient
2981 1283 3147 1335 tuam,
3176 1274 3264 1339 qui
3293 1280 3532 1340 νηπίη-ει
3554 1269 3686 1320 viam

2156 1377 2297 1422 tuam
2328 1376 2450 1420 ante
2481 1376 2532 1421 te
2569 1365 2757 1435 (Marc.
2796 1379 2835 1426 t,
2861 1363 2942 1431 2).
2967 1363 3034 1416 Et
3061 1361 3113 1415 in
3140 1361 3383 1415 Ilabacuc
3408 1376 3421 1409 :
3448 1358 3688 1424 Egressus

2158 1468 2240 1513 est
2266 1458 2518 1512 Dominus
2556 1457 2608 1511 in
2652 1455 2875 1510 salutem
2920 1452 3092 1522 p0puIi
3122 1453 3202 1505 sui
3232 1465 3349 1505 cum
3377 1447 3572 1503 Christo
3597 1459 3691 1498 suo

2159 1548 2384 1615 (Hebae.
2413 1563 2491 1614 ιιι,
2527 1548 2634 1614 I3).
2661 1545 2716 1599 In
2744 1544 2807 1598 iis
2829 1559 2955 1613 ergo
2978 1541 3224 1597 omnibus
3252 1554 3353 1593 non
3380 1538 3468 1591 tibi
3496 1536 3691 1587 videtur

2152 1638 2321 1692 Pater
2353 1637 2489 1691 Filio
2515 1636 2825 1704 obsequium
2855 1631 3181 1703 praebuisse?
3221 1645 3316 1700 pro
3341 1628 3517 1697 quibus
3538 1635 3591 1679 et
3610 1641 3690 1675 aut

2162 1726 2310 1781 nefas
2341 1734 2422 1779 est
2459 1725 2633 1777 dicere
2660 1723 2864 1776 Patrem
2896 1736 3050 1790 posse
3080 1718 3503 1785 Filiosubjacere
3525 1731 3537 1766 :
3563 1716 3682 1781 quia

507 1819 640 1885 quit,
684 1812 955 1887 sapientia:
984 1808 1297 1863 etscicntia:
1329 1807 1453 1869 Dei,
1501 1818 1655 1873 quam
1700 1802 2058 1856 inserutabilia

2169 1827 2379 1886 paterna
2406 1813 2654 1868 divinitas
2683 1825 2781 1865 nec
2810 1810 2983 1864 dando
3014 1808 3167 1873 Filio,
3191 1821 3308 1876 quae
3337 1819 3425 1859 sua
3448 1811 3577 1863 sunt,
3598 1801 3691 1852 ali-

508 1916 630 1959 snnt
655 1904 845 1973 judicia
875 1901 1007 1970 ejus,
1040 1907 1094 1953 et
1115 1895 1504 1965 investigabiles
1528 1894 1627 1948 vite
1648 1892 1953 1961 ejus(!lom.
1979 1907 2057 1957 χι,

508 1993 631 2062 '53)!
679 1993 744 2045 Et
773 1991 823 2045 in
855 1988 981 2043 Isaia
1008 2004 1021 2040 :
1048 1985 1144 2041 Cui
1174 1987 1400 2039 similem
1438 1982 1715 2037 aestimatis
1758 1982 2057 2043 Dominum,

509 2089 601 2132 aut
627 2080 710 2133 cui
740 2078 965 2132 similem
994 2073 1266 2128 aestimatis
1291 2089 1434 2136 eum,
1464 2086 1583 2127 cum
1612 2072 1680 2125 sit
1727 2071 1839 2138 ipse
1878 2070 2059 2123 invisi-

511 2175 637 2228 bilis
664 2172 813 2243 (Isai.
849 2186 921 2234 ιι,
954 2168 1081 2237 IS)?
1120 2167 1207 2220 Ait
1238 2165 1556 2235 Apostolus:
1600 2162 1721 2216 Mihi
1762 2172 1935 2216 autem
1965 2160 2062 2215 mi-

511 2264 654 2317 nimo
679 2262 910 2317 omnium
936 2265 1248 2311 (sanctorum
1290 2255 1408 2308 data
1432 2264 1512 2307 est
1535 2253 1697 2321 gratia
1724 2250 1837 2305 hinc
1861 2250 1913 2302 itt
1934 2264 2061 2317 gen-

513 2351 651 2404 tibus
692 2347 1052 2415 evangelizare
1098 2342 1491 2409 investigabiles
1531 2340 1736 2394 divitias
1773 2337 1971 2392 Christi
2009 2346 2064 2390 et

446 2476 454 2483 .
512 2438 808 2491 illuminare
858 2447 1063 2497 omne=,
1108 2446 1225 2500 qua:
1269 2431 1337 2485 sit
1384 2428 1707 2496 dispensatio
1744 2423 2062 2479 sacramenti

512 2524 803 2581 absconditi
829 2538 857 2575 a
898 2521 1105 2576 saeculis
1134 2521 1183 2573 in
1225 2519 1456 2581 Christo,
1504 2517 1593 2585 qui
1640 2514 1816 2568 omnia
1864 2512 2066 2567 creavit

513 2617 728 2685 (lt‘phes.
762 2614 837 2683 tu,
873 2616 954 2684 8).
994 2614 1121 2666 Item
1164 2614 1274 2680 ipse
1309 2628 1321 2663 :
1356 2609 1453 2675 Qui
1482 2618 1582 2675 est,
1629 2608 1720 2669 ait,
1768 2607 1938 2673 imago
1968 2604 2062 2658 Dei

514 2703 810 2757 invisibilis.
847 2703 911 2755 Et
935 2700 998 2754 ad
1029 2698 1367 2753 Colossettses
1394 2712 1410 2750 :
1446 2696 1554 2765 Ego
1580 2693 1771 2748 Paulus
1802 2692 2062 2757 minister,
2130 2737 2137 2743 .

512 2797 635 2862 quia
662 2802 799 2848 nunc
827 2791 1032 2862 gaudeo
1061 2794 1109 2843 iu
1143 2789 1496 2859 passionibns,
1522 2784 1850 2853 etadimpleo
1864 2796 1925 2835 ea
1948 2794 2066 2849 quas

513 2888 704 2939 desunt
732 2882 1123 2957 tribulationum
1152 2878 1347 2932 CbrLSti
1378 2876 1428 2930 in
1459 2890 1617 2929 carne
1668 2888 1783 2929 mea
1828 2888 1922 2942 pro
1949 2885 2068 2925 cor-

515 2996 645 3051 pore
672 2980 806 3048 ejus,
833 2976 969 3047 quod
999 2983 1081 3041 est
1107 2972 1357 3036 Eccleia,
1388 2970 1469 3024 cui
1502 2970 1669 3045 factus
1699 2982 1815 3022 sum
1845 2980 1942 3035 ego
1970 2963 2067 3019 nti-

514 3077 680 3130 nister
726 3070 1014 3128 secundum
1062 3065 1504 3135 dispensationem
1558 3062 1693 3126 Dei,
1760 3059 2064 3130 mysterium

2161 1906 2371 1977 quando
2391 1903 2488 1957 sibi
2520 1902 2731 1967 minuit,
2760 1915 2857 1953 nec
2873 1898 3036 1952 Filius
3061 1895 3388 1965 accipiendo,
3412 1907 3517 1962 qua:
3531 1888 3691 1943 Patris
3734 1962 3735 1965 η

2160 2006 2283 2050 sunt
2314 1997 2363 2048 in
2391 1994 2576 2047 melius
2592 2006 2746 2061 quam
2778 1989 2967 2053 fuerat,
2990 1988 3069 2040 vel
3091 1986 3315 2039 iniectus
3335 1992 3558 2037 naturam
3582 1994 3690 2031 mu-

2164 2085 2310 2140 tavit.
2346 2084 2509 2137 Filius
2535 2096 2661 2149 ergo
2690 2080 2829 2146 ideo,
2864 2092 2980 2148 quae
3007 2088 3127 2131 sunt
3156 2073 3301 2129 Patri
3348 2072 3522 2142 placita
3552 2067 3707 2149 facit,~

2162 2176 2284 2246 quia
2314 2173 2573 2230 contraria
2610 2172 2781 2225 facere
2813 2169 3001 2223 nescit.
3041 2231 3045 2235 δ
3209 2216 3212 2221 .

2724 2260 2946 2317 CAPUT
2986 2258 3149 2313 XXII.

2247 2358 2427 2413 Solum
2455 2355 2658 2419 Patrem
2684 2356 2744 2410 ab
2772 2355 3011 2425 Apostolo
3035 2352 3273 2423 offirmari
3293 2348 3620 2425 immortalem.
3679 2334 3683 2339 ’

2234 2447 2290 2500 Si
2320 2447 2411 2499 tibi
2460 2446 2689 2500 dixerint
2732 2463 2744 2499 ε
2785 2423 2839 2498 lit
2889 2444 2988 2497 hoc
3016 2443 3177 2497 Filius
3215 2441 3351 2496 Patri
3394 2423 3489 2493 non
3527 2444 3687 2506 ροιεει

2165 2536 2448 2603 coarquari,
2494 2535 2613 2604 quia
2657 2533 2826 2588 solum
2858 2532 3067 2588 Patrem
3092 2532 3375 2599 Apostolus
3395 2528 3571 2583 asserit
3598 2524 3689 2579 im-

2167 2624 2465 2679 mortalem.
2986 2682 2989 2689 η

2236 2711 2541 2781 Responsio.
2593 2712 2785 2766 Filium
2816 2710 3107 2766 secundum
3149 2707 3468 2763 divinitatem
3492 2706 3690 2759 immor-

2168 2801 2325 2854 talem
2355 2800 2774 2888 sempcrlluisse,
2802 2802 2885 2855 vel
2915 2814 3055 2865 esse,
3102 2798 3281 2853 divina
3312 2798 3491 2866 ubique
3514 2804 3692 2849 testatio

2168 2889 2506 2957 tur'eloquia.
2560 2886 2845 2945 Salomone
2897 2890 3122 2958 idipsum
3169 2889 3363 2944 clarius
3387 2886 3690 2963 affirmante:

2170 2979 2548 3039 Immortalitas
2571 2990 2652 3036 est
2677 2982 2729 3036 in
2758 2981 3381 3050 cogitatione'sapientia,
3400 2988 3453 3033 et
3470 2976 3693 3031 amicitia:

2171 3071 2311 3125 illius
2338 3072 2618 3129 delectatio
2638 3073 2773 3126 bona
2798 3074 2949 3144 (Sep.
2968 3085 3075 3137 vttt,
3104 3072 3215 3139 I7).
3246 3070 3372 3124 Item
3397 3069 3487 3123 ibi:
3516 3068 3564 3121 In
3581 3080 3695 3134 ope-

515 3167 733 3233 Cbristi,
760 3163 898 3234 quod
924 3158 1284 3214 abscondizutn
1313 3155 1409 3208 fuit
1438 3150 1470 3206 a‘
1508 3152 1717 3207 smculis
1743 3162 1794 3205 et
1822 3151 1873 3204 in
1902 3162 2060 3218 gene-

2169 3162 2313 3216 ribus
2344 3178 2594 3237 manuum
2621 3164 2900 3232 sapientia:
2928 3164 3177 3217 honestas
3201 3162 3317 3217 sine
3334 3160 3623 3221 defectione.
3643 3165 3691 3208 el

517 3256 807 3310 rationibus
829 3249 962 3321 (Col.
987 3263 1026 3311 t,
1053 3245 1166 3315 I5).
1194 3245 1321 3299 Item
1348 3243 1417 3307 ibi
1445 3260 1457 3294 :
1484 3242 1552 3297 Ut
1568 3240 1877 3294 consoletur
1908 3236 2068 3292 corda

516 3360 701 3399 eorum
747 3344 799 3396 in
842 3339 1087 3400 caritate,
1127 3335 1177 3386 in
1209 3345 1393 3387 omnes
1430 3330 1639 3383 divitias
1677 3324 2070 3396 adimpletionis

517 3434 833 3495 intellectus,
851 3428 904 3482 in
922 3425 1240 3496 agnitionem
1270 3418 1502 3490 mysterii
1524 3417 1637 3483 Dei,
1654 3414 1792 3485 quod
1821 3412 2070 3467 csthri-

518 3501 736 3590 stus,'in
762 3536 863 3591 quo
888 3526 1006 3573 sunt
1033 3526 1217 3568 omnes
1254 3509 1487 3566 thesauri
1514 3504 1785 3575 sapientia:
1815 3513 1867 3557 et
1901 3503 2071 3556 scien-

520 3617 605 3669 tize
626 3600 918 3667 absconditi
945 3606 1079 3676 (Col.
1109 3617 1169 3669 tt,
1187 3603 1264 3670 ‘2).
1288 3600 1362 3673 Et
1383 3600 1434 3651 in
1455 3597 1659 3667 psalmo
1684 3591 2071 3663 septuagesimo

520 3714 671 3763 sexto
700 3701 873 3772 (Vers.
901 3696 994 3765 20)
1028 3713 1043 3752 :
1079 3694 1133 3749 In
1159 3693 1287 3747 mari
1320 3691 1401 3743 via
1423 3679 1544 3752 'tua,
1583 3694 1637 3740 et
1663 3684 1863 3739 semita:
1891 3690 1993 3736 tua:
2019 3681 2069 3733 in

521 3793 671 3863 aquis
694 3770 887 3851 mult's,
919 3796 971 3841 et
1003 3780 1219 3853 vestigia
1244 3790 1331 3835 tua
1359 3794 1462 3839 non
1489 3782 1889 3843 cognoscentur.
1924 3771 1989 3825 Et
2019 3770 2068 3823 in

523 3858 803 3938 Salomone
827 3892 843 3931 :
870 3873 1197 3943 Sapientiam
1221 3870 1312 3925 Dei
1339 3864 1725 3936 prtecedentem
1756 3860 1929 3915 omnia
1954 3858 2071 3927 quis

520 3965 853 4035 investigavit
882 3961 1071 4033 (Ereti.
1099 3977 1140 4029 t,
1172 3960 1262 4026 δη
1290 3957 1417 4011 Item
1450 3954 1519 4009 ibi
1559 3970 1572 4006 :
1598 3948 1765 4007 Radix
1801 3948 2071 4017 sapien'ia:

475 4040 479 4044 ’
521 4058 605 4115 cui
636 4056 861 4110 revelata
884 4060 983 4114 est,
1001 4059 1055 4104 et
1079 4048 1297 4103 astutias
1322 4045 1461 4099 illius
1478 4043 1594 4112 quis
1619 4039 1861 4109 cognovit
1883 4035 2071 4107 (ibid,

524 4147 620 4216 ti)?
666 4146 794 4200 Item
834 4143 900 4198 ibi
928 4138 1255 4215 :Diseiplina
1302 4134 1574 4203 sapientia:
1617 4131 1700 4185 cui
1742 4127 2071 4183 manifestata

523 4250 627 4298 est,
674 4244 730 4291 et
757 4232 1241 4303 multiplicatiouem
1272 4222 1539 4294 ingressus
1581 4222 1725 4277 illius
1753 4220 1870 4290 quis
1912 4218 2071 4272 intel-

522 4330 652 4411 lexit
686 4324 873 4396 (Ibid.,
904 4322 995 4390 7)?
1036 4320 1165 4375 Item
1204 4318 1319 4373 ibi:
1353 4315 1610 4383 Quoniam
1658 4309 1916 4365 mirabilia
1953 4315 2093 4371 sunt,

524 4405 681 4490 opera
699 4416 904 4472 Domini
922 4410 1114 4477 'solius,
1140 4421 1191 4464 et
1213 4410 1439 4479 gloriosa
1465 4413 1519 4458 ct
1539 4405 1820 4466 absconsa,
1842 4410 1894 4454 et
1916 4413 2072 4466 Opera

2172 3254 2224 3308 in
2271 3256 2560 3311 certamine
2589 3270 2905 3329 sermonum
2943 3255 3056 3325 ejus
3098 3254 3481 3317 immortalitas,
3527 3260 3574 3304 et
3601 3249 3691 3299 vita

2173 3352 2487 3412 zgterna,‘in
2537 3345 3012 3399 communicatione
3059 3344 3341 3407 verborum
3372 3343 3479 3409 ejus
3502 3339 3693 3393 chritas

2178 3445 2432 3503 perpetua
2458 3435 2642 3504 (Ibid.,
2692 3437 2801 3505 I8).
2854 3437 2919 3490 Et
2959 3425 3240 3503 A;os’tolus
3266 3452 3279 3486 :
3306 3432 3459 3486 Vivus
3502 3439 3573 3484 est
3610 3428 3692 3481 Dei

2172 3537 2351 3601 sermo
2372 3534 2424 3579 et
2438 3526 2642 3593 efﬁcax,
2665 3537 2716 3583 et
2731 3526 2932 3579 acutior
2948 3526 3088 3579 omni
3111 3524 3289 3593 gladio
3304 3523 3505 3591 ancipiti
3523 3520 3688 3589 (ιιιᾱτ.

2149 3600 2256 3686 'tv,
2292 3616 2405 3687 12).
2459 3617 2523 3670 Ει
2550 3619 2600 3671 in
2636 3617 2849 3672 Actibus
2894 3617 3253 3685 apostolorum
3294 3631 3309 3670 :
3342 3612 3693 3669 Annuntiamus

2171 3708 2343 3772 vobis,
2375 3717 2427 3761 ut
2466 3708 2532 3760 ab
2749 3708 2813 3761 iis
2859 3707 3007 3761 vanis
3048 3705 3425 3760 convertamini
3452 3703 3510 3755 ad
3551 3702 3692 3757 Deum

2173 3795 2367 3858 vivum,
2400 3795 2487 3863 qtti
2536 3796 2871 3850 fecit‘cmlutn
2921 3788 3234 3866 et_tergitm,
3281 3806 3423 3847 mare
3460 3799 3511 3844 et
3534 3787 3693 3841 omnia

2171 3900 2288 3954 qua!
2314 3886 2368 3967 jn
2406 3885 2485 3938 eis
2506 3897 2625 3939 sunt
2656 3887 2789 3954 (Act.
2825 3901 2931 3948 xtv,
2968 3885 3075 3951 Η).
3109 3884 3172 3937 Et
3202 3885 3252 3935 in
3281 3878 3691 3937 Denteronontio:

2173 3976 2304 4031 Vivo
2328 3990 2447 4045 ego,
2475 3976 2603 4029 dicit
2630 3975 2905 4039 Dominus,
2931 3974 3053 4042 quia
3083 3973 3283 4028 extollo
3311 3975 3358 4025 in
3395 3969 3570 4024 ctrlum
3598 3978 3693 4017 nta-

2176 4080 2298 4119 nutn
2332 4057 2523 4129 meam,
2555 4065 2742 4133 jnrabo
2773 4079 2866 4133 per
2902 4064 3174 4128 dexteram
3212 4076 3404 4123 meam,
3431 4069 3481 4112 et
3506 4057 3693 4110 dicato:

2176 4155 2308 4207 Vivo
2335 4170 2431 4224 ego
2462 4154 2512 4208 itt
2543 4156 2974 4225 mtcrnum,.quia
3003 4150 3229 4229 exacuo‘
3245 4154 3384 4221 yelut
3409 4150 3568 4217 fulgur
3591 4146 3695 4214 gla-

2173 4243 2316 4297 dium
2346 4259 2554 4308 meum;
2582 4254 2635 4299 et
2662 4244 3182 4313 detinebitjudicium
3212 4255 3395 4296 manus
3419 4248 3606 4301 mea,“
3625 4236 3696 4287 eis

2173 4324 2258 4401 qui
2290 4332 2513 4405 oderunt
2542 4347 2626 4386 tne
2666 4334 2880 4387 reddam
2912 4332 3090 4404 (Deut.
3118 4347 3282 4395 usu,
3312 4312 3416 4399 ιο).
3459 4327 3550 4395 Qui
3577 4338 3690 4379 vero

2176 4431 2403 4474 aeternus
2432 4437 2481 4475 et
2512 4411 2824 4476 immortalis
2847 4422 3040 4477 divinis
3064 4422 3278 4483 Litteris
3306 4420 3579 4480 intimatur,
3604 4414 3693 4467 mi-

525 4512 665 4566 i|.ius
690 4508 859 4560 invisa
888 4502 1131 4557 omnibus
1157 4498 1343 4567 (Eccli.
1378 4511 1449 4557 XI,
1473 4493 1547 4562 4).
1594 4492 1731 4547 Ecce
1754 4490 1890 4544 sicut
1919 4489 2075 4542 I'ater
2104 4500 2155 4561 υ
2180 4496 2321 4563 [gms
2347 4527 2375 4563 η
2408 4510 2561 4565 patre
2586 4512 2892 4566 subﬂauum
2921 4526 3023 4566 non
3053 4512 3154 4565 nisi
3177 4511 3244 4566 ab
3271 4506 3569 4565 Atinam”
3590 4517 3695 4573 per-

525 4595 803 4654 invisibilis
823 4601 922 4655 est,
947 4593 1015 4645 ita
1041 4590 1198 4645 etiam
1222 4597 1274 4642 et
1298 4585 1462 4640 Filius
1484 4582 1765 4637 invenitur.
1798 4579 2074 4646 Quomodo

526 4709 554 4745 a
582 4689 751 4754 vobis,
791 4687 844 4740 in
871 4699 936 4739 eo
963 4680 1103 4752 quod
1148 4697 1242 4749 pro
1282 4678 1433 4733 nobis
1480 4673 1762 4733 carna1iter
1805 4685 1866 4727 se
1908 4668 2072 4725 videri

526 4786 768 4852 dignatus
797 4788 898 4846 est,
930 4778 1083 4831 Patre
1112 4774 1329 4829 inferior.
1354 4767 1661 4841 judicatur?

1098 4882 1321 4939 CAPUT
1361 4881 1495 4935 XXI.
1527 4888 1541 4907 ’

532 5004 637 5074 Ego
665 5017 774 5070 qua:
797 5006 909 5052 sunt
938 4998 981 5051 ei
1010 4995 1195 5065 placita
1223 4992 1355 5061 facio
1385 5005 1596 5056 semper,
1630 4986 1877 5055 quomodo
1902 4984 2074 5037 decla-

1220 5074 1373 5114 retur.

595 5189 651 5242 Si
686 5186 777 5239 tAbi
811 5182 1100 5250 objecerint
1140 5177 1279 5248 quod
1321 5176 1487 5245 Filius
1527 5175 1595 5230 de
1645 5174 1801 5229 Patre
1840 5170 2071 5227 dixerit:

530 5278 639 5343 Ego
658 5289 772 5343 qua:
793 5279 915 5326 sunt
942 5269 989 5323 ei
1013 5267 1198 5336 placita
1230 5266 1363 5321 facio
1386 5280 1593 5334 semper
1613 5262 1792 5333 (Joan.
1818 5277 1933 5328 vut,
1956 5260 2071 5328 29).

598 5361 755 5431 381
788 5357 1085 5425 Responsio.
1112 5358 1165 5411 Si
1181 5357 1255 5411 'ad
1284 5357 1607 5426 obsequium
1639 5354 1757 5408 Filii
1796 5352 2076 5408 volueritis

530 5451 798 5518 redigere,
820 5463 929 5516 quo
952 5447 1151 5502 dicatis
1166 5461 1291 5500 cum
1318 5446 1461 5498 Patri
1498 5460 1617 5499 esse
1647 5445 1973 5512 subjectum,
1992 5443 2079 5498 ni-

533 5539 825 5595 hilominus
859 5546 913 5593 et
940 5538 1005 5592 de
1031 5538 1187 5592 Patre
1212 5535 1388 5591 simile
1419 5534 1956 5604 profertisjudicium
1982 5532 2077 5603 qui

534 5630 585 5680 in
612 5628 913 5695 Scriptunis
943 5627 1146 5681 sanctis
1173 5626 1308 5682 Filio
1336 5625 1499 5679 etiam
1535 5627 1633 5679 hoc
1659 5624 1821 5678 tnodo
1852 5623 2081 5678 docetur

535 5718 825 5776 praebuisse
850 5718 1191 5783 obsequium,
1218 5719 1350 5775 Isaia
1380 5717 1638 5785 propheta
1662 5716 1877 5769 dicente
1908 5729 1923 5770 :
1956 5713 2080 5769 Ilaec

2185 4598 2302 4650 Iidia
2328 4598 2609 4666 jndicatur.
2736 4666 2777 4720 Ε
2792 4667 2955 4723 ‘PUT
2992 4648 3179 4721 xxmt

2186 4755 2469 4809 Psalmistw
2494 4757 2633 4809 locus
2656 4757 2985 4877 declarare
3007 4756 3250 4836 Dominus
3269 4754 3391 4823 regit
3409 4768 3499 4817 me,
3526 4762 3568 4803 et
3586 4744 3695 4799 nihil

2793 4842 2861 4877 mi
2881 4843 2913 4877 tt
2981 4835 3118 4877 cent.

2793 4835 2913 4879 mihi
2946 4835 3118 4879 deerit.

2254 4915 2309 4969 Si
2341 4914 2429 4968 tibi
2461 4914 2688 4967 dixerint
2734 4916 2853 4983 quia
2886 4914 3138 4982 prepbeta
3158 4904 3229 4965 {in
3278 4923 3493 4978 persona
3521 4902 3692 4960 Chriin

2179 5002 2408 5058 dixerit:
2454 5003 2704 5058 Dominus
2746 5014 2890 5071 reget
2932 5018 3035 5070 me,
3088 5002 3207 5057 ideo
3250 5001 3422 5055 minor
3462 5008 3537 5051 est
3564 4996 3693 5047 Patre

2181 5090 2348 5163 (Ps-al.
2380 5107 2505 5156 χιιι,
2537 5092 2598 5161 ι).
3616 5078 3619 5083 ί
3702 5078 3707 5081 ⁷

2251 5180 2548 5251 Responsio.
2572 5180 2718 5247 Quod
2745 5194 2773 5233 a
2799 5180 3081 5249 semetipso
3103 5188 3316 5248 regatur
3344 5176 3519 5239 Filius,
3541 5184 3589 5227 et
3606 5187 3693 5226 non

2179 5270 2244 5323 ab
2271 5270 2395 5335 alio,
2451 5268 2717 5323 Mielta-am
2760 5269 2879 5323 audi
2917 5267 3249 5339 prOphetam,
3291 5281 3383 5335 per
3403 5261 3695 5333 quem‘Dctts

2185 5356 2339 5410 Pater
2362 5358 2499 5411 unici
2542 5358 2620 5410 sui
2654 5357 2935 5425 potentiam
2964 5356 3053 5409 tali
3098 5355 3344 5425 dignatus
3371 5362 3453 5407 eSt
3493 5348 3695 5421 promul-

2182 5458 2307 5513 gare
2335 5446 2593 5502 scntentia
2620 5461 2633 5496 :
2679 5444 2743 5498 Et
2767 5453 2844 5506 tu,
2879 5443 3168 5507 Bethleem,
3200 5453 3335 5497 terra
3357 5442 3507 5503 Juda,
3530 5436 3691 5507 inquit.

2184 5551 2513 5604 nequaquam
2542 5535 2757 5588 miniata
2786 5550 2843 5589 es
2872 5536 2923 5587 in
2954 5534 3185 5587 millibus
3213 5532 3346 5587 Juda
3370 5550 3383 5585 :
3410 5548 3468 5587 ex
3503 5540 3549 5582 te
3574 5525 3694 5580 enim

2184 5627 2392 5694 prodic-t
2420 5626 2532 5679 Ile:
2564 5625 2651 5694 qtti
2683 5634 2829 5695 regat
2856 5624 3099 5692 populum
3131 5640 3302 5678 meum
3336 5619 3492 5676 Israel
3532 5616 3694 5688 (Μὲσοιι.

2152 5729 2237 5796 ¹ν,
2262 5714 2338 5787 ἓ).
2394 5715 2455 5769 Et
2499 5714 2549 5769 itt
2584 5712 2893 5783 Apocalypsi
2940 5732 2950 5764 :
2994 5713 3171 5783 Agnus
3212 5712 3315 5781 qui
3344 5721 3421 5765 est
3449 5711 3500 5763 iu
3544 5704 3696 5759 medio
