3856 6222
197 221 310 273 δςθ
1326 220 1596 276 CONTRA
1638 207 2039 281 vanmtnuu
2077 226 2202 282 Ltn.
2238 228 2277 286 ι.
2766 228 2772 237 “
2918 246 2929 255 υ
3327 242 3430 297 δῖο

196 312 391 386 throni
425 341 575 402 reget
603 348 717 397 eos,
765 340 817 386 ct
844 331 1088 385 ducatum
1132 332 1230 386 illis
1279 334 1530 401 pra:bebit
1560 336 1623 388 ad
1655 335 1774 388 vita:
1804 341 1848 397 Α
1880 347 2193 405 potestatem
2222 327 2702 411 hane'univcrsam.
2730 356 2783 405 et
2805 350 3020 419 gloriam
3053 349 3277 414 illorum,
3310 354 3428 420 quia

196 420 385 474 fontes
410 438 669 491 aquarum
703 422 880 491 (Apoc.
924 436 1016 485 vu,
1053 422 1161 490 l7).
1216 424 1278 475 Et
1316 424 1364 477 in
1408 423 1541 478 libro
1571 425 1778 479 Maelta-
1884 430 2012 483 mihi
2041 430 2235 485 tradita
2266 442 2411 501 sunt,
2459 443 2513 490 et
2541 438 2623 491 cui
2651 440 2870 494 voluero
2896 440 2965 495 du
3000 441 3085 494 illa
3112 460 3124 493 :
3153 450 3205 493 tu
3236 457 3361 510 ergo
3386 444 3428 495 si

152 572 159 577 _
196 506 454 574 lucorum
488 511 643 579 :lpse
685 510 839 564 Pater
879 518 1076 576 noster,
1124 511 1235 578 ipse
1265 510 1374 565 Rex
1417 524 1614 581 uoster,
1666 513 1779 600 ipse
1882 521 2189 580 adoraveris
2214 538 2392 579 coram
2426 543 2532 591 we,
2583 540 2737 585 erunt
2783 540 2869 585 tua
2915 533 3109 586 omnia.
3144 532 3432 602 Respondit

194 606 354 663 τοςοι
386 612 490 651 nos
519 598 572 650 ill
614 597 827 651 sazcula.
878 597 1184 665 Flagellavit
1233 599 1371 652 enim
1416 614 1513 654 nos
1563 595 1778 670 propter
1881 611 2053 677 Iesus,
2083 622 2137 668 et
2181 614 2312 670 dixit
2354 617 2429 671 illi
2454 636 2467 670 ε
2492 618 2754 689 Scriptum
2786 616 2887 690 ésl,
2942 623 3216 678 Dominum
3264 625 3429 679 Deum

195 681 524 752 iniquitates
569 694 805 749 nostras,
854 683 945 738 sed
970 686 1178 754 lterum
1228 686 1563 741 miserebitur
1610 690 1775 742 nostri
1883 708 2025 753 tuum
2048 701 2306 769 adorabis,
2348 715 2403 759 οι
2429 706 2502 760 ini
2533 681 2630 761 εοή
2657 709 2852 764 serviet
2873 681 3085 780 '(Mauli,
3111 726 3182 777 ιν,
3218 712 3328 779 10),
3364 712 3430 766 Et

196 774 288 847 (ΙΙ
330 777 522 829 Much.
557 793 649 841 vn,
680 775 799 841 εξ).
843 775 909 829 Et
938 776 987 830 in
1019 778 1220 846 psalmo
1264 778 1664 847 quadragesimo
1692 794 1775 835 se-

198 868 380 932 ptimo
417 866 600 934 (Verr.
638 868 724 937 15)
751 885 764 919 :
809 851 899 919 llic
927 874 1009 920 est
1042 866 1179 920 Deus
1210 876 1387 921 noster
1416 868 1467 921 in
1495 876 1772 934 a'ternum,

195 966 250 1009 et
284 956 340 1008 iu
368 957 633 1010 gerulum
665 956 862 1018 su~culi,
896 966 948 1010 et
976 957 1087 1025 ipsc
1110 965 1255 1024 reget
1280 970 1374 1010 nos
1402 955 1453 1009 in
1473 959 1685 1041 saecula.
1714 961 1776 1013 Et

196 1046 250 1097 iu
284 1046 561 1113 vigesimo
584 1047 808 1113 septimo
834 1044 1007 1113 (Vera.
1039 1047 1092 1113 9)
1128 1062 1140 1097 :
1174 1046 1313 1115 Rege
1341 1061 1454 1115 eos,
1502 1058 1555 1102 et
1583 1050 1776 1105 extolle

198 1121 327 1189 illos
352 1149 536 1203 usque
558 1135 609 1188 in
635 1135 903 1189 sacculum.
936 1135 989 1189 Si
1021 1136 1158 1188 enim
1190 1135 1371 1203 Filius,
1402 1147 1456 1189 ut
1484 1138 1580 1204 ipsi
1604 1139 1776 1206 suspi-

195 1221 432 1284 camini,
459 1237 491 1275 a
521 1222 806 1291 semetipso
834 1237 934 1275 non
958 1224 1172 1291 regitur,
1204 1224 1393 1278 frustra
1421 1226 1531 1281 ilex
1560 1226 1795 1293 dicitur,

1881 805 2090 844 rursum
2120 791 2185 845 de
2214 793 2436 861 leprosis
2465 795 2727 851 mundatis
2771 798 2898 853 dicit
2925 816 2939 853 :
2972 799 3119 855 Unus
3166 808 3338 854 autem
3361 815 3427 853 cit

1878 876 1999 944 illis,
2051 891 2102 934 ut
2145 881 2274 957 vidit
2300 885 2417 953 quia
2463 885 2744 941 mundatus
2784 899 2884 953 rst,
2931 904 3176 945 reversus
3201 900 3281 944 est
3307 905 3447 945 cum

1880 981 2066 1035 magna
2098 983 2226 1024 voco
2254 972 2595 1041 magnificans
2626 975 2813 1052 Deum,
2852 983 2907 1031 et
2948 978 3134 1032 cecidit
3170 979 3232 1033 ad
3265 980 3428 1048 pedes

1877 1056 2013 1124 ejus,
2043 1059 2237 1128 gratias
2257 1076 2437 1131 agens,
2465 1075 2517 1117 et
2545 1064 2627 1118 hic
2649 1074 2763 1118 erat
2785 1064 3167 1126 Samaritanus.
3189 1068 3428 1145 Respon~

1878 1145 2008 1200 dens
2029 1157 2204 1202 autem
2230 1150 2405 1218 Jesus,
2428 1152 2556 1205 dixit
2581 1152 2792 1208 :Nonne
2817 1153 2999 1208 dc'crm
3024 1154 3252 1209 mandati
3275 1165 3425 1209 sunt:

1878 1249 2067 1289 novem
2098 1237 2181 1291 ubi
2210 1240 2368 1293 sunt?
2397 1240 2512 1295 Non
2542 1253 2621 1295 est
2649 1243 2890 1298 inventus
2919 1260 2984 1300 ex
3014 1244 3127 1299 illis
3157 1246 3243 1314 qui
3281 1246 3425 1300 redi-

198 1300 281 1365 vel
320 1312 494 1381 Regis
527 1312 685 1367 Filius
710 1314 999 1382 appellatur
1027 1333 1039 1367 :
1064 1317 1309 1383 quoniam
1332 1330 1520 1369 nomen
1549 1316 1702 1386 Regis
1722 1327 1777 1372 et

196 1401 488 1473 dignitatis
518 1420 622 1459 non
652 1404 751 1458 nisi
781 1419 810 1457 a
840 1406 1071 1473 regendo
1103 1405 1234 1459 alios
1264 1407 1654 1475 comprobatur.

775 1494 995 1549 CAPUT
1039 1496 1227 1551 XXIV.

205 1584 473 1640 Minorem
517 1585 722 1657 Patrem
754 1585 886 1639 Filio
920 1589 1335 1653 quemadmodum
1379 1590 1547 1642 dicant
1574 1592 1768 1657 Ariani,

272 1672 343 1707 ea:
376 1673 441 1709 eo
476 1658 614 1724 quod
645 1655 870 1711 Christus
900 1666 1092 1709 tantum
1121 1660 1184 1711 sit
1212 1674 1243 1710 a
1270 1660 1475 1713 diabolo
1500 1662 1550 1713 in
1582 1655 1772 1715 deserto

274 1826 448 1894 383
481 1826 538 1882 Si
570 1826 660 1880 tibi
686 1826 947 1880 dixerint:
972 1825 1095 1884 Ideo
1116 1825 1254 1881 Patri
1279 1827 1438 1881 Filius
1467 1845 1570 1883 non
1598 1845 1772 1898 τρίψει-

203 1924 317 1980 tur,
348 1917 477 1983 quia
512 1916 625 1983 ipse
651 1916 795 1969 solus
822 1926 902 1970 est
924 1930 952 1968 a
974 1915 1184 1970 diabolo
1213 1916 1263 1969 in
1286 1917 1494 1979 deserto
1522 1926 1769 1973 tentatus.

276 2006 595 2073 Responsio.
626 2005 737 2058 Non
764 2005 902 2060 enim
945 2006 1192 2060 divinitas
1215 2006 1333 2060 Filii
1361 2008 1633 2063 diabolicte
1659 2020 1772 2064 ten-

206 2095 401 2149 tationi
436 2097 716 2164 sulijaruit,
738 2096 827 2151 sed
846 2097 897 2151 in
922 2098 1031 2151 sola
1056 2113 1213 2152 carne
1244 2107 1471 2153 tentatus
1489 2110 1588 2163 est,
1614 2117 1769 2170 quam

204 2188 275 2241 de
299 2189 539 2255 Virginis
567 2199 714 2242 utero
738 2189 1012 2257 dignanter
1032 2190 1336 2257 assumpsit,
1363 2193 1615 2258 Apostolo
1642 2202 1772 2247 atte-

206 2284 388 2329 stante
419 2295 433 2328 :
467 2276 521 2329 lu
551 2292 616 2331 eo
644 2279 780 2346 quod
822 2294 1006 2345 passus
1033 2288 1113 2334 est
1143 2279 1391 2333 obcdiens
1432 2280 1619 2344 factus,
1659 2290 1772 2335 ten-

213 2377 354 2419 tatus
385 2377 471 2420 est
495 2386 507 2419 :
535 2384 653 2422 nam
687 2379 869 2437 potens
909 2380 990 2424 est
1028 2373 1125 2437 eis,
1165 2372 1251 2439 qui
1292 2380 1574 2437 tentantur,
1625 2374 1772 2427 auxi-

210 2456 329 2509 liuri
362 2457 553 2526 (Hebr.
586 2473 645 2521 tt,
697 2458 806 2523 18).
858 2459 982 2513 Nam
1014 2475 1131 2514 cum
1164 2460 1237 2514 illi
1269 2469 1496 2515 tentatur
1536 2462 1770 2517 diabolus

210 2545 422 2600 dici-ret
446 2563 461 2601 :
485 2549 635 2603 mitte
666 2557 715 2603 te
743 2547 1008 2613 deorsum,
1061 2550 1131 2604 ita
1162 2566 1282 2605 eum
1309 2552 1472 2605 semel
1500 2562 1553 2606 et
1582 2553 1768 2607 iterum

212 2632 427 2701 ﬂagello
455 2650 569 2690 sua:
600 2640 954 2705 responsionis
982 2632 1231 2706 coercuit,
1264 2642 1442 2696 dicens
1468 2659 1479 2694 :
1504 2642 1613 2697 Non
1649 2653 1769 2698 ten-

212 2724 353 2779 tabis
402 2725 682 2780 Dominum
720 2728 881 2781 Deum
911 2738 1055 2781 tuum
1099 2747 1112 2783 :
1148 2740 1231 2797 et,
1285 2731 1559 2785 Dominum
1606 2733 1769 2788 Dcutn

215 2814 493 2881 adorabis,
525 2828 580 2873 et
607 2818 676 2871 ilsi
704 2819 799 2872 soli
827 2822 1023 2875 servies
1052 2820 1264 2891 (Matth.
1298 2838 1368 2890 iv,
1394 2824 1471 2888 7).
1504 2824 1634 2879 llinc
1667 2840 1769 2880 non

215 2906 433 2976 ambigo
460 2918 515 2961 et
540 2909 788 2964 lacubum
830 2911 1022 2965 dix‘sse
1050 2912 1359 2981 Apostolum
1386 2932 1396 2967 :
1424 2914 1559 2969 Deus
1596 2918 1767 2970 autem

216 2998 513 3053 iiitentator
540 3001 793 3054 malorum
820 3011 901 3056 est
926 3003 1059 3071 (Jac.
1087 3019 1123 3067 ι,
1153 3004 1259 3072 15).
1289 3004 1354 3058 Et
1379 3005 1429 3057 in
1456 3006 1764 3074 Evangelia:

216 3089 363 3165 Tunc
395 3091 517 3143 veni
556 3100 670 3146 ntes
705 3094 768 3145 ad
798 3093 974 3147 Jcsum
1018 3093 1266 3147 Pharisaei
1308 3109 1426 3148 cum
1459 3094 1769 3169 llerodianis

214 3164 505 3233 dicebant:
534 3181 799 3248 MagiStcr,
844 3182 1039 3235 scimus
1068 3182 1189 3250 quia
1220 3196 1376 3235 verax
1418 3198 1497 3247 es,
1546 3192 1599 3238 et
1632 3184 1766 3239 viam

216 3265 306 3320 Dei
339 3268 392 3319 in
432 3268 654 3321 veritate
691 3267 846 3321 doces
879 3284 892 3320 ε
933 3283 1035 3321 ιιοη
1087 3270 1282 3339 accipis
1329 3282 1630 3337 personam,
1678 3281 1769 3327 aut

213 3367 334 3406 cura
369 3354 463 3407 tibi
506 3363 586 3407 est
616 3354 681 3407 de
724 3355 898 3423 aliquo
928 3359 952 3407 ‘:
990 3356 1113 3410 licet
1154 3358 1325 3417 nobis,
1351 3352 1595 3413 tributum
1637 3360 1769 3415 dare

210 3440 431 3505 Cesari,
465 3458 531 3497 an
561 3444 698 3497 non?
728 3444 837 3498 lloc
866 3454 1041 3499 autem
1067 3434 1332 3510 dicebant,
1362 3454 1624 3502 tentantes
1645 3463 1764 3501 eum

172 3597 178 3603 ψ
214 3540 269 3584 ut
299 3543 519 3599 possent
545 3540 793 3588 accusare
836 3549 953 3593 eum
981 3533 1167 3604 (Marc.
1206 3550 1299 3599 xu,
1342 3536 1451 3605 lli),
1497 3548 1598 3591 etc.
1642 3536 1767 3591 Cer-
1800 3555 1804 3559 ‘

212 3621 387 3687 nisne,
420 3622 711 3689 incredule,
741 3624 858 3691 quia
887 3624 931 3677 is
968 3624 1239 3677 tentationi
1269 3623 1546 3698 subjacuit,
1588 3625 1705 3694 quia
1735 3640 1766 3680 a

213 3706 409 3765 Judteis
434 3710 692 3779 ﬂagellari
724 3726 825 3765 non
855 3711 1072 3765 abnuit?
1466 3704 1473 3711 ’

772 3806 995 3863 CAPUT
1033 3807 1205 3864 XXV.

275 3893 468 3948 Filium
489 3882 671 3964 negant
696 3896 939 3949 Ananiae
976 3897 1175 3965 praprie
1213 3895 1374 3949 Deum
1402 3898 1701 3967 nominasse.

281 3969 347 4047 Si,
367 4004 548 4047 autem
581 3994 805 4048 dixerint
831 4012 843 4045 :
874 3994 967 4049 Ubi
1016 3993 1244 4062 seipsum
1289 3995 1454 4049 Filius
1482 3996 1571 4050 Dei
1600 3996 1761 4051 Deum

213 4082 425 4150 proprie
453 4083 825 4137 nominaverit.

281 4171 584 4235 Responsio.
615 4172 737 4227 Haec
782 4175 1070 4242 propositio
1099 4184 1273 4229 vestra
1304 4190 1457 4242 quam
1499 4176 1656 4230 stulta
1692 4178 1762 4230 sit

212 4267 262 4310 et
284 4275 440 4325 quam
469 4277 498 4312 a
524 4262 730 4331 ratione
775 4256 1008 4319 veritatis
1036 4265 1240 4335 longius
1284 4275 1553 4336 evagetur.
1598 4260 1756 4322 etiam

213 4349 455 4405 tardioris
478 4348 673 4419 ingenii
700 4353 938 4443 homines
963 4354 1258 4424 intelligunt
1285 4370 1346 4410 ac
1375 4356 1621 4410 refellunt
1646 4375 1657 4407 :
1684 4358 1753 4410 illi
1781 4386 1833 4443 υ

211 4438 412 4493 scilicet
454 4441 542 4507 qui
577 4441 664 4493 Dei
698 4433 881 4496 Filium
914 4443 1073 4498 Deum
1098 4442 1257 4513 385.
1286 4459 1463 4498 verum
1492 4452 1544 4498 et
1574 4459 1752 4498 verum

212 4522 476 4580 hominem
506 4528 822 4583 conﬁtentur
844 4547 859 4585 :
882 4531 994 4586 Non
1017 4532 1155 4584 enim
1179 4532 1296 4600 quia
1322 4547 1535 4586 carnem
1565 4533 1750 4601 induit,

213 4610 349 4666 Deus
372 4629 492 4668 esse
520 4617 693 4680 desiit,
723 4618 815 4672 sed
847 4620 897 4672 in
926 4620 1137 4673 homine
1164 4635 1288 4673 vero
1312 4621 1451 4676 Deus
1479 4636 1632 4675 verus
1661 4638 1754 4690 ap-

212 4703 401 4767 paruit,
432 4702 635 4758 Joanne
664 4706 899 4772 apostolo
946 4715 1227 4760 attestante
1271 4724 1284 4759 :
1318 4708 1424 4762 Hic
1470 4718 1551 4762 est
1593 4724 1750 4764 vcrus

212 4786 433 4845 Deus'et
461 4792 566 4844 vita
594 4804 785 4847 aeterna
816 4793 866 4862 (1
899 4792 1053 4848 Joan.
1080 4811 1131 4861 v,
1161 4795 1273 4865 20).
1310 4795 1365 4851 Si
1395 4811 1518 4850 vero
1548 4797 1633 4850 ubi
1665 4813 1749 4853 se-

214 4875 383 4944 ipsum
426 4879 591 4933 Filius
628 4882 787 4935 Deum
832 4883 1041 4949 proprie
1088 4878 1747 4947 nominaverit,‘desideras

212 4978 383 5030 nosse,
409 4970 714 5038 evangelico
741 4970 900 5024 verbo
927 4970 1174 5026 condisce
1218 4989 1231 5023 :
1274 4972 1337 5025 Et
1363 4974 1579 5040 rogabat
1624 4989 1743 5027 eum

211 5050 305 5119 vir,
338 5056 525 5125 inquit,
564 5071 593 5109 a
619 5074 722 5126 quo
750 5058 1003 5112 dtemonia
1033 5056 1287 5127 exierant,
1336 5070 1392 5114 ut
1425 5077 1543 5116 cum
1573 5076 1636 5115 eo
1661 5077 1745 5116 es-

209 5152 287 5193 set
309 5160 322 5195 :
346 5144 544 5198 dimisit
574 5156 749 5199 autem
776 5162 895 5201 eum
940 5147 1092 5202 Jesus
1127 5149 1342 5204 dicens:
1382 5149 1522 5205 Vade
1566 5150 1617 5204 in
1644 5152 1739 5205 do-

214 5242 348 5283 mum
379 5242 540 5294 tuam,
587 5243 641 5287 et
676 5250 829 5287 narra
867 5244 1056 5303 quanta
1098 5235 1191 5289 tibi
1239 5236 1417 5291 fecerit
1446 5238 1599 5292 Deus.
1648 5238 1741 5293 ille

211 5326 381 5373 autem
450 5321 579 5374 abiit
631 5338 723 5389 per
777 5323 1071 5377 universam
1122 5325 1383 5394 civitatem
1450 5328 1744 5395 praedicans

211 5419 393 5473 quanta
422 5410 498 5463 illi
528 5410 739 5467 fecisset
764 5411 917 5466 Jesus
946 5413 1094 5481 (Luc.
1127 5416 1237 5479 viti,
1267 5415 1377 5482 39).
1426 5413 1489 5469 Et
1517 5418 1703 5469 iterum
1732 5433 1744 5467 :

216 5495 398 5551 Eduxit
440 5514 559 5554 eum
590 5501 852 5565 diabolus,
898 5509 951 5557 et
986 5504 1213 5558 ostendit
1252 5505 1326 5559 illi
1364 5506 1537 5559 omnia
1585 5522 1745 5575 regna

217 5591 363 5643 terra:
393 5590 446 5644 in
489 5602 755 5648 momento
795 5593 1064 5664 temporis,
1110 5603 1165 5651 et
1203 5595 1275 5651 ait
1317 5596 1431 5653 illi:
1462 5598 1575 5655 Tibi
1610 5598 1744 5656 dabo

1878 1318 1959 1382 ret
1985 1338 2035 1381 et
2067 1328 2217 1385 daret
2249 1331 2471 1411 gloriam
2519 1335 2646 1400 Deo,
2686 1336 2783 1391 nisi
2824 1338 2908 1392 hic
2956 1328 3243 1407 alienigena
3274 1338 3423 1410 (Luc.

1877 1434 2001 1480 xvrt.
2039 1421 2152 1487 ιδῃ
2201 1423 2334 1478 Ecce
2365 1410 2706 1496 ubiseipsum
2740 1429 2898 1483 Deum
2933 1430 3019 1485 Dei
3069 1431 3144 1484 Fil
3169 1446 3230 1485 us
3253 1432 3425 1485 nomi-

1878 1511 2043 1577 navit,
2075 1514 2157 1567 cui
2192 1513 2299 1569 Deo
2329 1518 2370 1569 is
2396 1517 2482 1584 qui
2514 1519 2790 1574 mundatus
2815 1530 2895 1575 est
2923 1523 3114 1590 gratias
3141 1524 3323 1578 retulit
3344 1523 3426 1577 rc-

1877 1594 2109 1656 vertens.
2157 1602 2217 1656 Et
2249 1605 2439 1666 iterum
2467 1625 2480 1660 :
2507 1608 2629 1662 Erat
2654 1610 2862 1677 quidam
2904 1610 3061 1665 homo
3103 1613 3153 1666 iu
3201 1615 3423 1682 quadam

1802 1691 1847 1752 Β
1875 1691 2109 1759 civitate,
2140 1696 2228 1762 qui
2262 1695 2423 1751 Deum
2452 1713 2554 1751 non
2586 1700 2824 1766 timebat,
2856 1716 2952 1756 nec
2983 1704 3247 1758 hominem
3276 1722 3425 1760 revec

1878 1779 2158 1836 rebatur...
2193 1782 2361 1839 Vidua
2387 1786 2626 1855 qua'dam
2666 1799 2778 1843 erat
2819 1791 2870 1846 in
2920 1792 3005 1846 illa
3034 1793 3263 1872 civitate,
3307 1811 3453 1867 qua:

1875 1873 2109 1940 quotidie
2149 1877 2390 1934 veniebat
2427 1878 2493 1933 ad
2532 1895 2685 1944 eum,
2730 1883 2910 1938 dicens
2946 1902 2958 1937 ε
3004 1885 3217 1941 “ndica
3250 1903 3333 1943 me
3359 1890 3424 1943 ab

1875 1963 2180 2018 adversario
2203 1981 2341 2042 meo,
2391 1977 2445 2023 et
2474 1970 2683 2031 nolebat
2728 1988 2824 2041 per
2848 1967 3065 2029 multum
3098 1985 3301 2044 tempus
3332 1999 3341 2029 :
3372 1980 3423 2032 in

1874 2067 1933 2107 se
1955 2063 2133 2110 autem
2159 2073 2402 2113 reversus
2425 2060 2558 2116 dixit
2582 2079 2595 2114 :
2626 2060 2686 2117 Et
2712 2063 2755 2117 si
2789 2065 2947 2119 Deum
2979 2081 3081 2121 non
3110 2068 3289 2133 timeo,
3328 2086 3423 2124 nec

1876 2146 2141 2200 hominem
2169 2163 2438 2219 revereor,
2460 2142 2632 2208 tamen
2651 2154 2768 2223 quia
2788 2157 3007 2213 molesta
3028 2170 3106 2215 est
3124 2162 3248 2216 mihi
3274 2164 3423 2217 valde

1876 2235 2006 2301 luce,
2026 2236 2298 2293 vindicabo
2313 2240 2453 2294 illam
2477 2258 2540 2296 ne
2566 2245 2613 2297 in
2629 2245 2916 2301 novissimo
2941 2251 3158 2305 veniens
3177 2254 3422 2323 suggillet

1875 2340 1979 2380 me.
2031 2327 2372 2397 Respondens
2414 2344 2585 2386 autem
2626 2336 2802 2400 Iesus,
2842 2337 3008 2393 dixit:
3038 2341 3269 2397 Audistis
3297 2346 3421 2411 quid

1869 2416 2030 2485 judex
2059 2416 2350 2489 iniquitatis
2377 2422 2541 2478 dicit?
2586 2425 2723 2481 Deus
2748 2438 2921 2484 autem
2970 2447 3073 2485 non
3119 2432 3271 2489 faciet
3300 2437 3418 2489 vin-

1873 2507 2065 2562 dictam
2108 2525 2379 2567 servorum
2419 2528 2634 2570 suorum
2677 2518 3011 2574 clamantium
3054 2523 3118 2576 ad
3165 2538 3223 2578 se
3248 2524 3334 2580 die
3360 2542 3419 2581 ac

1874 2606 2047 2663 nocte,
2074 2608 2126 2653 et
2150 2601 2452 2675 patientiam
2482 2605 2693 2660 habebit
2716 2609 2768 2662 iu
2813 2609 2948 2663 illis?
2992 2612 3158 2667 Amen
3184 2614 3302 2668 dico
3328 2632 3419 2672 vo-

1874 2685 1976 2751 bis,
2003 2687 2120 2755 quia
2149 2688 2307 2744 faciet
2332 2693 2614 2749 vindietam
2642 2712 2824 2751 eorum
2855 2699 2962 2754 cito
2986 2701 3137 2769 (ιᾳε.
3163 2719 3306 2769 xvm,
3337 2704 3420 2775 2);

1875 2774 1996 2830 Ideo
2024 2784 2188 2832 totum
2223 2789 2419 2836 textum
2451 2785 2711 2850 parabolae
2732 2787 2891 2865 hujus
2924 2792 3209 2865 posuimus,
3249 2804 3305 2847 ut
3332 2774 3418 2849 Fi-

1872 2866 1997 2921 lium
2028 2869 2113 2923 ubi
2147 2886 2206 2925 se
2232 2872 2394 2927 Deum
2433 2878 2645 2951 proprie
2681 2881 2970 2954 nominavit
3014 2883 3203 2940 dolere
3246 2871 3419 2954 passi?
3504 2884 3509 2888 ’

1872 2970 2024 3014 mus:
2050 2974 2153 3013 non
2179 2962 2319 3016 enim
2342 2975 2512 3031 potest
2533 2952 2691 3039 385
2715 2970 2853 3025 Patri
2882 2972 2991 3028 haec
3013 2952 3267 3029 sententia
3289 2975 3417 3032 con-

1796 3046 1841 3109 C
1874 3048 2081 3113 venire,
2132 3052 2377 3119 quoniam
2428 3056 2480 3109 in
2526 3058 2781 3126 judicium
2833 3061 2995 3117 Filius
3038 3072 3118 3119 est
3166 3057 3415 3120 venturus

1870 3137 2088 3207 injurias
2110 3157 2380 3200 servorum
2408 3161 2623 3203 suorum
2654 3151 2939 3208 vindicare.
2960 3155 3226 3211 Etiterum
3245 3157 3413 3213 Evan-

1869 3229 2053 3295 gelista
2075 3231 2237 3287 dicit:
2269 3234 2473 3290 Etcum
2507 3239 2835 3297 recubuisset
2861 3244 3070 3309 iterum,
3102 3246 3232 3301 dixit
3254 3250 3413 3305 disci-

1869 3319 2004 3387 pulis
2030 3322 2137 3376 suis
2161 3339 2174 3376 :
2201 3324 2359 3379 Scitis
2381 3327 2504 3395 quid
2538 3328 2751 3385 fecerim
2778 3334 2943 3399 vobis,
2985 3351 3079 3392 vos
3104 3353 3185 3391 me
3212 3343 3411 3398 vocatis

1805 3428 1809 3433 λ
1836 3442 1853 3460 ρ
1868 3399 2116 3495 magister
2136 3422 2188 3466 et
2204 3412 2442 3479 Domine,
2464 3426 2516 3472 et
2538 3419 2672 3475 bene
2693 3421 2899 3480 dicitis:
2925 3440 3042 3481 sum
3068 3428 3206 3501 enim
3230 3426 3421 3501 (Jonn.
3494 3442 3512 3452 “

1868 3512 1981 3599 sint,
2011 3498 2123 3599 μὶ).
2152 3501 2216 3561 Et
2244 3504 2295 3557 in
2327 3505 2500 3562 Marco
2539 3512 2864 3579 respondens
2906 3510 3104 3599 ειεξίςιιε,Ἴ
3130 3498 3303 3576 dixit:
3331 3526 3410 3579 Ad

1865 3587 2108 3642 duritiam
2135 3592 2313 3647 cordis
2337 3597 2495 3650 vestri
2524 3600 2737 3667 scripsit
2763 3602 2911 3657 vobis
2938 3596 3253 3676 prmceptum
3282 3611 3411 3667 illud

1864 3675 2091 3746 Moyses,
2122 3680 2187 3735 ab
2215 3681 2362 3736 initio
2392 3694 2566 3740 autem
2593 3702 2844 3744 creatum
2866 3675 3152 3751 masculum
3180 3708 3234 3753 et
3259 3699 3407 3755 femi-
3493 3680 3503 3690 ’

1865 3781 1984 3819 nam
2016 3767 2137 3822 fecit
2162 3785 2251 3824 eos
2274 3772 2336 3825 Di
2355 3788 2415 3827 us
2441 3774 2627 3846 (Marc.
2643 3796 2694 3847 x,
2718 3782 2790 3851 5).
2817 3782 2879 3836 Et
2906 3775 3095 3840 iterum
3118 3792 3407 3857 responde-

1863 3870 1984 3913 runt
2014 3860 2202 3928 Judaai,
2252 3874 2305 3917 et
2329 3866 2570 3921 dixerunt
2598 3888 2609 3921 :
2636 3872 2738 3925 Nos
2766 3872 2832 3928 de
2861 3874 3001 3929 bono
3031 3891 3190 3946 opere
3210 3878 3324 3936 non
3356 3867 3409 3938 te

1863 3947 2176 4037 lapidamus,
2218 3953 2309 4005 sed
2338 3954 2402 4008 de
2430 3955 2774 4027 blasphemia,
2820 3964 2940 4030 quia
2963 3978 3088 4020 .cum
3118 3967 3190 4022 sis
3222 3968 3406 4037 homo,

1864 4037 1988 4128 facis
2013 4034 2233 4127 teipsum
2258 4042 2421 4098 Deum
2446 4044 2617 4116 (Joan.
2646 4065 2698 4113 x,
2716 4048 2822 4120 55).
2842 4051 2973 4106 Cum
2995 4055 3151 4124 igitur
3172 4034 3414 4128 seipsuniv

1862 4126 2023 4182 Deum
2046 4117 2118 4184 'et
2150 4132 2681 4206 Dominum_appellat
2705 4179 2719 4204 ,
2749 4117 3083 4210 quarehillu'tn
3112 4162 3206 4202 vos
3234 4117 3404 4206 mino-

1860 4235 1971 4275 rem
2004 4225 2259 4309 astruitis,
2292 4235 2345 4280 et
2372 4226 2617 4283 deitatem
2648 4231 2762 4299 ejus
2787 4229 3216 4308 more'sacrilego
3241 4239 3402 4297 dene-

1861 4312 2032 4379 gatis?
2660 4346 2661 4351 π

2406 4384 2628 4444 CAPUT
2666 4389 2851 4448 XXVI.

2105 4495 2203 4549 Ubi
2232 4498 2404 4550 dicunt
2434 4498 2640 4554 Patrem
2668 4500 2717 4553 F
2720 4504 2862 4557 ilium
2886 4509 3145 4563 revelaue.

1927 4604 1980 4657 Si
2016 4604 2103 4658 tibi
2134 4606 2398 4662 dixerint:
2442 4611 2563 4665 Ideo
2590 4604 2760 4669 minor
2785 4626 2866 4671 est
2890 4616 3076 4688 Filius,
3101 4622 3220 4690 quia
3244 4624 3398 4682 Pater

1854 4692 1997 4747 illum
2022 4696 2274 4751 revelavit
2296 4699 2612 4755 hominibus.

1924 4783 2221 4853 Responsio.
2254 4786 2309 4842 In
2340 4789 2493 4857 hujus
2525 4793 2857 4850 revelationis
2886 4792 3136 4868 mysterio
3165 4804 3318 4861 Pater
3342 4820 3398 4866 et

1855 4871 2016 4927 Filius
2045 4890 2205 4929 unum
2232 4888 2353 4930 sunt
2380 4896 2391 4931 :
2420 4880 2538 4947 quia
2567 4881 2703 4936 sicut
2728 4885 2881 4939 l’ater
2902 4887 3108 4952 Filium,
3136 4892 3204 4946 ita
3234 4897 3395 4953 Filius

1854 4964 2059 5019 Patrem
2109 4967 2217 5034 pari
2263 4968 2536 5025 divinitate
2578 4983 2777 5029 natura:
2822 4989 3004 5034 mutuo
3039 4996 3099 5038 se
3140 4985 3394 5043 docentur

1850 5058 2046 5111 mundo
2072 5069 2126 5113 et
2152 5062 2446 5117 hominibus
2468 5067 2750 5132 revelasse,
2776 5069 2889 5136 ipso
2912 5071 3132 5129 Domino
3160 5079 3209 5131 in
3229 5078 3393 5134 Evan-

1851 5149 1988 5215 gelio
2015 5160 2338 5218 protestante
2362 5171 2374 5207 :
2402 5154 2566 5209 Nemo
2592 5158 2732 5210 novit
2762 5158 2950 5214 Filium
2974 5165 3071 5217 nisi
3099 5165 3269 5231 Pater,
3300 5185 3392 5224 ne-

1847 5253 1952 5306 que
1979 5239 2186 5294 Patrem
2216 5244 2333 5310 quis
2359 5245 2505 5297 novit
2531 5248 2630 5300 nisi
2661 5246 2844 5314 Filius,
2870 5260 2921 5303 et
2942 5252 3022 5304 cui
3053 5252 3275 5308 voluerit
3302 5257 3389 5310 Fi-
3437 5247 3445 5257 ’

1828 5330 1947 5385 .lius
1972 5333 2207 5388 revelare
2229 5334 2379 5404 (Luc.
2404 5352 2458 5399 x,
2486 5337 2597 5406 22).
2632 5338 2695 5391 Et
2722 5339 2909 5394 iterum
2937 5358 2948 5393 :
2980 5341 3168 5397 Notum
3195 5344 3291 5400 feci
3313 5350 3390 5407 eis

1846 5435 2038 5477 nomen
2070 5432 2236 5489 tuum,
2266 5434 2320 5479 et
2347 5435 2525 5480 notum
2557 5427 2741 5482 faciam
2773 5431 2791 5499 ί
2809 5430 2964 5484 Joan.
2996 5449 3122 5503 xvu,
3153 5435 3219 5489 26
3240 5437 3281 5504 ).
3326 5439 3403 5492 Et

1848 5520 1904 5564 ut
1928 5512 2161 5581 seipsum
2208 5512 2511 5571 hominibus
2538 5518 2801 5573 revelasse
2824 5519 3057 5589 doceret,
3087 5539 3180 5592 per
3205 5525 3386 5582 Isaiam

1848 5601 1961 5658 haec
1993 5610 2217 5660 testatus
2257 5615 2357 5673 est,
2388 5606 2603 5663 dicens:
2638 5608 2815 5665 Palam
2858 5615 3070 5682 apparui
3109 5630 3213 5670 non
3239 5631 3385 5687 qua:-
