3856 6222
570 243 666 299 871

569 444 822 508 rogabant
849 444 865 508 (
891 441 1014 492 lsai.
1043 454 1160 499 ων,
1194 440 1219 491 1
1247 437 1289 504 ).
1335 438 1400 490 Et
1428 438 1482 489 iu
1527 437 1837 504 Apoca‘ypsi
1865 454 1878 488 :
1906 438 1966 488 Si
1991 437 2111 501 quis

569 534 696 586 Inibi
738 531 997 598 aperuerit
1022 529 1235 592 ostium,
1269 530 1476 580 intrabo
1500 530 1564 579 ad
1596 527 1764 587 illum,
1808 536 1861 578 et
1885 526 2108 579 cantabo

567 643 688 678 eum
710 643 793 690 eo,
819 635 873 678 et
896 625 1239 677 manifestaho
1268 624 1526 688 mcipsum
1557 622 1605 673 ci
1631 620 1650 689 (
1674 619 1829 688 Apoc.
1873 634 1952 679 ιιι,
1977 620 2044 672 ’.ευ
2069 622 2106 685 ).

570 715 635 767 Et
661 717 846 767 iterum
880 732 893 764 :
924 715 1033 766 Iloc
1065 715 1172 779 jam
1201 711 1355 765 tertio
1382 707 1730 762 manifestavit
1760 722 1818 760 se
1845 707 2000 758 Iesus
2023 707 2109 757 di-

564 809 783 874 scipulis
811 809 918 858 suis
946 807 1010 860 ad
1040 823 1184 859 mare
1209 804 1498 858 Tiberiadis
1519 843 1534 866 ,
1560 817 1678 854 cum
1717 799 2038 852 surrexisset
2077 813 2107 848 a

565 901 786 952 mortuis
815 898 994 966 (Joan.
1030 916 1138 960 xxt,
1169 899 1275 962 14).
1307 897 1405 961 Qui
1432 895 1572 947 enim
1603 894 1809 945 Patrem
1837 891 2108 953 revelavit,

563 1000 620 1041 et
657 993 887 1056 seipsum
917 991 1095 1042 multis
1130 988 1296 1040 modis
1335 983 1706 1037 maniiestasso
1734 989 1954 1035 testatus
1999 987 2106 1044 est,

565 1080 739 1132 minor
763 1081 863 1133 dici
893 1097 994 1133 non
1021 1088 1210 1148 potest.

1100 1190 1320 1244 CAPUT
1360 1187 1569 1241 XXVII.

567 1292 771 1346 Patren:
812 1294 1003 1344 Filium
1042 1293 1306 1348 tradidisse
1330 1289 1750 1360 queuwdmodum
1775 1287 2106 1353 intelligatur.

637 1394 793 1461 386
827 1393 885 1447 Si
923 1393 1016 1446 tibi
1063 1391 1292 1445 dixerint
1320 1389 1458 1458 quod
1508 1389 1664 1441 Pater
1706 1384 1979 1441 tradiderit
2023 1384 2111 1437 Fi-

567 1481 718 1534 lium.

636 1567 931 1635 Responsio.
979 1568 1142 1620 Filius
1185 1568 1479 1619 voluntarie
1525 1564 1975 1634 dispensationem
2020 1574 2110 1614 as-

561 1672 784 1727 sumpta:
812 1661 985 1713 carnis
1013 1661 1320 1725 adimplens,
1349 1659 1685 1723 semetipsum
1710 1672 1802 1722 pro
1832 1655 1982 1706 nobis
2005 1664 2110 1705 tra-

561 1749 780 1813 didisse,
825 1749 965 1800 clara
1015 1747 1410 1802 contestationis
1459 1760 1586 1800 voce
1617 1745 1796 1799 ﬁdeles
1841 1757 1967 1796 suus
2012 1757 2106 1809 per

564 1837 870 1903 Apost-nlqu
928 1837 1116 1891 ducere
1146 1838 1388 1905 dignatus
1434 1844 1535 1899 est,
1567 1835 1682 1903 ipso
1718 1833 1968 1901 Aposttzlo
1989 1846 2110 1899 pro-

563 1938 788 1980 testante
817 1946 828 1978 :
861 1928 1035 1981 Gratia
1068 1930 1244 1992 vobis,
1290 1929 1488 1995 inquit,
1518 1939 1572 1981 et
1602 1923 1703 1995 pax
1733 1943 1762 1978 a
1807 1927 1916 1978 Deo
1953 1925 2109 1976 Patre

561 2025 618 2068 rt
646 2018 864 2069 Domino
893 2017 1014 2071 Iesu
1043 2019 1279 2081 Christo,
1320 2021 1408 2087 qui
1452 2019 1598 2070 dedit
1631 2018 1972 2082 semetipsum
2015 2028 2111 2080 pro

566 2105 795 2172 peccatis
836 2108 1030 2158 nostris
1057 2105 1195 2176 (Gal.
1230 2124 1268 2169 ι,
1293 2107 1368 2175 3).
1403 2107 1466 2158 I'It
1505 2109 1694 2159 iterum
1720 2123 1735 2155 :
1759 2105 1905 2170 Quod
1935 2111 2108 2155 autem

565 2207 703 2245 nunc
745 2194 862 2263 γῇο
888 2195 936 2245 in
967 2209 1142 2257 carne,
1172 2196 1221 2246 in
1252 2187 1350 2247 lide
1379 2187 1499 2247 vivo
1531 2195 1646 2245 lt'ilii
1694 2195 1782 2246 Dei
1810 2194 1899 2261 qui
1927 2192 2112 2244 dilexit

567 2286 674 2345 tne,
703 2292 758 2335 et
788 2284 998 2336 tradidit
1023 2287 1252 2355 seipsutn
1287 2302 1382 2353 pro
1425 2301 1509 2338 me
1537 2285 1679 2350 (Gal.
1708 2301 1762 2346 II,
1801 2283 1917 2349 20).
1952 2283 2016 2335 Et
2042 2280 2109 2333 ad

567 2370 865 2439 Ephesios:
901 2373 1080 2427 Estote
1128 2374 1283 2441 igitur
1330 2375 1621 2427 imimtores
1671 2373 1792 2436 Dei,
1841 2373 1977 2425 sicut
2018 2371 2110 2424 ﬁli

563 2460 776 2523 dilecd;
803 2470 857 2512 et
885 2462 1147 2514 ambulate
1170 2464 1220 2513 in
1250 2463 1488 2524 caritate,
1510 2464 1644 2514 sicut
1669 2461 1910 2531 Christus
1930 2460 2112 2515 dilexit

567 2563 665 2604 005
690 2558 744 2602 et
770 2549 980 2604 tradidit
1008 2553 1237 2617 seipsuru
1265 2566 1359 2618 pro
1382 2553 1530 2604 nobis
1568 2550 1782 2621 (Ep'es.
1805 2567 1858 2616 v,
1885 2550 1958 2620 1).
1985 2552 2112 2605 Item

568 2644 688 2698 ibi:
725 2645 930 2713 Diligite
977 2659 1168 2698 uxores
1215 2657 1414 2698 vestras
1458 2647 1594 2699 sicut
1635 2646 1877 2698 Christus
1928 2647 2112 2699 dilexit

571 2735 858 2790 Ecclesiam
881 2753 1051 2802 suam,
1079 2746 1133 2789 et
1156 2736 1496 2804 semetipsum
1520 2737 1732 2789 tradidit
1758 2751 1852 2804 pro
1871 2750 1934 2789 ea
1950 2736 2111 2803 (Ibid.

564 2824 678 2892 25).
711 2826 776 2878 Et
801 2828 865 2878 ad
893 2827 1222 2880 Timotheum
1255 2845 1268 2879 :
1312 2827 1458 2881 Unus
1501 2830 1639 2880 en'm
1685 2827 1851 2887 Deus,
1896 2841 2030 2880 unus
2058 2833 2115 2879 et

569 2913 824 2966 mediator
848 2915 934 2967 Dei
957 2925 1011 2973 et
1035 2916 1326 2979 hominum,
1355 2919 1513 2968 homo
1547 2911 1790 2968 Christus
1818 2916 1994 2980 Iesus,
2020 2917 2109 2984 qui

567 3002 714 3056 dedit
739 3005 1079 3073 semetipsum
1111 3004 1524 3072 redemptionem
1553 3019 1648 3070 pro
1687 3004 1864 3057 multis
1893 3003 1944 3074 (I
1977 3003 2108 3056 Tim.

569 3109 626 3156 tt,
655 3094 736 3160 5).
761 3093 824 3146 Et
849 3094 912 3146 ad
944 3094 1192 3148 Ilcbrmos
1226 3114 1239 3146 :
1271 3095 1323 3148 Si
1353 3097 1494 3150 enim
1525 3095 1738 3168 sanguis
1771 3095 2034 3148 hircorum
2058 3103 2112 3147 (ι

569 3185 703 3237 ciuis
737 3183 913 3237 vitula:
949 3198 1192 3252 aSpersu:
1249 3200 1376 3238 sane
1403 3185 1543 3238 iﬁz-at
1580 3184 1644 3236 ad
1684 3184 2113 3237 emundationcm

570 3273 767 3338 carnis,
796 3282 987 3338 quanto
1032 3276 1197 3341 magis
1225 3276 1436 3342 sanguis
1464 3275 1680 3337 Christi,
1707 3275 1795 3342 qui
1826 3289 1918 3341 per
1947 3273 2114 3340 Spiri-

573 3373 679 3413 tum
711 3372 946 3415 sanctum
977 3366 1318 3430 semetipsum
1351 3365 1538 3417 obtulit
1580 3363 1972 3417 immaculatum
2007 3363 2115 3414 Deo

574 3453 595 3515 (
626 3450 775 3502 Hebr.
810 3467 881 3514 ix,
916 3453 980 3505 15
1002 3453 1056 3520 )?
1088 3453 1213 3506 Item
1259 3455 1325 3506 ibi
1359 3473 1372 3506 :
1407 3456 1671 3513 Habentes
1717 3471 1873 3523 ergo,
1903 3456 2111 3513 fratres.

574 3539 817 3592 ﬁduciam
847 3541 896 3591 in
924 3541 1137 3594 introitu
1165 3551 1465 3596 sanctorum
1498 3549 1548 3596 in
1572 3547 1824 3614 sanguine
1852 3545 1998 3608 Jesu,
2027 3544 2114 3612 qui

573 3633 832 3685 dedicavit
855 3634 1004 3686 nobis
1030 3635 1162 3687 viam
1196 3645 1462 3688 recentem
1493 3645 1548 3690 et
1574 3639 1711 3689 viam
1736 3653 1828 3705 per
1852 3637 2111 3698 velamen,

575 3721 625 3773 id
675 3729 756 3774 est
805 3736 1015 3774 carnem
1061 3737 1231 3785 suam,
1283 3724 1509 3778 offerens
1553 3726 1785 3790 seipsum
1842 3738 1937 3790 pro
1965 3723 2116 3776 nobis

573 3809 761 3878 (Hebr.
792 3825 840 3872 x,
872 3810 974 3876 l9).
1003 3809 1065 3862 Et
1088 3811 1139 3862 iu
1169 3811 1383 3864 Joannis
1407 3811 1638 3878 Epistola
1671 3830 1684 3863 :
1718 3812 1771 3863 ln
1801 3813 1900 3864 hoc
1921 3825 2117 3878 cogno-

575 3896 747 3950 vimus
767 3899 1033 3952 caritatem
1062 3899 1249 3967 iptius,
1277 3902 1522 3971 quoniam
1565 3902 1675 3968 ipse
1705 3916 1800 3970 pro
1828 3900 1982 3955 nobis
2002 3900 2115 3952 ani-

574 4002 713 4052 mam
743 3987 911 4056 posuit
939 3987 992 4055 (l
1021 3987 1175 4041 Joan.
1202 4004 1277 4054 ιιι,
1318 3989 1378 4042 16
1409 3989 1449 4056 ).
1485 3989 1551 4041 Et
1580 3990 1631 4043 In
1658 3990 1789 4043 Isaia
1823 4005 1838 4052 ;
1875 3988 2115 4042 Sanctiﬁ-

574 4086 691 4130 cate
712 4091 850 4137 eum.
881 4073 970 4142 qui
1002 4077 1213 4129 tradidit
1239 4080 1466 4130 an7mam
1495 4094 1643 4131 suam
1672 4095 1766 4146 pro
1786 4081 1936 4134 nobis
1961 4080 2114 4150 (Isai.

577 4172 689 4227 LIII,
723 4166 785 4217 12
812 4165 851 4231 ).
898 4164 1024 4217 Item
1069 4165 1137 4217 ibi
1167 4181 1182 4218 :
1211 4165 1427 4219 Ohlatus
1472 4176 1573 4230 est,
1622 4170 1742 4234 quia
1791 4170 1904 4236 ipse
1951 4170 2118 4221 voluit

577 4258 597 4321 (
628 4254 785 4319 Ibid.,
813 4257 842 4306 7
877 4255 913 4322 ).
946 4256 1008 4306 Et
1039 4255 1089 4306 in
1129 4256 1353 4308 Ieremia
1395 4274 1406 4306 :
1447 4257 1573 4309 Dedi
1604 4258 1846 4310 dilectam
1885 4258 2114 4310 animam

577 4360 748 4397 meam
776 4348 827 4397 in
857 4360 1040 4397 manus
1078 4346 1411 4398 inimicorum
1441 4347 1553 4411 ejus
1585 4345 1710 4414 (λεν.
1746 4365 1835 4410 xu,
1863 4349 1939 4415 7).
1985 4349 2111 4402 Item

579 4437 860 4499 Apostolus
889 4453 903 4488 :
937 4437 1043 4488 lloc
1071 4437 1209 4488 enim
1258 4437 1420 4486 semel
1461 4437 1584 4488 fecit
1629 4439 1859 4502 seipsum
1889 4439 2119 4493 oll’erens

580 4523 765 4591 (Hebr.
802 4539 892 4586 νη,
929 4523 1051 4589 ετ).
1082 4524 1144 4576 Et
1173 4524 1357 4576 iterum
1389 4542 1402 4576 :
1432 4524 1637 4577 Scimus
1675 4526 1795 4591 quia
1839 4527 2000 4579 Filius
2026 4529 2118 4582 Dei

501 4598 504 4599 ν
581 4614 744 4673 venit.
772 4622 826 4666 et
852 4627 1058 4664 errrem
1079 4612 1264 4675 induit,
1289 4624 1340 4663 et
1365 4628 1546 4678 passus
1564 4623 1662 4667 est.
1693 4615 1757 4666 Et
1779 4617 1960 4668 Petrus
1993 4632 2120 4683 apo—

580 4703 748 4755 stolus
789 4717 802 4751 :
841 4699 1081 4751 Christus
1127 4715 1220 4764 pro
1250 4702 1396 4751 nob's
1427 4717 1610 4767 pa~sus
1656 4713 1765 4766 est,
1817 4707 2120 4771 relinquens

583 4791 735 4842 nobis
751 4791 1073 4854 exemplum,
1104 4798 1160 4840 ut
1199 4806 1478 4854 sequamvr
1504 4795 1714 4858 vestigia
1732 4796 1843 4860 ejus
1862 4790 1891 4862 (
1917 4794 1942 4845 Ι
1976 4794 2117 4849 I’elr.

585 4895 641 4941 il,
670 4878 782 4946 2|).
815 4878 876 4929 Et
899 4878 949 4930 in
977 4878 1256 4931 Salomone
1289 4899 1299 4929 :
1333 4881 1621 4933 Pcnetralto
1647 4882 1923 4935 inferi-res
1961 4885 2116 4951 387

586 4979 768 5038 partes
787 4978 958 5029 teme,
994 4978 1047 5020 et
1075 4969 1342 5035 insPiciam
1371 4971 1712 5036 dormientes,
1736 4981 1790 5023 et
1817 4973 2121 5023 illumiuabo

583 5067 855 5124 sperantes
875 5057 925 5106 in
952 5071 1070 5109 eum
1097 5059 1278 5126 (Ειτιί.
1320 5076 1461 5122 xxiv,
1491 5062 1599 5129 25).
1629 5063 1692 5113 Et
1728 5063 1836 5128 ipse
1874 5063 2122 5114 Dominus

584 5151 638 5201 in
668 5146 949 5214 Evangelia
987 5163 1002 5202 :
1033 5148 1347 5211 l’otostatem
1384 5153 1550 5205 habeo
1614 5154 1838 5218 ponendi
1888 5155 2114 5205 anirmtm

587 5247 854 5298 meam,et
897 5246 1200 5301 potestatem
1241 5241 1409 5293 habeo
1453 5244 1637 5293 iterum
1671 5243 1908 5294 sumendi
1953 5258 2067 5293 eam
2103 5262 2114 5294 :

588 5339 742 5377 nemo
757 5342 871 5377 eam
895 5327 1026 5379 tollit
1047 5343 1074 5378 a
1097 5344 1197 5386 tne.
1225 5337 1313 5379 sed
1336 5346 1430 5394 ego
1451 5346 1564 5382 eam
1589 5345 1724 5396 βοειο
1744 5347 1806 5383 ex
1835 5347 1917 5383 me
1941 5331 2119 5399 (loqu.

591 5432 641 5474 ι,
681 5417 794 5479 l8).
825 5417 918 5479 Qui
963 5434 1086 5484 ergo
1112 5420 1341 5484 Seipsum
1375 5423 1601 5484 tradidit,
1635 5433 1688 5474 et
1713 5426 1940 5477 animam
1969 5441 2118 5476 suam

591 5508 795 5569 propria
831 5517 1083 5568 potestate
1132 5513 1304 5577 p-tsuit
1351 5522 1400 5564 et
1448 5516 1760 5581 assumpsit,
1807 5518 1980 5570 minor
2019 5518 2119 5571 dici

595 5607 696 5648 Itutt
726 5603 858 5660 putet
873 5603 910 5645 tt

1818 236 2038 290 VIGIIJI
2076 237 2438 291 T;\PSENSIS

568 355 804 407 rentibus
832 366 933 415 me,
968 351 1205 402 inventus
1230 362 1345 398 sum
1371 345 1438 398 ab
1466 347 1530 399 iis
1556 344 1645 413 qui
1672 360 1756 398 me
1798 361 1900 397 ttOn
1932 346 2096 398 inter-
2132 353 2178 405 Α

2135 3053 2182 3114 ϐ

3621 240 3745 293 372

2738 344 2958 399 CAPUT
2999 347 3223 399 XXVIII.

2247 434 2323 485 De
2351 452 2407 484 co
2432 436 2566 500 quod
2592 437 2710 486 dicit
2740 436 2903 488 Fi’im
2931 439 3073 490 Patri
3103 457 3121 491 :
3163 440 3397 490 Transeo!
3423 457 3450 488 η
3480 456 3546 492 mc
3570 440 3715 492 calix

2352 505 2445 554 istc
2470 521 2488 556 :
2520 506 2606 554 sed
2636 522 2734 555 non
2764 508 2890 557 sicut
2915 525 3007 575 ego
3029 528 3038 556 ς
3057 509 3158 569 olo,
3189 509 3276 561 sed
3300 509 3422 559 .icut
3448 518 3496 558 tu

2281 613 2338 665 Si
2409 615 2500 666 tibi
2548 617 2890 682 opposuerim
2934 618 3073 684 quod
3119 619 3283 670 Filius
3327 619 3509 672 dixerit
3551 619 3695 670 Patri
3736 639 3748 668 :

2211 702 2474 755 Transeat
2499 719 2528 754 a
2557 720 2641 756 me
2661 706 2796 757 calix
2824 708 2943 770 iste,
2980 719 3338 761 terumtamen
3365 724 3461 762 nou
3495 708 3617 761 sicut
3645 722 3756 774 ego

2209 791 2350 847 volo.
2383 792 2479 843 scd
2504 794 2638 844 sicut
2672 803 2744 844 tu.

2278 882 2578 948 Responsio.
2629 883 2693 936 lit
2735 895 2911 936 autem
2960 885 3120 937 Filius
3164 886 3414 939 doceatur
3453 886 3756 938 voluntarie

2211 973 2473 1039 passionis
2515 987 2624 1025 sua:
2651 974 2867 1026 calicem
2915 976 3165 1040 ebibisse,
3209 976 3293 1029 bis
3331 976 3652 1036 testimoniis,
3709 974 3757 1026 si

2209 1076 2315 1115 non
2356 1063 2518 1128 piget,
2547 1063 2780 1125 addisce,
2815 1066 2932 1131 ipso
2971 1067 3022 1117 in
3069 1066 3294 1118 Psalmis
3331 1074 3577 1118 canente;
3605 1063 3755 1126 Quid

2209 1151 2495 1203 retribuam
2529 1152 2753 1212 Domino
2781 1167 2879 1219 pro
2908 1175 2919 1199 ι
2943 1156 3153 1207 mnibus
3173 1171 3288 1222 qua:
3319 1154 3550 1208 retribuit
3575 1153 3712 1206 mihi
3733 1154 3759 1204 I

2207 1239 2440 1292 Calicem
2469 1241 2717 1294 salutaris
2743 1242 3021 1306 accipiam,
3049 1252 3104 1296 et
3132 1259 3323 1296 nomen
3367 1243 3560 1295 Domini
3597 1243 3758 1293 invo-

2207 1330 2342 1382 cabo
2356 1329 2472 1399 (I’s.
2488 1346 2610 1396 ων,
2629 1333 2715 1394 12,
2730 1333 2836 1397 16).
2851 1333 2964 1384 Non
2987 1335 3127 1386 cn’m
3143 1332 3430 1400 prophetze,
3443 1330 3758 1385 autcuilibct

2209 1419 2362 1472 atteri
2393 1420 2506 1473 hare
2533 1423 2792 1475 sententia
2825 1423 3021 1491 poterit
3039 1424 3294 1490 coaplari,
3323 1421 3413 1491 qui
3441 1421 3665 1488 scipsum
3697 1419 3750 1470 in

2207 1509 2549 1579 subscquctiti
2576 1513 2854 1578 versiculo,
2882 1522 2937 1565 et
2962 1528 3173 1566 servum
3199 1513 3351 1577 dixit,
3379 1522 3432 1565 et
3453 1509 3646 1564 ancilla:
3671 1509 3758 1562 Fi-

2209 1599 2337 1652 lium
2370 1600 2657 1651 nominavit
2688 1618 2703 1653 :
2742 1603 2787 1653 0
2814 1601 3056 1666 Dom’nc,
3090 1602 3278 1670 Inquit,
3303 1616 3401 1667 ego
3429 1613 3604 1656 servus
3633 1610 3754 1650 tuus

2139 1689 2187 1748 Β
2211 1703 2264 1744 et
2285 1690 2423 1743 ﬁlius
2442 1692 2652 1743 ancillas
2677 1701 2798 1745 tuae.
2825 1692 2891 1744 Et
2914 1693 2965 1745 iu
2995 1694 3277 1760 Evangelio
3297 1691 3559 1760 discipulis
3581 1689 3716 1742 dicit
3741 1703 3753 1737 :

2209 1779 2482 1833 Desiderio
2508 1780 2804 1833 desiderari
2849 1772 2950 1834 hoc
2982 1782 3180 1834 Pascha
3227 1781 3538 1833 manducare
3576 1776 3754 1829 vobis-

2199 1883 2327 1921 cum
2344 1868 2495 1939 (Luc.
2511 1886 2637 1934 xxtt,
2662 1872 2772 1939 15).
2799 1872 2926 1924 Item
2949 1872 3155 1925 duobus
3169 1872 3290 1924 ﬁliis
3307 1869 3536 1925 ιρι)ωωί
3564 1866 3754 1921 Joanni

2207 1967 2260 2009 et
2288 1957 2484 2010 Jac-bo
2510 1959 2643 2011 dixit
2672 1978 2685 2010 :
2721 1959 2950 2013 Potestis
2979 1961 3160 2013 bibere
3188 1961 3405 2014 calicem
3432 1999 3447 2024 ,
3477 1972 3627 2028 quem
3658 1970 3754 2022 ego

2209 2040 2470 2095 biliiturus
2497 2057 2637 2106 sum,
2663 2052 2717 2096 et
2745 2043 2996 2108 baptizari
3019 2044 3301 2111 baptiSmo,
3332 2058 3436 2110 quo
3460 2057 3551 2110 ego
3580 2041 3753 2107 bapti-

2211 2145 2307 2182 zor
2331 2129 2516 2198 (Herc.
2551 2146 2605 2192 x,
2635 2129 2761 2196 38)?
2792 2131 3081 2198 Diligenter
3120 2130 3391 2191 attendite,
3423 2129 3536 2196 quia
3562 2129 3753 2180 bibitu-

2209 2233 2300 2271 rus
2325 2234 2464 2284 sum,
2495 2218 2614 2272 ideo
2634 2219 2784 2283 dixit,
2813 2235 2880 2272 ne
2903 2221 3120 2272 alterius
3140 2219 3404 2272 diceretur
3424 2216 3676 2285 iussione,
3703 2227 3753 2268 et

2207 2327 2314 2365 non
2351 2311 2618 2364 voluntate
2658 2314 2870 2379 propria
2896 2311 2946 2364 id
2985 2312 3192 2366 fecisse.
3239 2313 3303 2364 Et
3333 2310 3487 2364 Petro
3514 2308 3752 2377 apostolo

2208 2403 2282 2454 ait
2311 2419 2325 2452 :
2353 2401 2466 2455 Eon
2495 2401 2635 2469 sapis
2675 2417 2794 2468 qua:
2833 2401 2927 2454 Dei
2973 2410 3115 2464 sunt,
3161 2400 3253 2454 sed
3303 2415 3420 2468 qua:
3466 2400 3748 2450 hominum.

2205 2473 2436 2542 Calicem
2466 2504 2620 2556 quem
2646 2488 2789 2542 dedit
2816 2490 2940 2540 mihi
2973 2490 3142 2555 Pater,
3169 2504 3271 2540 non
3304 2489 3381 2540 vis
3407 2495 3460 2538 ut
3490 2486 3663 2538 bibam
3689 2485 3752 2536 '.l-

2209 2577 2315 2630 Iam
2344 2577 2363 2645 (
2389 2577 2544 2628 Joan.
2589 2592 2742 2650 xvut,
2768 2578 2826 2630 11
2858 2578 2917 2642 Π
2949 2578 3095 2630 lIunc
3122 2578 3276 2645 igitur
3304 2576 3552 2651 culicem,
3576 2574 3620 2624 si
3652 2588 3750 2624 non

2212 2667 2510 2719 voluntarie
2535 2668 2786 2720 Dominus
2815 2651 3088 2728 ebibisset.
3130 2676 3187 2718 ut
3213 2667 3416 2719 veniret
3441 2665 3612 2730 utique
3656 2663 3747 2713 mi-

2211 2759 2352 2809 nime
2378 2756 2752 2820 desiderasset,
2771 2757 2864 2808 sed
2891 2759 3014 2824 quia
3037 2755 3279 2808 eumdem
3300 2754 3584 2806 voluntarie
3605 2749 3746 2813 bibit,

2211 2845 2409 2900 idcirco
2434 2857 2534 2898 nec
2553 2845 2854 2913 trepidavit,
2891 2859 2991 2897 nec
3019 2844 3219 2897 abnuit.

2749 2964 2972 3020 CAPUT
3011 2964 3200 3018 XXIX.

2494 3078 2591 3131 Ubi
2625 3073 2791 3129 Filius
2819 3074 3022 3128 Patrem
3051 3091 3254 3145 rogasse
3278 3077 3476 3128 dicitur.

2289 3191 2451 3258 388
2477 3190 2534 3244 Si
2573 3190 2666 3243 tibi
2695 3189 2963 3244 dixerint:
2996 3188 3195 3241 Idcirco
3240 3188 3411 3240 minor
3449 3185 3739 3244 est-Filius,

2213 3281 2333 3349 qlia
2363 3281 2568 3333 Patrem
2596 3294 2808 3346 rogasse
2833 3279 3048 3331 dicitur.

2287 3371 2578 3436 Responsio.
2618 3370 2674 3422 Si
2703 3371 2747 3421 is
2771 3371 2858 3434 qui
2885 3379 3033 3437 rogat
3063 3368 3234 3420 minor
3261 3375 3342 3420 est
3371 3366 3460 3417 illo
3487 3379 3638 3431 quem
3667 3375 3745 3413 ro—

2212 3467 2324 3526 gat,
2360 3473 2488 3525 ergo
2518 3460 2674 3523 Deus,
2719 3459 2812 3525 qui
2840 3473 2931 3525 per
2959 3458 3268 3525 prophetam
3317 3456 3562 3523 populqu
3596 3466 3739 3520 suum

2213 3562 2426 3613 rogasse
2464 3548 2841 3614 praescribitur,
2881 3549 3072 3614 populo
3117 3546 3334 3608 inferior
3363 3544 3734 3612 comprobatur.

2213 3638 2430 3692 ﬂiehtca
2461 3638 2715 3706 propheta
2750 3640 2994 3692 dicente:
3029 3640 3258 3707 Poputus
3286 3653 3455 3698 meus,
3494 3635 3616 3702 quid
3652 3631 3740 3686 ieci

2213 3730 2337 3795 tibi,
2367 3738 2457 3783 aut
2501 3731 2552 3782 in
2592 3745 2697 3797 quo
2727 3731 2981 3784 molestus
3019 3733 3110 3785 tibi
3154 3732 3223 3784 l'ui
3249 3733 3272 3784 ?
3301 3730 3558 3797 rcSponde
3603 3726 3739 3778 mihi.

2211 3821 2345 3886 Quia
2373 3820 2528 3873 eduxi
2558 3833 2609 3874 te
2626 3820 2693 3874 de
2720 3832 2861 3875 terra
2885 3823 3118 3892 igniti.
3142 3832 3194 3876 et
3219 3823 3285 3875 de
3313 3823 3470 3874 domo
3489 3816 3739 3874 servitutis

2212 3909 2430 3964 liberavi
2461 3918 2532 3973 te,
2566 3919 2619 3962 et
2644 3911 2763 3964 misi
2794 3920 2918 3965 ante
2946 3910 3130 3964 faciem
3153 3921 3293 3964 tuam
3315 3913 3549 3978 Moysen,
3577 3911 3733 3960 Aaron

2211 4007 2268 4052 et
2294 3998 2509 4051 Iariam
2545 4000 2597 4051 in
2621 3998 2980 4066 profectione:
3011 3999 3239 4067 P0pulus
3262 4014 3434 4060 meus,
3468 4000 3736 4092 metricum.

2211 4101 2361 4156 rogo,
2387 4089 2509 4155 quid
2536 4088 2843 4156 cogitaverit
2868 4088 3150 4142 adversum
3185 4100 3233 4142 te
3272 4088 3458 4140 Balach
3487 4082 3576 4138 rex
3607 4082 3735 4136 llo:-

2213 4177 2459 4242 bitarum,
2505 4189 2558 4232 et
2597 4178 2747 4245 quid.
2775 4180 3104 4246 responderit
3146 4182 3193 4233 ei
3244 4181 3450 4232 Balaam
3503 4175 3736 4245 pmpheta

2214 4267 2351 4321 ﬁlius
2376 4267 2509 4321 Beor
2556 4268 2621 4320 de
2650 4269 2853 4322 Scthim
2880 4270 3060 4334 (Mida.
3107 4285 3177 4331 vr,
3205 4270 3277 4338 5).
3313 4269 3379 4322 Ut
3398 4279 3571 4321 autem
3595 4265 3738 4317 mani-

2218 4354 2433 4408 l'eSIaret
2462 4353 2711 4410 Dominus
2732 4372 2824 4423 pro
2849 4358 3035 4424 quibus
3063 4357 3266 4411 Patrem
3295 4347 3491 4422 sepius
3525 4367 3738 4423 peroras-

2219 4457 2319 4509 set,
2350 4438 2400 4499 in
2425 4447 2653 4514 Evangel
2675 4462 2709 4500 ο
2732 4450 2982 4515 approbat
3003 4449 3223 4502 dicens:
3257 4448 3408 4500 Pater
3434 4456 3629 4504 Sancte,
3648 4456 3736 4493 non

2220 4551 2314 4602 pro
2341 4536 2421 4588 bis
2448 4543 2647 4588 tantum
2669 4551 2817 4602 rogo,
2849 4537 2897 4588 id
2926 4547 3007 4590 est
3035 4553 3127 4603 pro
3148 4538 3443 4604 discipulis,
3470 4537 3561 4589 sed
3589 4544 3629 4585 et
3657 4547 3734 4599 pro

2221 4626 2302 4678 his
2345 4625 2434 4692 qui
2486 4642 2580 4691 per
2625 4629 2841 4678 verbum
2881 4642 3064 4679 eorum
3115 4626 3364 4679 credituri
3410 4637 3533 4678 sunt
3580 4625 3626 4675 in
3667 4634 3737 4671 me

2221 4713 2396 4781 (Im.
2442 4729 2565 4774 xvn.
2595 4713 2706 4781 20).
2741 4715 2804 4766 Et
2830 4711 3015 4767 iterum
3048 4734 3060 4766 :
3097 4715 3248 4768 Pater
3275 4723 3482 4776 sancte,
3513 4725 3731 4767 conserta

2221 4817 2312 4853 eos
2342 4802 2392 4853 in
2423 4803 2635 4854 nomine
2666 4813 2755 4853 tuo
2795 4803 2977 4871 (lbid.,
3011 4803 3118 4867 11).
3149 4803 3274 4855 Nam
3300 4805 3501 4855 cumci
3529 4805 3734 4866 leprosus

2223 4893 2310 4945 ille
2329 4892 2545 4945 dixisset
2573 4910 2588 4945 :
2623 4893 2858 4952 Domine,
2887 4895 2930 4945 si
2963 4895 3039 4945 vis
3072 4902 3217 4959 potes
3244 4907 3326 4945 me
3350 4892 3619 4951 mundare,
3646 4900 3729 4937 non

2224 4981 2544 5046 exspectavit
2585 4981 2750 5033 Filius
2778 4996 2959 5045 rogare
2991 4981 3194 5032 Patrem
3223 4990 3279 5030 ut
3307 4989 3582 5032 sanaretur
3617 4975 3734 5026 inﬁr-

2226 5087 2360 5133 mus,
2410 5072 2500 5123 sed
2545 5085 2691 5124 Suam
2743 5073 3034 5123 voluntarie
3081 5071 3385 5136 impartiens
3434 5068 3731 5120 mcdirinattt.

2223 5161 2338 5212 solo
2367 5169 2504 5213 tactu
2531 5164 2735 5213 curavit
2779 5178 2929 5225 etnn,
2963 5164 3012 5213 in
3053 5176 3155 5227 quo
3187 5171 3384 5212 tantum
3415 5170 3470 5210 ut
3505 5163 3733 5209 curaretur

2227 5250 2377 5302 ﬁdem
2409 5253 2624 5312 im‘enit,
2649 5254 2829 5305 dicens
2847 5255 2892 5304 ei
2921 5271 2932 5302 :
2957 5254 3083 5303 Volo
3109 5271 3120 5303 :
3145 5253 3398 5302 mundare
3423 5249 3620 5316 (Manli.
3644 5258 3726 5296 rm.

2222 5339 2298 5403 5).
2333 5341 2455 5392 Item
2483 5342 2607 5393 dum
2644 5358 2762 5393 cum
2807 5343 2928 5393 neci
2970 5357 3062 5408 pro
3088 5342 3411 5392 obscuritate
3439 5341 3521 5390 sui
3554 5333 3732 5386 luminis

2225 5440 2575 5493 perorassent,
2621 5441 2675 5481 ut
2704 5431 2871 5481 visunt
2917 5433 3230 5496 reciperent,
3285 5445 3390 5480 non
3441 5430 3506 5478 ad
3550 5421 3731 5491 ρθιὶυιίί

2227 5520 2395 5571 Patris
2439 5522 2799 5572 auctoritatem
2842 5536 3020 5572 curam
3065 5521 3286 5580 distulit,
3334 5520 3429 5571 scil
3483 5515 3726 5571 set‘tttldunt

2229 5609 2346 5662 Iidei
2387 5611 2627 5663 meritum
2679 5611 2834 5663 urbe.»
2877 5610 3159 5662 exstinctus
3204 5619 3251 5661 et
3300 5625 3432 5674 pem
3460 5623 3588 5661 czos-t
3631 5601 3727 5651 υῑιιιι
