3856 6222
189 260 322 315 373

1318 259 1577 314 CONTRA
1622 259 2017 316 VARIIMDUM
2060 260 2180 315 LIB.
2223 262 2261 315 I.

3206 324 3207 327 η
3296 268 3401 327 ὅτι

193 370 520 424 oiecutitate
557 375 846 435 conlectos,
878 376 1163 437 spontanea
1190 372 1456 424 voluntate
1482 374 1545 423 ad
1575 371 1742 423 lucem
1776 373 1823 429 Α
1851 373 2073 437 surrexi,
2104 382 2157 426 et
2195 386 2410 427 somnus
2440 388 2585 430 meus
2614 376 2782 432 dulcis
2812 378 2935 433 mihi
2967 380 3231 437 factusest
3262 385 3396 449 (Jcr.

190 472 332 512 sua:
355 459 640 528 cognitionis
664 458 899 522 adduxit,
920 458 1098 511 dicens
1119 460 1194 512 eis
1218 476 1230 511 :
1263 460 1561 515 Secundum
1588 459 1741 514 ﬁdem

188 556 434 602 Vestram
464 548 547 600 ﬁat
568 547 943 617 ιὀὺὶεμιαιιΙι.
976 565 1046 609 rx,
1078 548 1187 618 29).
1215 550 1536 604 Daemon'tum
1559 552 1739 617 etiam,

191 638 364 705 cujus
400 652 576 690 nomen
604 647 817 705 propter
848 636 1182 693 consortium
1202 641 1553 694 multitudinis
1584 642 1739 709 Legio

193 727 396 790 fuerat,
425 742 520 779 non
552 736 731 795 rogato
762 729 913 784 Patre
938 730 1187 796 excludit,
1219 732 1309 786 sed
1343 734 1551 802 propria
1577 732 1742 801 impc-

194 832 339 870 rans
361 825 602 884 potestate
627 817 844 887 fugavit,
867 827 920 872 et
946 822 1012 874 ab
1031 823 1106 874 eis
1128 832 1356 891 rogatus,
1386 825 1435 877 in
1460 840 1644 893 porcos
1668 828 1742 879 ire

193 906 479 975 permisit(
510 904 673 960 Marc.
707 923 757 972 ν,
790 908 886 975 9).
921 909 1043 963 Item
1078 922 1222 965 muto
1250 922 1299 965 et
1336 914 1495 967 S'll‘dO
1532 916 1740 981 Spiritui

194 994 456 1061 imperiali
483 1009 609 1050 voce
638 996 969 1062 denuntians,
1002 1000 1140 1052 iElico
1169 1011 1225 1054 ut
1256 1002 1449 1056 audivit
1474 1003 1736 1073 discessit,

190 1066 367 1163 3§9
388 1094 435 1139 et
459 1102 557 1140 non
578 1086 708 1141 dicit
733 1106 744 1139 :
781 1088 925 1158 Rogo
956 1089 1162 1144 Patrem
1201 1099 1261 1144 ut
1288 1107 1464 1158 exeas,
1494 1094 1608 1160 sed,
1632 1093 1741 1175 Ego

196 1174 303 1226 tibi
324 1176 579 1244 ‘przecipio
607 1186 663 1229 ut
704 1177 956 1234 abscedas
990 1195 1003 1232 :
1036 1180 1225 1253 Surde,
1275 1182 1462 1251 inquit,
1493 1191 1548 1237 et
1596 1193 1738 1239 mute

193 1263 432 1330 spiritus,
464 1280 557 1333 ego
579 1266 671 1319 tibi
700 1252 947 1337 praccipio
977 1280 1033 1323 ut
1060 1252 1214 1325 exeas
1235 1273 1301 1325 ab
1325 1287 1408 1337 eo,
1441 1286 1489 1327 et
1513 1275 1738 1343 amplius

196 1354 317 1404 rion
341 1352 560 1408 introeas
590 1356 641 1409 in
672 1370 788 1410 eunt
817 1357 1002 1425 (Mare.
1032 1375 1105 1421 rx,
1126 1359 1238 1428 ει).
1266 1362 1398 1415 Audi
1422 1364 1593 1418 adhuc
1620 1380 1737 1419 eum

193 1441 295 1507 qui
332 1440 456 1496 dixit
486 1444 623 1514 Rogo
653 1460 672 1499 :
699 1448 1134 1514 quemadmodum
1176 1458 1423 1520 tanquam
1470 1453 1609 1508 Patri
1641 1456 1737 1507 im-

193 1542 389 1596 perans
423 1530 545 1585 dicit
566 1533 673 1587 alio
717 1533 984 1603 Eviingelii
1013 1538 1128 1591 loco
1158 1554 1172 1591 :
1218 1540 1389 1604 Pater,
1422 1543 1543 1596 volo
1572 1552 1630 1597 ut
1650 1543 1736 1598 ubi

192 1632 303 1680 ego
325 1612 453 1684 sum,
481 1630 533 1674 et
559 1622 644 1675 isti
683 1623 786 1677 sint
824 1639 1025 1679 mecum
1059 1626 1231 1695 (Joan.
1266 1646 1391 1695 xvu,
1422 1631 1537 1701 2t).
1575 1632 1738 1688 Filius

1848 477 1997 527 xxxr,
2032 462 2144 532 25).
2195 463 2259 516 Ει
2292 463 2342 517 in
2387 465 2602 519 Actibus
2644 468 2999 535 apostolorum
3035 488 3048 523 :
3082 470 3134 524 Itt
3182 471 3268 525 die
3297 487 3396 537 qua

1842 552 2109 616 apostolos
2167 551 2324 619 elegit
2371 570 2461 619 per
2511 555 2768 623 Spiritum
2819 568 3060 613 sanctum
3111 558 3399 629 prrcdicare

1842 641 2184 709 Evangelium
2210 683 2224 706 ,
2254 644 2442 712 quibus
2471 647 2625 699 etiam
2657 648 2896 702 exhiliu‘it
2920 665 2979 704 se
3006 650 3177 718 ipsum
3221 649 3407 705 vivunt

1844 741 1961 798 post
1985 734 2278 798 passionem
2312 749 2458 803 suam
2490 734 2541 788 in
2567 737 2743 791 multis
2781 727 3105 813 argumentis
3128 730 3393 809 apparens

1840 823 1917 874 eis
1946 832 1997 874 et
2026 822 2220 879 docens
2250 823 2313 875 de
2344 838 2505 892 regno
2528 815 2620 879 Dei
2650 829 2783 897 (Act.
2817 844 2854 892 ι,
2894 830 2966 899 5).
3001 830 3061 883 Ετ
3089 832 3251 884 Amos
3275 845 3398 898 pro-

1845 911 2001 978 pheta
2042 913 2115 964 ait
2146 929 2157 964 :
2204 912 2299 976 Qui
2332 913 2603 977 constituit
2640 930 2797 983 super
2834 919 2997 976 caelos
3028 922 3391 975 ascensionem

1840 1012 2010 1064 suam,
2051 1013 2097 1053 et
2127 1001 2557 1069 pollicitationem
2582 1005 2635 1059 in
2664 1015 2801 1061 terra
2835 1009 3059 1075 {irritavit
3091 1012 3282 1085 (Amos.
3320 1028 3391 1076 tr,

1841 1089 1916 1158 6).
1951 1086 2014 1143 Et
2041 1092 2323 1158 Apostolus
2366 1110 2378 1147 :
2411 1093 2667 1152 Christus
2693 1110 2914 1167 surgens
2940 1113 2968 1152 a
2999 1102 3255 1177 mortuis,
3280 1101 3389 1168 jam

1842 1197 1945 1237 non
1985 1186 2224 1250 moritur,
2256 1201 2399 1239 mors
2435 1188 2485 1242 ei
2516 1189 2649 1258 ultra
2681 1204 2783 1243 non
2811 1190 3211 1263 doininabitur,(
3239 1193 3388 1247 Rom.

1842 1288 1912 1337 vt,
1937 1272 2012 1343 9).
2052 1273 2176 1327 Item
2206 1278 2347 1343 ipse:
2382 1278 2593 1332 Tradidi
2621 1280 2759 1335 enim
2793 1282 2940 1337 vobis
2980 1284 3032 1336 in
3063 1284 3244 1351 primis
3269 1298 3391 1352 qua

1838 1359 2079 1415 Christus
2122 1378 2358 1417 mortuus
2386 1376 2465 1420 est
2498 1382 2592 1433 pro
2623 1351 2853 1435 peccatis
2878 1373 3074 1425 nostris
3102 1374 3390 1437 secundum

1839 1448 2134 1518 Scripturas
2159 1451 2207 1522 (1
2233 1453 2353 1508 Car.
2382 1470 2466 1519 xv,
2496 1456 2571 1525 '5).
2608 1456 2671 1511 Et
2694 1458 2757 1511 ad
2783 1459 3117 1514 Timotheum
3147 1478 3159 1513 :
3193 1460 3399 1517 Memor

1839 1549 1953 1595 esto
1980 1540 2243 1595 Christum
2285 1543 2463 1598 Jesum
2496 1551 2854 1604 resurrexisse
2884 1564 2912 1603 a
2955 1552 3176 1607 mortuis
3212 1568 3277 1608 ex
3308 1560 3392 1607 sc-é

1841 1636 1983 1684 mitte
2008 1629 2169 1714 David
2198 1629 2285 1699 (II
2320 1630 2448 1687 Tim.
2470 1649 2525 1699 ιι,
2551 1634 2636 1707 8);
2665 1647 2717 1689 ct
2743 1639 2944 1705 ps:tluto
2963 1639 3387 1714 cxxxvttt(Vers.

191 1704 387 1759 deinde
403 1710 487 1771 qui
516 1724 609 1776 pro
631 1711 729 1765 sibi
758 1714 1093 1768 credentibus
1116 1717 1166 1769 in
1194 1718 1402 1772 homine
1424 1722 1731 1789 constituto,

1845 1718 1930 1787 18)
1967 1736 1978 1770 :
2009 1712 2223 1775 surrexi
2256 1730 2308 1774 et
2337 1722 2509 1777 adhuc
2540 1704 2711 1778 tecum
2739 1704 2876 1779 sum.
2904 1726 2968 1781 Et
2992 1710 3041 1780 in
3066 1722 3348 1803 Evangelio
3374 1747 3387 1783 :
3468 1784 3474 1791 ,

193 1806 254 1848 ιιι
297 1790 413 1851 aute'
445 1800 551 1864 iam
594 1800 791 1856 dictum
821 1814 920 1869 est,
968 1804 1171 1860 Patrem
1220 1811 1440 1877 rogavit.
1495 1813 1735 1882 Nunquid

194 1886 403 1941 Patrem
428 1904 521 1957 pro
540 1878 720 1965 rsé‘ipso
742 1895 977 1961 rogaret?
1001 1897 1224 1950 Omnino
1255 1902 1357 1953 non
1387 1901 1587 1970 habuit,
1611 1920 1739 1972 quo-

194 1976 338 2030 niam
363 1994 459 2032 non
492 1980 589 2034 fuit
619 1983 668 2036 iu
700 1984 790 2037 illo
813 2000 1029 2053 persona
1052 1988 1239 2043 debilis
1267 1992 1345 2046 vel
1372 1993 1597 2060 infirma,
1622 2011 1738 2064 quin

193 2083 294 2133 per
322 2069 739 2138 deprecationem
767 2088 1055 2148 mereretur
1079 2080 1345 2148 percipere
1376 2085 1688 2139 medicinam
1715 2106 1729 2142 :

194 2171 318 2210 nam
342 2161 383 2213 si
413 2159 591 2226 Filius,
625 2173 677 2217 nt
706 2146 962 2229 astruit's,
996 2168 1147 2223 Patre
1179 2172 1351 2225 minor
1378 2172 1580 2238 fuisset,
1612 2175 1729 2229 talia

194 2249 376 2316 utique
404 2266 506 2304 non
542 2251 759 2320 diceret,
787 2259 1032 2325 quoniam
1058 2261 1141 2330 qui
1187 2264 1397 2331 potiori,
1439 2266 1558 2321 volo
1587 2266 1734 2337 dicit,

204 2337 423 2394 inferior
445 2355 564 2396 esse
590 2359 692 2399 non
726 2356 915 2415 potest.

762 2458 985 2515 CAPUT
1026 2462 1184 2517 XXX'.

233 2540 385 2597 Pater
421 2545 613 2599 Filium
638 2550 884 2603 exultasse
912 2553 1205 2631 dicitur-tet
1234 2572 1408 2613 nomrn
1443 2560 1517 2612 illi
1554 2576 1702 2631 super

668 2634 810 2673 omne
841 2636 1018 2673 nomen
1048 2623 1262 2677 dedisse.

266 2718 321 2773 Si
350 2730 519 2774 autem
551 2723 785 2779 dixerint
826 2729 963 2795 quod
1002 2730 1154 2784 Pater
1194 2733 1383 2788 Filium
1413 2752 1564 2791 suum
1595 2738 1739 2794 exa‘le

196 2810 341 2874 tavit,
380 2820 430 2865 ct
458 2812 603 2867 dedit
632 2815 705 2867 illi
747 2830 957 2886 nomen,
989 2821 1126 2888 quod
1152 2832 1233 2878 est
1268 2838 1427 2894 super
1456 2843 1613 2884 omne
1641 2845 1738 2887 no-

196 2909 335 2953 men.

269 2988 560 3057 Responsio.
588 2994 686 3060 Qui
725 2997 864 3050 enim
906 3000 1192 3054 secundum
1224 3001 1508 3075 Scriptura:
1538 3018 1733 3064 sancta:

1840 1805 2081 1860 Surrexit
2107 1802 2356 1863 Dominus
2378 1827 2518 1875 vere,
2541 1822 2593 1867 et
2618 1814 2759 1872 visus
2779 1823 2859 1870 est
2880 1817 2945 1871 ab
2969 1818 3047 1873 eis
3074 1802 3219 1887 (Luc.
3244 1835 3386 1882 xun,

1838 1898 1906 1952 24
1931 1898 1969 1966 ).
2006 1899 2067 1951 Ει
2096 1902 2265 1969 angeli
2313 1902 2617 1957 mulieribus
2648 1926 2660 1956 :
2695 1905 2805 1959 Non
2833 1916 2913 1961 est
2954 1908 3069 1971 hic,
3101 1910 3389 1962 resurrexit

1839 1989 1977 2042 enim
2004 1990 2139 2043 sicut
2159 1991 2297 2044 dixit
2323 1993 2531 2059 (Matth.
2562 2012 2746 2063 xxvtu,
2776 1998 2855 2062 6).
2880 1998 2943 2051 Et
2972 1998 3083 2067 ipse
3106 2001 3386 2054 Dominus:

1841 2076 1977 2150 Ecce
1992 2078 2321 2134 ascendimus
2344 2079 2746 2152 Jerosolymam,
2770 2096 2822 2139 et
2850 2071 3011 2141 Filius
3038 2089 3263 2145 hominis
3288 2102 3390 2142 Iru-

1838 2155 1995 2221 detur
2022 2172 2072 2223 in
2104 2172 2345 2225 manibus
2385 2173 2651 2228 hominum
2698 2186 3067 2245 peccatorum;
3098 2191 3149 2235 ct
3178 2183 3388 2235 tradent

1839 2273 1957 2313 eum
1980 2262 2220 2329 gentibus
2244 2264 2306 2316 ad
2331 2264 2650 2320 illudcndum
2681 2277 2732 2321 et
2759 2271 3190 2339 eruciﬁgeudum,
3214 2285 3264 2327 et
3288 2285 3388 2326 tero

1840 2348 1908 2403 tia
1940 2348 2023 2404 die
2068 2364 2297 2421 resurget
2337 2353 2559 2422 (.Vnttlt.
2596 2372 2682 2422 xx,
2736 2359 2858 2425 13).
2896 2359 2958 2412 Et
2998 2362 3185 2414 iterum
3226 2380 3237 2414 :
3285 2365 3388 2431 ligo

1838 2454 1953 2494 sum
1980 2446 2294 2497 resurrectio
2315 2455 2365 2498 et
2391 2448 2494 2499 vita
2538 2447 2714 2518 (Joau.
2750 2464 2821 2510 xt,
2854 2450 2964 2519 9.5).
2993 2453 3087 2517 Qui
3120 2456 3385 2509 hominem

1839 2532 2168 2585 resuscitavit
2188 2548 2215 2585 a
2247 2537 2484 2599 mortuis,
2511 2547 2562 2589 ct
2586 2542 3024 2595 resurrectionem
3051 2544 3170 2607 vita:
3196 2560 3253 2598 so
3274 2561 3391 2602 esse

1838 2621 2130 2688 perdocuit,
2154 2638 2256 2676 non
2290 2635 2433 2678 caret
2463 2627 2695 2693 potentia
2723 2629 2951 2683 deitatis.

2375 2735 2594 2793 CAPUT
2639 2740 2861 2795 XXXII.-

1913 2819 2010 2875 Ubi
2035 2822 2206 2878 dicunt
2238 2825 2372 2893 quod
2403 2842 2500 2879 non
2529 2828 2589 2880 de
2624 2827 2727 2883 Deo
2746 2874 2761 2899 ,
2791 2833 2877 2886 sed
2905 2850 2971 2889 ea:
2999 2834 3102 2889 Deo
3145 2840 3323 2893 exierit

2520 2914 2707 2973 Filius.

1911 3001 2067 3072 391
2100 3002 2155 3057 Si
2185 3003 2274 3057 tibi
2305 3005 2336 3057 d
2364 3006 2537 3059 xerint
2570 3024 2582 3059 :
2613 3010 2733 3078 quia
2760 3010 2879 3066 ideo
2906 3014 3074 3068 minor
3102 3026 3181 3069 est
3205 3017 3387 3088 Filius,

195 3079 379 3133 seriem
404 3084 749 3151 semetipsum
776 3088 1037 3143 exaltasse
1055 3090 1295 3158 docetur,
1327 3096 1377 3149 in
1402 3089 1547 3151 nullo
1570 3098 1731 3170 Patri,

1840 3068 2084 3159 quianon
2110 3092 2175 3146 de
2206 3094 2331 3160 Deo,
2364 3094 2457 3149 sed
2483 3110 2546 3149 ex
2576 3097 2683 3152 Deo
2709 3114 2768 3153 se
2797 3103 3037 3169 probavit
3065 3118 3202 3161 esse.

197 3174 252 3218 ut
275 3168 377 3234 jam
400 3172 593 3239 saepius
629 3173 879 3241 diximus,
914 3178 1132 3234 inferior
1161 3182 1443 3250 iudicatur.
1476 3168 1735 3256 Propheta

202 3253 251 3307 in
280 3256 479 3324 psalmo
522 3263 809 3329 centesimo
849 3268 990 3331 nono
1030 3268 1200 3339 (γεγε.
1244 3273 1314 3335 7)
1360 3253 1625 3332 canente:
1663 3279 1736 3334 De

199 3350 443 3423 torrente,
470 3347 658 3415 inquit,
688 3352 740 3403 in
767 3351 845 3406 via
874 3353 1023 3420 bibit,
1054 3368 1334 3425 prapterea
1360 3364 1618 3420 exaltabit
1641 3381 1733 3421 ca-

196 3442 303 3500 put.
336 3436 400 3489 Et
428 3438 479 3490 in
504 3440 870 3506 psalmo‘nono
894 3445 1072 3513 (Vm.
1103 3450 1213 3517 55),
1252 3452 1317 3506 de
1340 3456 1522 3510 eodem
1551 3457 1735 3515 Eccle-

196 3523 267 3575 sia
292 3523 414 3579 dicit
442 3542 458 3581 :
489 3528 742 3600 Exsurge,
766 3526 1006 3601 Domine,
1032 3540 1296 3595 exaltetur
1318 3558 1502 3601 manus
1528 3556 1631 3601 tua.
1669 3548 1735 3603 Et
1774 3560 1784 3597 ι

196 3611 245 3708 in
276 3616 477 3681 psalmo
499 3620 900 3691 quadragesimo
928 3628 1111 3696 quinto
1137 3631 1310 3698 (Verr.
1342 3637 1450 3702 11),
1481 3653 1574 3706 per
1602 3655 1728 3708 pro-

194 3700 401 3770 pbetam
428 3708 562 3775 idem
592 3711 842 3769 Dominus
862 3721 1222 3787 concionatur,
1247 3735 1299 3779 et
1327 3700 1457 3782 dicit
1528 3700 1732 3786 Exalta-

192 3789 291 3845 bar
314 3793 363 3847 in
387 3797 648 3864 gentibus,
675 3812 727 3855 et
754 3805 1023 3861 exaltabor
1048 3810 1098 3863 in
1128 3820 1284 3865 terra.
1318 3815 1475 3871 Isaias
1520 3836 1730 3890 quoque

194 3880 337 3947 paria
378 3893 679 3943 contestans
708 3890 954 3959 loquitur,
1003 3896 1222 3952 dicens:
1269 3902 1334 3954 Et
1371 3907 1506 3958 oculi
1535 3880 1728 3964 excelsi

198 3968 625 4040 bnmiliabuntur,
648 3986 703 4031 et
724 3980 931 4049 cadent,
959 3993 1011 4039 et
1032 3990 1351 4062 exaltabitur
1373 3993 1622 4051 Dominus
1644 4013 1730 4052 so-

192 4058 276 4151 Ius
296 4060 353 4113 in
395 4063 479 4117 die
516 4066 602 4118 illa
629 4068 648 4137 (
674 4067 797 4123 Ιδαὶ.
830 4088 885 4136 ιι,
916 4075 970 4128 ιι
1011 4075 1050 4144 ).
1081 4078 1243 4133 Filius
1270 4058 1425 4151 igitur
1457 4088 1505 4140 in
1544 4100 1727 4147 natura

189 4144 396 4202 deitatis
419 4164 448 4203 a
478 4152 633 4208 Patre
670 4172 773 4217 non
800 4160 992 4223 legitur
1026 4144 1311 4235 exaltatus:
1342 4174 1431 4227 sed
1461 4176 1503 4228 is
1529 4181 1728 4233 exalta-

189 4241 275 4289 tus
306 4246 413 4300 est,
444 4251 495 4293 et
526 4258 716 4299 nomen
763 4260 921 4317 super
949 4267 1105 4308 omne
1143 4273 1329 4313 nomen
1369 4266 1589 4332 accepit,
1637 4272 1726 4337 qui

188 4323 255 4378 de
281 4323 502 4396 Virginis
527 4344 676 4387 utero
703 4350 860 4392 carne
887 4354 1175 4412 assumpta,
1203 4349 1339 4405 Deus
1363 4362 1414 4405 et
1446 4355 1602 4410 homo
1632 4323 1725 4412 tia-

186 4417 271 4464 tus
300 4418 551 4483 apparuit.

723 4493 945 4550 C\I’UT
986 4497 1172 4555 XXXI.

190 4590 401 4656 Quando
431 4597 601 4651 dicunt
638 4600 683 4651 F
686 4604 827 4656 ilium
857 4623 888 4658 α
921 4607 1072 4663 Patre
1107 4630 1137 4665 a
1166 4621 1371 4670 mortuis
1399 4625 1719 4678 suscitatam.

256 4701 411 4772 390
450 4708 508 4760 Si
553 4720 725 4764 autem
777 4722 1111 4783 apposuerint
1152 4727 1285 4789 quod
1335 4728 1491 4784 Pater
1534 4733 1720 4791 Filium

184 4806 334 4845 suum
361 4808 387 4844 a
418 4800 637 4850 mortuis
660 4804 1006 4861 suscitaverit.

260 4880 549 4947 Responsio.
573 4887 1350 4963 Quemadmodumprmcedenti
1368 4906 1720 4974 disputatione

183 4982 215 5022 ι
246 4974 525 5040 semetipso
566 4976 754 5032 Filium
799 4980 1069 5039 docuimus
1109 4992 1390 5047 exaltatum
1413 5038 1425 5059 ,
1459 4999 1527 5051 ita
1555 5002 1716 5056 etiam

184 5072 325 5111 nunc
342 5060 647 5117 docebimus
684 5082 801 5122 eum
825 5084 853 5123 a
882 5076 1164 5142 semetipso
1194 5094 1219 5130 τι
1253 5086 1469 5138 mortuis
1498 5091 1718 5146 suscita-

184 5158 313 5214 tnm,
346 5150 502 5205 David
535 5154 584 5207 in
610 5159 808 5222 psalmo
840 5165 993 5217 tertio
1015 5166 1185 5233 (Vera.
1220 5172 1274 5238 6)
1301 5182 1710 5244 comprobante:

185 5238 546 5306 Egodormivi,
564 5255 616 5297 et
646 5256 1033 5320 somnunteepi,
1057 5260 1300 5324 quoniam
1328 5238 1575 5322 Dominus
1597 5286 1717 5326 sus-

186 5326 322 5393 cepit
347 5343 449 5382 me.
481 5332 763 5401 Diligenter
784 5341 1018 5406 attende,
1041 5347 1156 5411 quia
1193 5346 1301 5414 Ego
1333 5357 1535 5409 surrexi
1561 5358 1717 5427 dixit,

186 5428 294 5469 non
325 5426 496 5471 autem
533 5421 625 5485 ait,
672 5423 778 5491 Ego
823 5428 1047 5482 dormivi
1077 5444 1127 5485 et
1157 5435 1222 5488 ab
1248 5439 1352 5490 alio
1382 5421 1720 5502 resuscitatus

188 5509 415 5573 apparui.
446 5509 511 5563 Et
540 5510 591 5565 in
631 5512 854 5569 Jeretnia
889 5535 899 5568 :
932 5520 1203 5576 Inebrialio
1232 5530 1456 5584 animant
1482 5540 1720 5590 esurien-

188 5584 312 5665 tem,
357 5607 408 5653 et
456 5601 685 5657 animam
718 5608 1033 5665 esurientem
1068 5613 1292 5681 implebo
1324 5636 1335 5670 :
1370 5635 1578 5690 propter
1622 5628 1718 5684 hoc

1756 4407 1804 4465 D

1904 3180 2202 3249 Responsio.
2233 3182 2354 3239 Sive
2382 3188 2521 3239 enim
2565 3203 2627 3242 ex
2659 3189 2785 3257 Deo,
2815 3193 2925 3247 sive
2967 3194 3033 3247 de
3066 3194 3184 3250 Deo
3226 3197 3391 3253 Filius

1836 3268 2028 3323 dicitur
2047 3270 2243 3338 exisse,
2272 3274 2643 3331 detrimentum
2675 3278 2881 3348 aliquod
2928 3283 3090 3351 ipsius
3133 3287 3384 3356 ineﬂ‘abiti

1835 3358 2014 3412 deitati
2046 3376 2145 3414 non
2175 3372 2345 3429 potest
2373 3367 2667 3432 provenire,
2697 3368 2811 3436 ipso
2847 3372 2896 3424 in
2939 3372 3225 3441 Evangelia
3250 3385 3379 3431 atte-

1835 3459 2004 3505 stante
2036 3468 2047 3503 :
2083 3452 2190 3520 Ego
2230 3468 2257 3505 a
2288 3454 2398 3508 Deo
2428 3455 2581 3510 Patre
2610 3458 2769 3523 exivi,
2815 3468 2867 3514 et
2898 3464 3054 3529 vcui(
3086 3464 3243 3517 Joan.
3276 3482 3383 3528 xvr,

1834 3539 1947 3607 Ξῖ).
1980 3541 2042 3594 Et
2082 3543 2131 3594 in
2164 3542 2396 3610 Epistola
2422 3544 2641 3612 Joannis
2673 3552 2895 3615 apostoli
2941 3570 2952 3602 :
2988 3553 3085 3618 Qui
3129 3564 3279 3608 natus
3306 3568 3384 3611 est

1834 3628 1899 3682 de
1924 3629 2052 3695 Deo,
2090 3634 2180 3695 ait,
2212 3650 2317 3687 non
2349 3646 2527 3702 peccat
2559 3637 2610 3702 (1
2640 3636 2791 3691 Joan.
2826 3657 2899 3706 ιιι,
2928 3644 3006 3711 9).
3042 3644 3102 3696 Ει
3130 3646 3180 3697 itt
3214 3647 3384 3699 Evan-

1832 3720 1973 3788 gelio
2015 3721 2261 3776 Pharisaei
2310 3726 2695 3794 interrogantes
2720 3728 2963 3784 dicebant
2997 3749 3010 3785 :
3059 3732 3246 3795 Rabbi,
3279 3739 3382 3789 sci-

1833 3825 1950 3865 mus
1974 3813 2100 3880 quia
2146 3828 2175 3866 a
2208 3814 2316 3869 Deo
2343 3818 2533 3870 venisti
2564 3821 2814 3888 magister
2845 3840 2855 3874 :
2890 3840 2925 3875 n
2961 3840 3045 3879 mo
3073 3838 3245 3894 potest
3274 3830 3383 3885 lure

1831 3900 1978 3970 signa
2014 3902 2185 3958 facere
2211 3920 2329 3974 qua:
2374 3915 2427 3959 tu
2460 3909 2611 3973 iacis,
2643 3912 2741 3963 nisi
2779 3911 2934 3967 fuerit
2965 3916 3100 3970 Deus
3131 3932 3249 3971 eum
3296 3922 3398 3973 iIIo~

1834 3990 2008 4059 (Joan.
2039 4008 2119 4056 ιιι,
2162 3994 2239 4062 2).
2276 3996 2534 4063 Agnosce,
2578 4001 2821 4066 quoniam
2867 4006 2951 4068 qui
2998 4021 3057 4059 se
3101 4007 3269 4073 ipsum
3317 4012 3382 4063 du

1834 4082 1942 4137 Deo
1967 4100 1979 4146 ;
2004 4095 2055 4137 et
2083 4100 2185 4139 non
2214 4101 2276 4140 ex
2311 4088 2435 4151 Deo,
2465 4100 2519 4142 ut
2551 4090 2661 4156 ipse
2686 4093 3044 4157 calumniaris,
3072 4098 3263 4152 fatetur
3286 4116 3386 4155 cv-

1830 4170 1974 4236 iisse,
2005 4188 2099 4226 nec
2123 4175 2336 4229 inferior
2354 4178 2636 4243 judic.ttur,
2662 4195 2829 4249 neque
2856 4185 2920 4235 ab
2942 4187 3187 4252 mquitate
3210 4202 3379 4256 pater-

1830 4275 1910 4313 na:
1939 4265 2181 4329 pcteutia:
2206 4277 2501 4332 separatur.

2352 4377 2573 4432 CAPUT
2613 4381 2841 4451 χχχιιι.

2106 4462 2224 4516 Νοη
2249 4480 2351 4517 esse
2374 4467 2552 4520 bonum
2585 4472 2679 4523 nisi
2720 4464 3094 4528 solum'Drum.

1897 4566 1949 4619 Si
1981 4568 2067 4622 tibi
2096 4576 2435 4638 opposuerim
2460 4579 2594 4642 quod
2637 4579 2748 4646 ip'se
2780 4582 2939 4636 Filius
2963 4586 3153 4639 dixerit
3191 4607 3201 4640 :
3236 4591 3369 4655 Qu‘d

1827 4670 1911 4709 me
1946 4658 2073 4711 dicis
2105 4661 2337 4715 bonum?
2369 4680 2469 4717 non
2501 4679 2579 4720 est
2608 4669 2798 4736 bonus,
2834 4676 2929 4726 nisi
2965 4692 3096 4730 ttnus
3128 4681 3278 4733 Dens.

1898 4746 2193 4814 Responsio.
2225 4754 2350 4818 Quis
2382 4759 2572 4811 malum
2600 4762 2795 4825 judicct
2816 4802 2829 4824 ,
2861 4767 2947 4830 qui
2994 4784 3050 4819 se
3085 4770 3250 4837 ipsum
3283 4792 3372 4841 pa-

1829 4832 2021 4891 storem
2064 4841 2256 4895 bonum
2291 4852 2628 4911 pronuntiet?
2656 4852 2755 4905 Aut
2786 4857 2902 4921 quis
2936 4858 3239 4928 inn-qualem
3278 4866 3370 4916 Pa-

1829 4928 1890 4979 tri
1913 4927 2157 4995 aflirntet,
2183 4937 2267 5001 qui
2297 4950 2355 4988 se
2379 4953 2535 4991 unum
2560 4955 2675 4993 cum
2706 4944 2856 4998 Patre
2882 4962 2997 5000 esse
3018 4951 3210 5004 demoti
3244 4964 3367 5010 trat.

1825 5005 1935 5083 Ego
1963 5032 2101 5084 sum,
2147 5022 2241 5087 ait,
2290 5035 2467 5091 pastor
2506 5028 2695 5084 bonus.
2748 5034 2809 5085 Et
2853 5036 3009 5088 David
3050 5040 3099 5091 in
3147 5057 3367 5109 persona

1824 5101 1987 5159 Patris
2036 5108 2222 5163 Filium
2273 5114 2578 5182 intimautis,
2634 5123 2683 5172 iu
2729 5124 2927 5189 psaimo
2967 5130 3367 5199 quadragesimo

1823 5206 2008 5259 quarto
2046 5198 2171 5253 dicit
2196 5194 2508 5258 :'Eructa\it
2550 5222 2641 5259 cor
2673 5223 2843 5265 meum
2886 5218 3100 5270 verbum
3146 5222 3360 5277 bonum.

1826 5282 1888 5334 Et
1930 5284 2223 5345 Jeremias:
2258 5294 2430 5347 Bonus
2471 5308 2550 5350 est
2589 5301 2837 5355 Dominus
2879 5308 2955 5358 eis
2984 5312 3069 5374 qui
3106 5313 3365 5367 sustinent

1824 5387 1961 5435 eum,
1995 5383 2048 5427 et
2092 5377 2141 5429 itt
2170 5380 2252 5431 die
2284 5383 2636 5439 tribulationis
2672 5403 2916 5457 agnoscet
2949 5412 3038 5449 eos
3064 5401 3148 5464 qui
3183 5402 3366 5457 timent

1822 5473 1941 5511 cum
1975 5461 2185 5527 (T/tren.
2230 5484 2307 5531 ut,
2339 5472 2446 5537 ‘25).
2488 5475 2542 5526 Et
2580 5476 2689 5545 ipse
2723 5480 2967 5534 Dominus
3002 5502 3014 5536 :
3064 5490 3139 5541 Au
3182 5494 3363 5545 oculus

1824 5556 1939 5599 tuus
1970 5565 2191 5617 nequam
2224 5568 2321 5619 cst,
2367 5562 2483 5625 quia
2522 5580 2618 5631 ego
2651 5568 2815 5623 bonus
2846 5587 2956 5625 sum
2990 5577 3015 5643 ‘(
3046 5576 3223 5632 .ilattlt.
3274 5598 3361 5647 xx,

1828 5630 1943 5705 1'5)?
1984 5641 2049 5696 Et
2072 5641 2122 5697 itt
2168 5647 2367 5711 psalmo
2408 5656 2696 5713 centesimo
2726 5670 2911 5717 octavo
2942 5665 3141 5721 decimo
3171 5672 3188 5731 ί
3219 5669 3359 5727 Verr.
