3856 6222
512 219 614 280 3-2:;

1819 172 2042 265 \'lClLll
2083 207 2448 263 nescisse

3650 210 3802 265 376

512 328 603 392 tis)
635 364 645 374 .
683 325 854 376 i'roius
885 339 964 389 es,
992 324 1236 388 Domine,
1267 330 1321 377 et
1365 321 1415 374 in
1458 296 1694 375 bonitate
1725 331 1810 373 tua
1843 323 1977 379 doce
2002 333 2089 372 me
2120 320 2163 381 Δ
2195 317 2348 372 Mens
2376 328 2456 372 cst
2486 317 2626 372 enim
2659 318 2983 386 orbisterrte
3013 329 3064 376 ct
3095 322 3367 390 plenitudo
3400 322 3531 390 ejus.
3574 322 3804 377 Nonne

516 415 919 482 justilicationes
967 424 1103 485 tuas.
1139 415 1203 469 Et
1251 413 1578 486 Apostolus:
1624 412 1887 484 Quoniam
1916 412 2085 466 bonus

517 511 650 564 mlor
671 507 862 562 CltriSti
889 507 1091 574 Sumus,
1125 507 1177 562 in
1204 508 1285 571 bis
1312 507 1398 576 qni
1430 507 1560 560 salvi
1589 505 1740 569 bunt,
1762 517 1816 560 et
1847 505 1897 557 in
1927 495 2085 580 392

519 602 599 657 bs
623 599 708 668 qui
744 607 965 666 pereunt
989 597 1085 666 (11
1118 597 1237 654 Cor.
1273 615 1330 664 ιι,
1365 596 1484 668 15).
1517 596 1677 651 Vides
1717 597 1834 665 quia
1867 609 1970 648 non
1999 610 2085 647 ea-

519 700 599 743 iet
644 691 744 744 lion
771 698 897 757 tate,
945 690 1031 759 qui
1072 705 1287 762 omnem
1334 691 1383 744 in
1425 703 1484 744 se
1520 687 1810 742 divinitatis
1850 686 2085 740 continet

522 781 922 850 plenitudinem.

1052 890 1276 950 CAPUT
1319 887 1556 944 XXXIV.

520 1032 817 1092 Declaratur
861 1033 951 1087 hoc
988 1033 1122 1100 quod
1165 1033 1348 1084 dicitur
1378 1029 1428 1080 in
1472 1027 1710 1094 Apostoio
1744 1044 1764 1101 ς
1797 1025 1879 1101 iit
1903 1042 2085 1101 cogno-

484 1129 486 1132 ν
586 1113 724 1154 arant
753 1113 800 1155 te
826 1095 1187 1157 soluot'vrrum
1230 1102 1406 1164 Deum,
1438 1107 1482 1150 et
1522 1113 1668 1165 quem
1700 1098 1880 1151 misisti
1904 1095 2081 1149 Jeiutu

587 1171 865 1228 Christum.

589 1319 645 1373 Si
678 1317 813 1372 dixe:
833 1317 907 1372 int
935 1314 1058 1370 illud
1091 1312 1229 1382 quod
1261 1312 1399 1366 idem
1427 1309 1594 1364 Filius
1623 1308 1816 1362 dixerit
1853 1323 1866 1362 :
1900 1307 1966 1362 Ut
1996 1321 2084 1361 co-

516 1417 772 1481 gnoscant
804 1420 854 1464 te
884 1406 1053 1466 solum
1083 1419 1265 1459 verum
1296 1403 1485 1469 Deum,
1508 1411 1560 1456 et
1587 1416 1742 1471 quem
1775 1399 1964 1456 misisti
1994 1399 2085 1454 Je-

516 1515 631 1572 suin
665 1497 952 1552 Christum.

597 1585 895 1657 Responsio.
942 1586 1133 1640 Filium
1166 1593 1350 1640 verum
1379 1597 1529 1647 esse,
1563 1590 1618 1639 ut
1646 1581 1806 1636 Pater
1832 1590 1930 1647 est,
1967 1593 2087 1648 pro.

522 1677 750 1746 pbcticis
797 1677 1222 1746 evangelicisque
1251 1673 1466 1728 vocibus
1495 1673 1924 1741 comprobamus,
1956 1671 2084 1724 Isaia
2120 1683 2166 1744 Β

515 1771 724 1828 dicente
746 1791 756 1824 :
781 1771 1138 1826 S-rvientibus
1164 1784 1290 1821 vero
1316 1765 1442 1820 mibi
1472 1765 1744 1819 vocabitur
1767 1778 1958 1817 nomen
1986 1778 2080 1816 no-

514 1877 668 1928 vum,
692 1863 830 1929 quod
873 1861 1212 1920 bent-dicetur
1239 1872 1397 1924 super
1427 1866 1642 1924 terram,
1672 1864 1725 1909 et
1771 1854 2085 1913 benedicent

518 1954 683 2008 Deum
708 1967 916 2017 verum,
965 1963 1020 2018 et
1043 1950 1131 2019 qui
1171 1953 1347 2017 jurant
1381 1961 1541 2016 super
1588 1956 1804 2009 terrain,
1830 1944 2087 2014 jurabunt

517 2046 569 2104 in
617 2043 781 2118 Deum
815 2057 996 2096 verum
1039 2041 1057 2112 (
1085 2039 1212 2093 Isai.
1247 2055 1367 2105 uv,
1414 2038 1545 2107 15).
1580 2036 1643 2091 Et
1674 2037 1723 2088 in
1752 2035 2034 2090 Salomone
2067 2056 2080 2092 ς

513 2125 850 2191 \‘erebuntur
879 2149 992 2199 eos,
1024 2147 1158 2201 quos
1195 2141 1380 2199 putant
1427 2129 1554 2183 deos
1595 2143 1623 2180 a
1674 2126 1864 2194 quibus
1908 2136 2086 2181 extt-r-

512 2227 876 2293 tninabuntur,
922 2230 1161 2284 videntes
1210 2213 1381 2294 illum,
1425 2237 1580 2293 quem
1621 2222 1749 2276 olim
1798 2223 2081 2292 negabant,

497 2319 679 2376 ‘Dcum
696 2333 1222 2392 verumagnoverunt
1244 2320 1399 2389 (Sap.
1428 2313 1651 2382 xn,27).
1680 2315 1743 2367 Et
1770 2315 1820 2369 in
1845 2315 2013 2384 psalm
2037 2331 2079 2368 ις

513 2411 726 2467 Veritas
747 2413 812 2467 de
838 2421 975 2467 terra
1002 2421 1114 2467 orta
1133 2410 1521 2480 est,'etjustilia
1566 2412 1634 2468 de
1653 2411 1791 2463 cmlo
1814 2407 2083 2477 prospexit

514 2503 684 2572 (Psal.
719 2521 934 2572 uniti,
969 2505 1078 2576 12).
1129 2506 1195 2560 Et
1229 2507 1481 2563 Dominus
1511 2507 1568 2564 in
1611 2503 1938 2572 Evangelio:
1973 2502 2083 2572 Ego
2166 2529 2171 2535 α

512 2610 630 2653 tium
660 2596 761 2659 via,
790 2598 983 2651 veritas
1005 2606 1059 2651 et
1097 2596 1200 2651 vita
1227 2595 1404 2666 (Joan.
1436 2612 1544 2661 ιιν,
1584 2596 1662 2665 6).
1691 2596 1752 2649 Et
1787 2596 1855 2649 ibi
1887 2595 1952 2648 ad
1985 2592 2081 2646 lr'a-

513 2696 647 2739 trem
675 2703 686 2739 :
718 2685 906 2740 Sermo
937 2669 1054 2742 ιιΙίιε
1084 2687 1382 2756 νρτὶιοειοςι
1418 2686 1597 2756 (Joan.
1625 2703 1750 2750 xvtt,
1782 2684 1891 2754 17).
1937 2684 1999 2738 Et
2029 2684 2082 2738 in

514 2774 751 2847 Epistula
772 2773 990 2852 Joannis
1019 2778 1244 2848 apostoli
1276 2795 1289 2832 :
1320 2776 1694 2851 Scimustait,
1736 2777 1880 2845 quod
1918 2775 2083 2848 Filius

517 2863 607 2918 Dei
636 2866 799 2932 venit,
832 2876 882 2921 et
915 2867 1059 2945 dedit
1084 2855 1239 2922 nobis
1263 2862 1593 2926 intellectum
1615 2876 1671 2922 ut
1691 2867 1921 2921 sciamus
1943 2866 2081 2934 quod

510 2967 592 3011 est
623 2972 821 3019 verum,
856 2969 909 3034 et
939 2960 1110 3019 simus
1133 2959 1184 3013 in
1219 2975 1343 3027 vero
1371 2959 1506 3029 Filio
1537 2960 1652 3027 ejus
1690 2959 1815 3014 Jcsu
1842 2957 2073 3025 Christo.

513 3048 608 3101 ilic
637 3056 718 3102 est
745 3048 882 3103 Deus
911 3065 1087 3125 verus,
1119 3059 1173 3102 et
1203 3049 1253 3104 vi
1279 3037 1534 3122 aeterna
1577 3048 1648 3122 (ι
1679 3047 1834 3114 Joan.
1865 3064 1918 3116 ν,
1946 3048 2074 3118 20).

512 3141 588 3192 L‘x
621 3143 718 3197 hoc
757 3140 1124 3210 itaquedebes
1165 3141 1336 3195 Patris
1377 3150 1432 3197 et
1467 3143 1585 3196 Filii
1626 3142 1881 3202 unitatem
1919 3155 2079 3211 agno-

513 3242 683 3294 scere,
713 3229 961 3298 qnoniam
993 3230 1128 3292 sicut
1159 3230 1391 3298 Patrem,
1424 3232 1495 3285 ita
1529 3232 1689 3286 etiam
1723 3230 1909 3284 Filium
1939 3230 2079 3294 Scri-

513 3328 665 3387 ptura
689 3319 863 3374 divina
892 3320 1055 3374 Deum
1089 3337 1271 3374 verum
1305 3337 1408 3375 non
1433 3321 1633 3377 desinit
1661 3321 1969 3390 prtedicare.

1052 3455 1277 3512 CAPUT
1315 3456 1531 3513 XXXV.

516 3564 614 3620 L'L'i
639 3565 823 3619 dicitur
853 3580 870 3619 :
903 3553 1026 3618 Pete
1062 3580 1094 3616 a
1120 3580 1218 3625 me,
1250 3575 1296 3618 et
1334 3567 1462 3619 dabo
1490 3567 1580 3620 tibi
1613 3575 1787 3636 gentes
1812 3567 2081 3621 Iiwredita.

1147 3643 1244 3688 tem
1269 3643 1433 3693 tuam.

581 3745 635 3800 Si
668 3745 762 3799 tibi
797 3746 1142 3814 opposuerim
1168 3733 1307 3815 quod
1339 3748 1390 3802 in
1436 3749 1640 3815 psalmo
1680 3750 1917 3804 dicitur:
1951 3749 2080 3803 Pos-

511 3836 620 3892 tula
646 3851 675 3889 a
702 3853 807 3902 me,
831 3846 887 3891 et
910 3837 1048 3892 dabo
1078 3836 1171 3890 tibi
1203 3849 1384 3907 gentes
1415 3837 1776 3893 hereditatem
1824 3848 1989 3905 tuam,
2023 3848 2079 3894 et

510 3930 901 3998 possessionem
927 3936 1068 3981 luam
1103 3929 1358 3983 terminos
1389 3937 1545 3984 terrae
1569 3912 1741 3996 (Prol.
1776 3943 1833 3990 tt,
1855 3927 1934 3996 8)..

579 4019 738 4090 393
763 4017 1211 4089 Rrsponsio.-Cmn
1234 4018 1650 4074 omniavisibilia
1682 4003 1738 4073 et
1766 4019 2076 4082 invisibilia,

511 4113 623 4172 sive
644 4114 841 4178 throni,
866 4113 976 4165 sive
993 4112 1401 4179 dominationes,
1433 4114 1551 4167 sive
1573 4113 1941 4180 principatus,
1969 4112 2081 4166 sive

511 4212 800 4273 potestates
813 4217 842 4255 a
857 4201 988 4256 Filio
1000 4212 1285 4271 antequam
1302 4211 1481 4256 essent
1493 4219 1556 4255 ex
1568 4203 1762 4265 ierunt,
1788 4217 1948 4270 quam.
1968 4201 2081 4253 bte-

511 4295 786 4356 reditatem
811 4294 987 4349 dicitis
1011 4293 1326 4364 postulando
1348 4285 1538 4347 Filium
1561 4309 1590 4348 a
1612 4293 1768 4348 Patre
1788 4293 2078 4360 accepisse,

2191 407 2256 460 de
2289 408 2402 476 ipso
2429 408 2477 461 in
2507 410 2898 478 septuagesimo
2921 410 3091 479 primo
3120 412 3316 464 dicitur
3344 415 3544 480 psalmo
3569 411 3784 479 (Ven.

2192 498 2244 566 8)
2274 518 2286 550 :
2322 495 2688 553 Dominabitur
2719 516 2746 552 a
2771 503 2903 554 mari
2939 517 3098 571 usque
3115 503 3178 556 ad
3213 518 3379 569 mare,
3412 515 3460 557 et
3491 519 3518 557 a
3544 506 3797 561 nomine

2193 605 2356 659 usque
2380 592 2442 644 ad
2478 591 2732 646 terminos
2760 593 2906 647 orbis
2935 604 3106 648 teme.
3153 595 3221 649 L't
3259 611 3378 650 cum
3428 597 3537 650 hinc
3578 597 3794 649 Omnia

2191 679 2357 734 Filius
2386 696 2477 734 SU‘I
2529 696 2647 736 esse
2683 684 2985 751 prophetica
3013 687 3412 741 annuntiatione
3452 689 3791 757 signaret-it,

2190 784 2282 822 vos
2309 786 2447 824 nunc
2475 773 2740 827 ostendite
2773 790 2931 843 quam
2958 776 3114 829 aliain
3141 775 3504 832 bzercditatcm
3542 795 3568 832 a
3598 778 3790 833 Patre

2190 864 2357 928 potuit
2387 859 2550 915 Filius
2582 864 2895 931 postulando
2923 865 3189 936 accipere.

2719 1011 2938 1068 CAPUT
2979 1012 3215 1070 XXXVI.

2395 1145 2492 1199 Ubi
2525 1146 2708 1200 dicitur
2735 1145 2941 1201 Patrem
2969 1149 3302 1216 sanctiﬁcasse
3343 1150 3552 1210 Filium.
3582 1220 3588 1226 _

2259 1265 2315 1323 Si
2347 1266 2440 1322 tibi
2471 1267 2760 1337 objecerint
2791 1269 2931 1338 quod
2980 1270 3033 1324 in
3074 1271 3356 1341 Evangelio
3390 1274 3457 1328 de
3493 1290 3549 1328 se
3590 1274 3782 1328 Filius

2191 1358 2386 1414 dixerit
2417 1374 2431 1412 :
2465 1360 2633 1429 Quem
2677 1363 2834 1416 Pater
2876 1362 3246 1430 sanctiticavit,
3279 1373 3333 1418 et
3362 1365 3506 1419 misit
3533 1367 3585 1419 in
3619 1367 3786 1421 hunc

2191 1447 2447 1503 mundum
2479 1449 2654 1519 (Joan.
2685 1468 2738 1518 x,
2765 1451 2877 1520 '56).

2262 1541 2567 1610 Responsio.
2598 1543 2654 1597 In
2681 1543 2893 1598 deitatis
2920 1545 3336 1607 sanctificatione
3357 1547 3508 1602 Pater
3521 1556 3574 1602 et
3600 1546 3784 1602 Filius

2192 1647 2352 1693 unum
2382 1642 2528 1699 sunt,
2558 1634 2698 1702 quod
2725 1635 2884 1690 etiam
2913 1637 3154 1705 Apostoli
3187 1636 3492 1692 testimonio
3513 1653 3780 1706 compro-

2194 1724 2352 1788 batur
2380 1741 2392 1777 :
2423 1723 2522 1791 Qui
2549 1726 2841 1780 sanctiﬁcat
2888 1737 2938 1781 et
2981 1727 3070 1797 qui
3112 1728 3526 1794 sanctiticantnr,
3573 1728 3778 1794 inquit,

2189 1831 2252 1870 ex
2285 1831 2389 1869 uno
2418 1831 2604 1870 omnes
2639 1815 2822 1886 (Hebr.
2850 1832 2907 1882 tt,
2940 1817 3048 1886 11).
3082 1818 3148 1872 Ut
3168 1833 3193 1869 a
3219 1820 3508 1887 semetipso
3533 1820 3782 1872 sanctiﬁ-

2187 1913 2359 1963 catum
2389 1908 2578 1962 Filium
2611 1909 2914 1976 doceamus,
2966 1910 3132 1978 ipsius
3177 1927 3242 1965 ex
3292 1912 3572 1980 Evangelia
3614 1912 3782 1966 testi-

2188 2000 2424 2052 monium
2474 1999 2857 2065 adhibeamus,
2917 2001 2991 2054 ait
3017 2020 3028 2052 :
3053 2001 3167 2056 Misi
3206 2016 3300 2055 eos
3343 2003 3396 2055 in
3436 2005 3570 2056 hunc
3608 2019 3781 2056 mun-

2186 2087 2333 2154 dum,
2366 2099 2420 2144 et
2450 2106 2544 2157 pro
2567 2093 2647 2144 eis
2669 2082 2992 2148 sancti‘licavi
3023 2093 3279 2157 meipsum
3305 2091 3621 2162 (Joanavn,
3647 2092 3775 2158 18).

2190 2179 2257 2239 Et
2298 2195 2508 2233 rursum
2571 2180 2622 2238 in
2670 2181 2870 2248 psalmo
2912 2181 3323 2251 quadragesimo
3365 2182 3540 2252 39a,
3576 2184 3778 2252 quinto

2185 2269 2361 2340 (Verr,
2412 2270 2499 2338 5),
2538 2271 2602 2325 de
2643 2271 2822 2339 templi
2865 2273 3103 2338 corporis
3153 2273 3270 2344 ejus
3325 2272 3766 2327 sanctiﬁcatione

2185 2361 2326 2415 canit
2355 2369 2407 2414 et
2442 2359 2567 2414 dicit
2599 2378 2611 2412 :
2642 2361 3006 2415 Sanctilicabit
3050 2363 3448 2423 tabernaculum
3479 2348 3628 2417 suum
3668 2365 3773 2417 Al-

2187 2452 2421 2504 tissimus
2443 2467 2454 2508 :
2477 2452 2613 2504 Deus
2634 2453 2684 2504 in
2711 2451 2885 2505 medio
2910 2452 3023 2521 ejus
3046 2468 3150 2507 non
3175 2454 3609 2508 commovebitur.
3629 2454 3700 2507 Et
3716 2465 3776 2508 ut

2188 2544 2324 2598 banc
2356 2544 2827 2609 sanctiﬁcationem
2854 2560 2987 2614 Opus
3026 2561 3309 2602 commune
3339 2550 3610 2605 Trinitatis
3639 2566 3775 2606 esse

2187 2634 2524 2702 perdoceam,
2568 2636 2807 2702 Apostoli
2861 2637 3069 2704 protero
3123 2637 3172 2692 in
3222 2638 3359 2694 banc
3400 2641 3772 2696 defensionem

2186 2725 2508 2794 sententiain
2561 2744 2573 2777 :
2612 2726 2714 2789 Sed
2760 2726 2872 2803 hinc
2920 2728 3130 2796 quidem
3175 2728 3383 2793 fuistis,
3425 2730 3614 2797 inquit,
3667 2736 3771 2786 sed

2189 2816 2355 2886 abluti
2388 2817 2538 2882 estis,
2562 2823 2623 2884 et,
2655 2818 2966 2883 sanctiticati
2996 2821 3148 2884 estis,
3181 2831 3235 2873 et
3256 2819 3526 2888 justiﬁcati
3551 2822 3684 2878 estis
3715 2824 3773 2878 in

2189 2907 2405 2961 nomine
2436 2906 2642 2967 Domini
2669 2908 2834 2961 nostri
2859 2907 2979 2962 Jesu
3006 2906 3204 2963 Christi
3234 2920 3288 2965 et
3317 2910 3518 2978 Spiritu
3547 2913 3635 2967 Dei
3660 2928 3770 2966 no-

2107 3023 2155 3096 C
2184 2996 2280 3052 stri
2305 2995 2354 3096 ti
2380 2995 2499 3052 Cor.
2532 3012 2601 3096 vt,
2637 2997 3001 3096 H)..ltespite
3025 2999 3235 3055 tandem
3277 3001 3363 3068 qui
3390 3002 3502 3055 haec
3547 2996 3768 3068 astruis,

2167 3089 2439 3162 Auriniam
2464 3089 2554 3165 qui
2583 3089 2926 3159 semetipsum
2947 3091 3332 3158 sanctiﬁcavit,
3377 3092 3597 3150 alterius
3640 3107 3772 3146 sano

2181 3180 2633 3258 ciilie;itione.non
2664 3182 2832 3256 eguit.

2707 3321 2933 3376 CAPUT
2974 3321 3235 3376 XXXVII.

2144 3454 2326 3524 just
2369 3456 2552 3521 dicitur
2586 3473 2604 3510 :
2637 3456 2778 3516 Dixit
2813 3456 3057 3520 Dominus
3110 3441 3326 3511 Domino
3355 3462 3485 3522 m‘ro,
3511 3458 3644 3539 Sed:
3690 3475 3725 3513 ο

2785 3547 2995 3613 dextris
3018 3548 3160 3601 meis.

2253 3670 2309 3724 Si
2345 3678 2520 3724 autem
2570 3668 2664 3723 tibi
2718 3668 3015 3735 objecerint
3064 3667 3190 3721 illud
3247 3669 3334 3721 ubi
3385 3669 3581 3722 dictum
3630 3678 3757 3745 est:

2185 3759 2327 3814 Dixit
2363 3760 2615 3812 Dominus
2676 3759 2897 3812 Domino
2943 3773 3081 3822 meo,
3145 3757 3285 3813 Sede
3332 3759 3602 3839 a‘dextris
3629 3760 3761 3813 meis

2185 3850 2351 3920 (Psal.
2387 3865 2492 3917 ctx,
2526 3851 2613 3919 1);
2646 3852 2726 3904 vel
2758 3849 2885 3902 illud
2921 3849 3159 3920 Apostoli
3194 3866 3207 3902 :
3236 3846 3580 3904 Constituens
3610 3849 3760 3904 illum

2185 3941 2251 3994 ad
2278 3942 2552 3995 dexteram
2583 3952 2730 4000 suam
2761 3935 2978 4008 (Epiros.
3013 3953 3048 4002 i,
3080 3938 3195 4007 20).
3355 3959 3360 3962 ~
3649 3957 3656 3962 ·

2260 4030 2558 4100 Responsio.
2584 4028 2771 4083 Filium
2803 4029 2867 4082 ad
2890 4027 3179 4082 dexteram
3206 4026 3379 4082 Patris
3408 4043 3514 4082 non
3539 4028 3758 4083 alterius

2181 4121 2421 4189 jnssione
2442 4120 2667 4184 sedisse,
2694 4117 2785 4174 sed
2816 4121 3024 4186 propria
3051 4127 3346 4188 potestate,
3388 4131 3453 4173 ex
3487 4119 3569 4173 bis
3610 4121 3758 4173 testi-

2185 4212 2378 4266 moniis
2401 4211 2578 4265 divina
2611 4212 2926 4264 auctoritate
2955 4211 3200 4263 fundatis
3217 4211 3494 4265 veritatem
3513 4225 3754 4280 agnosce,

2189 4301 2350 4355 Paulo
2396 4299 2641 4370 apostolo
2689 4300 3010 4368 medicante
3054 4317 3066 4351 :
3107 4300 3311 4354 tiercns
3343 4315 3554 4370 quoque
3584 4300 3754 4354 omnia

515 4397 842 4452 monSIrale.
893 4402 1013 4458 cum
1063 4386 1178 4454 ipse
1227 4387 1279 4439 in
1341 4384 1629 4468 Evangelia
1679 4385 1822 4439 dieat
1855 4402 1867 4438 :
1895 4383 2085 4438 Omnia
2114 4386 2164 4445 D
2191 4393 2352 4448 verbo
2379 4393 2588 4447 virtutis
2612 4407 2741 4458 sum,
2776 4393 3088 4461 purgatione
3108 4400 3446 4479 peccatorum
3467 4408 3496 4445 a
3519 4409 3576 4446 se
3598 4395 3753 4457 facta,

511 4496 628 4535 mea
659 4491 745 4534 tua
777 4488 922 4544 sunt,
966 4487 1020 4533 et
1070 4477 1378 4532 tuaomnia
1423 4491 1537 4529 mea
1581 4485 1704 4532 sunt
1732 4474 1912 4546 (Joan.
1943 4489 2076 4536 xvn,

511 4570 624 4640 10).
655 4568 711 4623 1η
743 4568 879 4624 libro
901 4567 1092 4633 etiam,
1125 4582 1241 4630 quo.
1273 4565 1468 4620 Esther
1505 4565 1723 4619 historia
1751 4565 2074 4630 continetur,

509 4661 583 4717 ita
613 4660 866 4728 scriptum
895 4671 1014 4712 esse
1047 4658 1445 4725 comperimus:
1481 4656 1591 4725 Ego
1629 4654 1837 4719 audivi,
1878 4654 2078 4725 inquit,

510 4751 564 4804 in
597 4749 747 4804 libris
776 4748 929 4815 meis,
964 4746 1207 4810 Domine,
1226 4746 1348 4814 quia
1378 4757 1431 4801 tu
1454 4745 1784 4814 assumpsisti
1810 4745 1900 4798 tibi
1919 4746 2078 4799 Israel

508 4854 576 4896 ex
603 4837 852 4892 omnibus
877 4838 1125 4907 gentibus
1147 4837 1196 4890 in
1227 4836 1589 4891 haereditatem
1621 4843 1872 4890 teternam
1905 4833 2078 4904 (Estlt.

507 4945 618 4996 xlv,
652 4928 724 5005 5)Τ
759 4927 946 4982 Nonne
976 4927 1189 5004 dicitur.
1213 4928 1264 4981 in
1314 4926 1671 4996 octuagesimo
1709 4934 1898 4979 octavo
1943 4927 2082 4994 psal-

508 5034 608 5094 mo.
629 5017 802 5090 (Verr.
840 5017 928 5090 η)
951 5034 965 5074 :
990 5019 1088 5073 Tui
1113 5020 1375 5076 suntemli
1399 5027 1453 5074 ct
1475 5030 1558 5071 tua
1583 5027 1665 5072 est
1692 5027 1865 5080 terra;
1894 5016 2079 5071 orbem

510 5119 770 5168 t--rrarttm
813 5115 867 5163 ct
913 5107 1293 5176 plenitudinem
1343 5107 1459 5176 ejus
1504 5118 1557 5160 tu
1603 5105 1869 5160 fundasti?
1898 5105 2082 5170 Nonne

509 5201 576 5254 de
608 5202 724 5269 ipso
761 5200 812 5254 in
854 5199 1124 5252 tricesimo
1163 5200 1399 5254 secundo
1426 5198 1620 5252 dicitur
1652 5198 1855 5266 psalmo
1898 5195 2078 5264 (Verr.

511 5288 600 5359 12)
629 5304 644 5342 :
677 5291 906 5363 Populus
935 5303 1092 5359 quem
1133 5288 1294 5357 elegit
1339 5289 1592 5343 Dominus
1632 5271 2078 5343 inbzercditatem

511 5379 650 5440 sibi?
679 5379 863 5434 Nonne
895 5380 1008 5446 ipse
1033 5378 1167 5432 dixit
1190 5379 1239 5432 in
1271 5379 1474 5447 psalmo
1500 5377 1905 5446 quadragesimo
1941 5389 2081 5436 notio

512 5469 688 5542 (Vm.
724 5470 810 5539 10)
836 5487 848 5520 ;
877 5469 1008 5522 Mea)
1035 5478 1160 5523 sunt
1183 5483 1370 5522 omnes
1401 5468 1586 5521 bestiae
1607 5466 1773 5533 silva,
1805 5479 1992 5534 pecora
2026 5466 2078 5518 in

514 5562 780 5622 montibus
822 5569 876 5615 et
915 5558 1100 5628 boves,
1153 5559 1374 5628 cognovi
1417 5557 1593 5611 omnia
1641 5556 1874 5612 volatilia
1926 5555 2078 5621 cteli,

514 5656 716 5733 species
740 5655 850 5727 agri
881 5667 1090 5732 mecum
1115 5663 1194 5709 est
1219 5670 1231 5708 :
1261 5653 1305 5710 si
1335 5652 1573 5710 esuricro
1588 5660 1702 5710 non
1740 5649 1909 5724 dicam
1935 5647 2031 5702 tibi
2055 5664 2075 5719 _:

2189 4482 2326 4537 sedit
2356 4481 2420 4535 ad
2451 4483 2724 4535 dexteram
2759 4482 3052 4549 maiestatis
3081 4482 3134 4536 in
3165 4481 3394 4535 excelsis
3426 4482 3586 4549 (lleb.
3611 4499 3648 4542 ι,
3679 4483 3749 4549 5).

2186 4572 2254 4626 Et
2283 4573 2469 4626 iterum
2505 4589 2516 4624 :
2548 4572 2658 4626 Non
2687 4573 2828 4625 enini
2854 4572 2904 4624 in
2930 4587 3088 4625 manu
3119 4571 3330 4625 fabricae
3352 4582 3530 4625 sancta
3554 4574 3749 4627 introiit

2184 4663 2358 4725 Jesus,
2388 4677 2505 4730 qua:
2531 4672 2610 4716 est
2640 4661 2888 4730 allegoria
2915 4662 3216 4724 verborum,
3246 4661 3338 4715 sed
3366 4659 3416 4714 in
3439 4662 3610 4730 ipsum
3645 4677 3747 4715 cce-

2185 4753 2293 4807 lum
2323 4753 2567 4819 apparuit
2594 4766 2621 4802 a
2648 4751 2851 4805 dextris
2875 4751 2966 4804 Dei
2999 4749 3156 4817 (Ileb.
3187 4765 3260 4814 ix,
3289 4747 3400 4816 24).
3433 4750 3499 4802 Et
3528 4752 3746 4803 iterum:

2187 4843 2472 4897 Cttrramtts
2511 4842 2575 4894 ad
2632 4841 2955 4909 propositum
3007 4839 3156 4893 nobis
3213 4841 3486 4907 praemium
3530 4839 3746 4906 agonia,

2189 4930 2534 4998 respicientes
2573 4930 2636 4982 ad
2684 4929 2972 4996 principem
3015 4927 3133 4981 ﬁdei
3177 4926 3530 4995 perfectorem
3579 4922 3747 4979 Domi-

2188 5034 2336 5082 num,
2379 5017 2464 5086 qui
2511 5017 2776 5086 proposito
2823 5015 3015 5085 gaudio
3058 5015 3307 5069 sustinuit
3350 5029 3586 5077 crucem,
3626 5029 3747 5068 con-

2191 5119 2430 5163 temnens
2461 5108 2822 5161 confusionem
2848 5105 3040 5168 crucis,
3070 5105 3124 5158 in
3159 5104 3377 5158 dextera
3419 5103 3604 5157 throni
3621 5103 3747 5158 sedit

2189 5199 2344 5269 (lleb.
2382 5215 2471 5263 xu,
2504 5196 2578 5266 1).
2612 5199 2674 5251 Ει
2705 5197 2754 5250 in
2788 5193 3145 5266 Apocalypsi:
3176 5191 3273 5260 Qui
3302 5191 3747 5254 vicerit,daboilli

2187 5298 2236 5340 ut
2271 5287 2453 5340 sedeat
2477 5301 2680 5340 mecmn
2709 5287 2760 5338 in
2792 5283 2917 5338 sede
2947 5299 3087 5348 mea,
3114 5282 3250 5336 sicut
3280 5295 3380 5348 ego
3402 5281 3526 5342 vici,
3552 5290 3607 5333 ct
3640 5279 3745 5352 sedi

2185 5392 2301 5431 cum
2332 5377 2485 5429 Patre
2511 5376 2702 5429 meoin
2733 5373 2860 5428 sede
2900 5373 3040 5426 illius
3069 5372 3252 5439 (Apoc.
3305 5384 3385 5429 Ill,
3433 5369 3548 5436 9|).
3597 5369 3662 5422 Et
3703 5370 3745 5421 in

2185 5465 2391 5533 psalmo
2441 5478 2580 5517 nooo
2625 5463 2798 5533 (Vera.
2834 5462 2928 5529 5):
2967 5459 3227 5525 Quoniam
3284 5457 3452 5511 iecisti
3498 5456 3743 5525 judicium

2186 5569 2358 5627 meum
2393 5564 2443 5606 et
2468 5566 2682 5605 causam
2713 5547 3126 5612 meatn,'scdisti
3169 5561 3332 5614 super
3370 5545 3622 5599 thronum
3669 5545 3745 5615 qui

2183 5644 2392 5714 judicas
2421 5644 2744 5713 inquitaletn.
2779 5637 3002 5708 Respice
3039 5635 3321 5706 diligenter
3355 5651 3473 5703 qua:
3505 5636 3572 5689 ab
3612 5635 3744 5705 Apo-
