3856 6222
79 302 182 358 377

1194 264 1201 271 ’
1248 303 1511 361 comas
1558 302 1959 361 νΑῐιιιιωωι
1999 306 2126 360 LlB.
2167 304 2206 360 l.
2248 258 2249 261 Ν

3222 302 3324 359 378

80 412 219 467 stola
242 411 509 481 superius
534 411 672 468 dicta
702 420 824 468 sunt
852 432 865 467 :
896 413 1211 482 Purgatianc
1234 428 1262 467 a
1293 430 1351 469 se
1370 414 1503 468 facta
1525 414 1661 469 sedit
1687 451 1737 509 Α
1763 429 1862 483 ego
1886 414 2020 469 dabo
2042 416 2113 478 ei,
2145 428 2249 468 non
2280 413 2423 469 sitiet
2473 414 2524 468 in
2576 422 2830 468 internum
2877 411 3054 483 (Joan.
3102 408 3325 509 tiu-‘13).

80 503 146 567 ad
170 504 471 560 dexteram
506 505 595 560 Dei
621 504 802 576 (Hebr.
835 522 870 572 ι,
899 507 958 575 5)
982 507 1012 542 ⁸
1035 506 1193 562 iluem
1224 505 1366 561 facit.
1392 506 1593 561 Rursus
1608 508 1661 564 ‘..

610 612 1151 670 CAPUT'XXXViiI.

85 724 182 778 Ubi
208 724 405 777 dicunt
447 722 496 776 F
499 726 642 778 ilium
680 741 711 777 a
750 724 947 780 ludatis
983 728 1186 782 irrisum
1222 727 1528 819 cuinam“
1556 722 1693 778 rm?

773 814 1001 866 pensum.

1342 858 1353 881 \

146 907 316 976 395
348 907 411 963 Si
449 908 539 962 tibi
568 908 789 963 dixerint
822 928 834 962 :
868 910 989 964 ideo
1035 907 1333 973 tniuorzest,
1383 904 1514 977 quia
1552 905 1669 975 ipse

86 995 250 1051 Filius
272 1010 576 1065 suspensus
605 1014 633 1051 a
663 998 858 1053 Judteis
888 999 1072 1052 irrisus
1101 1007 1201 1050 est.

150 1078 476 1152 Responsio.
504 1079 541 1109 “
570 1087 941 1155 lnseparabilis
961 1098 1101 1143 esset
1129 1086 1281 1152 Filio,
1302 1099 1402 1140 nec
1422 1082 1666 1152 iniuriam

88 1177 329 1244 pertulit,
378 1192 486 1233 nec
521 1177 752 1248 passioni
800 1179 1078 1248 subjacuit,
1111 1179 1202 1236 sed
1243 1178 1353 1231 sola
1396 1183 1666 1245 assumpta

86 1282 206 1322 caro
226 1284 500 1337 suSpensa
527 1279 607 1323 est
628 1255 790 1333 cruci,
816 1284 931 1338 qu‘e
955 1284 984 1321 a
1006 1253 1205 1323 ludatis
1225 1276 1279 1321 et
1305 1266 1468 1322 teneri
1499 1266 1670 1333 potuit

91 1368 140 1413 et
163 1358 344 1428 ligari.
380 1357 615 1412 Proinde
644 1359 808 1413 Filius
844 1359 936 1414 Dei
973 1368 1031 1413 ut
1069 1360 1227 1412 homo
1256 1371 1568 1425 suspensus,
1614 1356 1665 1409 in

91 1463 242 1501 crure
270 1447 476 1502 irrisus
500 1456 611 1513 est;
635 1456 689 1502 ut
713 1448 849 1502 Deus
876 1459 1048 1502 autem
1092 1446 1285 1500 sedens
1315 1445 1381 1499 in
1404 1444 1540 1498 cmlo
1572 1445 1668 1497 im-

90 1535 200 1603 pios
229 1535 502 1590 irrisurus
530 1548 630 1598 est.
662 1536 940 1595 Psalmista
971 1536 1181 1590 dicente
1205 1534 1351 1602 :Qui
1381 1532 1591 1587 habitat
1613 1535 1664 1588 in

93 1624 235 1678 ctelis
288 1624 573 1679 deridebit
611 1639 723 1689 eos,
777 1635 831 1678 ct
890 1608 1150 1679 Dominus.
1185 1624 1529 1680 subsannabit
1573 1638 1666 1679 eos

93 1712 254 1780 (Psal.
281 1730 344 1779 tt,
380 1714 465 1782 4).
506 1714 567 1770 Ut
593 1716 752 1769 homo
781 1724 1003 1770 mortem
1036 1714 1228 1777 timuit,
1249 1722 1306 1767 ut
1330 1713 1465 1767 Deus
1490 1724 1665 1767 autem

96 1816 327 1860 mortuos
355 1805 662 1870 suscitabi',
693 1806 805 1874 ipso
833 1807 1038 1861 dicente
1063 1825 1076 1859 :
1100 1804 1249 1859 Sicut
1273 1803 1425 1856 Pater
1448 1803 1667 1858 suscitat
1702 1822 1743 1877 Β

95 1906 352 1957 mortuos,
384 1905 445 1948 et
471 1896 725 1962 vivilit-at,
758 1897 834 1951 sic
858 1906 911 1949 et
937 1894 1097 1948 Filius
1133 1907 1266 1960 quos
1306 1893 1415 1946 vult
1443 1891 1672 1953 viriﬁcat

102 1982 264 2049 (lacn.
294 1999 349 2048 ν,
379 1983 500 2052 Si).
528 1983 589 2039 Ut
622 1984 777 2038 homo
802 1991 1093 2052 consputus
1115 1989 1219 2044 est,
1250 1991 1306 2034 ut
1338 1982 1474 2034 Deus
1496 1990 1670 2033 autem

97 2071 154 2125 tle
174 2080 334 2139 Sputo
366 2087 473 2127 suo
494 2088 692 2128 crocum
718 2072 1015 2127 illuminare
1040 2072 1282 2141 dignatus
1310 2079 1410 2136 est,
1428 2070 1675 2137 Evange-

104 2160 212 2213 lsta
240 2146 506 2216 dicente‘:
538 2163 763 2231 Exspuit
808 2164 859 2217 in
906 2173 1067 2229 terra,
1118 2171 1172 2216 et
1220 2161 1343 2216 fecit
1388 2160 1552 2215 lutum
1604 2159 1673 2213 de

102 2259 271 2316 sputo,
300 2263 354 2305 et
388 2252 564 2305 linivit
589 2268 747 2321 super
768 2253 951 2307 oculus
976 2253 1090 2323 ejus
1112 2251 1287 2329 (locu.
1326 2268 1409 2316 ix,
1439 2250 1494 2317 6)
1517 2293 1531 2316 ,
1563 2261 1670 2307 etc.

106 2335 169 2391 lit
199 2337 359 2392 homo
390 2341 564 2408 Spinis
612 2355 894 2397 coronatus
942 2351 1043 2407 est,
1089 2352 1145 2396 ut
1186 2342 1326 2395 Deus
1364 2339 1539 2395 autem
1578 2355 1687 2411 co-_

109 2440 224 2479 rona
248 2428 453 2495 speciei
477 2430 774 2497 appellatus
804 2442 905 2495 est,
943 2421 1095 2486 lsaia‘
1121 2430 1375 2499 proriheta
1411 2429 1621 2484 dicente
1654 2443 1670 2484 :

110 2514 214 2570 Erit
241 2517 505 2573 Dom‘nus
525 2534 719 2574 corona
747 2521 963 2590 speciei,
993 2536 1108 2588 quae
1138 2520 1412 2588 complexa
1432 2528 1513 2574 est
1544 2519 1675 2574 resi-

112 2605 200 2660 dua
224 2608 402 2676 populi
436 2610 520 2663 sui
551 2609 715 2677 (lsat'.
749 2625 931 2674 xxrtn,
975 2609 1050 2673 5).
1097 2608 1166 2666 Ut
1196 2609 1355 2685 homo
1383 2609 1673 2680 ﬂagellatus

112 2704 205 2759 est,
225 2707 280 2750 ut
308 2696 454 2753 Deus
484 2708 661 2752 autem
690 2699 816 2753 nihil
846 2714 1028 2754 eorum
1078 2713 1364 2769 perpessus
1401 2707 1482 2753 est
1501 2740 1517 2763 ,
1551 2712 1675 2766 pro-

116 2784 256 2851 pheta
278 2786 499 2841 dicente
529 2806 542 2840 :
575 2787 686 2842 Non
731 2779 985 2843 accedent
1022 2787 1091 2852 ad
1132 2796 1186 2842 te
1213 2787 1372 2853 mala,
1412 2796 1466 2843 et
1490 2785 1670 2857 ﬂagel-

120 2871 213 2927 lum
245 2889 348 2926 non
376 2877 827 2947 appropinquabit
858 2879 1197 2932 tabernaculo
1234 2887 1326 2931 tuo
1367 2877 1536 2948 (Paul.
1582 2893 1671 2945 xc,

123 2959 222 3030 i0).
244 2961 313 3018 Ut
332 2963 494 3018 homo
516 2965 684 3034 alapis
713 2980 885 3020 cmsus
910 2970 1097 3048 est,‘ut
1129 2967 1269 3021 Deus
1290 2977 1463 3021 autem
1506 2981 1674 3036 aquas

120 3051 319 3119 pugillo,
346 3061 400 3106 et
430 3069 645 3117 omnem
676 3056 796 3111 cmii
826 3056 1080 3110 ambitum
1116 3056 1288 3121 palmo
1317 3056 1670 3123 comprehen2

126 3138 209 3204 dit,
232 3140 357 3195 Isaia
385 3143 602 3227 dicente
630 3138 799 3211 :Quis
826 3162 1039 3225 mensus
1063 3154 1145 3202 est
1172 3146 1370 3216 pugillo
1399 3162 1593 3215 aquas,
1620 3156 1674 3203 et

125 3229 279 3285 celos
313 3222 847 3302 palmolpouderavit
889 3222 1042 3306 (lsai.
1091 3254 1186 3300 xc,
1233 3236 1364 3306 1'2)?
1406 3236 1475 3293 Ut
1516 3239 1675 3293 homo

131 3319 376 3379 tristil'am
411 3324 673 3392 pertulit,,
699 3336 756 3380 ut
794 3326 932 3381 Deus
974 3336 1147 3381 autem
1184 3328 1390 3382 mms'is
1430 3338 1485 3381 ct
1528 3329 1676 3388 omni

133 3407 447 3465 tribulatione
470 3413 728 3468 conlectis
752 3417 1168 3471 consolationem
1187 3409 1470 3483 ‘attribttvt,
1514 3415 1703 3470 Paulo~

132 3499 359 3564 apostolo.
387 3500 601 3557 dicente
628 3518 640 3555 :
672 3502 822 3558 Sicut
860 3504 1440 3573 abundaut‘passiones
1479 3502 1703 3560 Christi.

132 3585 176 3638 in
191 3589 360 3655 .nobis,
384 3590 459 3645 ita
480 3601 548 3675 et
576 3606 669 3658 per
699 3592 964 3649 Chrismm
992 3595 1225 3649 abundat
1262 3596 1556 3651 consolatio
1581 3612 1705 3661 no-.

134 3681 308 3749 stra(ll
330 3681 446 3737 Cor.
479 3698 515 3748 I,
548 3683 631 3752 5).
664 3683 912 3738 Uthomo
936 3674 1063 3751 felle
1085 3697 1131 3740 et
1160 3696 1311 3741 aceto
1337 3694 1546 3756 potatus
1573 3689 1675 3752 esi,

135 3776 186 3827 ιιι
208 3769 329 3827 Deus
351 3784 529 3827 autem
564 3781 759 3829 terram
784 3774 1030 3830 ﬂuentem
1064 3776 1199 3830 lacte
1224 3783 1278 3829 ct
1303 3776 1459 3830 melle
1480 3775 1703 3844 tepqu

134 3872 219 3915 suo
242 3861 363 3920 dare
404 3865 661 3935 dignatus
714 3875 817 3931 est,
867 3867 1009 3939 libro,
1048 3858 1467 3923 Dentercnomio
1501 3867 1677 3937 prote-

118 3954 287 4003 stante
330 3969 343 4004 :
392 3952 527 4009 Cum
580 3964 757 4019 autem
817 3943 1079 4013 inditxerit
1126 3966 1178 4012 te
1239 3957 1492 4013 Dominus
1539 3959 1706 4013 Deus.

136 4036 412 4111 396mm
450 4047 502 4098 in
548 4056 741 4101 terram
786 4046 1035 4102 ﬂuentem
1076 4050 1210 4107 lacte
1242 4058 1296 4105 et
1328 4051 1505 4115 melle,
1532 4066 1677 4105 cave

140 4130 221 4183 tbi
242 4145 300 4185 ne
326 4148 441 4188 cum
468 4137 874 4198 manducaveris
904 4150 957 4192 et
980 4142 1461 4206 saluratuslueris,
1486 4140 1679 4195 oblivi-

138 4222 282 4292 scaris
309 4230 535 4287 nominis
566 4230 771 4287 Domini
806 4231 896 4285 Dei
947 4233 1020 4286 tui
1069 4231 1245 4301 (Deut.
1279 4224 1677 4301 vr).7Ut.|io'mo
1706 4276 1707 4279 η

139 4310 378 4372 Meamne.
399 4321 449 4374 in
471 4322 723 4377 .Jordane
771 4324 1115 4405 baptizandus
1152 4325 1398 4404 advenit,
1441 4336 1504 4405 ut
1536 4325 1705 4382 Deus.

141 4413 293 4496 autem
321 4409 369 4462 iu
409 4412 626 4480 Spiritu,
654 4424 845 4469 sancto
879 4398 1177 4496 discipulos.
1206 4398 1507 4484 baptizavit:
1533 4418 1675 4487 ipso

144 4490 361 4557 dirente;
389 4495 490 4558 vos
512 4515 693 4559 autem
725 4505 778 4558 in
816 4506 1013 4575 Spiritu
1043 4490 1228 4561 sancto
1257 4507 1670 4577 baptizabimioi,
1701 4532 1751 4592 ο

141 4594 272 4649 quem
298 4597 349 4644 et
384 4594 657 4662 accepturi
697 4596 830 4650 estis
858 4595 991 4666 (Act.
1022 4598 1171 4663 1,,5).
1205 4597 1269 4652 Ει
1289 4598 1526 4652 Joannes
1546 4638 1549 4643 .
1569 4600 1698 4652 Ba--

145 4676 278 4739 Plista
298 4696 315 4730 ηε
346 4681 529 4739 Veniet
550 4684 747 4741 .fortior
766 4702 881 4751 me,
909 4679 997 4755 qui
1023 4703 1119 4741 vos
1148 4688 1447 4767 baptizetin
1470 4689 1671 4757 Spiritu
1715 4736 1723 4743 .

146 4773 301 4852 sancti
324 4780 374 4827 et
407 4772 525 4842 igne
553 4775 705 4846 (Luc.
747 4792 832 4842 tn,
867 4770 973 4843 i6).
1017 4777 1083 4833 Ut
1119 4778 1277 4834 bomo
1305 4795 1334 4833 a
1364 4774 1574 4852 diabolo
1619 4782 1670 4836 in

149 4848 332 4911 deserto
356 4870 581 4920 tentatus
611 4877 715 4929 est,
748 4876 809 4920 ut
839 4867 977 4921 Deus
1011 4880 1186 4924 autem
1216 4848 1674 4928 eumdemdiabo-

148 4936 235 4998 iam
259 4944 560 5020 increpavit,
596 4956 712 5024 ipso
752 4958 1004 5015 dicente:
1034 4959 1179 5016 Vade
1214 4972 1380 5026 retro,
1422 4962 1669 5027 Satanas,

151 5042 237 5123 non
266 5042 474 5098 tcutabis
510 5046 791 5100 Dominum
823 5048 1002 5105 Deum.
1024 5058 1169 5104 tuum
1195 5050 1412 5119 .(Jlauli.
1454 5068 1527 5119 tv,
1562 5052 1669 5123 10).

155 5117 208 5174 L't
233 5122 375 5184 homo
398 5138 600 5197 esuriit.
633 5148 694 5192 ut
718 5138 856 5195 Deus
884 5151 1057 5203 autem
1088 5142 1155 5196 de
1190 5117 1420 5213 quinque
1451 5117 1671 5212 panibus

154 5213 351 5281 σιιιῖιιειιιε
376 5226 529 5282 millia
548 5228 828 5282 hominum
850 5235 1136 5287 sntnravit.
1182 5234 1247 5289 Ut
1288 5235 1446 5290 humo
1487 5238 1669 5293 sitiens

155 5300 494 5401 38amaritaua
522 5321 744 5376 muliere
775 5326 1055 5389 pauxillum
1090 5339 1237 5394 aqua:
1273 5328 1451 5383 bibere
1492 5341 1671 5396 postu-

158 5385 291 5484 ifwit;
317 5410 368 5453 ut
396 5405 525 5463 Deus
554 5422 730 5463 autem
762 5414 958 5468 fontem
988 5420 1291 5484 aqum-vivae
1319 5429 1532 5474 auertite
1559 5430 1673 5477 ere-

162 5475 372 5591 dfntibus
399 5501 706 5565 propinavit,
736 5502 849 5569 ip.;o
869 5475 1077 5591 dipenie
1112 5523 1125 5558 :
1154 5506 1467 5573 Qniibiberit
1490 5526 1553 5565 ex
1581 5475 1680 5567 hac
1736 5584 1745 5591 -

162 5576 295 5637 “illa.
322 5578 455 5638 sitiet
474 5588 686 5656 iterum,
709 5593 795 5660 qui
825 5576 998 5651 autem
1040 5596 1231 5655 biberit
1269 5598 1337 5655 de
1363 5615 1495 5671 aqua
1521 5617 1677 5673 quam

222 5708 241 5730 '
260 5709 343 5771 ilic
369 5718 547 5785 desunt
575 5734 852 5788 nonnulla.

1772 505 1836 561 Ut
1887 509 2049 560 homo
2098 506 2326 560 amicum
2362 520 2518 560 suum
2568 504 2820 559 Lazarum
2870 503 3038 564 ﬂevit;
3082 510 3135 554 ut
3188 498 3327 554 Dens

1768 606 1946 652 autem
1975 614 2068 666 pro
2090 614 2149 653 se
2176 598 2484 667 patientium
2525 581 3198 665 lat-rymas'miscricordim
3238 608 3329 660 pc-

1769 687 1949 742 nieillo
1976 687 2267 757 absterget',
2292 670 2613 756 Apocalypsi
2639 694 2963 754 protestautc
2988 702 3001 736 :
3034 684 3098 737 Et
3123 681 3330 734 abster-

1767 787 1853 845 κει
1877 778 2018 831 Deus
2041 792 2252 832 onlnem
2288 776 2571 846 lacrymam
2604 776 2670 829 ab
2715 774 2884 828 oculis
2921 788 3099 825 eorum
3141 770 3324 841 (Apoc.
3359 810 3367 818 .

1770 883 1882 931 xxi,
1906 866 1984 935 4).
2012 865 2078 920 Ut
2106 866 2265 920 homo
2288 864 2601 919 vcstiitienta
2641 863 2756 932 ejus
2787 872 2931 917 sorte
2974 860 3139 915 divisa
3169 865 3326 921 sunt;

1770 940 1995 1011 ut~Deus
2025 964 2199 1008 autem
2231 952 2435 1023 prmuio'
2461 968 2557 1007 suo
2597 953 2648 1009 in
2684 960 2899 1007 sortem'
2927 960 3119 1002 terram
3150 962 3331 1013 repro-

1769 1045 2039 1101 missionis
2068 1043 2195 1098 dure
2224 1042 2472 1113 dignatus
2505 1051 2585 1096 est
2607 1082 2621 1106 ,
2663 1042 2938 1096 Psalmista
2980 1038 3187 1092 dicente
3220 1053 3231 1086 :
3267 1034 3345 1117 Et

1768 1137 1928 1207 ejecit
1952 1152 1981 1189 a
2008 1136 2141 1191 facie
2171 1150 2354 1190 eorum
2402 1142 2610 1204 gentes,
2645 1144 2701 1188 et
2741 1141 2884 1188 scrte
2928 1128 3194 1188 distribuit
3226 1127 3364 1186 illis,

1770 1238 1969 1285 terram
2002 1229 2054 1283 in
2086 1226 2316 1283 funiculo
2345 1227 2671 1303 btereditatis
2703 1224 2872 1303 (Prol.
2912 1236 3107 1287 uxvn,
3130 1218 3238 1287 54).
3264 1218 3336 1274 Ut

1701 1356 1708 1370 .
1769 1320 1932 1386 homo
1963 1318 2236 1383 dormivit,
2280 1325 2338 1372 ut
2377 1317 2519 1373 Deus
2554 1324 2728 1370 autem
2766 1322 3032 1383 nunquam
3074 1310 3336 1379 corporali

1768 1425 1956 1471 somno
1985 1409 2268 1480 subiacuit,
2303 1407 2557 1478 prepheta
2579 1396 2791 1461 dicente
2816 1423 2828 1457 :
2855 1406 2990 1460 Ecce
3012 1421 3117 1460 non
3143 1402 3338 1457 donni-

1769 1502 1924 1567 tabit,
1973 1506 2144 1571 niquc
2182 1480 2505 1578 obdormiet,
2553 1496 2641 1567 qui
2689 1496 2921 1551 custodit
2960 1495 3119 1550 Israel
3159 1489 3333 1561 (Psal.

1769 1609 1895 1658 cxx,
1926 1593 2004 1663 ι).
2036 1594 2314 1647 Postremo
2345 1600 2401 1645 ut
2424 1592 2645 1659 plurima
2670 1587 3362 1658 prmtcrmittammthomo.

1771 1693 2010 1738 mortuus
2035 1693 2139 1747 est,
2166 1682 2317 1742 etin
2370 1679 2655 1749 sepulchro
2704 1678 2905 1748 positus
2954 1677 3238 1745 requievit;
3281 1683 3339 1729 ut

1774 1772 1911 1827 Deus
1942 1782 2117 1827 autem
2141 1771 2297 1827 tertio
2318 1770 2403 1825 die
2444 1770 2727 1839 resurgens
2753 1784 2782 1824 a
2810 1769 3035 1823 mertu‘s
3070 1784 3082 1819 :
3114 1766 3340 1835 quadra-

1773 1863 1978 1930 gesimo
2005 1862 2092 1916 die
2112 1863 2177 1916 ad
2200 1861 2392 1917 cmlum
2424 1860 2757 1925 conscendit,
2789 1870 2843 1914 et
2871 1870 2989 1928 post
3008 1858 3197 1913 decem
3227 1856 3339 1909 die—

1774 1950 1891 2006 rum
1924 1952 2173 2021 spatium,
2205 1951 2431 2020 Spiritus
2471 1952 2637 2004 sant-ti
2677 1944 3079 2025 tro‘missionem
3109 1945 3340 2013 discipu-

1774 2037 1841 2097 lis
1870 2042 2035 2098 misit.
2066 2042 2311 2110 Agnosce
2334 2035 2570 2106 tan'dem,
2594 2039 2865 2109 btrretice,
2887 2032 3005 2108 quis
3036 2038 3124 2092 ille
3152 2036 3223 2091 sit
3251 2036 3341 2109 qui
3374 2038 3375 2041 “

1772 2135 1949 2188 crucis
1978 2133 2225 2202 iniuriam
2255 2133 2497 2202 pertulit,
2521 2143 2570 2187 et
2593 2134 2712 2201 quis
2732 2147 2850 2186 eam
2872 2133 2923 2187 in
2944 2139 3215 2201 assumpto
3240 2131 3340 2183 ho-

1775 2225 1917 2280 mine
1945 2234 2148 2294 posuus
2175 2224 2376 2285 Semire
2406 2210 2511 2277 non
2541 2224 2726 2290 potuit.

2293 2311 2523 2368 CAPUT
2563 2309 2808 2366 XXXIX.

1780 2405 1878 2460 Ubi
1904 2404 2077 2459 dicunt
2093 2403 2307 2465 Patrem
2330 2404 2381 2457 in
2405 2420 2609 2474 carnem
2635 2420 2941 2469 conversum,
2976 2402 3105 2474 cide
3136 2402 3342 2472 Virgins

2315 2490 2427 2528 cum
2452 2471 2589 2527 Filio
2619 2481 2810 2527 natum.

1843 2564 1999 2638 397
2045 2564 2099 2619 Si
2142 2563 2546 2618 Iibi‘dixerint’:
2589 2562 2649 2619 Si
2675 2563 2828 2616 Pater
2864 2571 2918 2617 et
2968 2562 3127 2616 Filius
3177 2576 3339 2614 unum

1774 2670 1918 2727 sunt,
1952 2672 2079 2726 ergo
2102 2666 2155 2711 et
2187 2656 2340 2711 Pater
2371 2656 2423 2710 in
2457 2670 2670 2711 carnem
2705 2668 2998 2710 conversus
3024 2696 3038 2722 ,
3086 2652 3151 2708 ad
3187 2650 3365 2719 virgi?

1774 2742 1895 2808 nem
1920 2751 2083 2825 renit,
2110 2757 2165 2805 et
2195 2763 2315 2802 cum
2349 2740 2485 2803 Filio
2513 2758 2666 2802 natus
2691 2748 2952 2817 apparuit.

1847 2842 2152 2913 Responsio.
2202 2839 2310 2895 Nos
2356 2834 2587 2894 Verbum
2638 2837 2812 2894 Patris
2856 2839 3081 2893 dicimus
3126 2851 3340 2891 carnem

1776 2920 1993 3000 factum,
2025 2950 2129 2988 non
2154 2933 2361 2988 Patrem
2392 2934 2448 2989 in
2478 2948 2691 3001 carnem
2722 2948 2842 2989 esse
2887 2948 3223 2997 conversum,
3252 2927 3344 2988 aut

1775 3010 2069 3102 secundum
2098 3026 2195 3080 vos
2222 3025 2273 3078 in
2303 3024 2512 3080 diversa
2546 3032 2803 3079 mutatum
2826 3063 2840 3089 ,
2888 3007 3211 3091 evangelista
3264 3022 3343 3074 di-

1775 3127 1931 3173 cente
1956 3134 1969 3171 :
1999 3116 2067 3171 Et
2091 3119 2308 3172 verbum
2340 3132 2467 3171 caro
2506 3116 2701 3171 factum
2740 3127 2815 3171 est
2847 3158 2862 3181 ,
2904 3126 2957 3172 et
3003 3113 3260 3178 habitavit
3288 3114 3343 3170 in

1779 3209 1932 3264 nobis
1958 3200 2136 3279 (Jo’an.
2166 3223 2211 3273 ι,
2246 3207 2571 3277 24).‘lpsum
2607 3206 2837 3261 Verbum
2876 3207 3055 3261 Pater
3082 3204 3268 3273 tnisit,‘
3291 3199 3345 3259 et

1761 3284 1987 3353 ‘sauavit
2018 3312 2136 3351 nos.
2161 3297 2335 3365 ipsum
2360 3296 2590 3351 Verbum
2612 3298 2960 3370 eructavitex
2999 3296 3179 3351 corde.
3226 3297 3344 3361 ipso

1778 3388 1954 3444 Verbo
1993 3386 2115 3461 C(Pii
2166 3386 2356 3441 firmati
2402 3398 2554 3455 sunt,
2596 3392 2823 3456 quorum
2862 3389 3034 3442 ‘virtus
3061 3403 3124 3442 ex
3158 3388 3345 3457 Spiritu

1767 3479 1888 3532 θεῖε
1918 3477 2035 3545 ejus
2068 3461 2321 3545 perpetuo
2350 3476 2561 3530 fundata
2586 3460 2783 3532 tnaiiet.
2808 3461 2927 3547 ipse
2956 3478 3095 3532 servi
3121 3477 3361 3532 formam

1778 3565 1972 3630 induit,
1999 3567 2049 3617 in
2075 3579 2172 3633 qua
2206 3564 2347 3618 Patri
2375 3564 2628 3619 obediens
2664 3566 2790 3631 fuit,
2824 3577 2878 3621 et
2918 3566 3221 3622 Judmorum
3249 3582 3344 3636 0p-

1778 3653 1991 3724 probria
2022 3653 2310 3708 toleravit:
2342 3654 2481 3708 Deus
2517 3648 2657 3708 enim
2699 3655 2806 3724 imp
2841 3655 3039 3711 ssibilis
3073 3664 3181 3723 est,
3221 3646 3343 3726 quia

1778 3759 2066 3811 corporeus
2098 3759 2201 3797 non
2230 3751 2343 3805 est,
2383 3744 2475 3820 sed
2520 3746 2633 3799 sola
2674 3761 2797 3807 caro
2826 3756 3094 3816 assumpta
3131 3748 3347 3817 pertulit

1779 3835 2079 3905 passionem
2108 3851 2225 3903 qua:
2253 3836 2489 3901 angi-lica
2523 3838 2923 3897 anuuntiatione
2950 3848 3193 3895 contenta
3217 3841 3347 3913 adu;-

1778 3927 1905 3981 levit
1942 3926 1994 3979 in
2038 3925 2270 3995 Virgine,
2319 3926 2560 3983 Gabriele
2597 3931 2785 3997 angelo
2836 3930 3044 3985 dicente
3069 3946 3085 3987 :
3114 3918 3344 4001 Spiritus

1778 4027 1994 4075 Sanctus
2024 4018 2363 4085 superveniet
2384 4018 2436 4071 in
2468 4028 2519 4073 te
2538 4060 2553 4084 ,
2589 4021 2845 4100 et‘virttrs
2874 4020 3132 4091 Altissimi
3158 4003 3341 4077 citum?

1748 4149 1750 4153 ν
1780 4108 1954 4162 brabit
1985 4108 2101 4172 tibi,
2131 4116 2409 4176 propterea
2437 4109 2576 4183 quod
2598 4112 2849 4166 nascetur
2887 4127 2948 4166 ex
2988 4120 3040 4167 te
3077 4123 3337 4175 εδιτοιιιηι,

1778 4200 2054 4253 Vocabitur
2084 4198 2248 4253 Filius
2290 4199 2381 4253 D'ei
2421 4200 2573 4269 (Luc.
2619 4202 2827 4275 1,1555).
2868 4204 3149 4268 Qoi‘enim
3179 4205 3342 4261 Fi'ius

1777 4297 1883 4355 est,
1909 4288 2066 4342 Pater
2097 4289 2279 4356 utique
2311 4298 2414 4343 non
2444 4300 2526 4342 est
2559 4305 2574 4343 :
2600 4280 2845 4359 quoniam
2880 4282 3032 4345 nemo
3059 4295 3136 4347 sui
3167 4302 3218 4347 et
3247 4294 3344 4348 Pa-

1778 4388 1859 4433 ter
1885 4390 1938 4432 et
1970 4377 2135 4433 Filius
2160 4378 2263 4432 dici
2294 4387 2487 4447 potest.
2514 4379 2574 4433 Et
2597 4380 2640 4434 si
2676 4380 2727 4433 in
2756 4365 2988 4449 persona
3012 4382 3179 4436 Patris
3222 4396 3342 4451 pro-

1777 4471 1936 4541 pheta
1967 4469 2138 4524 dicit:
2175 4469 2595 4535 invoeabit‘me,
2631 4478 2688 4525 et
2726 4472 3003 4525 exaudiam
3034 4488 3174 4539 eum,
3219 4489 3338 4527 cum

1777 4563 1896 4632 ipso
1923 4578 2040 4617 sum
2077 4564 2129 4615 in
2163 4561 2522 4631 tribulatione,
2555 4570 2607 4617 et
2629 4563 3002 4634 eripiamxnm
3042 4564 3208 4636 (Paul.
3251 4582 3338 4631 xc,

1776 4650 1889 4724 15),
1924 4646 2370 4722 dispensationem
2403 4652 2618 4708 unitatis
2642 4655 2877 4709 ostendit
2903 4671 2917 4711 :
2945 4671 3061 4708 nam
3088 4656 3340 4711 divinitas

1776 4744 1970 4810 Panis,
1993 4753 2045 4799 et
2066 4743 2219 4807 Filii,
2250 4757 2367 4813 qua
2397 4735 2497 4797 una
2537 4753 2651 4810 est,
2688 4745 2946 4814 passionis
2986 4745 3112 4800 vitio
3155 4746 3336 4816 subia-

1776 4850 1898 4891 cere
1922 4850 2025 4889 non
2052 4833 2241 4903 potuit.

1877 4942 1885 4948 -
2230 4911 2237 4915 “
2370 4904 2597 4960 CAPUT
2636 4904 2745 4961 XL.

1782 4994 1892 5049 U‘bi'
1924 4994 2097 5049 dicunt
2138 4994 2333 5049 Filium
2374 5011 2477 5049 non
2522 4996 2705 5052 habere
2737 4998 3099 5068 prmcieytﬁam
3134 5000 3336 5069 futuro-

2497 5082 2631 5121 rum.
2812 5108 2813 5111 η
3364 5080 3370 5086 ’

1847 5156 1901 5210 Si
1943 5154 2173 5210 dixerint
2207 5174 2222 5209 :
2260 5157 2424 5225 Filius
2466 5158 2553 5211 Dci
2592 5173 2694 5211 non
2732 5158 2913 5211 habuit
2954 5161 3353 5227 prmscieutiarm

1776 5236 2107 5311 futurorum,
2131 5233 2225 5315 pro
2250 5262 2318 5300 co
2365 5248 2505 5315 quod
2547 5250 2815 5305 immundo
2862 5249 3064 5317 spiritui
3100 5251 3290 5307 dixerit
3318 5268 3353 5306 :A

1776 5340 1925 5404 Quod
1960 5354 2148 5393 notnen
2175 5350 2255 5392 ρει
2280 5338 2409 5392 tibi?
2439 5340 2597 5409 398
2632 5352 2685 5394 et
2729 5341 2866 5410 quod
2913 5349 3119 5411 tempus
3150 5354 3231 5400 est
3270 5359 3337 5401 ex

1780 5444 1885 5498 quo
1915 5429 1962 5482 ei
1995 5430 2093 5481 hoc
2118 5428 2345 5481 accidit?

1853 5510 2159 5583 Responsio.
2188 5518 2375 5572 Filium
2402 5518 2501 5573 “Dei
2534 5522 2864 5588 prmsentium
2885 5524 3171 5579 futurorum
3195 5526 3357 5594 ignoti.

1784 5624 1905 5665 rare
1934 5624 2035 5663 non
2070 5624 2230 5678 posse
2264 5626 2326 5665 ex
2360 5610 2534 5665 divina
2566 5614 2879 5671 auctoritate
2911 5632 3154 5688 agnosce,
3195 5619 3369 5681 iure»

1790 5729 1798 5735 ”
1858 5746 1898 5771 “
1926 5747 1994 5803 Et
2023 5746 2106 5804 hic
2128 5763 2331 5826 quoque
2362 5750 2505 5807 decst
2532 5751 2747 5823 aliquid.
