3856 6222
567 234 670 288 3τ9
1857 239 2075 294 VlGlLII
2118 239 2477 295 'I'Al‘SENSlS

565 363 667 401 mla
712 350 961 419 propheta
1009 352 1216 404 dicente
1254 368 1265 401 ε
1299 349 1407 417 Ego
1450 364 1565 401 sum
1599 349 1848 402 Duntinus
1876 358 2115 403 scrutans
2147 355 2191 410 Α
2221 360 2337 403 ctus
2365 352 2416 403 in
2463 351 2613 405 cmlis
2657 351 2869 419 subjecit
2924 354 3020 406 sibi
3067 353 3281 420 angelos
3311 362 3359 406 et
3389 360 3739 418 potestates,
3774 365 3819 402 t‘l

3720 246 3819 296 s‘n

560 437 725 489 corda
751 452 801 491 et
826 442 1050 507 probans
1083 433 1255 501 rencs,
1290 451 1345 491 ut
1369 440 1487 493 dem
1518 440 1796 508 unicuique
1826 441 2117 493 secundum

565 526 678 578 vias
701 528 834 593 ejus,
863 539 914 581 ot
944 530 1231 583 secundum
1257 529 1479 583 tinctum
1512 530 1803 583 studiorum
1842 530 1953 596 ejus
1985 531 2115 599 (Jer.

564 631 691 681 xvii,
723 618 825 685 10).
846 620 907 672 Et
924 621 1110 674 lsaias:
1131 622 1382 675 DOntittus
1398 622 1897 689 novitCugitationes
1912 621 2120 688 sapien-

563 705 715 771 tium,
741 712 985 775 quoniam
1006 726 1153 764 vana:
1175 711 1456 780 sunt(lsai.
1479 728 1560 777 ιν,
1583 712 1643 772 8;
1673 709 1811 762 ιιδαι.
1842 725 1985 773 item,
2009 711 2115 779 Η).

564 794 756 849 Paulus
773 809 945 852 autem
965 801 1235 867 apostolus
1253 802 1433 857 eadem
1448 802 1571 854 dicit
1596 800 1657 851 ad
1675 798 1921 852 Hebraeos
1937 817 1948 849 :
1962 799 2119 852 Vivus

558 890 646 935 est
667 885 808 939 enim
840 902 1018 942 sermo
1047 890 1137 943 Dei
1162 899 1214 944 et
1243 889 2117 956 efﬁcax,etacutiorsuperomnetn

559 971 793 1039 gladium
825 988 1059 1045 acutum,
1101 988 1155 1032 et
1191 987 1470 1046 penetrans
1506 990 1673 1047 usque
1715 977 1777 1030 ad
1808 976 2117 1031 divisionem

555 1062 773 1128 animm,
808 1074 860 1120 et
889 1052 1207 1135 spiritus,‘ct
1231 1066 1644 1134 cegitationum,
1683 1076 1736 1120 et
1771 1066 2117 1123 medullarum

560 1157 822 1220 omnium,
856 1168 907 1212 ct
934 1160 1091 1228 judcx
1118 1160 1489 1227 cogitationum
1521 1159 1717 1223 cordis,
1750 1168 1804 1213 et
1831 1175 1930 1213 non
1962 1167 2044 1213 est
2065 1162 2117 1212 in

555 1247 759 1301 sacculo
810 1247 999 1301 fabrica
1043 1250 1215 1317 aliqua
1270 1249 1575 1302 abscondita
1627 1264 1653 1301 a
1695 1259 1980 1317 conspeCtu
2006 1249 2119 1316 ejus

560 1335 743 1401 (Hebr.
774 1354 843 1402 tv,
878 1338 1025 1408 4,5).
1061 1339 1147 1392 Ait
1185 1350 1237 1393 et
1280 1341 1389 1407 ipse
1415 1356 1426 1391 :
1451 1338 1579 1394 Cum
1621 1338 1820 1392 venetit
1866 1337 2118 1391 Dominus

558 1438 612 1481 et
637 1429 1007 1482 illutninavcrit
1034 1430 1337 1483 abscondita
1363 1433 1717 1497 tene‘u-arum,
1736 1438 1786 1483 et
1811 1428 2117 1482 manifesta-

557 1517 691 1570 vtirit
721 1521 1064 1587 cogitationes
1092 1519 1295 1586 cordis,
1327 1529 1380 1574 et
1399 1531 1520 1574 tunc
1553 1521 1664 1573 laus
1694 1522 1794 1573 erit
1826 1519 2118 1587 unicuique

556 1621 583 1657 a
620 1607 788 1675 llco(l
817 1609 932 1663 Cor.
966 1625 1035 1672 tv,
1066 1609 1141 1678 5).
1169 1610 1227 1663 Ει
1254 1611 1301 1663 iit
1333 1611 1651 1663 Salomone:
1682 1609 1738 1663 Si
1767 1620 1941 1663 autem
1972 1609 2116 1662 dixe-

2224 444 2441 495 virlutes
2490 443 2538 511 (ι
2588 442 2727 498 Pelr.
2774 459 2851 507 ιιι,
2896 442 3109 512 ἓυ-ΞΞ).
3145 446 3208 497 Et
3250 446 3440 497 Paulus
3477 453 3672 510 κρίνει·
3699 450 3813 495 lus:

2223 531 2352 585 Cum
2396 535 2729 587 evacuavcrit
2774 549 2984 587 omnem
3032 534 3416 603 principatum,
3465 545 3531 588 et
3593 550 3812 587 omnem

2224 633 2556 691 potestatem,
2604 635 2657 677 et
2697 624 2968 690 virtutem,
3011 636 3065 680 et
3102 627 3558 690 dominationem,
3596 636 3812 694 oportet

2222 712 2364 765 illum
2391 728 2629 781 regnare,
2656 716 2823 767 donec
2851 724 3009 782 ponat
3035 712 3219 769 Omnes
3249 717 3499 769 inimicos
3537 733 3677 769 suos
3716 719 3810 768 sub

2224 803 2444 870 pedibus
2492 805 2600 856 suis
2652 803 2701 873 (I
2749 805 2864 858 Cor.
2917 822 3001 871 xv,
3033 808 3144 871 24).
3177 807 3241 860 Et
3283 807 3345 861 ad
3374 805 3709 875 Pbilippens
3748 823 3805 859 ι.

2224 890 2412 944 Nostra
2446 894 2584 945 enim
2615 896 2948 948 conversatio
2979 896 3029 947 in
3051 896 3198 949 caelis
3219 906 3303 949 est
3325 911 3339 947 :
3363 897 3513 951 unde
3558 896 3805 950 Salv-ato.

2206 996 2332 1042 rem
2384 994 2747 1049 exspectamus
2796 984 3071 1038 Dominum
3121 985 3299 1039 Jesum
3346 986 3664 1049 Christum,
3718 988 3804 1053 qui

2224 1072 2617 1139 transligurabit
2644 1088 2836 1141 corpus
2874 1074 3179 1130 humilitatis
3215 1088 3410 1129 nostra:
3440 1077 3799 1129 conformans

2220 1162 2429 1227 corpori
2460 1162 2720 1215 claritatis
2744 1180 2873 1230 sum,
2907 1165 3193 1218 secundum
3230 1180 3383 1219 suam
3428 1168 3799 1227 voluntatem,

2221 1262 2276 1305 ut
2306 1253 2473 1321 possit
2510 1253 2608 1306 sibi
2653 1253 2913 1321 subjicere
2936 1250 2937 1253 “
2959 1257 3131 1308 omnia
3162 1255 3418 1327 (Philipp.
3451 1273 3536 1315 ιιι.
3571 1258 3689 1325 ΞΟ).
3728 1258 3798 1310 De

2220 1346 2319 1399 hoc
2361 1346 2473 1415 ipso
2516 1354 2571 1401 et
2614 1347 2778 1401 David
2834 1348 2884 1401 in
2934 1349 3137 1416 psalmo
3180 1350 3515 1418 sexagesimo
3563 1354 3797 1416 Septimo

2219 1438 2395 1509 (Vera.
2433 1438 2520 1509 l9)
2561 1424 2784 1507 agnosco
2827 1438 3128 1493 dicentem:
3160 1441 3409 1493 Ascendit
3459 1440 3520 1493 in
3574 1441 3790 1502 cuzlum,

2218 1530 2475 1596 captivam
2507 1529 2655 1582 duxit
2682 1530 3071 1597 captivita:eut,
3110 1530 3251 1583 dedit
3284 1530 3422 1583 dona
3455 1529 3787 1581 hominibus.

2222 1619 2285 1671 Et
2314 1619 2362 1670 in
2397 1619 2624 1685 Epistola
2670 1620 2820 1673 Judze
2856 1620 3078 1686 εριδὈΙί
3109 1636 3122 1673 :
3156 1619 3385 1688 Angelos
3427 1634 3672 1687 quoque,
3720 1622 3789 1673 in-

557 1696 648 1759 ris,
683 1698 871 1751 Ncscio
897 1701 1053 1761 hunc,
1083 1701 1215 1753 scito
1245 1701 1490 1768 quoniam
1530 1701 1779 1753 Dominus
1816 1700 1975 1754 corda
1998 1714 2114 1752 om-
2147 1692 2193 1751 Β
2220 1708 2349 1773 quit,
2384 1708 2471 1775 qui
2518 1708 2909 1776 dereliqucrunt
2953 1725 3105 1762 suum
3149 1710 3537 1777 principatum,
3588 1710 3788 1762 catenis

556 1785 700 1838 Itium
758 1790 900 1839 novit
953 1788 1135 1858 (liccli.
1197 1805 1342 1854 xxxn,
1387 1790 1500 1858 27).
1540 1790 1606 1844 Et
1639 1791 1708 1843 ibi
1758 1808 1770 1843 :
1814 1790 1961 1843 Oculi
2014 1790 2113 1853 Du-

554 1876 685 1927 tnini
740 1878 902 1931 multo
944 1879 1166 1947 amplius
1214 1880 1496 1936 lucidiores
1530 1891 1653 1935 sunt
1697 1882 1848 1935 sides
1884 1882 2114 1935 circum-

554 1967 1031 2033 inspiciuntomncs
1053 1972 1162 2025 vias
1187 1973 1479 2038 hominum,
1506 1984 1557 2027 et
1577 1975 1889 2042 profundum
1914 1975 2111 2044 abyssi,

552 2069 608 2110 et
651 2058 920 2113 hominum
959 2063 1116 2115 corda
1162 2066 1456 2139 intuentur,
1486 2074 1540 2119 et
1569 2066 1901 2119 absrmtditas
1940 2075 2113 2133 partes

551 2146 743 2213 (Μήτι,
771 2148 883 2217 ‘38).
918 2151 981 2203 Et
1006 2153 1057 2204 in
1084 2152 1380 2221 Regnorum
1404 2170 1417 2207 :
1442 2154 1711 2208 Rccedant
1738 2164 1912 2208 vetera
1934 2154 2000 2207 de
2021 2169 2113 2209 ore

553 2240 750 2302 vestro,
784 2240 1028 2306 quoniam
1078 2242 1419 2297 scientiarum
1466 2243 1720 2298 Dominus
1764 2252 1847 2298 est
1903 2244 1952 2313 (Ι
1986 2245 2110 2314 Reg.

554 2342 626 2392 ιι,
678 2330 751 2396 5).
797 2330 857 2382 Et
901 2331 951 2384 in
1004 2332 1418 2388 Machahmornm
1452 2336 1629 2390 :Deus
1673 2337 1849 2390 mundi
1883 2347 2111 2403 creator,

553 2416 810 2471 [oriuntur
850 2420 1113 2489 hominis,
1149 2426 1233 2492 qui
1275 2440 1481 2477 omnem
1530 2437 1794 2479 scrutatur
1840 2438 2012 2479 actum
2062 2436 2114 2480 et

552 2510 843 2576 originem,
893 2512 1004 2579 ipse
1051 2515 1195 2567 Vobis
1234 2516 1473 2584 spiritum
1498 2526 1551 2569 et
1578 2516 1731 2569 vitam
1764 2519 1950 2569 iterum
1992 2532 2112 2570 cum

555 2599 916 2654 misericordia
949 2605 1136 2658 reddet
1159 2604 1243 2672 (ll
1274 2605 1445 2660 Much.
1476 2622 1564 2671 vn,
1602 2607 1715 2677 25).
1744 2607 1806 2660 Ει
1835 2607 2113 2677 Evangelio

464 2712 475 2722 ε
555 2698 684 2743 sta:
738 2692 853 2759 lj‘SC
899 2704 1073 2747 autt-m
1118 2696 1270 2750 Jesus
1323 2713 1426 2750 non
1476 2699 1728 2752 credebat
1770 2700 2121 2769 semetipsum

552 2779 655 2844 eis,
684 2790 746 2834 eo
775 2784 911 2850 quod
945 2786 1056 2853 ipse
1086 2798 1263 2839 nosset
1307 2802 1521 2851 omnes,
1572 2798 1625 2841 et
1670 2790 1788 2857 quia
1834 2802 1965 2857 opus
2008 2802 2112 2842 non

554 2881 692 2930 erat,
736 2881 793 2949 ut
832 2875 945 2941 quis
1001 2875 1358 2929 testimonium
1405 2878 1702 2946 perhiberet
1746 2878 1812 2932 dc
1859 2879 2108 2937 homine:

559 2960 671 3025 ipse
696 2960 834 3014 enim
866 2962 1063 3016 sciebat
1091 2965 1213 3032 quid
1238 2976 1378 3019 esset
1402 2967 1451 3019 in
1482 2966 1692 3020 homine
1714 2964 1887 3035 (Idan.
1919 2980 1973 3032 ιι,
1998 2966 2085 3033 24)

2215 1799 2381 1866 igneis
2410 1800 2596 1868 ligans,
2619 1810 2671 1853 et
2703 1800 2995 1854 tenebrosis
3025 1800 3323 1853 carceribus
3354 1800 3668 1858 retrudens.
3707 1814 3789 1849 re-

2214 1892 2441 1944 servavit
2466 1891 2636 1944 l'uturo
2654 1890 2855 1957 judicio
2882 1890 3175 1959 puniendus
3204 1889 3397 1959 (ludar.
3430 1905 3465 1952 I,
3496 1890 3579 1955 6).
3606 1889 3681 1942 Ex
3707 1890 3784 1939 his

2215 1982 2376 2056 igitur
2396 1997 2620 2050 agnosce
2645 1983 2947 2047 Dominum,
2980 1983 3227 2050 quoniam
3254 1982 3513 2049 sul~jcctio
3540 1981 3658 2033 Filii
3681 1995 3783 2031 non

2212 2083 2295 2127 est
2329 2075 2567 2131 deitatis.
2618 2073 2709 2127 sc'd
2740 2076 2935 2140 carnis,
2976 2072 3059 2127 cui
3082 2058 3205 2127 dum
3234 2073 3285 2125 in
3317 2074 3419 2125 line
3447 2070 3637 2125 saeculi
3661 2069 3779 2123 sub-

2210 2164 2346 2233 jcCta
2377 2164 2571 2217 l’uerint
2592 2165 2837 2218 universa
2870 2165 3079 2217 humani
3102 2165 3308 2233 generis
3339 2166 3484 2225 vitia,
3514 2174 3567 2216 et
3601 2162 3780 2213 absor-

2217 2266 2300 2322 pta
2321 2254 2481 2323 [ιοο
2508 2253 2660 2306 fuerit
2693 2266 2833 2307 mors
2853 2253 2902 2306 in
2933 2254 3185 2317 victoria,
3220 2262 3345 2305 tunc
3369 2262 3421 2305 ct
3452 2253 3568 2318 ipse
3608 2250 3775 2301 homi-

2216 2343 2297 2397 nis
2326 2343 2491 2396 Filius
2536 2343 2895 2409 subjiciendus
2922 2341 3115 2395 dicitur
3148 2342 3320 2405 Patri,
3349 2356 3454 2393 non
3488 2342 3542 2393 in
3570 2339 3777 2394 deitatis

2214 2442 2421 2497 natura,
2451 2432 2540 2486 sed
2565 2432 2614 2485 in
2640 2432 2866 2485 hominis
2898 2432 3150 2497 assumpti
3181 2432 3496 2485 substantia.
3566 2456 3573 2461 -

2774 2520 2998 2577 CAPUT
3053 2520 3209 2573 XLII.

2275 2608 2373 2664 Ubi
2397 2610 2589 2675 dicunt,
2618 2611 2748 2663 diem
2770 2612 2959 2681 judicit'
2976 2606 3169 2663 Filium
3194 2611 3322 2662 scire
3341 2625 3439 2664 non
3468 2611 3711 2678 potuisse.

2285 2701 2337 2755 Si
2367 2710 2541 2755 autem
2583 2701 2927 2769 appostierint
2978 2701 3117 2770 quod
3176 2699 3337 2753 Filius
3385 2700 3437 2753 in
3493 2698 3770 2766 hvangelio

2213 2781 2451 2843 dixerit:
2502 2792 2575 2844 De
2621 2791 2708 2844 die
2756 2799 2932 2843 autem
2979 2797 3033 2844 et
3073 2790 3199 2842 hora
3246 2796 3395 2845 notos
3438 2790 3566 2851 scit,
3605 2800 3770 2853 neque

2213 2880 2674 2947 angelicwlorum,
2691 2896 2861 2950 neque
2882 2881 3069 2944 Filius,
3095 2881 3192 2934 nisi
3215 2880 3368 2934 Pater
3389 2878 3533 2934 solus
3560 2876 3764 2949 (Matth.

2213 2985 2354 3035 χειν,
2388 2969 2501 3038 36).

558 3049 623 3104 Et
649 3050 907 3107 Jcrcmias
934 3055 1011 3108 sic
1039 3029 1166 3109 dcit
1198 3073 1210 3107 :
1246 3056 1526 3121 Dominus,
1552 3058 1639 3126 qui
1668 3029 1791 3112 fecit
1825 3029 2015 3110 toelnm
2059 3029 2112 3111 et
2136 3029 2185 3091 (ἶ
2287 3029 2585 3128 Responsio.
2631 3058 2796 3113 Filius
2844 3059 3019 3127 Itaque
3049 3073 3153 3111 non
3196 3065 3366 3125 potest
3408 3055 3548 3111 diem
3589 3053 3765 3127 judicii

557 3151 783 3207 terram,
831 3145 959 3198 nihil
999 3146 1264 3201 occultare
1294 3156 1468 3217 potest
1504 3162 1531 3199 a
1558 3162 1661 3213 me,
1696 3147 1814 3216 quia
1844 3162 1941 3217 ego
1978 3147 2113 3203 facio

560 3230 977 3286 misericordiam
1010 3224 1061 3287 in
1090 3234 1274 3300 millia,
1303 3246 1356 3290 et
1386 3236 1550 3291 reddo
1581 3245 1790 3303 peccata
1830 3247 2031 3305 patrum
2061 3238 2112 3291 in

558 3319 698 3374 filios
721 3335 902 3375 eorum
936 3332 1053 3391 post
1075 3337 1168 3378 eos
1195 3322 1325 3395 (Jer.
1358 3340 1523 3388 xxxii,
1558 3324 1664 3394 18).
1702 3325 1767 3379 Et
1803 3324 1912 3380 ibi:
1943 3326 2008 3380 Et
2037 3326 2117 3381 l'a-

557 3419 673 3465 ctus
702 3420 783 3467 est
812 3426 988 3467 sermo
1018 3412 1227 3468 Domini
1258 3398 1322 3468 ad
1354 3431 1439 3470 me
1465 3416 1644 3469 dicens
1671 3406 1830 3485 :‘iEgo
1852 3417 2113 3472 Dominus

561 3504 699 3557 Dcus
729 3504 990 3559 universa;
1016 3507 1229 3572 carnis;
1274 3506 1506 3575 nunquid
1537 3507 1731 3576 aliquid
1768 3522 1797 3561 a
1834 3522 1917 3563 me
1938 3508 2116 3565 occul-

556 3600 697 3645 tatur
720 3592 905 3662 (Ibid.,
933 3594 1059 3663 27)?
1096 3595 1159 3648 Et
1196 3595 1250 3649 in
1289 3594 1504 3650 Daniele
1533 3613 1545 3649 :
1576 3595 1714 3651 Deus
1753 3605 1981 3652 atternus
2026 3598 2116 3667 qui

555 3683 880 3736 occultorum
912 3700 969 3739 es
998 3685 1265 3753 cognitor,
1308 3684 1392 3756 qui
1444 3685 1582 3741 nosti
1602 3687 1787 3743 omnia
1831 3696 2113 3757 antequam

557 3784 861 3842 nascantur,
904 3785 955 3830 tu
982 3778 1087 3831 scis
1113 3779 1231 3847 quia
1258 3778 1443 3833 falsum
1465 3780 1824 3836 testiinonium
1856 3781 1908 3835 hi
1933 3781 2115 3837 dicunt

555 3866 833 3933 adversum
859 3885 943 3922 mc
969 3868 1129 3938 (Dan.
1164 3887 1276 3939 xm,
1320 3874 1431 3941 42).
1472 3874 1538 3927 Et
1574 3874 1857 3941 Apostolus
1892 3874 1956 3927 ad
2004 3874 2115 3928 Ro-

558 3972 742 4010 manos
774 3976 784 4009 :
814 3961 865 4012 In
894 3958 978 4013 die
1006 3974 1124 4029 qutr
1138 3960 1395 4029 judicabit
1433 3962 1570 4017 Deus
1610 3964 1814 4018 occulta
1844 3963 2113 4017 hominum

554 4046 843 4101 secundum
874 4049 1034 4119 399
1059 4049 1395 4119 Evangelium
1430 4065 1601 4105 meum
1628 4065 1725 4119 per
1753 4051 1931 4106 Jesum
1960 4051 2115 4106 Chri-

557 4144 698 4189 stum
729 4137 904 4206 (Rom.
950 4153 1006 4201 tt,
1068 4136 1175 4209 16).
1225 4138 1322 4205 Qui
1372 4140 1530 4195 corda
1571 4149 1625 4194 et
1667 4148 1815 4195 actus
1844 4141 2113 4195 hominum

561 4237 946 4295 perscrutatur,
975 4237 1029 4283 et
1053 4231 1104 4284 in
1136 4229 1306 4285 lucem
1334 4231 1578 4296 adducet,
1618 4233 1951 4301 prmsentiam
1983 4234 2116 4287 iutu-

557 4333 737 4373 rorunt
771 4319 1015 4388 ignorare
1043 4336 1147 4388 non
1178 4330 1368 4387 potest.

1136 4411 1357 4468 CAPUT
1398 4412 1529 4466 XLI.

828 4502 925 4557 Ubi
951 4504 1122 4555 dicunt
1152 4500 1344 4556 Filium
1380 4502 1518 4555 Patri
1550 4490 1843 4571 adjectum.

626 4595 682 4649 Si
714 4594 848 4649 forte
872 4594 1160 4661 objecerint
1190 4594 1329 4663 quod
1362 4593 1527 4646 Filius
1549 4592 1818 4660 subjectus
1846 4601 1924 4646 est
1949 4591 2110 4655 Patri,

556 4688 681 4755 quia
712 4686 963 4753 scriptum
994 4696 1074 4738 est
1108 4702 1117 4735 :
1148 4684 1295 4737 Tunc
1316 4694 1366 4736 et
1392 4685 1501 4752 ipse
1529 4682 1794 4752 subjectus
1822 4683 1922 4736 erit
1953 4682 1998 4735 ei
2025 4682 2114 4750 qui

556 4778 628 4837 illi
652 4776 826 4830 omnia
858 4775 1079 4844 subjecit
1109 4772 1159 4845 (1
1187 4774 1301 4829 Cor.
1334 4791 1421 4839 xv,
1449 4774 1561 4844 28).

629 4864 928 4927 Responsio.
978 4864 1046 4919 Ut
1078 4874 1252 4918 autem
1290 4862 1587 4933 agnoscatis
1625 4862 1713 4916 Dei
1765 4862 2110 4935 Filittnynni-

554 4970 707 5011 versa
730 4954 829 5009 sibi
858 4956 1065 5021 propria
1112 4963 1369 5021 potestate
1414 4952 1729 5014 subdidisse,
1764 4952 1972 5005 Petrum
2018 4967 2109 5004 au-

556 5048 663 5100 dite
690 5046 983 5115 apostolum
1015 5046 1078 5098 de
1104 5045 1202 5099 hoc
1232 5046 1345 5112 ipso
1387 5045 1541 5097 latius
1572 5044 1957 5109 prtetlicantem.
2000 5045 2109 5097 Ali-

557 5136 784 5203 quando.
821 5136 1009 5203 inquit,
1042 5135 1091 5186 in
1115 5134 1299 5187 diebus
1326 5134 1436 5186 Noe
1456 5174 1471 5199 ,
1502 5132 1688 5200 quibus
1718 5121 1888 5185 adhuc
1916 5148 2108 5202 exspe-

556 5228 735 5280 ctabat
758 5226 845 5279 Dei
877 5226 1146 5293 pitientia,
1177 5240 1295 5276 cum
1328 5225 1669 5279 labricaretnr
1698 5239 1840 5288 arca,
1872 5225 1923 5277 in
1954 5240 2107 5293 quam

560 5319 869 5373 introierunt
901 5321 1082 5386 pauci,
1123 5319 1171 5372 id
1211 5329 1294 5372 est
1332 5330 1450 5371 octo
1491 5320 1680 5372 anima:
1724 5325 1920 5370 tantum
1949 5318 2111 5369 salvae

561 5412 710 5466 facta:
740 5419 861 5463 sunt
886 5425 977 5475 per
1003 5424 1211 5477 aquam.
1239 5410 1387 5475 Quod
1415 5418 1468 5462 et
1497 5423 1587 5461 vos
1606 5418 1741 5461 nunc
1764 5406 1920 5461 simili
1945 5406 2111 5459 forma

553 5501 807 5567 'bap'ismi
838 5501 1011 5552 salvos
1037 5500 1179 5566 facit,
1214 5517 1317 5554 non
1358 5500 1533 5554 carnis
1561 5499 1818 5566 depositio
1852 5498 2110 5561 sordium,

563 5596 657 5651 scd
689 5594 1023 5651 L‘Oil:CiCllii{C
1052 5596 1200 5651 bona:
1229 5593 1571 5663 interrogatio
1610 5593 1662 5647 in
1703 5590 1889 5656 Deum,
1940 5589 2111 5658 profu-

2218 3150 2460 3219 ignorarc
2484 3192 2499 3215 ,
2533 3150 2597 3203 de
2624 3164 2723 3219 qua
2761 3149 3045 3217 discipulos
3080 3161 3202 3201 suos
3233 3155 3357 3200 ante
3395 3148 3538 3200 visus
3576 3152 3656 3198 est
3683 3157 3767 3211 pa-

2216 3238 2363 3294 terna
2393 3240 2756 3293 admonitione
2788 3240 3051 3292 instruere
3086 3252 3101 3290 :
3130 3236 3263 3291 Cum
3294 3235 3551 3299 videritis,
3583 3233 3758 3300 inquit,

2215 3330 2394 3397 praelia
2425 3338 2479 3384 et
2508 3328 2783 3396 opinimtes
2807 3327 3128 3395 pra~liorum,
3158 3325 3330 3378 videte
3357 3339 3424 3378 ne
3451 3320 3759 3377 turbemini:

2215 3426 2424 3485 oportet
2447 3416 2588 3470 enim
2633 3416 2745 3470 bare
2796 3414 2936 3481 ﬁeri,
2984 3416 3077 3469 sed
3121 3415 3350 3468 nondum
3398 3412 3512 3465 linis
3558 3409 3753 3481 (Matth.

2215 3524 2360 3574 xxiv,
2385 3508 2458 3577 6).
2490 3512 2617 3562 Item
2661 3507 2730 3562 ibi
2760 3524 2771 3558 :
2800 3507 2946 3562 Sicut
2970 3506 3109 3560 enim
3140 3505 3247 3558 exit
3272 3505 3444 3570 fulgur
3459 3502 3524 3555 ab
3544 3500 3755 3560 oriente,

2215 3607 2264 3652 et
2294 3606 2443 3667 paret
2472 3612 2638 3667 usque
2668 3598 2731 3649 ad
2760 3596 3122 3659 occidentem,
3155 3594 3223 3646 ita
3253 3593 3508 3645 adventus
3537 3589 3647 3643 Filii
3669 3586 3754 3638 lto-

2218 3686 2375 3741 minis
2402 3685 2558 3763 (Ibid.
2576 3686 2724 3766 ,27).
2750 3684 2817 3739 Et
2837 3684 3159 3739 Zacharias:
3194 3685 3329 3736 Ecce
3370 3682 3543 3735 veniet
3592 3675 3752 3729 Domi-

2217 3794 2316 3833 nus
2343 3762 2511 3844 meus,
2565 3762 2851 3846 omnesque
2895 3777 3061 3829 sancti
3106 3790 3222 3827 cum
3262 3789 3350 3837 eo,
3392 3783 3443 3825 et
3490 3772 3540 3824 in
3568 3767 3749 3821 dieilta

2218 3885 2323 3924 non
2352 3869 2451 3924 erit
2480 3869 2588 3936 lux,
2633 3867 2725 3923 sed
2773 3867 2936 3936 frigus
2980 3876 3033 3920 et
3077 3866 3192 3934 ge'u
3220 3882 3233 3917 :
3261 3874 3316 3917 et
3346 3865 3457 3916 dies
3488 3863 3615 3924 lucc,
3646 3871 3749 3927 qua:

2217 3970 2339 4013 nota
2386 3968 2466 4014 est
2515 3959 2741 4012 Domino
2780 3958 2965 4027 (Zach.
3008 3972 3116 4023 xtv,
3159 3955 3236 4023 5).
3270 3950 3337 4008 Ei
3367 3955 3417 4007 in
3439 3953 3745 4007 Salomone:

2218 4050 2352 4112 Quid
2372 4049 2626 4116 sapientia
2657 4047 2990 4116 locopletius,
3034 4045 3153 4115 quas
3184 4045 3361 4099 omnia
3390 4040 3662 4112 operatur?
3690 4038 3744 4089 Et

2217 4140 2260 4191 si
2283 4153 2471 4191 sensus
2501 4147 2768 4205 operatur,
2799 4138 2914 4205 quis
2945 4134 3130 4191 horum
3159 4137 3365 4189 videtur
3392 4151 3511 4189 esse
3542 4129 3744 4186 artifex?

2218 4228 2309 4281 sed
2339 4229 2383 4281 si
2407 4228 2663 4295 justitiam
2693 4228 2810 4295 quis
2839 4227 3025 4295 diligit,
3059 4227 3265 4280 labores
3295 4226 3409 4292 ejus
3440 4236 3644 4291 magnas
3665 4219 3740 4269 ha-

2221 4319 2345 4372 bent
2366 4321 2585 4375 virtutes
2612 4336 2623 4370 :
2650 4319 2988 4373 sobrietatem
3007 4319 3145 4373 enim
3171 4317 3564 4384 etprudcntiam
3585 4315 3735 4373 docet,

2139 4384 2470 4477 D-justitiam
2504 4420 2556 4462 et
2583 4412 2831 4462 virtutem
2880 4409 2968 4462 dat
3011 4408 3344 4461 credentibus
3392 4408 3529 4471 sibi,
3574 4401 3734 4472 quibus

2218 4500 2346 4554 nihil
2376 4501 2554 4554 utilius
2581 4510 2659 4553 cst
2682 4500 2732 4552 in
2759 4500 2865 4552 vita
2898 4498 3216 4552 hominibus.
3256 4498 3361 4551 Sed
3402 4499 3445 4550 si
3485 4493 3736 4549 multitudi-

2210 4605 2334 4645 nem
2358 4591 2592 4644 scientiae
2618 4592 2734 4658 quis
2764 4589 3051 4653 desiderat,
3082 4598 3257 4641 notam
3285 4588 3434 4640 faciet
3464 4584 3477 4639 ἑ
3506 4588 3598 4639 scit
3617 4596 3728 4650 przr-

2216 4682 2400 4747 terita,
2430 4692 2487 4736 et
2520 4682 2678 4735 futuri
2719 4693 2956 4750 praesaga
2996 4690 3115 4735 est:
3148 4682 3248 4733 scit
3274 4681 3531 4733 versutias
3560 4687 3729 4730 sermo-

2216 4788 2363 4836 num,
2396 4780 2449 4826 et
2474 4773 2769 4825 solutiones
2798 4779 3239 4839 argumentorum,
3273 4770 3418 4835 signa
3450 4778 3499 4821 et
3530 4759 3725 4836 prodigia

2214 4863 2314 4916 scit
2343 4872 2621 4930 antequam
2648 4862 2803 4923 ﬂant,
2848 4869 2900 4914 et
2937 4862 3092 4913 linem
3128 4868 3422 4927 temporum
3458 4867 3511 4911 et
3546 4852 3726 4909 sacculo.

2215 4970 2327 5007 rum
2363 4971 2465 5007 non
2498 4954 2701 5022 ignorat
2728 4954 2881 5021 (Sop.
2922 4968 3030 5017 vttt,
3058 4952 3193 5017 5-8).
3233 4953 3297 5004 Et
3341 4951 3509 5003 Lucas
3536 4957 3724 5011 evang?

2216 5047 2332 5098 lista
2361 5065 2373 5097 :
2408 5047 2869 5114 Interrt-gaverunt
2889 5058 3007 5097 eum
3030 5041 3297 5105 Pharisrei,
3328 5052 3381 5094 et
3407 5034 3719 5093 dixeruntei:

2215 5138 2433 5201 Quando
2464 5138 2634 5191 veniet
2674 5149 2894 5204 regnum
2918 5134 3040 5188 Dei?
3071 5133 3355 5202 Respondit
3397 5132 3473 5185 eis
3509 5142 3559 5185 et
3588 5125 3719 5179 dixit:

2217 5228 2328 5303 Non
2364 5227 2537 5281 veniet
2566 5241 2783 5292 regnum
2817 5225 2909 5278 Dei
2938 5239 3055 5278 cum
3077 5221 3463 5284 observatione,
3487 5231 3634 5287 neque
3648 5212 3717 5264 ῐιίο

2217 5328 2335 5371 cent
2368 5332 2382 5371 :
2414 5317 2550 5369 Ecce
2596 5315 2699 5378 hic,
2745 5327 2831 5367 aut
2854 5328 2977 5368 ecce
3024 5313 3129 5367 illic
3163 5327 3175 5361 :
3222 5327 3343 5366 ect-c
3377 5312 3516 5363 enim
3544 5316 3751 5374 regnum.

2219 5405 2311 5458 Dei
2342 5408 2475 5459 intra
2502 5418 2596 5457 vos
2626 5415 2723 5457 cst.
2761 5404 2823 5457 Et
2848 5403 2921 5455 ait
2949 5402 3012 5455 ad
3042 5400 3323 5469 discipulos
3348 5414 3509 5457 suos:
3542 5393 3718 5451 Venient

2217 5497 2349 5559 dies,
2382 5494 2589 5564 quando
2613 5474 2928 5548 desiderc‘tis
2949 5505 3107 5546 unum
3129 5490 3263 5543 diem
3306 5488 3487 5542 videre
3526 5484 3625 5541 Filii
3646 5482 3719 5531 h0-

2218 5587 2405 5649 miuis.
2454 5594 2505 5641 ct
2551 5600 2655 5641 non
2687 5583 2930 5640 videbitis
2968 5598 2981 5634 :
3016 5581 3258 5636 ctdiccnt
3289 5579 3457 5646 vobis,
3492 5578 3611 5634 Ecce
3634 5569 3714 5630 hic,
