3856 6222
545 191 647 247 583

1834 171 2057 231 VIGILII
2094 168 2452 224 TAPSENSiS

3720 154 3821 215 35b

552 300 743 371 gaudio
767 299 960 369 gratias
985 303 1194 365 agentes
1222 294 1328 347 Deo
1356 303 1405 346 ct
1438 292 1576 346 Patri
1599 289 1731 360 (Col.
1760 305 1796 353 ι,
1828 288 1934 357 ll).
1961 288 2024 339 Et
2042 284 2107 337 ad
2135 284 2183 342 A
2213 283 2375 338 Iacob
2406 284 2541 336 idem
2575 281 2828 337 Dominus
2853 281 3018 336 dixit:
3045 281 3154 349 Ego
3184 295 3297 335 sum
3328 281 3483 334 Dens
3518 275 3627 345 qui
3672 254 3821 327 visus}

548 394 884 446 Timotheum
916 410 928 444 :
964 389 1169 442 Gratias
1195 402 1293 455 ago
1326 387 1432 438 Dno
1465 400 1605 451 meo,
1633 384 1715 438 cui
1745 383 1919 436 servio
1947 396 1974 434 a
2008 380 2105 446 pri-

550 483 963 552 mogenitoribus
1004 480 1136 534 meis
1162 480 1212 532 in
1242 478 1341 531 fide
1365 476 1448 545 (II
1479 477 1612 530 Tim.
1644 493 1683 544 ι,
1720 477 1795 541 5).
1839 477 2104 541 Agnosce,

546 574 795 641 quoniam
827 573 965 627 sicut
991 571 1043 625 in
1074 572 1231 626 Patre
1262 558 1395 623 etin
1423 569 1553 622 Filio
1584 570 1682 621 una
1712 574 1793 619 est
1826 562 2106 617 credulitas

548 673 604 717 ct
628 663 910 725 COIIIt‘S‘IO,
933 676 1033 730 qua
1060 660 1341 714 (Ξιιιοίςιί.;ιιί
1374 673 1619 713 vocamur
1642 664 1694 709 et
1717 670 1928 712 sumus;
1963 652 2031 705 ita
2056 652 2106 705 in

478 754 482 758 ’
548 758 625 808 eis
656 754 942 822 gratiarum
976 754 1112 807 actio
1142 769 1242 806 una
1271 760 1371 815 est,
1400 752 1521 804 dum
1567 749 1791 815 petimus
1822 757 1875 799 nt
1912 745 2107 813 aliquid

552 858 870 906 Ittcrcautttr,
900 843 982 896 vel
1010 857 1128 897 cum
1161 858 1256 911 pro
1288 841 1489 895 coltatis
1522 840 1810 908 gratiarum
1844 837 2106 891 actionem

550 932 910 1001 rependimus.

1116 1021 1336 1077 CAPUT
1374 1020 1552 1074 XLVI.

659 1112 757 1167 Ubi
787 1114 907 1166 dicit
936 1112 1099 1166 Filius
1124 1128 1141 1165 :
1166 1113 1317 1165 Pater
1346 1112 1465 1165 mihi
1490 1113 1745 1165 constituit
1774 1116 2007 1182 regnum.

622 1202 679 1256 Si
704 1212 877 1256 autem
900 1202 1126 1256 dixerint
1148 1202 1285 1271 quod
1315 1203 1429 1271 ipse
1464 1203 1629 1256 Filius
1670 1204 1938 1269 discipulis
1961 1204 2110 1257 dixe-

550 1293 623 1345 rit
650 1335 657 1341 .
687 1292 794 1361 Ego
822 1292 971 1345 vobis
997 1292 1283 1360 constituo,
1314 1294 1450 1347 sicut
1488 1293 1614 1347 mihi
1656 1293 1811 1347 Pater
1838 1294 2111 1348 constituit

554 1397 773 1450 regnum
806 1382 958 1451 (Luc.
988 1397 1120 1446 mn,
1151 1381 1263 1452 Ἠ).
1334 1436 1337 1437 ,

623 1474 919 1541 Responsio.
964 1474 1112 1528 Sicut
1160 1474 1312 1528 Pater
1351 1473 1481 1527 Filio
1516 1490 1615 1528 suo
1656 1491 1873 1544 regnum
1914 1475 2110 1531 consti-

547 1566 712 1619 tuisse
740 1565 952 1631 diritur,
981 1566 1053 1618 ita
1080 1566 1246 1619 Filius
1274 1566 1413 1619 Patri
1457 1582 1672 1635 regnum
1707 1567 1985 1623 tradidisse
2014 1567 2109 1621 do-

547 1667 719 1721 cetur,
750 1655 1007 1724 ApostOlo
1046 1657 1426 1711 coniirmante:
1462 1634 1831 1727 Unusquisque
1852 1666 2025 1713 autem
2056 1660 2105 1713 in
2138 1643 2182 1702 Β
2211 1634 2609 1727 ηυθ-τθφθίξηιῖ
2649 1648 2662 1684 ³

548 1761 647 1799 suo
688 1744 895 1809 ordine,
938 1748 1052 1799 ait:
1086 1746 1285 1799 initium
1333 1746 1595 1812 Christus,
1629 1748 1817 1801 deinde
1858 1749 1944 1816 qui
1984 1757 2109 1802 sunt

552 1836 773 1900 CIII‘IsII,
798 1838 881 1903 qui
907 1838 956 1889 in
981 1836 1259 1890 adventura
1284 1837 1397 1903 ejus
1426 1848 1717 1906 resurgent.
1746 1839 1942 1892 Deinde
1968 1838 2106 1905 finis,

550 1941 669 1978 eum
715 1926 985 1980 tradiderit
1029 1941 1244 1994 regnum
1278 1926 1385 1979 Deo
1426 1926 1588 1990 Patri,
1619 1943 1737 1981 cum
1774 1931 2110 1984 eracnaverit

548 2034 759 2074 omnem
802 2020 1155 2087 principatum
1185 2029 1233 2073 et
1265 2034 1477 2071 omnem
1518 2028 1828 2085 potestatem
1859 2030 1911 2073 et
1944 2020 2108 2073 virtu-

549 2119 655 2163 tem
688 2109 738 2178 (Ι
771 2108 889 2163 Car.
922 2127 1009 2175 xv,
1057 2110 1173 2177 95).
1224 2110 1285 2164 Ει
1336 2112 1385 2164 in
1434 2110 1744 2180 Apocalypsi
1778 2128 1790 2160 :
1825 2111 2106 2165 liedemisti
2147 2172 2153 2183 ι

548 2216 649 2254 nos
673 2202 779 2255 Deo
811 2202 861 2253 in
896 2201 1151 2269 sanguine
1182 2212 1288 2266 tuo,
1318 2216 1379 2255 ex
1409 2202 1549 2254 omni
1583 2201 1743 2266 tribu,
1766 2214 1812 2254 et
1842 2202 2036 2271 lingua,
2056 2211 2110 2257 et

549 2306 728 2362 gen'e,
762 2302 814 2346 ct
841 2293 1005 2347 fecisti
1047 2307 1145 2346 nos
1183 2293 1293 2348 Deo
1321 2309 1536 2361 regnum
1568 2293 1750 2363 (Apoc.
1781 2309 1833 2359 v,
1860 2293 1935 2363 9).
1960 2293 2109 2359 Quod

549 2402 677 2463 vero
710 2401 867 2439 unum
897 2396 1054 2454 atque
1083 2400 1369 2439 commune
1401 2384 1628 2438 habeant
1659 2384 1813 2438 Pater
1843 2394 1894 2438 et
1926 2383 2109 2448 Filius,

550 2476 614 2528 ad
651 2475 909 2543 Ephesios
938 2476 1174 2529 scribens
1203 2475 1387 2543 probat
1415 2475 1719 2539 Apostolus,
1753 2474 1933 2529 dicens
1957 2490 1971 2529 :
2002 2476 2111 2529 IIoc

509 2598 518 2607 κ
550 2568 693 2620 enim
724 2566 931 2628 scitote,
962 2566 1311 2634 intelligentes
1333 2564 1471 2631 quod
1503 2565 1674 2617 omnis
1699 2564 2001 2628 fornicator,
2024 2574 2112 2619 aut

551 2658 871 2719 immundus,
906 2666 994 2709 aut
1032 2671 1239 2720 avarus,
1272 2655 1409 2724 quod
1442 2663 1521 2709 est
1567 2655 1824 2709 idolorum
1864 2657 2112 2723 servitus,

552 2762 656 2800 11οἰ
680 2746 834 2799 habet
860 2746 1219 2800 luereditatem
1248 2747 1297 2799 in
1322 2761 1484 2814 regno
1506 2746 1701 2799 Christi
1724 2756 1774 2799 et
1794 2745 2110 2818 Dei(Eplres.

552 2852 605 2898 v,
637 2837 711 2896 5).
742 2837 871 2891 Cum
904 2838 1061 2906 igitur
1088 2838 1309 2891 videatis
1351 2852 1509 2890 unum
1550 2852 1668 2891 esse
1698 2853 1914 2905 regnum
1946 2837 2113 2891 Patris

552 2937 606 2983 et
637 2927 773 2992 Filii,
799 2945 894 2983 cur
923 2942 1017 2980 vos
1051 2929 1491 2998 impiordogmate
1523 2928 1643 2981 talia
1673 2927 1738 2981 de
1774 2927 1865 2981 illo
1902 2942 2115 2982 asseve-

552 3032 670 3073 rare
695 3019 992 3073 conamini?
2135 2993 2181 3053 (δ

1094 3106 1318 3163 CAPUT
1359 3107 1563 3161 XLVII.

557 3195 658 3251 Ubi
685 3197 853 3261 dicunt
890 3196 1103 3261 Filium,
1128 3215 1226 3249 non
1261 3196 1484 3261 Putrem,
1513 3198 1809 3265 apparuisse
1835 3195 2110 3266 prophetis.

624 3296 783 3367 405
830 3297 885 3351 Si
942 3297 1031 3350 tibi
1083 3297 1309 3349 dixerint
1352 3312 1366 3348 :
1415 3296 1466 3348 In
1522 3297 1619 3347 hoc
1670 3294 1834 3347 Filius
1882 3308 1909 3346 a
1960 3293 2115 3347 Patre

556 3389 861 3454 agnoscitur
900 3387 1119 3439 minoris
1162 3398 1280 3440 esse
1327 3385 1551 3451 virtutis,
1584 3384 1703 3452 quia
1750 3384 1894 3437 solos
1931 3383 2117 3450 legitur

557 3475 866 3542 apparuisse
895 3474 1185 3541 pr0phetis.

632 3562 934 3631 Rcsponsio.
966 3562 1417 3627 Quemadmodum
1450 3561 1611 3614 Filius
1639 3562 1888 3630 apostolis
1912 3577 1974 3616 ac
2000 3577 2119 3630 pro-

561 3654 737 3723 phetis
766 3654 1072 3722 apparuisse
1111 3653 1287 3706 divina
1320 3652 1628 3711 auctoritate
1660 3653 1928 3719 probamr,
1966 3655 2033 3705 ita
2066 3664 2120 3707 et

563 3744 771 3798 Patrem
794 3745 1099 3809 apparuisse
1116 3742 1307 3799 iisdem
1336 3741 1523 3794 litteris
1548 3741 1818 3808 educetur,
1849 3743 2120 3798 Ezechiele

564 3834 818 3899 propheta
848 3832 1055 3885 dicente
1086 3848 1097 3882 :
1130 3830 1195 3882 Et
1222 3814 1352 3882 facta
1380 3838 1459 3883 est
1488 3845 1647 3899 super
1681 3848 1764 3885 me
1796 3847 1979 3886 manus
2020 3832 2122 3884 Do—

565 3922 715 3983 mini,
744 3934 796 3975 ρι
836 3923 907 3976 ait
942 3922 1007 3974 ad
1038 3936 1123 3975 me
1153 3938 1165 3975 :
1200 3921 1387 3991 Surge,
1416 3924 1669 3991 egredere
1698 3925 1748 3977 in
1779 3939 2039 3989 campum,
2070 3932 2123 3976 ct

566 4012 637 4066 ibi
665 4014 846 4081 loquar
875 4012 939 4065 ad
984 4022 1055 4067 te.
1103 4012 1164 4065 Et
1205 4011 1453 4078 surrexit,
1488 4024 1539 4067 et
1575 4014 1704 4067 exiit
1735 4030 1750 4066 :
1780 4023 1834 4067 et
1868 4029 1989 4067 ecce
2018 4012 2123 4065 iiiic

566 4102 816 4170 majestas
866 4100 1086 4156 Domini'
1118 4104 1309 4170 stabat,
1345 4104 1480 4157 sicut
1526 4104 1771 4172 majestas
1816 4104 1929 4172 ejus
1968 4118 2123 4171 quem

457 4236 471 4243 -
564 4194 673 4248 vidi
701 4194 764 4247 ad
795 4193 1007 4247 ﬂuvium
1030 4194 1237 4248 Cltobar
1258 4195 1465 4263 (Ezech.
1492 4210 1565 4259 Ill,
1584 4195 1693 4265 22).
1720 4196 1787 4249 Et
1809 4197 1858 4249 in
1879 4196 2123 4249 Danii-le:

568 4282 845 4347 Videbam,
868 4294 919 4337 et
947 4298 1071 4337 ecce
1098 4286 1245 4353 quasi
1275 4285 1427 4339 sedes
1451 4289 1630 4353 posita:
1653 4294 1793 4349 sunt,
1816 4295 1868 4339 et
1888 4297 2124 4340 vetustus

567 4373 772 4429 dierum
817 4376 1066 4443 sedebat,
1118 4386 1171 4430 et
1218 4378 1526 4431 vestimenta
1574 4378 1689 4445 ejus
1728 4378 1947 4432 candida
1990 4379 2125 4433 sicut

567 4466 680 4533 nix,
707 4473 762 4519 et
782 4466 951 4533 capilli
973 4466 1158 4534 capitis
1180 4467 1294 4535 ejus
1322 4478 1375 4521 ut
1399 4468 1511 4521 lana
1539 4467 1726 4521 munda
1750 4467 1908 4536 (Dan.
1930 4484 2016 4531 vn,
2046 4468 2120 4536 9).

569 4556 637 4609 Et
664 4563 721 4608 ut
748 4555 955 4609 Patrem
988 4555 1144 4610 fuisse
1165 4556 1376 4611 doceret
1396 4572 1550 4625 quem
1572 4557 1792 4621 viderat,
1818 4566 2125 4624 prosecutus

569 4654 651 4699 est
680 4641 861 4717 dicens
891 4663 905 4699 :
938 4645 1188 4698 Videbam
1220 4646 1269 4699 in
1297 4648 1409 4700 visu
1443 4646 1630 4707 noctis,
1662 4654 1715 4698 et
1738 4660 1861 4699 ecce
1893 4646 1941 4697 in
1970 4646 2123 4698 nubi-

571 4734 669 4793 bus
711 4735 830 4788 cmli
880 4735 1026 4801 quasi
1075 4734 1212 4788 lilius
1243 4734 1467 4788 homin's
1497 4733 1757 4797 veniebat,
1785 4741 1838 4786 et
1868 4749 2030 4800 usque
2060 4732 2122 4786 ad

572 4832 837 4877 vetustum
866 4825 1069 4877 dierum
1101 4824 1334 4891 pervenit
1364 4823 1543 4892 (Ibid.,
1586 4820 1692 4892 15).
1726 4823 1789 4876 Et
1826 4824 1874 4875 in
1914 4823 2127 4877 Actibus

575 4916 957 4981 apostolorum,
976 4914 1040 4966 de
1062 4914 1230 4981 primo
1253 4925 1483 4981 martyre
1506 4911 1771 4978 Stephano
1789 4914 1854 4965 ita
1875 4911 2126 4965 refertur:

577 5003 693 5069 Ipse
732 5014 909 5056 autem
946 5018 1063 5054 enm
1104 5008 1246 5055 esset
1276 5003 1456 5069 plenus
1486 5000 1682 5068 Spiritu
1727 5008 1930 5063 sancto,
1964 5000 2132 5053 inten-

578 5093 709 5143 deos
740 5091 790 5142 in
820 5092 1036 5154 malum,
1071 5089 1201 5141 vidit
1228 5091 1445 5158 gloriam
1481 5091 1589 5153 Dei,
1621 5098 1674 5143 et
1700 5090 1876 5142 Iesum
1905 5098 2131 5143 stantem

580 5185 644 5240 ad
677 5184 943 5237 dexteram
976 5183 1065 5236 Dei
1099 5182 1231 5249 (Act.
1258 5198 1347 5245 vtt,
1378 5183 1489 5248 55).
1521 5183 1588 5235 Ει
1617 5182 1862 5235 Dominus
1889 5182 1936 5233 iu
1965 5182 2135 5235 Evan-

582 5274 718 5344 gelia
750 5273 897 5327 Isaia:
929 5276 1216 5342 prophetm,
1250 5273 1386 5339 quod
1433 5273 1522 5327 Dei
1566 5273 1735 5326 Patris
1766 5272 1983 5341 gloriam
2016 5287 2136 5339 pro-

586 5367 714 5432 priis
752 5366 1020 5418 obtutibus
1056 5364 1445 5432 comperisset,
1490 5356 1709 5430 praebuit
1756 5363 2133 5427 testimonium,

586 5454 767 5515 dicens
800 5469 813 5505 :
848 5454 967 5507 llzec
990 5453 1127 5507 dixit
1157 5455 1337 5515 Isaias,
1362 5452 1569 5520 quando
1601 5453 1727 5505 vidit
1756 5453 1973 5519 gloriam
2000 5452 2133 5519 ejus,

591 5552 644 5599 et
676 5543 876 5598 locutus
901 5554 979 5599 est
1010 5543 1165 5598 decu
1192 5541 1365 5614 (Juan.
1405 5558 1493 5605 xu,
1531 5540 1636 5609 Η).
1674 5542 1735 5595 Et
1770 5542 1819 5595 in
1850 5541 2037 5598 Genesi
2070 5542 2133 5597 ad

2151 4330 2203 4391 D

2209 389 2322 428 smn
2353 374 2441 426 tibi
2474 374 2524 427 in
2556 374 2672 426 loco
2700 372 2815 437 Dei,
2842 372 2927 426 ubi
2957 372 3149 425 unxisti
3180 372 3306 425 mibi
3334 371 3597 435 lapidem
3630 376 3691 418 et
3728 382 3811 413 ve.

2208 464 2325 518 visxi
2351 464 2475 515 mihi
2500 471 2675 515 votum
2699 460 2845 532 (Cen.
2868 476 3011 526 xxxi,
3033 461 3138 531 I5).
3166 463 3227 515 Et
3252 463 3301 514 in
3324 461 3466 515 libro
3494 457 3772 513 Iudicum
3798 468 3821 505 θ

2208 554 2334 609 Cum
2357 553 2527 609 adhuc
2549 564 2686 608 esset
2710 554 2921 607 Gedeon
2946 553 2995 607 in
3016 552 3226 621 Caphcr
3247 562 3348 620 patr
3366 552 3412 605 is
3437 552 3548 604 filii
3584 547 3807 609 IIesdri,

2208 645 2413 698 loeutus
2459 651 2542 698 est
2588 652 2741 697 nocte
2781 642 2866 696 illa
2910 643 3181 707 Dominus,
3228 642 3361 696 dire.
3388 656 3413 693 s
3456 658 3470 689 :
3525 638 3713 701 Vade,
3759 645 3807 687 et

2208 746 2385 791 everte
2430 751 2574 789 aram
2626 734 2777 799 Baal,
2819 750 2971 801 quam
3014 734 3294 787 mdiﬂcavit
3335 743 3495 799 pater
3550 740 3724 790 tuus,
3758 742 3799 781 ιιι

2209 828 2381 881 locum
2405 825 2490 891 qui
2520 833 2601 878 est
2628 839 2786 892 super
2814 824 2951 877 illam
2977 822 3157 875 excide
3183 840 3195 873 :
3222 831 3274 875 et
3293 821 3610 875 aedificabis
3635 820 3807 869 a‘tare

2212 915 2321 969 Deo
2350 924 2439 968 tuo
2476 914 2563 983 qui
2593 912 2735 966 vietis
2761 922 2842 967 est
2872 912 2961 965 tibi
3009 912 3060 964 in
3108 913 3302 965 vertice
3329 911 3543 964 montis
3579 909 3798 963 Mar-0th

2211 1005 2263 1058 in
2294 1005 2625 1059 ordinatione
2655 1002 2847 1073 (Judic.
2884 1017 2956 1063 vt,
2997 999 3112 1069 ει).
3142 1001 3267 1055 Item
3293 1000 3343 1053 in
3367 1001 3587 1054 Genesi
3617 998 3689 1051 ad
3716 998 3793 1050 Ia-

2210 1093 2341 1148 Cub:
2370 1094 2506 1146 Dixit
2528 1102 2701 1146 autem
2735 1093 2871 1145 Deus
2892 1092 2957 1144 ad
2984 1092 3142 1146 Iacob
3167 1110 3179 1142 :
3209 1092 3449 1144 Ascende
3486 1090 3545 1141 in
3579 1089 3790 1143 Betbel.

2209 1195 2264 1240 et
2294 1185 2466 1238 habita
2495 1184 2594 1244 ibi,
2624 1193 2674 1237 ct
2706 1183 2784 1236 fac
2817 1183 2885 1235 ibi
2916 1184 3082 1236 altare
3126 1182 3232 1236 Deo
3259 1182 3345 1248 qui
3378 1183 3532 1234 visus
3580 1190 3669 1231 cst
3703 1180 3794 1231 tibi

2211 1274 2260 1328 in
2307 1275 2413 1336 via,
2442 1287 2575 1338 “cum
2628 1271 2835 1341 fugeres
2881 1286 2907 1323 a
2947 1270 3106 1341 ωδ
3142 1270 3275 1325 facie
3306 1271 3444 1324 Esau
3491 1269 3691 1321 fratris
3721 1270 3791 1321 uti

2210 1365 2363 1437 (Gen.
2392 1380 2549 1424 xxxv.
2580 1353 2655 1433 1).
2693 1364 2859 1418 Unum
2892 1364 2980 1416 tibi
3005 1363 3142 1430 quod
3174 1362 3403 1415 volucris
3426 1362 3577 1427 c-ligc
3606 1375 3639 1413 e
3660 1360 3784 1411 dno-

2209 1458 2309 1512 bus
2334 1473 2345 1508 :
2370 1465 2460 1525 aut
2482 1456 2687 1508 Patrem
2711 1454 2870 1506 dicito
2892 1453 3194 1519 apparuisse
3214 1452 3467 1519 pergenti,
3500 1461 3558 1505 et
3590 1450 3676 1502 Fil
3703 1465 3785 1500 um

2209 1547 2523 1607 revertenti;
2555 1553 2644 1598 aut
2676 1544 2862 1598 Filium
2892 1542 3129 1608 fugienti.
3158 1552 3211 1596 et
3247 1544 3355 1596 Pat:
3370 1556 3452 1594 em
3503 1540 3780 1593 nihilomi-

2709 1646 3019 1699 quocunque
3064 1632 3205 1683 enim
3259 1630 3481 1699 leipsam
3524 1629 3777 1691 verteris,

2208 1724 2463 1780 evadendi
2488 1717 2691 1792 copiam
2720 1738 2820 1775 non
2850 1722 3084 1775 habebis.

2404 1814 2407 1815 ⁷
2746 1804 2967 1858 CAPUT
3003 1802 3227 1857 XLVIII.

2215 1897 2313 1951 Ubi
2338 1898 2399 1950 dc
2420 1898 2614 1966 syllaba
2636 1905 2684 1947 et
2706 1905 3009 1956 causentur;
3028 1895 3146 1966 quia
3167 1894 3354 1966 dictum
3374 1903 3444 1946 est
3466 1892 3775 1966 dissipatis:

2283 1968 2381 2030 Ite,
2415 1959 2660 2033 baptizare
2698 1976 2865 2034 gentes
2896 1966 2944 2016 in
2985 1959 3182 2016 nomine
3212 1963 3402 2030 Patris,
3438 1974 3485 2016 et
3536 1959 3692 2027 Filii,
3733 1971 3775 2011 ct

2282 2037 2503 2107 Spiritus
2538 2035 2722 2088 sancti.

2280 2126 2334 2180 Si
2380 2135 2553 2179 autem
2598 2125 2832 2178 dixerint
2876 2123 3011 2189 quod
3059 2122 3259 2190 syllaba
3298 2134 3365 2185 et,
3408 2138 3503 2190 pro
3539 2137 3608 2175 eo
3638 2122 3770 2187 qumi

2214 2218 2375 2270 Fil-us
2398 2215 2670 2283 discipulis
2698 2214 2925 2268 dixerit:
2960 2215 3289 2283 Baptizantcs
3333 2213 3385 2265 in
3420 2212 3641 2264 nomine
3685 2210 3762 2261 Pa-

2214 2306 2328 2370 tris,
2357 2316 2409 2359 et
2434 2304 2575 2369 Filii,
2610 2314 2663 2357 et
2690 2303 2917 2373 Spiritus
2941 2304 3130 2368 sancti,
3159 2301 3297 2356 inter
3318 2310 3569 2368 utrosque
3591 2300 3765 2351 άίγὶιιιι

2212 2395 2425 2465 (Matth.
2458 2410 2637 2455 xxvttt,
2670 2395 2780 2462 10).

2284 2488 2582 2555 Responsio.
2614 2486 2668 2542 Si
2700 2487 2841 2541 enim
2886 2485 2999 2540 haec
3045 2486 3267 2555 syllaba,
3305 2502 3421 2552 quae
3463 2486 3633 2551 mag’s
3676 2497 3765 2548 pro

2214 2577 2588 2645 eonjnnetione
2635 2586 2741 2629 tam
2779 2577 3057 2630 verborum
3107 2592 3265 2644 quam
3305 2579 3459 2629 etiam
3494 2574 3762 2627 nominum

2214 2668 2445 2734 ponitur,
2486 2682 2516 2719 a
2556 2667 2712 2721 Patre
2761 2664 2967 2731 Filium,
3009 2676 3061 2722 et
3103 2667 3354 2733 Spiritum
3408 2675 3669 2729 sanctum,
3712 2672 3757 2715 ut

2215 2757 2411 2821 dicitis,
2451 2767 2683 2825 separat,
2727 2773 2942 2813 necesse
2984 2767 3065 2813 est
3110 2768 3166 2811 ut
3212 2775 3406 2813 nomen
3447 2759 3532 2812 Dei
3575 2758 3757 2821 Patris,

2215 2863 2368 2915 quem
2399 2848 2619 2902 Genesis
2662 2850 2810 2902 tertia
2856 2849 3171 2917 repetitione
3217 2850 3315 2903 sub
3349 2852 3498 2902 trium
3548 2850 3757 2915 patrar-

2216 2939 2430 2992 charum
2454 2938 2726 3001 vocabulo,
2760 2939 2808 2992 id
2838 2947 2919 2993 est
2946 2940 3231 3003 Abraham,
3261 2951 3314 2993 et
3345 2942 3501 3001 Isaae,
3526 2952 3582 2993 et
3602 2937 3756 2990 Iacob

2216 3030 2440 3099 positum
2467 3028 2709 3098 legimus.
2736 3030 2786 3082 in
2810 3030 3090 3097 semetipso
3112 3031 3349 3084 videatur
3370 3046 3481 3085 esse
3504 3030 3748 3087 divisum;

2214 3128 2302 3172 aut
2334 3121 2384 3172 in
2419 3121 2571 3171 unius
2620 3119 2708 3171 Dei
2757 3120 3031 3184 vocabulo,
3072 3120 3211 3187 quod
3254 3120 3357 3173 dici
3389 3120 3531 3174 nefas
3562 3129 3661 3184 est,
3688 3120 3753 3169 sit

2217 3210 2441 3264 divisus.
2473 3209 2643 3273 Absit,
2674 3210 2918 3276 quoniam
2949 3224 3049 3263 non
3078 3210 3333 3265 dividitur
3361 3212 3490 3280 quod
3523 3226 3676 3262 unum
3692 3211 3747 3279 in

2216 3299 2424 3354 deitatis
2472 3298 2765 3352 substantia
2816 3301 3217 3367 comprobatur,
3262 3301 3376 3370 ipso
3426 3301 3638 3353 Domino
3678 3299 3748 3350 di-

2217 3400 2367 3445 cente
2400 3410 2412 3443 :
2443 3391 2552 3458 Ego
2594 3406 2709 3444 sum
2753 3391 2890 3444 Deus
2930 3391 3213 3455 Abraham,
3245 3403 3299 3446 et
3342 3392 3476 3446 Deus
3514 3393 3670 3453 Isaae,
3701 3400 3747 3442 et

2218 3484 2355 3537 D'us
2397 3484 2558 3537 Iacob
2590 3483 2784 3553 (Exod.
2823 3499 2898 3547 ιιι,
2932 3484 3006 3554 6).
3047 3484 3160 3553 Ipse
3190 3486 3377 3539 iterum
3412 3486 3474 3539 ad
3502 3484 3703 3553 Moysen
3732 3498 3741 3531 :

2219 3575 2273 3629 Si
2305 3583 2375 3637 te,
2410 3574 2592 3639 inquit.
2637 3575 3072 3641 interrogaverat
3096 3575 3365 3629 dicentes:
3401 3576 3537 3641 Quod
3570 3587 3743 3625 nomen

2220 3674 2295 3718 cst
2330 3664 2440 3716 illi?
2468 3664 2610 3718 dices
2639 3664 2703 3716 ad
2727 3678 2820 3717 eos
2851 3680 2865 3717 :
2900 3665 3033 3717 Dens
3058 3664 3343 3729 Abraham,
3368 3676 3415 3717 et
3449 3666 3575 3718 Deus
3596 3663 3736 3721 Isaac,

2220 3764 2273 3808 et
2302 3755 2436 3807 Deus
2465 3754 2627 3807 Iacob
2659 3756 2799 3808 misit
2828 3768 2910 3808 me
2940 3756 3004 3807 ad
3035 3770 3156 3817 vos;
3192 3754 3291 3808 hoc
3315 3756 3438 3808 mihi
3470 3770 3645 3808 nomen
3672 3760 3742 3805 est

2223 3842 2272 3896 in
2302 3837 2681 3909 sempitermn'n
2716 3842 2900 3910 (Ibid.,
2933 3844 3043 3912 I5).
3078 3844 3237 3898 Vides
3264 3845 3504 3908 quoniam
3543 3858 3628 3909 per
3651 3842 3739 3909 syl-

2226 3931 2396 3984 labam
2428 3942 2471 3984 et
2500 3946 2600 3982 non
2634 3931 2883 3984 dividitur
2908 3932 3046 3998 quod
3077 3948 3235 3984 unum
3265 3948 3382 3986 csso
3405 3930 3735 4000 Cognoscitur:

2224 4028 2278 4073 et
2308 4020 2425 4072 ideo
2456 4018 2617 4072 Filius
2653 4029 2705 4072 et
2749 4017 2974 4085 Spiritus
3008 4028 3222 4072 sanctus
3261 4035 3357 4086 pro
3391 4020 3484 4072 hac
3508 4017 3682 4087 syllaba
3711 4028 3734 4065 a

2225 4107 2378 4161 Patre
2408 4122 2519 4161 non
2567 4116 2688 4161 sunt
2735 4107 2907 4174 divisi,
2939 4108 3026 4175 qui
3061 4107 3275 4162 sibimet
3313 4118 3514 4175 natura,
3546 4104 3732 4165 deitate,

2226 4199 2457 4265 pi-tentia
2482 4197 2738 4251 docentur
2766 4211 2882 4250 esse
2907 4196 3193 4265 conjuncti.

2779 4285 3001 4342 CAPUT
3035 4286 3217 4341 XLIX.

2271 4377 2368 4431 Ubi
2390 4377 2561 4429 dicunt
2585 4392 2602 4428 :
2631 4375 2785 4429 Pater
2806 4378 2942 4445 prius
2965 4389 3009 4429 ct
3040 4387 3209 4443 postea
3244 4376 3412 4431 Filius
3437 4378 3702 4429 nominatam

2296 4464 2452 4535 407
2490 4465 2542 4519 Si
2586 4465 2677 4518 tibi
2724 4464 3094 4519 dixerint:0h
3142 4465 3242 4519 hoc.
3290 4467 3450 4519 Filius
3489 4463 3611 4519 Patri
3648 4472 3730 4512 non

2229 4567 2550 4623 eomquatur,
2584 4556 2703 4621 quia
2731 4556 2779 4607 in
2816 4555 3098 4623 Scripturis
3126 4557 3322 4610 divinis
3352 4558 3489 4625 prius
3525 4556 3668 4614 Pater,
3690 4556 3732 4601 et

2232 4657 2410 4714 postea
2444 4643 2607 4697 Filius
2634 4646 2951 4697 nominatur.

2302 4735 2599 4801 Responsio.
2645 4734 2834 4787 Pau'us
2863 4735 3148 4801 apostolos,
3180 4737 3416 4805 gentium
3457 4736 3667 4797 magister
3689 4735 3730 4779 et

2230 4823 2434 4889 doetor,
2461 4839 2563 4877 non
2593 4824 2713 4892 quia
2754 4823 2959 4877 Patrem
3006 4825 3153 4892 prius
3183 4827 3489 4887 nominavit,
3522 4824 3634 4877 Filio
3655 4817 3724 4869 dc-

2232 4913 2448 4991 rogavit,
2498 4913 2580 4966 vel
2637 4912 2774 4965 Patri
2817 4896 3127 4967 inferiorem’
3158 4913 3426 4976 ostendit;
3472 4928 3579 4967 cum
3616 4904 3727 4975 prius

2234 5006 2422 5059 Filium
2470 5015 2523 5060 et
2570 5006 2821 5073 Spiritum
2868 5014 3102 5059 sanctum
3142 5020 3170 5056 a
3201 5005 3357 5059 Patre
3394 5006 3555 5058 denuo
3590 4994 3723 5052 nomi-

2236 5106 2432 5157 nasset,
2464 5094 2605 5147 Patri
2648 5094 2827 5161 utique
2866 5108 2961 5149 nec
3000 5093 3244 5160 injuriam
3286 5095 3421 5159 fecit,
3453 5106 3601 5160 neque
3626 5083 3724 5139 ΙηΙίο

2236 5194 2289 5237 et
2329 5183 2544 5251 Spiritui
2594 5191 2779 5235 sancto
2818 5182 3112 5235 inferiorem
3159 5182 3320 5236 fuisse
3348 5181 3613 5251 perdocuit,
3638 5174 3720 5239 ipso

2240 5276 2488 5329 Romanae
2531 5274 2784 5327 Ecclesia:
2836 5273 3209 5340 c0ntprohaute
3236 5291 3247 5323 :
3276 5274 3448 5326 [Iubeo
3476 5273 3609 5339 igitur
3636 5262 3721 5329 glo-

2240 5365 2369 5416 riam
2403 5364 2453 5416 iu
2484 5364 2701 5417 Christo
2726 5363 2850 5417 Iesu
2881 5362 2943 5414 ad
2976 5362 3136 5415 Deum
3165 5361 3339 5430 (Rom.
3372 5376 3459 5424 xv,
3485 5360 3577 5427 Π).
3604 5353 3653 5406 Et
3673 5344 3722 5399 ad

2240 5452 2737 5507 Thcssalonicenses
2778 5468 2791 5504 :
2832 5452 3039 5519 Itaque,
3083 5454 3305 5516 fratres,
3343 5460 3472 5504 state
3513 5460 3560 5504 et
3594 5449 3721 5497 teneto

2244 5542 2547 5599 traditiones
2577 5557 2705 5612 quas
2736 5542 3014 5611 didicistis,
3039 5540 3149 5597 sive
3178 5557 3271 5610 per
3299 5541 3527 5607 verbum,
3550 5538 3637 5596 sive
3652 5539 3721 5597 l'“
