3856 6222
92 392 186 446 385

1202 368 1460 429 CONTRA
1505 362 1902 421 \‘ARIMADUM
1947 358 2072 414 LIB.
2108 354 2159 412 i.

3196 350 3297 405 58ιὶ

96 497 383 565 Epistulam
409 502 640 548 nostram
667 492 822 560 :ipse
842 494 1011 540 autem
1036 476 1461 538 Domiuua'Jesus
1486 478 1635 530 Cbri-
1663 479 1711 536 Α
1738 472 1801 523 ad
1843 471 2161 538 agnitionem
2209 463 2446 520 veritatis
2490 462 2669 516 venire
2718 460 2764 531 (I
2797 459 2933 513 Tim.
2961 474 3020 522 ιι,
3052 458 3127 527 3).
3174 458 3299 510 item

92 602 213 649 stus,
232 597 285 640 et
308 585 473 648 Deus,
492 592 544 637 et
564 583 718 636 Pater
740 591 920 634 numer
938 577 1021 647 qui
1043 576 1225 629 ὼΙυχίι
1247 587 1339 627 nos
1362 569 1444 640 (I-l
1466 568 1663 621 TItess.’

95 695 146 737 ιι,
184 678 294 740 ii).
352 675 425 728 Et
465 674 516 726 in
561 668 1000 740 ApocalypsizEt
1043 665 1167 727 vidi,
1199 670 1253 716 et
1298 677 1421 715 ecce
1470 663 1645 725 Agnus

94 768 261 823 stabat
292 768 720 833 superantontcm
752 761 896 823 Sion,
941 766 1134 811 etcum
1167 754 1255 807 illo
1280 763 1487 806 centum
1519 762 1646 816 qua-

95 857 335 925 draginta
381 830 610 922 quatuor
660 849 843 912 millia,
887 847 1137 901 habentes
1187 855 1375 894 nomen
1430 836 1544 905 ejus
1596 844 1649 889 et

97 921 290 998 nomen
344 921 519 995 Patris
560 938 674 1005 ejus
722 936 896 1004 (.ipoc.
944 934 1051 995 XIV;
1089 929 1159 997 l).
1209 929 1272 983 Et
1315 929 1367 978 in
1422 921 1647 991 Epistula

98 1031 485 1098 Joannis:Qui
530 1036 681 1096 negat
710 1026 916 1087 Filium,
942 1037 1039 1076 nec
1084 1022 1290 1073 Patrem
1335 1017 1508 1069 habet.
1552 1012 1650 1078 Qui

98 1112 385 1178 conﬁtetur
412 1100 621 1183 Filium,
641 1127 694 1171 et
714 1107 897 1169 Filiqu
920 1120 974 1167 et
996 1111 1201 1164 Patrem
1233 1107 1390 1160 habet
1416 1102 1465 1173 (1
1494 1101 1649 1155 Joan.

103 1230 157 1279 ιι,
176 1215 295 1284 25).
328 1213 466 1266 Item
495 1209 565 1262 ibi
589 1225 602 1260 :
629 1205 776 1275 quod
802 1203 846 1257 si
876 1204 927 1256 iu
951 1202 1110 1254 verbo
1133 1195 1454 1253 manseritis,
1479 1200 1530 1245 et
1555 1203 1654 1243 vos

104 1306 150 1358 in
179 1282 317 1357 Filio
350 1311 409 1356 et
438 1300 589 1353 Patre
617 1292 890 1348 manebitis
921 1288 1104 1357 (Ibid,
1133 1287 1242 1354 24).
1274 1287 1398 1337 Item
1430 1282 1657 1347 Aposto-

104 1398 218 1451 lus:
249 1395 367 1449 Hoc
414 1405 585 1446 autem
635 1390 850 1449 scitote,
894 1384 1246 1452 intelligemus
1291 1378 1425 1445 quod
1485 1373 1658 1429 omnis

106 1483 425 1548 fornicator,
446 1490 536 1534 aut
564 1480 880 1542 immundus,
912 1484 1000 1528 aut
1024 1487 1232 1536 avarus,
1261 1470 1399 1539 quod
1439 1476 1517 1521 est
1548 1464 1684 1532 idea

106 1576 273 1629 lorum
331 1571 591 1631 servitus,
634 1581 737 1620 non
788 1564 941 1618 habet
984 1560 1340 1615 htereditatem
1392 1556 1442 1608 in
1497 1565 1660 1621 regno

107 1664 301 1719 Christi
331 1672 390 1716 et
421 1661 507 1714 Dei
538 1656 746 1728 (Epiros.
779 1669 827 1717 v,
855 1653 932 1720 5).
963 1653 1096 1705 Ecce
1142 1647 1329 1701 Filium
1360 1643 1519 1711 priori
1546 1642 1661 1730 ioco

110 1770 136 1807 a
164 1754 327 1807 Patre
348 1749 676 1805 ostendimus
704 1744 1045 1801 nominatum.
1074 1739 1207 1795 Audi
1229 1730 1385 1791 etiani
1410 1734 1657 1803 Spiritum

1742 560 1849 614 ibi:
1877 557 2069 611 Fidelis
2094 564 2265 608 autem
2300 555 2454 616 Deus,
2479 552 2565 620 qui
2608 568 2704 605 nos
2749 550 2956 604 vocavit
2982 550 3033 603 in
3074 549 3300 618 gratiam

1742 652 1895 706 is=atu
1948 650 1998 703 in
2041 664 2139 715 qua
2178 656 2396 705 stamus.
2439 651 2493 698 et
2533 643 2821 711 gloriamur
2866 642 2917 694 in
2967 655 3062 721 spe
3107 639 3296 707 gloriae

1746 741 1970 800 ﬁliorum
2008 740 2094 791 Dei
2127 736 2301 806 (Rom.
2335 751 2384 799 v,
2407 735 2485 805 Ξ).
2510 735 2637 787 item
2666 735 2733 787 ibi
2760 751 2772 785 :
2797 731 3087 787 Confurtati
3115 746 3305 784 secum

1746 833 1871 886 dum
1923 839 2233 899 potesta'em
2275 829 2637 898 glorim'ejus,
2669 826 2722 879 in
2763 826 2907 879 omni
2953 825 3307 895 patientiact

1714 958 1717 961 ν
1748 920 2167 987 longanimitate,
2196 918 2248 970 in
2278 917 2467 985 gaudio
2504 919 2699 984 gratias
2744 914 2959 983 agentes
2997 912 3156 982 409
3182 914 3304 965 Deo

1750 1020 1801 1063 et
1834 1010 1991 1071 Patri,
2015 1008 2101 1076 qui
2134 1006 2335 1060 vocavit
2364 1021 2460 1060 nos
2489 1007 2541 1059 in
2573 1007 2879 1061 societatem
2906 1006 3066 1059 sortis
3096 1014 3308 1059 sancto-

1752 1114 1865 1152 rum
1893 1095 2025 1165 (Col.
2055 1112 2092 1159 ι,
2127 1093 2235 1161 il).
2264 1095 2316 1148 Si
2346 1110 2441 1163 per
2464 1090 2671 1148 Patrem
2704 1096 2753 1148 in
2784 1095 2953 1163 gratia
2984 1093 3101 1148 Filii
3143 1094 3222 1148 sui
3254 1103 3309 1149 et

1753 1188 1805 1241 in
1832 1178 2110 1255 adoptione
2136 1184 2360 1239 ﬁliorum
2387 1198 2655 1248 vocamur,
2686 1194 2739 1237 ut
2769 1200 2893 1239 vere
2922 1184 3012 1239 ﬁlii
3040 1198 3157 1242 esse
3187 1199 3314 1254 pos-

1755 1263 1939 1340 simus,
1972 1282 2023 1329 et
2050 1274 2115 1327 ad
2147 1274 2355 1328 Patren
2389 1287 2483 1342 per
2508 1273 2697 1326 Filium
2729 1275 3081 1341 pervenimus,
3111 1289 3226 1343 qua:
3258 1273 3312 1327 in

1757 1368 1837 1418 eis
1857 1362 2102 1431 distantia
2132 1362 2323 1430 poterit
2362 1360 2677 1429 approbari?
2703 1360 2827 1415 dum
2868 1376 3001 1430 quos
3028 1371 3184 1417 vocat
3208 1362 3314 1414 Pa-

1759 1459 1860 1513 ter,
1892 1450 2053 1503 Filius
2078 1449 2354 1516 suscipiet,
2385 1460 2435 1502 et
2464 1463 2595 1518 quos
2624 1460 2775 1503 vocat
2802 1449 2987 1514 Filius,
3015 1451 3127 1518 pari
3153 1452 3313 1505 etiam

1760 1538 1914 1590 modo
1942 1538 2149 1590 Patrem
2193 1538 2461 1605 suscipere
2488 1527 2642 1605 posse
2670 1540 2843 1593 n‘ullus
2882 1540 2985 1612 pisi
3016 1541 3317 1596 incredulus

1760 1630 1943 1683 abnuit
1973 1629 2053 1682 vel
2082 1626 2288 1681 relellit.
2806 1639 2827 1671 ς

2372 1713 2594 1769 εΑρυτ
2613 1714 2709 1773 -Ll.
2806 1666 2813 1671 “

109 1851 352 1897 sanctum
376 1856 405 1894 a
429 1840 582 1894 Patre
622 1846 675 1892 et
712 1835 848 1889 Filio
886 1831 1042 1902 priori
1084 1830 1199 1883 loco
1227 1836 1477 1880 taxatum.
1518 1824 1655 1877 Idem
1690 1820 1733 1877 B
1823 1802 1919 1902 (ξρῖ
1944 1794 2402 1902 άίσυηιτβῖυίξίεοίξ
2432 1800 2578 1902 Ρξλινί
2606 1802 2917 1902 {acri/305""!
2947 1804 3259 1896 5"""01ufur-

115 1933 177 1987 ad
215 1926 716 2001 Ephesios:Unum
758 1935 966 1990 corpus,
996 1928 1047 1972 et
1085 1932 1219 1970 unus
1262 1915 1489 1983 Spiritus
1528 1913 1663 1965 sicut

116 2021 285 2077 vocati
308 2022 441 2076 estis
466 2020 520 2072 in
550 2032 653 2070 una
689 2029 783 2083 spe
812 2008 1097 2066 vocationis
1138 2016 1325 2061 VCaU‘IB
1349 2023 1361 2056 :
1389 2018 1521 2057 unus
1556 2002 1663 2055 Do-

117 2099 320 2175 minus,
341 2126 443 2164 una
477 2110 625 2171 ﬁdes,
657 2119 813 2159 unum
839 2101 1113 2167 baptisma,
1146 2112 1277 2150 unus
1308 2095 1444 2148 Deus
1472 2102 1525 2146 et
1564 2092 1664 2144 Pa-
1698 2150 1705 2157 ,

124 2206 203 2258 te‘r
246 2202 484 2255 omnium
516 2196 725 2265 (Epiros.
760 2209 829 2255 tv,
861 2190 936 2259 4).
984 2186 1222 2254 Nunquid
1266 2185 1383 2253 quia
1422 2183 1669 2235 dixerunt

121 2270 345 2360 apostoli
370 2307 385 2342 :
412 2288 515 2342 Nos
539 2296 698 2340 testes
724 2295 922 2342 sumus,
951 2289 1000 2332 et
1024 2278 1245 2345 Spiritus
1276 2283 1485 2327 sanctus
1513 2286 1666 2340 quem

122 2384 265 2437 dedit
294 2382 436 2435 Deus
456 2375 785 2437 credentibus
814 2372 912 2425 sibi
945 2362 1076 2439 (:l'ct.
1103 2384 1153 2432 v,
1176 2367 1290 2436 δέ),
1319 2366 1514 2419 ideirco
1538 2378 1666 2430 apo-

126 2474 242 2525 stoli
274 2472 443 2540 Sp’rit
464 2470 496 2522 .i
526 2474 708 2519 sancto
740 2465 939 2532 priores
966 2459 1171 2513 dicendi
1214 2456 1369 2511 sunt?
1414 2455 1512 2509 Aut
1548 2455 1667 2523 quia

131 2564 383 2617 Dominus
429 2561 480 2613 in
529 2555 810 2625 Evangelia
836 2570 865 2605 a
895 2551 1089 2618 Spiritu
1125 2557 1306 2602 sancto
1323 2560 1520 2614 aquam
1568 2548 1673 2615 ιιι-ξ·
1708 2586 1711 2587 ν

130 2653 286 2707 tuitus
317 2648 627 2710 nominavit,
656 2661 775 2699 cum
804 2642 1083 2697 Nicodetno
1114 2628 1685 2707 principi'Judzeorum

133 2742 396 2794 intimaret
431 2737 592 2809 408
631 2732 948 2788 sacramenti
989 2729 1312 2799 baptismatis
1343 2726 1670 2797 mysterium,

133 2833 197 2885 ob
225 2832 327 2890 hoc
356 2846 539 2899 aquam
586 2826 799 2896 Spiritui
848 2831 1031 2878 sancto
1071 2820 1362 2889 przetulisse
1399 2817 1673 2888 cognosci-

138 2923 250 2975 tur?
280 2922 336 2976 Si
363 2922 501 2989 quis,
542 2919 727 2985 inquit,
760 2930 863 2968 non
906 2923 1121 2966 renatus
1167 2909 1319 2963 fuerit
1364 2923 1426 2962 ex
1464 2922 1594 2973 aqua
1624 2914 1678 2959 et

138 3010 328 3077 Spiritu
366 3018 567 3073 saneto,
612 2992 714 3058 non
757 3011 925 3072 potest
968 3000 1165 3054 intrare
1217 3000 1274 3077 in
1316 3011 1530 3065 regnum
1584 2994 1676 3049 Dei

140 3074 306 3165 (locu.
340 3115 413 3164 ιιι,
434 3099 508 3165 5).
544 3096 606 3149 Et
639 3097 815 3161 utique
841 3091 1012 3145 nullus
1041 3088 1194 3143 estin
1225 3074 1381 3140 ribus
1411 3084 1674 3151 humanis,

143 3191 223 3257 qui
268 3205 452 3256 aluam
508 3193 691 3239 sancto
740 3182 951 3252 Spiritui
1011 3179 1171 3248 possit
1221 3188 1550 3246 prmponere,
1595 3174 1674 3227 rei

144 3280 453 3349 eoa-qualem
498 3276 716 3345 Spiritui
751 3272 1005 3342 judicare,
1035 3284 1152 3323 cum
1180 3282 1285 3320 nun
1312 3268 1377 3320 ab
1393 3272 1533 3333 aqua
1563 3263 1679 3330 Spi-

147 3367 297 3421 ritum
343 3374 600 3431 sanctutn,
634 3363 724 3415 5rd
772 3375 957 3429 aquam
987 3375 1014 3411 a
1047 3357 1243 3427 Spiritu
1284 3362 1467 3410 sancto
1490 3352 1681 3421 puriﬁ-

148 3459 248 3512 cari
275 3458 564 3514 certissime
595 3452 911 3532 noverimus.

749 3538 967 3603 CAPUT
1006 3547 1065 3601 L.

250 3654 345 3708 Ubi
361 3653 538 3719 dicunt
560 3669 580 3704 :
601 3649 761 3703 Nemo
782 3648 912 3702 venit
931 3648 995 3699 ad
1024 3644 1228 3699 Patrem
1250 3643 1348 3697 nisi
1367 3659 1453 3714 per
1479 3658 1574 3697 me.

216 3743 270 3798 Si
310 3741 541 3799 dixerint
574 3740 710 3808 quod
761 3739 1009 3797 Dominus
1056 3737 1105 3790 in
1145 3733 1723 3803 Evangelio,dixerit:.

157 3830 309 3887 Nemo
336 3829 561 3884 venitad
589 3830 789 3881 Patrem
820 3827 915 3879 nisi
947 3841 1037 3894 per
1061 3839 1144 3878 me
1167 3824 1342 3895 (dono.
1372 3838 1478 3889 xiv,
1503 3821 1579 3891 6).

222 3920 512 3989 Responsio.
558 3917 609 3970 le
646 3918 811 3986 gratia
858 3915 976 3968 ﬁdei
1025 3929 1122 3967 una
1170 3922 1251 3969 est
1295 3913 1435 3967 Patri
1474 3922 1526 3967 et
1558 3912 1688 3966 Filio

158 3994 373 4073 vocatio,
403 4006 648 4077 quoniam
678 4006 813 4059 sicut
852 4020 940 4071 per
972 4003 1159 4058 Filium
1190 4002 1253 4056 ad
1286 4003 1487 4056 Patrem
1524 4000 1688 4055 adlu-

161 4097 336 4158 cimur.
368 4098 437 4151 ita
483 4110 577 4164 per
618 4096 824 4148 Patrem
867 4095 918 4147 in
961 4093 1077 4146 Filii
1120 4093 1438 4160 agnitionem
1469 4089 1689 4143 attrahi-

163 4202 289 4253 mur,
318 4189 434 4254 ipso
478 4186 696 4239 Domino
720 4185 772 4238 in
817 4184 1093 4252 Evangelio
1137 4177 1691 4246 pr.itestartte:Nolite

162 4291 479 4349 murmurare
504 4276 721 4329 invicem
746 4290 761 4329 :
786 4288 939 4328 nemo
960 4281 1127 4341 potest
1155 4272 1336 4326 venire
1364 4271 1426 4325 ad
1460 4286 1561 4335 me,
1593 4271 1691 4323 nisi

165 4365 306 4422 Pater
331 4367 419 4436 qui
459 4380 544 4432 me
589 4365 750 4430 misit,
782 4367 995 4418 traxerit
1031 4379 1147 4417 eum
1186 4364 1251 4415 ad
1290 4379 1372 4416 me
1409 4361 1585 4431 (Joan.
1615 4377 1691 4431 vr,

166 4452 265 4521 Η).
314 4456 379 4509 Ει
422 4455 614 4508 Paulus
657 4453 720 4506 ad
762 4453 1259 4507 Tliessalonieuses
1302 4470 1316 4507 :
1357 4452 1460 4506 Nos
1496 4461 1690 4515 autem,

168 4541 341 4611 inquit,
374 4544 628 4597 debemus
655 4542 847 4611 gratias
875 4556 1029 4610 agere
1053 4542 1158 4595 De)
1182 4556 1389 4608 semper
1414 4557 1503 4608 pro
1527 4542 1695 4606 vobis,

169 4630 346 4688 fratres
373 4632 529 4687 electi
559 4648 585 4684 a
615 4631 746 4696 Deo,
778 4630 896 4699 quia
923 4632 1133 4684 vocavit‘
1172 4646 1265 4684 nos
1303 4631 1369 4684 ab
1408 4632 1552 4685 initio
1599 4645 1697 4684 sazo

171 4726 261 4777 culi
289 4724 342 4778 in
371 4724 625 4787 salutem,
655 4724 707 4774 in
746 4721 1211 4775 sanctiﬁcationcm
1260 4723 1472 4789 spiritus
1499 4730 1551 4776 et
1579 4722 1699 4775 li.lci

173 4813 393 4867 veritatis
421 4813 475 4865 in
501 4826 605 4880 quo
634 4812 837 4863 vocavit
860 4825 954 4863 nos
982 4825 1083 4879 per,
1102 4811 1435 4878 Evangelium
1463 4820 1699 4865 nostrum

176 4899 220 4952 in
264 4900 600 4969 adoptionem
651 4901 830 4967 glorise
881 4898 1081 4951 Domini
1129 4902 1290 4952 nosrri
1339 4900 1466 4954 Jesu
1514 4900 1707 4954 Christi

180 4989 250 5056 (11
285 4990 465 5044 Thess.
496 5006 553 5053 ιι,
599 4990 711 5059 ιὲ).
762 4991 888 5043 Item
935 4980 1001 5043 ibi
1043 5007 1057 5043 :
1094 4991 1313 5045 Oramus
1358 5007 1567 5060 semper
1614 5007 1709 5060 pro

179 5081 337 5147 vobis,
370 5090 429 5133 ut
453 5094 544 5133 vos
571 5079 762 5148 dirigat
810 5082 1081 5134 vocatione
1107 5096 1197 5132 sua
1233 5081 1386 5146 Deus,
1418 5090 1471 5134 et
1497 5082 1710 5149 impleat

180 5183 381 5225 omnem
427 5170 742 5223 voluntatem
783 5169 1049 5237 bonitatis,
1080 5180 1130 5223 et
1164 5184 1293 5238 opus
1343 5172 1462 5226 fidei
1511 5173 1561 5225 in
1604 5174 1709 5238 vir-

182 5267 301 5327 tute,
328 5273 375 5315 et
406 5260 721 5314 clarilicefur
750 5273 939 5314 nomen
973 5261 1175 5314 Domini
1200 5236 1364 5315 nostri
1408 5263 1528 5317 Jesd
1558 5236 1709 5317 Chri-

183 5350 237 5400 sti
260 5349 312 5403 in
336 5348 503 5411 vobis,
527 5357 580 5401 et
601 5363 696 5401 vos
719 5350 767 5401 in
796 5349 884 5403 illo
912 5348 990 5419 (Il
1012 5350 1184 5403 Thess.
1202 5365 1237 5414 ι,
1264 5352 1373 5421 Η).
1402 5352 1465 5405 Et
1487 5348 1706 5407 iterum:

185 5432 243 5489 lit
269 5434 549 5489 ambuletis
579 5435 730 5503 digne
770 5436 897 5499 Deo,
924 5434 1011 5505 qui
1042 5452 1133 5491 vos
1164 5442 1371 5491 vocavit
1398 5439 1448 5493 in
1492 5441 1707 5509 regnum

186 5538 326 5579 suum
352 5534 408 5581 et
432 5520 647 5594 gloriam
670 5524 719 5593 (1
749 5524 921 5595 Thess.
946 5541 1003 5590 ιι,
1033 5524 1139 5595 12).
1164 5526 1231 5580 Et
1256 5527 1319 5581 ad
1348 5527 1711 5583 Timotheum:

187 5612 287 5669 lloc
314 5615 454 5677 enim
485 5616 674 5670 bonum
713 5626 764 5670 et
797 5594 1065 5685 acceptum
1106 5625 1188 5671 est
1222 5632 1397 5671 coram
1441 5618 1715 5674 Salvatore

188 5714 356 5761 nostro
385 5706 514 5771 Deo,
544 5706 631 5775 qui
658 5721 838 5762 omnes
880 5706 1119 5763 homines
1164 5707 1271 5763 vult
1298 5708 1470 5764 salvos
1498 5708 1629 5777 ﬁe:i,
1662 5719 1715 5765 et

1833 1894 1886 1948 Si
1933 1903 2055 1946 vero
2098 1891 2349 1953 dixerint,
2379 1894 2430 1943 in
2476 1892 2575 1945 hoc
2622 1892 2777 1947 Pater
2822 1893 2955 1948 Filio
2994 1886 3162 1963 major
3204 1911 3324 1954 esse

1762 1982 2017 2063 ducetur,-
2034 1980 2152 2049 quia
2184 1980 2258 2033 illi
2283 1978 2721 2038 solisacriﬁcitun
2759 1981 3080 2035 immolatur.

1834 2069 2136 2135 Responsio.
2182 2067 2252 2136 Ut.
2293 2081 2439 2121 tante
2490 2069 2835 2135 prOpositioui
2887 2080 3073 2123 vestra:
3127 2071 3325 2140 absque

1767 2158 1871 2230 ulla
1898 2156 2188 2211 subtilitate
2234 2164 2323 2210 aut
2362 2158 2743 2224 composdione
2786 2158 3062 2225 verborum
3098 2176 3126 2213 a
3165 2160 3325 2217 nobis

1767 2255 2073 2315 competens
2116 2257 2169 2298 et
2206 2260 2493 2313 congruum
2521 2234 2775 2316 reddatur
2804 2263 3112 2319 responsum
3139 2267 3152 2302 :
3180 2250 3329 2306 Sicut

1730 2334 1934 2401 .Patri,
1968 2335 2035 2387 ita
2064 2334 2221 2387 etiam
2255 2333 2386 2385 Filio
2432 2348 2536 2386 non
2584 2334 2751 2387 solum
2782 2335 3095 2390 Clu-iSIianis
3127 2350 3329 2409 tempo-

1770 2425 1937 2489 ribus,
1968 2439 2149 2475 verum
2200 2421 2357 2476 etiam
2396 2436 2424 2473 a
2465 2423 2619 2491 preci
2667 2424 2916 2492 temporis
2965 2428 3330 2484 sacerdotilms

1772 2513 1946 2567 multis
1986 2514 2248 2589 variisque
2275 2511 2446 2564 modis
2476 2515 2758 2577 probamus
2802 2515 3114 2569 sacriﬁcium
3167 2517 3330 2574 fuisse

1770 2605 2022 2670 oblatum,
2055 2604 2266 2657 Daniele
2296 2604 2548 2674 preplreta
2597 2604 2979 2660 dicentezNon
3032 2620 3113 2661 est
3153 2609 3324 2679 locus,

1778 2698 2153 2765 inquiunt‘tres
2186 2697 2353 2761 pueri,
2384 2698 2447 2749 ad
2475 2694 3106 2759 sacriﬁcandum'nomini
3135 2712 3244 2764 tuo,
3277 2710 3332 2758 et

1722 2792 1725 2795 λ
1777 2776 2481 2850 inveniremisericordiam,
2509 2785 2597 2855 sed
2643 2785 2694 2837 in
2740 2785 2910 2839 anima
2940 2796 2989 2840 et
3017 2790 3205 2855 spiritu
3233 2782 3334 2843 hit-

1777 2876 2015 2928 niilitatis
2046 2876 2393 2942 suscipiamur
2439 2875 2572 2927 sicut
2618 2874 2671 2927 in
2714 2875 3165 2932 bolocaustomate
3194 2883 3335 2933 arie-

1778 2976 1886 3019 tum
1916 2972 1969 3019 et
1999 2974 2286 3027 taurorum,
2312 2976 2360 3017 et
2394 2964 2730 3019 multitudine
2756 2980 3007 3035 agnorum
3038 2968 3327 3037 pinguium,

1778 3058 1845 3109 ita
1885 3056 1970 3107 ﬁat
1998 3055 2309 3111 Sacriﬁcium
2340 3063 2576 3107 nostrum
2605 3054 2654 3106 in
2683 3063 2966 3124 conspectu
3016 3065 3103 3108 tuo
3148 3057 3326 3125 hodie,

1701 3167 1745 3229 ρ
1779 3152 1836 3212 ut
1863 3143 2195 3229 placeat_tibi
2245 3142 2401 3212 (Dan.
2436 3157 2525 3208 ,m,
2572 3143 2685 3212 38).
2733 3142 2800 3198 Et
2846 3143 3119 3211 utFilium
3172 3146 3335 3203 fuisse

1778 3248 2053 3304 agnoscas,
2084 3222 2248 3286 'cuishi
2276 3242 2381 3285 tres
2409 3232 2555 3300 pueri
2602 3233 2917 3288 sacrillcium
2943 3234 3015 3301 se
3056 3233 3180 3288 lassi
3209 3245 3337 3292 Sunt

1778 3323 2068 3387 obtulisse;
2091 3336 2155 3376 ex
2188 3322 2348 3390 ipsius
2370 3322 2515 3390 regis
2544 3336 2605 3375 ac
2636 3326 2867 3393 tyranni,
2896 3327 2984 3393 qui
3016 3341 3109 3382 eos
3139 3327 3191 3381 in
3223 3328 3338 3382 for-

1661 3458 1699 3487 ,ἦ
1781 3422 1962 3463 nacem
2008 3409 2141 3474 ignis
2185 3410 2320 3463 mitti
2367 3402 2709 3479 prore-ptum,
2738 3412 3070 3477 confessione
3098 3416 3335 3482 addisce,

1780 3497 1870 3567 qui
1899 3512 1955 3549 se
1981 3512 2100 3550 cum
2132 3497 2297 3551 tribus
2347 3510 2587 3567 quartum
2619 3500 2670 3553 in
2704 3502 2815 3567 ipso
2844 3502 3115 3563 metuentis
3143 3506 3335 3560 camini

1786 3589 2030 3644 incendio
2086 3590 2339 3673 sociatum
2400 3592 2628 3660 prodidit
2687 3594 3026 3663 conspexisse
3067 3614 3080 3648 :
3121 3597 3373 3668 Nonne,“

1786 3678 1973 3748 inquit,
2006 3688 2112 3731 tres
2159 3679 2298 3732 viros
2339 3676 2576 3733 misimus
2620 3681 2672 3733 in
2716 3680 2978 3737 fornacem
3014 3686 3239 3741 vinctos.
3272 3688 3337 3742 Et

1786 3768 2030 3823 dixerunt
2054 3772 2100 3823 ei
2128 3770 2303 3835 :Vere
2330 3784 2439 3822 rex.
2470 3770 2534 3822 Et
2558 3769 2689 3822 dixit
2716 3786 2729 3822 :
2752 3770 2886 3824 Ecce
2910 3766 3012 3840 ego
3041 3758 3197 3827 video
3216 3791 3339 3842 qua-

1788 3866 1905 3909 tuor
1950 3858 2093 3911 viros
2133 3857 2334 3911 solutos
2366 3866 2420 3910 et
2449 3855 2845 3919 deambulantes
2875 3858 2925 3912 in
2953 3860 3129 3915 medio
3167 3849 3343 3930 ignis,

1788 3954 1841 3999 et
1868 3948 2139 4013 corruptio
2164 3947 2301 3999 nulla
2327 3954 2406 3999 est
2437 3948 2486 3999 in
2516 3947 2613 4011 eis,
2644 3954 2695 3999 et
2720 3957 2964 4014 aspectus
2991 3950 3160 4016 quarti
3194 3952 3341 4005 simi-

1766 4032 1855 4087 ‘lis
1882 4043 1965 4088 est
2004 4034 2135 4088 Filio
2165 4033 2254 4088 Dei
2287 4035 2471 4102 (lbid.,
2496 4034 2585 4099 9i,
2616 4034 2726 4102 92).
2758 4033 2881 4088 item
2914 4036 3005 4090 Dei
3053 4038 3219 4093 Filius
3252 4056 3349 4108 per

1790 4124 2098 4191 prephetam
2143 4124 2375 4191 loquitur
2415 4123 2596 4175 dicens
2622 4139 2634 4173 :
2665 4122 2742 4175 Ab
2773 4131 2889 4175 ortu
2919 4125 3045 4179 solis
3084 4142 3249 4196 usque
3277 4130 3341 4181 ad

1792 4227 2033 4266 occasum
2075 4214 2384 4271 sacriﬁcium
2425 4212 2644 4266 oﬁ'ertur
2672 4212 2869 4267 nomini
2892 4228 3035 4282 meo,
3065 4223 3119 4267 et
3146 4216 3345 4268 oblatio

1794 4299 2010 4363 munda,
2039 4301 2157 4368 quia
2189 4314 2431 4367 magnum
2462 4310 2756 4354 estnomen
2794 4314 2966 4353 meum
2999 4301 3050 4353 in
3076 4305 3344 4369 gentibus,

1794 4388 1920 4442 dicit
1952 4389 2075 4463 Dum
2102 4404 2197 4442 nus
2234 4388 2481 4457 (.lialaclt.
2516 4404 2552 4450 I,
2589 4388 2698 4457 il).
2750 4388 2813 4442 Et
2846 4389 3004 4445 David
3035 4390 3349 4458 infpsalmis

1726 4506 1771 4564 υ
1797 4475 1955 4544 ﬁlo
1992 4478 2106 4540 ait;
2142 4477 2195 4529 in
2250 4476 2446 4564 templo
2498 4486 2605 4538 tuo,
2634 4476 2945 4557 Jerusalem,
2975 4478 3067 4530 tibi
3123 4480 3351 4534 olTeruut

1802 4577 1953 4643 reges
1982 4580 2194 4616 munera
2228 4555 2395 4633 (Fsal.
2426 4580 2581 4627 vau,
2612 4565 2722 4628 50).
2775 4554 2838 4618 Et
2876 4576 2929 4617 ut
2975 4566 3088 4621 hanc
3122 4566 3187 4621 de
3218 4568 3352 4622 Filio

1804 4650 1895 4705 Dei
1937 4665 1996 4705 se
2034 4652 2229 4706 dixisse
2273 4654 2505 4720 doceret,
2538 4655 2588 4707 in
2618 4655 2723 4708 alio
2760 4656 2963 4725 psalmo
2993 4657 3240 4723 loquitur,
3271 4657 3354 4711 di-

1805 4754 1930 4793 cens
1955 4757 1968 4791 :
1996 4738 2173 4808 Reges
2189 4740 2400 4793 Tharsis
2420 4751 2475 4794 et
2498 4743 2679 4794 insula:
2701 4758 2911 4797 rounrra
2932 4743 3173 4807 oﬁ'erent,
3198 4760 3355 4811 reges

1809 4827 2039 4880 Arabum
2070 4837 2121 4881 et
2149 4827 2281 4880 Saba
2323 4830 2457 4881 dona
2499 4829 2777 4893 adducent,
2811 4839 2863 4884 et
2911 4832 3204 4883 adorabunt
3230 4847 3354 4885 eum

1810 4929 1994 4969 omnes
2027 4930 2176 4983 reges
2222 4925 2607 4980 terra:,‘omnes
2638 4928 2821 4987 gentes
2852 4919 3082 4974 servient
3103 4922 3149 4973 ei
3184 4920 3353 4991 (Psol.

1813 5005 2101 5083 unum).
2147 5006 2209 5059 Et
2258 5016 2313 5059 ut
2350 5008 2462 5061 haec
2506 5009 2685 5061 omnia
2730 5010 2973 5077 superius
3004 5008 3295 5076 designata,
3325 5026 3357 5065 a

1815 5092 1967 5146 Patre
2000 5093 2128 5147 Filio
2157 5095 2243 5147 Dei
2272 5093 2552 5147 dooeamus
2583 5097 2741 5148 fuisse
2767 5096 2940 5149 oblata
2960 5136 2975 5161 ,
3005 5097 3056 5148 in
3087 5096 3359 5152 nativitate

1810 5180 2044 5247 ejusdem
2093 5179 2206 5234 Filii
2242 5173 2329 5233 Dei
2361 5195 2476 5249 quae
2516 5183 2799 5236 secundum
2842 5197 3053 5237 carnem
3095 5185 3226 5238 laeta
3254 5194 3358 5254 est,

1814 5268 2095 5335 probamus
2125 5268 2284 5322 luisse
2313 5270 2590 5338 completa,
2618 5270 2898 5340 Evangeiio
2939 5274 3316 5342 comprobante
3341 5293 3356 5342 ξ

1814 5356 1962 5422 Quod
1992 5372 2109 5411 cum
2148 5366 2298 5412 natus
2324 5355 2484 5412 esset
2512 5353 2681 5413 "Jesus
2710 5360 2763 5413 in
2796 5341 3071 5414 Bethleem
3108 5362 3274 5427 Juda‘,
3307 5341 3364 5431 ni

1815 5446 1999 5500 diebus
2028 5446 2251 5500 llerodls
2277 5451 2432 5515 regis,
2464 5462 2587 5502 ecce
2614 5448 2747 5517 magi
2778 5448 2845 5501 ab
2870 5450 3083 5503 Oriente
3105 5464 3363 5505 venerunt

1813 5534 2212 5605 Jerosolymam,
2253 5537 2645 5592 dicentes:Ubi
2691 5549 2770 5593 est
2816 5522 2902 5608 qui
2948 5553 3101 5594 natus
3142 5551 3225 5595 est
3270 5557 3361 5597 rex

1814 5622 2110 5678 Judmorum
2142 5618 2349 5695 (Matth.
2392 5640 2447 5693 ιι,
2494 5627 2582 5695 1)?
2612 5627 2676 5681 Et
2718 5627 2848 5681 infra
2875 5629 2980 5705 :.Et
3024 5630 3277 5683 intrantes
3308 5632 3362 5685 in

1816 5712 2052 5781 domum,
2080 5712 2390 5767 invenerunt
2418 5728 2638 5795 puerum
2667 5724 2717 5771 ct
2744 5716 2957 5771 Mariam
2981 5724 3199 5790 matrem
3226 5717 3360 5784 ejus,
