3856 6222
430 3136 434 3143 .
501 3092 661 3146 ditur.

521 268 617 317 537

1797 272 2010 327 \itiiidl
2052 273 2416 327 TAPSENSIS

3613 282 3732 338 388

520 390 565 428 et
598 376 925 443 procidentes
957 380 1299 433 adorarrrunt
1329 396 1470 445 eum,
1504 390 1555 433 et
1582 383 1775 448 apertis
1804 384 2063 436 thesauris
2096 391 2140 445 Α
2169 384 2247 434 vri
2298 382 2503 434 diabolo
2546 383 2721 446 crede,
2754 384 2838 452 qui
2890 394 3069 438 contra
3118 384 3322 452 opificis
3350 385 3433 440 sui
3474 387 3725 443 thronum

518 466 625 516 suis
643 466 942 517 obtulerunt
964 471 1009 520 ei
1037 484 1245 520 munera
1274 469 1506 537 (."ulllh,
1525 486 1579 533 tt,
1615 472 1717 537 ll).
1740 472 2061 523 Sacrificium

518 552 692 621 itaque
719 556 853 621 quod
885 570 911 605 a
939 556 1247 608 Christianis
1271 558 1434 609 sacris
1455 559 1708 612 altaribus
1729 561 2061 625 admovetur,

518 655 620 692 non
649 642 815 694 solum
855 625 966 694 Deo
1005 643 1161 702 l’atri,
1191 646 1281 696 sed
1321 648 1478 698 etiam
1512 647 1642 699 Filio
1672 650 1934 702 coiittnuni
1966 649 2062 702 dc-

516 730 724 782 Votioue
768 730 997 791 offertur,
1027 732 1271 799 quoniam
1315 749 1411 787 nec
1465 734 1603 787 Patri
1650 739 1765 789 sine
1807 735 1941 789 Filio
1985 736 2063 788 of-

452 808 453 811 “
516 814 636 869 ferri
671 821 709 880 ‘,
738 833 904 886 neque
933 832 960 869 a
993 819 1120 871 Filio
1146 822 1258 872 sine
1287 821 1437 874 Patre
1464 823 1673 875 sanciri.

1127 908 1234 937 ‘\l)

1127 908 1140 923 “
1218 910 1234 937 δ
1409 912 1469 960 1.

519 971 611 1024 Ubi
662 974 830 1025 dicunt
880 972 1073 1028 Filium
1104 908 1325 1028 (ἷιῖἶιιᾟ
1368 909 1481 1029 [Euin
1542 975 1695 1029 Patre
1746 996 2057 1033 communem

1052 1062 1248 1113 operam
1280 1048 1528 1098 habuisse.

580 1129 634 1183 Si
662 1131 886 1185 dixerint
915 1133 1099 1185 Filium
1130 1134 1319 1185 nullam
1352 1148 1469 1186 cum
1498 1135 1647 1188 Patre
1675 1138 2058 1191 communionis

512 1234 728 1286 operam
758 1222 1023 1275 habuisse.

586 1308 878 1377 ltesponsio.
919 1310 1064 1375 Quod
1106 1321 1279 1364 autem
1325 1326 1657 1368 communem
1684 1330 1916 1384 operam
1968 1318 2059 1371 ha-

512 1396 669 1449 beant
706 1400 855 1450 Pater
897 1408 948 1451 tt
992 1398 1181 1463 Filius,
1212 1402 1309 1453 hoc
1350 1403 1506 1453 modo
1548 1406 1798 1458 doet-mnr
1842 1426 1852 1458 :
1896 1410 2055 1461 Deum

511 1486 663 1550 primi
716 1485 939 1538 hominis
986 1478 1183 1552 plasma
1228 1489 1291 1541 ad
1339 1489 1615 1557 imaginem
1662 1493 1748 1546 Dei
1791 1498 2055 1549 communi

511 1572 827 1636 operationis
849 1573 1040 1628 virtute
1063 1577 1248 1630 fecisse
1269 1580 1508 1642 refertur,
1525 1580 1793 1649 Scriptura
1814 1583 2051 1639 dict-nte:

511 1659 781 1715 Faciamus
826 1662 1088 1716 hominem
1128 1665 1193 1718 ad
1239 1667 1513 1734 imaginem
1554 1679 1607 1722 et
1653 1670 2049 1727 similitudinem

508 1763 738 1804 nostram
771 1752 918 1819 (Gen.
951 1770 985 1816 t,
1014 1754 1126 1822 ‘26).
1161 1756 1285 1809 ltum
1315 1758 1382 1810 ihi
1415 1777 1425 1810 :
1454 1760 1728 1814 Faciamus
1762 1765 1809 1816 ei
1851 1766 2054 1832 adjuto-

508 1838 646 1889 rium
679 1840 849 1891 simile
878 1840 1026 1908 (Gen.
1062 1857 1116 1904 ll,
1153 1844 1257 1911 18).
1296 1845 1423 1898 Item
1454 1848 1522 1900 ibi
1550 1865 1561 1899 :
1593 1849 1977 1904 Descendamus
2005 1862 2058 1906 ct

506 1928 885 1984 eonfttndamus
935 1932 1136 1999 linguas
1174 1947 1356 1987 eorum
1402 1936 1553 2005 (Gen.
1588 1954 1625 2001 ι,
1662 1938 1762 2008 if).
1801 1944 1893 2004 Et,
1924 1943 2057 1996 Pluit

509 2014 763 2069 Dominus
792 2017 856 2070 de
881 2019 1014 2072 cado
1062 2021 1230 2088 ignem
1268 2032 1321 2075 et
1346 2025 1564 2092 sulphur
1594 2042 1750 2096 super
1775 2030 2055 2085 Sodomam

508 2100 661 2170 (Gen.
692 2120 798 2166 xu,
827 2105 937 2173 24).
987 2106 1049 2158 Et
1078 2109 1126 2161 in
1163 2109 1448 2179 Evangelio
1476 2128 1489 2165 :
1514 2113 1668 2167 Pater
1710 2131 1857 2170 meus
1895 2133 2057 2185 usque

507 2194 664 2245 modo
710 2205 988 2263 operatur,
1024 2208 1075 2251 et
1115 2214 1210 2266 ego
1250 2214 1440 2267 Operur
1484 2200 1656 2269 (Joan.
1692 2218 1741 2268 ν,
1776 2206 1888 2269 17).
1929 2206 2055 2259 Item

506 2282 576 2336 ibi
604 2301 614 2335 :
644 2286 796 2338 Pater
828 2292 877 2338 in
920 2303 999 2340 me
1037 2303 1254 2353 manens
1286 2291 1404 2343 facit
1430 2306 1588 2358 opt-ra
1620 2294 1749 2345 lucc.
1786 2294 1872 2359 Et,
1903 2295 2055 2360 Quze-

504 2384 711 2439 cunque
751 2374 900 2428 Pater
944 2376 1099 2441 facit,
1131 2378 1314 2430 eadem
1357 2390 1407 2431 ct
1452 2379 1619 2433 Filius
1658 2382 1778 2434 facit
1815 2384 2055 2438 similiter

504 2456 686 2524 (Ibid.,
718 2461 827 2530 i9),
861 2473 962 2516 etc.
995 2462 1149 2533 411
1187 2464 1312 2529 Qua:
1342 2481 1437 2534 rgo
1473 2466 1604 2519 facio
1636 2484 1737 2535 non
1766 2482 1886 2523 sunt
1915 2488 2051 2538 mea,

502 2548 594 2600 sed
624 2548 736 2615 ejus
756 2553 840 2617 qui
876 2568 957 2605 me
986 2555 1125 2606 misit
1154 2538 1318 2608 Patris
1347 2555 1517 2621 (Joan.
1546 2574 1654 2621 vni,
1684 2559 1796 2627 28).
1830 2561 1913 2629 Et,
1948 2562 2053 2630 Ego

502 2648 555 2691 et
589 2640 739 2693 Pater
766 2641 828 2693 ad
857 2658 974 2696 eum
1015 2647 1300 2709 teniemus,
1326 2658 1377 2699 et
1408 2650 1730 2703 mansionem
1767 2653 1903 2720 apud
1930 2668 2051 2706 eum

503 2727 755 2783 facientius
778 2732 957 2801 (Jtan.
989 2749 1096 2796 xw,
1127 2736 1237 2802 25).
1272 2737 1397 2802 Qua:
1427 2738 1604 2791 omnia
1635 2754 1738 2791 non
1765 2739 2049 2797 discretam

502 2820 673 2872 Patris
702 2832 754 2873 et
787 2822 898 2875 Fili
929 2824 1210 2890 potentiam
1253 2836 1534 2893 prmstant,
1567 2829 1661 2883 sed
1692 2845 1845 2883 unam
1880 2832 2052 2887 deitao

504 2910 571 2962 tis
595 2913 948 2979 operationem
978 2920 1284 2971 annuntiant
1313 2936 1324 2969 :
1351 2929 1401 2973 et
1432 2921 1475 2973 is
1505 2923 1591 2989 qui
1622 2934 1894 2990 paternum
1919 2940 2051 2993 opus
2097 2918 2107 2923 ’

502 3003 823 3070 eXsequitur,
850 3007 1088 3072 paternis
1127 3011 1372 3076 operibus
1410 3010 1611 3065 alienus
1641 3026 1758 3068 esse
1796 3029 1900 3069 non
1934 3031 2046 3070 cre-

1073 3165 1291 3221 etrur
1340 3168 1467 3221 LHL
1557 3130 1562 3135 ’

540 3249 637 3303 Ubi
664 3252 832 3303 dicunt
863 3254 1025 3305 solum
1058 3254 1257 3307 Patrem
1300 3256 1609 3310 Altissimum
1645 3272 2006 3329 nuncupatum.

571 3338 627 3390 Si
658 3340 795 3391 enim
829 3340 950 3392 illud
984 3344 1343 3409 prOpheticum
1374 3346 1436 3398 de
1461 3347 1573 3400 solo
1605 3348 1755 3401 Patre
1783 3364 2045 3417 opposue-

502 3426 607 3477 rint
658 3427 1009 3503 testimonium
1062 3444 1167 3496 quo
1220 3431 1414 3485 dictum
1463 3444 1544 3506 est
1584 3452 1595 3485 :
1640 3436 1816 3488 Sciant
1864 3448 2046 3504 gentes
2100 3482 2107 3493 .

500 3517 746 3581 quoniam
789 3532 979 3569 nomen
1028 3519 1115 3572 tibi
1162 3520 1430 3585 Dominus,
1468 3532 1519 3575 tu
1555 3524 1700 3577 solus
1742 3525 2045 3579 Altissimus

500 3617 657 3670 super
681 3619 889 3658 omnem
922 3615 1113 3659 terram
1145 3608 1310 3677 (l’sal.
1342 3626 1537 3675 Luxu,
1568 3612 1675 3681 19).

574 3692 867 3759 Responsio.
916 3695 971 3748 Si
1022 3705 1194 3750 autem
1251 3713 1317 3752 ex
1373 3699 1656 3767 Evangelio
1714 3702 1896 3755 Filium
1955 3702 2043 3755 Dei

499 3795 844 3848 cognosceres
868 3784 1192 3838 Altissimum
1218 3797 1591 3855 nuncupatum,
1618 3782 1879 3857 nunquam
1912 3790 2044 3843 Filio

499 3870 777 3937 derogans,
812 3871 908 3924 hoc
936 3874 1001 3925 de
1038 3872 1157 3926 solo
1194 3875 1345 3928 Patre
1382 3876 1578 3929 dictum
1624 3892 1849 3944 poneres
1897 3880 2043 3932 testi-

500 3959 750 4022 monium,
782 3974 898 4012 cum
926 3962 1174 4029 scriptum
1207 3963 1311 4015 sit:
1341 3965 1440 4027 Tu,
1475 3980 1620 4031 put-r,
1658 3968 1910 4034 propheta
1953 3966 2043 4018 AI-

501 4047 685 4099 Iissimi
729 4048 997 4120 vocaberis
1041 4048 1198 4119 (Luc.
1236 4066 1271 4115 ι,
1307 4050 1435 4119 Ἱϐ).⁸
1462 4037 1563 4106 Sed
1615 4064 1668 4106 ut
1718 4054 1877 4108 Filius
1924 4070 2040 4109 cum

500 4132 653 4185 l’atre
697 4135 973 4189 indiscrete
1029 4138 1078 4189 in
1129 4138 1396 4191 altissimis
1446 4139 1709 4195 habitasse
1754 4142 2039 4207 credatur,

498 4221 791 4274 Salomonis
841 4224 1135 4277 testimonio
1182 4226 1587 4293 comprobatur:
1618 4228 1729 4299 Ego
1758 4230 2042 4299 sapientia,

500 4308 686 4377 inquit,
732 4309 956 4363 habitari
1008 4314 1057 4365 in
1104 4314 1392 4377 altissimis,
1426 4326 1475 4370 ct
1524 4319 1743 4373 thronus
1793 4335 1942 4375 meus
1987 4322 2037 4374 in

2165 472 2344 524 sedem
2374 472 2471 524 sibi
2504 474 2727 524 voluerit
2756 474 3034 527 collocare.

2738 560 2959 613 curer
3007 560 3134 613 [μὴ
3412 627 3420 634 ,

2272 644 2364 696 Ιῖὁί
2391 646 2563 697 dicunt
2610 646 2799 698 Filium
2836 649 3049 717 seipsum
3074 650 3276 702 initium
3312 653 3605 720 applicat.

2231 733 2386 802 412
2429 736 2481 789 Si
2528 751 2652 789 vero
2701 738 2926 791 dixerint
2966 740 3152 792 Filium
3195 757 3260 794 ex
3311 743 3467 798 Patre
3508 746 3723 797 initi“

2163 820 2428 883 ilnillllSM),
2472 840 2565 890 pro
2612 840 2674 876 eu
2713 826 2849 892 quod
2896 828 3091 881 .Iudzeis
3136 830 3595 899 interrogantibus,
3624 836 3719 887 TII

2160 912 2276 977 quis
2305 913 2394 964 es?
2427 916 2770 981 responderit,
2806 918 3009 970 initium
3050 920 3190 987 quod
3232 932 3285 975 et
3332 924 3520 990 loquor
3559 925 3722 977 vobis

2163 997 2342 1066 (Joan.
2380 1016 2488 1063 vm,
2520 1002 2631 1068 9.5).

2232 1087 2523 1155 Responsio.
2568 1092 2757 1145 Paulus
2798 1094 3063 1160 apostolus
3105 1095 3291 1149 Filium
3339 1097 3431 1150 Dei
3470 1112 3565 1151 nec
3602 1097 3717 1150 ini-

2161 1174 2285 1228 tium
2318 1179 2541 1243 dicrnm,
2572 1194 2667 1233 nec
2698 1179 2851 1232 linem
2884 1183 3002 1234 vita:
3030 1183 3225 1237 habere
3268 1200 3425 1252 posse
3449 1188 3711 1250 scribens,

2159 1266 2212 1318 in
2243 1266 2472 1334 Epistola
2517 1284 2634 1334 qua:
2679 1268 3013 1322 Hebraeorum
3055 1273 3268 1324 nomine
3315 1273 3573 1339 titulatur,
3603 1276 3715 1327 hoc

2159 1355 2313 1408 modo
2361 1357 2617 1420 ediss-rit,
2657 1356 2838 1410 dicens
2863 1375 2875 1409 :
2904 1358 2994 1411 llic
3042 1359 3427 1414 Melchisedech
3458 1362 3711 1417 sacculos

2159 1443 2248 1495 Dei
2278 1445 2499 1505 summi,
2527 1445 2611 1511 qui
2653 1444 2882 1497 obviavit
2926 1448 3152 1501 Abraba:
3198 1462 3444 1516 regresso
3485 1465 3515 1502 a
3560 1452 3711 1504 caule

2158 1547 2361 1599 regum,
2394 1542 2445 1585 et
2482 1534 2744 1586 benedixit
2772 1534 2818 1586 ei
2841 1550 2856 1597 ;
2892 1535 2977 1587 cui
3005 1538 3238 1589 decimas
3264 1539 3501 1591 omnium
3526 1538 3709 1593 ᾶῆεὶι

2155 1620 2415 1673 Abraham
2445 1640 2455 1672 :
2487 1624 2706 1687 primum
2732 1624 2941 1690 quidem
2963 1625 3447 1694 ittterprctatrrex
3464 1628 3707 1696 Ῑιιιιὶιῖε,

2088 1728 2129 1787 Β
2156 1710 2341 1764 deinde
2373 1728 2459 1764 rex
2487 1712 2659 1766 Salen]
2691 1715 2804 1766 sine
2832 1724 2997 1779 patre,
3024 1717 3139 1769 sine
3166 1728 3353 1781 matre,
3376 1718 3492 1771 sine
3509 1732 3704 1787 genea-

2160 1800 2321 1867 logia’,
2350 1815 2519 1867 neque
2548 1803 2748 1854 initium
2775 1804 2999 1868 dierum,
3020 1820 3115 1858 nec
3140 1806 3297 1858 ﬁnem
3315 1808 3439 1859 vitae
3469 1808 3704 1862 habens:

2157 1885 2475 1943 assimilatas
2503 1902 2585 1946 cst
2630 1903 2800 1946 autem
2837 1894 2966 1947 Filio
3000 1895 3088 1947 Dei
3118 1895 3301 1964 (-Ilebr.
3332 1911 3421 1960 nt,
3452 1897 3528 1965 1).
3559 1897 3623 1949 ει
3651 1899 3705 1950 in

2160 1981 2290 2033 Isaia
2323 1999 2335 2035 :
2363 1981 2417 2034 ln
2448 1982 2740 2036 humilitate
2760 1982 3013 2049 judicium
3036 1985 3149 2052 ejus
3171 1986 3433 2039 sublatum
3462 2000 3561 2051 ea,
3582 1989 3703 2056 quia

2158 2071 2369 2125 tolletur
2411 2072 2479 2126 de
2517 2084 2651 2127 terra
2696 2076 2799 2126 vita
2836 2077 2977 2141 ejus,
3010 2076 3334 2129 nativitatem
3375 2086 3548 2129 autem
3587 2080 3706 2145 ejus

2156 2161 2271 2226 quis
2306 2161 2569 2213 enarrabit
2612 2159 2771 2228 (Isai.
2814 2178 2930 2224 Lm,
2974 2162 3059 2230 8).
3102 2162 3167 2216 Et
3206 2164 3260 2216 in
3303 2163 3704 2232 [iungi-liole

2156 2246 2411 2312 principio
2442 2256 2552 2298 erat
2583 2247 2829 2313 Verbum,
2861 2259 2912 2302 et
2944 2249 3173 2302 Verbum
3204 2260 3319 2305 erat
3344 2253 3482 2319 apud
3513 2252 3698 2317 Delia,

2155 2343 2207 2383 et
2231 2331 2366 2385 Deus
2389 2342 2502 2385 erat
2528 2332 2751 2389 Verbum
2774 2334 2948 2403 (Joan.
2974 2350 3011 2397 ι,
3039 2334 3111 2404 1).
3141 2337 3195 2389 In
3224 2339 3326 2391 isto
3356 2340 3514 2408 igitur
3542 2342 3705 2395 verba

2154 2422 2293 2489 quod
2323 2422 2516 2475 dicitur
2555 2434 2681 2486 etut,
2706 2425 2937 2477 ostendit
2979 2425 3166 2478 Filium
3215 2442 3426 2495 semper
3464 2430 3517 2482 in
3547 2430 3705 2483 Patre

2156 2520 2480 2577 manentem,
2518 2513 2667 2580 ruju‘s
2697 2515 2867 2568 nullus
2911 2515 3206 2569 mortalium
3257 2532 3356 2571 uec
3392 2519 3593 2573 initium
3623 2522 3704 2575 in-

2156 2601 2415 2669 vestigare
2446 2611 2637 2668 potest,
2670 2616 2764 2656 nec
2792 2603 2963 2659 tinem.

2408 2676 2409 2679 η
2748 2694 2967 2748 CAPUT
3006 2694 3113 2748 LV.

2158 2775 2253 2829 Ubi
2278 2778 2503 2831 dicitur:
2530 2779 2679 2844 Deus,
2708 2779 2842 2833 Deus
2870 2798 3029 2849 metu,
3060 2800 3217 2852 quare
3246 2800 3326 2838 me
3352 2786 3657 2854 dereﬁquisli
3674 2788 3711 2859 2Δ

2223 2867 2277 2921 Si
2318 2868 2405 2921 tibi
2448 2870 2694 2935 dixerint,
2727 2871 2845 2925 Ideo
2889 2874 3061 2926 minor
3096 2886 3180 2928 est
3229 2876 3409 2943 Filius,
3435 2878 3555 2945 quia
3586 2881 3700 2945 ipso

2154 2950 2391 3023 pendens
2426 2959 2477 3010 in
2517 2973 2672 3013 cruce
2715 2960 2942 3015 dixerit:
2969 2963 3125 3026 Deus,
3158 2966 3293 3019 Deus
3336 2982 3505 3038 meus,
3537 2974 3735 3037 quare’

2076 3069 2122 3131 ρ
2154 3061 2237 3102 me
2270 3048 2599 3117 dereliquiSIi
2626 3049 2836 3119 (Matth.
2866 3067 3027 3115 xxv",
3058 3054 3182 3123 Mi)?

2226 3141 2522 3209 Responsio.
2564 3142 2632 3196 Ut
2677 3146 2969 3211 agnoscatis
3008 3145 3195 3201 Filium
3225 3163 3255 3201 a
3285 3148 3472 3214 Patre,
3498 3158 3559 3204 ut
3598 3167 3693 3207 vos

2151 3230 2374 3283 inaniter
2402 3232 2759 3299 suspicamini,
2791 3248 2896 3285 non
2928 3235 3084 3287 fuisse
3129 3236 3335 3304 penitus
3361 3240 3691 3303 derelictum,

2151 3319 2252 3374 hoc
2278 3320 2344 3374 de
2384 3321 2494 3391 ipso
2526 3323 2573 3374 in
2609 3322 2890 3392 Evangelio
2928 3322 3508 3403 p‘osuit'testimouium.
3541 3333 3693 3388 Pater

2149 3424 2324 3475 meus,
2349 3411 2529 3479 inquit,
2558 3427 2756 3465 mecum
2786 3423 2894 3476 est;
2920 3430 3022 3468 non
3051 3416 3379 3486 derelinquet
3401 3437 3485 3475 me
3500 3425 3690 3491 solum,

2148 3500 2393 3567 quoniam
2424 3512 2539 3569 qua:
2570 3513 2688 3555 sunt
2713 3506 2760 3556 ei
2792 3505 2974 3571 placita
3003 3507 3135 3560 facio
3154 3524 3365 3578 semper
3384 3509 3558 3579 (locu.
3579 3529 3686 3580 nu,

2145 3588 2256 3656 29).
2290 3587 2446 3657 413
2492 3589 2554 3643 Et
2585 3590 2926 3646 iterumzNon
2956 3610 3069 3647 sum
3100 3597 3266 3663 solus,
3295 3600 3387 3652 sed
3415 3610 3469 3653 et
3493 3616 3616 3669 ego.
3638 3612 3691 3656 et

2145 3680 2230 3747 qni
2262 3696 2346 3734 me
2378 3681 2516 3733 misit
2554 3681 2708 3735 Pater
2743 3682 2924 3751 (Ibid.,
2960 3686 3067 3753 16).
3096 3686 3157 3744 ΕΙ
3186 3688 3375 3742 iterum
3402 3690 3549 3743 :Non
3577 3706 3691 3745 σεδ

2145 3769 2245 3832 dis,
2272 3771 2390 3839 quia
2418 3786 2516 3839 ego
2543 3772 2591 3824 in
2626 3772 2775 3827 Patre
2801 3786 2851 3827 et
2874 3775 3027 3829 Pater
3050 3778 3099 3830 in
3131 3794 3215 3832 me
3240 3778 3413 3849 (Joan.
3439 3798 3549 3847 xw,
3574 3780 3690 3851 ιον

2145 3859 2209 3911 Et
2239 3861 2521 3924 Apostolus
2548 3878 2559 3911 :
2587 3862 2718 3916 Deus
2754 3871 2866 3915 erat
2895 3866 2950 3915 in
2980 3864 3189 3921 Christo
3218 3870 3465 3922 mundum
3495 3887 3688 3924 recou-

2133 3949 2328 4003 eilians
2357 3949 2453 4003 sibi
2493 3948 2576 4019 (ll
2604 3950 2719 4004 Cor.
2752 3967 2802 4015 ν,
2842 3953 2949 4021 19).
3001 3955 3066 4008 Et
3099 3958 3151 4010 in
3185 3958 3402 4012 Actibus
3428 3963 3686 4029 apostolo-

2143 4054 2257 4095 rum
2285 4060 2297 4094 :
2323 4042 2415 4095 Hic
2438 4044 2813 4109 perambulavit
2846 4042 3181 4104 benefaciens
3205 4059 3258 4103 et
3276 4051 3487 4107 saluus
3508 4067 3685 4106 omnes

2145 4131 2233 4197 qui
2264 4130 2691 4197 deprimebantur
2732 4149 2761 4185 a
2789 4134 3014 4198 diabolo,
3049 4126 3292 4203 quoniam
3340 4142 3473 4196 Deos
3498 4154 3611 4197 erat
3636 4144 3684 4195 in

2144 4218 2231 4270 illo
2264 4217 2395 4287 (Act.
2429 4234 2479 4283 ι,
2509 4218 2618 4286 58).
2656 4219 2715 4273 Et
2756 4220 2994 4276 llabacuc
3020 4240 3033 4275 :
3062 4224 3317 4292 Egressus
3343 4242 3435 4294 es,
3468 4229 3684 4283 Domino

2147 4307 2304 4369 Deus,
2324 4305 2377 4358 in
2405 4307 2622 4359 salutem
2650 4309 2825 4375 populi
2858 4310 2950 4372 tui,
2974 4326 3091 4364 cum
3118 4313 3328 4365 Christo
3354 4324 3442 4368 tuo
3466 4316 3679 4382 (Hauc.

497 4401 737 4452 columna
766 4402 916 4455 nubis
944 4401 1123 4470 (Eccli.
1156 4420 1295 4467 xxrv,
1326 4406 1396 4472 7).
1449 4408 1507 4460 Et
1537 4408 1597 4461 irr
1634 4409 1839 4477 psalmo
1877 4425 2035 4463 nona-1

2162 4396 2360 4464 11,15).
2416 4396 2475 4448 Et
2523 4397 2775 4464 propheta
2802 4416 2813 4448 :
2837 4400 2937 4464 Qui
2978 4402 3158 4468 genuit
3199 4418 3304 4467 me,
3337 4406 3593 4473 requievit
3631 4406 3681 4458 in

497 4494 694 4555 geimo
726 4493 906 4560 primo
952 4494 968 4563 (
995 4493 1133 4548 Vera.
1165 4494 1231 4564 9.)
1259 4516 1270 4547 :
1300 4496 1376 4550 Tu
1425 4504 1595 4552 autem
1645 4501 1939 4555 Altissimus
1987 4506 2036 4555 in

497 4576 1025 4651 mternntir;Domitte,
1045 4586 1290 4651 quoniam
1317 4601 1440 4641 ecce
1460 4588 1648 4641 inimici
1674 4594 1746 4645 tui
1774 4592 2038 4659 peribunt.

496 4668 622 4721 Nam
653 4686 767 4723 cum
798 4670 1033 4725 diabolus
1056 4677 1213 4729 vellet
1241 4679 1483 4731 thronum
1509 4666 1665 4733 suum
1689 4693 1869 4735 contra
1894 4699 2039 4737 crea-

498 4763 625 4813 toris
664 4762 741 4813 sui
773 4763 1017 4818 thronum
1043 4766 1091 4818 in
1124 4768 1387 4823 altissimis
1429 4772 1720 4839 collocare,
1754 4776 1923 4828 elatus
1953 4792 2040 4830 su-

422 4866 425 4867 '
498 4849 693 4913 perhia,
725 4849 834 4903 hrec
864 4852 1002 4905 risus
1036 4866 1115 4907 est
1148 4857 1368 4909 nefando
1405 4874 1769 4927 ore.promcre
1796 4882 1807 4917 :
1841 4866 2034 4920 Ponam

496 4940 671 4991 sedem
701 4956 867 4994 meam
899 4944 961 4995 ad
1005 4946 1319 5012 aquilonem,
1353 4951 1534 5017 inquit,
1561 4940 1839 5007 ascendam
1878 4971 2037 5023 super

496 5028 665 5079 sidera
704 5032 849 5095 coeli,
883 5033 1076 5086 sedebo
1120 5052 1276 5104 super
1315 5051 1517 5093 montes
1555 5044 1819 5109 excelsos,
1852 5056 1903 5099 et
1944 5040 2036 5099 ero

496 5116 676 5169 similis
699 5120 1126 5186 Altissimousui.
1147 5142 1249 5189 xw,
1268 5129 1383 5199 15).
1404 5128 1529 5183 item
1558 5133 1621 5183 ibi
1649 5133 1698 5184 in
1722 5134 2031 5190 Salomone:

496 5207 569 5259 Nc
600 5208 813 5276 dixeris,
845 5215 1077 5278 peccavi,
1109 5226 1159 5269 et
1187 5219 1307 5285 quid
1338 5222 1525 5274 accidit
1568 5224 1694 5274 mihi
1729 5225 1913 5279 triste?
1941 5230 2032 5279 ΛΙ-

498 5300 725 5351 ιίδδίηιυς
765 5302 898 5355 enim
954 5305 1153 5371 patiens
1199 5317 1280 5360 est
1320 5310 1551 5364 redditor
1580 5312 1760 5380 (Εείσιί.
1794 5316 1945 5381 ν,4).
1978 5317 2031 5370 Si

495 5387 723 5440 auditum
768 5392 936 5445 cordis
973 5394 1042 5448 tui
1080 5397 1365 5464 Scriptnris
1395 5414 1495 5453 non
1528 5402 1604 5455 \iS
1633 5408 2033 5468 accommodare

497 5473 705 5539 divinis,
729 5494 840 5545 qua:
874 5480 1059 5538 Filium
1088 5485 1415 5542 Altissimum
1444 5482 1632 5561 docent
1655 5505 2029 5563 nuncupatum,

569 5578 588 5598 ⁸
605 5576 703 5632 .llic
728 5580 858 5635 adde
885 5593 1058 5649 potest.

2141 4485 2476 4538 tabernaculo
2501 4500 2617 4539 meo
2646 4484 2826 4553 (Eccli.
2858 4504 3005 4553 utr,
3032 4492 3139 4559 12).
3173 4492 3248 4544 Ex
3280 4494 3400 4559 hoc,
3432 4494 3676 4557 infelices,

2140 4576 2406 4644 agnoscite
2446 4576 2688 4642 quoniam
2711 4578 2797 4644 qui
2825 4579 2872 4629 in
2901 4593 3057 4633 carne
3090 4591 3265 4634 nostra
3288 4585 3494 4635 mortali
3519 4584 3678 4636 adhuc

2140 4676 2478 4716 comntanens
2508 4679 2767 4731 nunquam
2796 4680 2822 4716 a
2855 4666 3007 4720 Patre
3034 4668 3296 4733 discessit,
3324 4669 3480 4725 Patre
3510 4675 3675 4740 utique

2142 4751 2312 4804 minor
2339 4752 2437 4804 dici
2471 4767 2579 4804 non
2601 4750 2807 4819 poterit.
3072 4764 3078 4769 '

2713 4863 2932 4917 CAPUT
2973 4866 3099 4917 LVI.

2141 4970 2234 5023 Ubi
2277 4972 2447 5023 dicunt
2489 4975 2659 5026 testari
2699 4975 2989 5041 Apostolum
3029 4976 3286 5055 parietum
3322 4997 3375 5032 se
3415 4982 3672 5035 seru-dun

2683 5059 2881 5095 carnem
2910 5060 3137 5098 ηεκιδεε.

2206 5154 2257 5208 Si
2290 5156 2377 5208 tibi
2408 5158 2693 5225 objecerint
2723 5160 2859 5225 quod
2892 5162 3173 5228 Apostolus
3194 5164 3261 5216 de
3288 5166 3513 5221 Christo.
3530 5169 3666 5219 dicit:

2136 5246 2189 5298 Si
2224 5242 2538 5299 noveramus
2565 5248 2824 5299 Christum
2854 5250 3138 5302 secundum
3162 5266 3400 5318 cantent,
3427 5258 3524 5310 sed
3550 5265 3669 5308 nunc

2127 5336 2237 5401 jam
2272 5348 2371 5387 non
2405 5336 2641 5388 noi'imus
2672 5335 2756 5401 (fl
2783 5337 2901 5389 Cor.
2934 5354 2985 5401 ν,
3016 5340 3124 5409 16).

2207 5424 2497 5491 Responsio.
2540 5424 2654 5476 Non
2686 5426 2964 5492 respicitis,
2987 5431 3185 5494 miseri,
3209 5431 3350 5498 quod
3376 5433 3667 5486 Manichae-

2135 5526 2248 5563 rum
2292 5512 2409 5563 talia
2442 5525 2811 5580 proponeutes,
2838 5518 3129 5582 sequamini
3166 5534 3384 5587 pronus
3420 5536 3679 5582 errorem,-

2134 5599 2258 5652 dutn
2288 5602 2422 5655 sicut
2449 5602 2565 5668 ipsi,
2591 5602 2655 5655 ita
2688 5602 2845 5656 etiam
2872 5618 2965 5660 vos
2996 5605 3046 5658 in
3077 5605 3167 5660 illo
3195 5617 3487 5678 assumpt:
3512 5610 3666 5666 carnis
