3802 6246
107 324 184 382 ass
1196 296 1456 367 Cosmi
1489 311 1889 370 vsmuaouu
1931 315 2051 368 Lm.
2084 316 2120 369 ι.

3151 315 3255 371 390

80 440 306 485 'evacuare
332 422 549 478 uitimiui
578 427 982 482 sacramentum,
1015 426 1070 472 ut
1098 428 1215 487 post
1249 420 1598 474 resurrectio-
1626 429 1671 486 Α
1702 422 1887 475 iterum
1915 441 1926 475 ε
1953 422 2101 476 'I‘uue
2149 422 2397 475 videbunt
2448 421 2632 476 Filium
2683 421 2909 477 hominis
2954 423 3250 477 venientem

105 540 195 577 ueni
230 537 253 574 a
291 516 744 571 mortuismullum
795 516 846 567 in
894 528 958 567 eo
1006 514 1235 567 credatis
1284 516 1599 570 remansisse

103 610 384 667 humanitatis
428 606 675 659 indicium
706 625 717 659 :
746 619 846 656 non
877 603 1281 675 considerantes
1325 619 1441 657 eum
1486 612 1603 671 post

101 720 191 759 eam
219 698 548 753 venerabilem
582 696 881 764 passionem
914 695 1009 747 hac
1040 710 1166 748 voce
1196 694 1482 762 discipulos
1517 708 1603 746 ar-

98 772 297 861 guentem
323 806 333 839 :
357 787 491 853 Quid
533 785 721 838 turbati
751 785 904 848 estis,
938 795 989 839 et
1030 784 1380 852 cogitationes
1410 799 1601 837 ascen-

99 886 201 935 dunt
239 880 282 932 in
324 877 481 930 corde
525 875 737 929 vestro?
770 873 977 940 Palpate
1018 882 1072 925 et
1122 872 1323 935 videte,
1354 872 1601 939 quoniam

98 970 272 1036 spiritus
298 980 505 1019 carnem
532 972 585 1017 et
607 977 723 1017 ossa
763 977 867 1014 non
920 960 1081 1013 habet
1123 960 1259 1014 sicut
1304 976 1387 1029 me
1416 960 1603 1015 videtis

99 1060 255 1112 habere
294 1056 435 1124 (Luc.
470 1069 617 1115 xxnv,
646 1053 754 1121 '59).
792 1051 855 1103 Et
896 1050 1087 1104 iterum
1114 1067 1127 1103 :
1150 1049 1279 1103 Cum
1309 1060 1451 1112 esset
1476 1066 1603 1119 ergo

96 1162 193 1201 sero
211 1145 284 1199 die
309 1144 388 1197 illa
423 1158 523 1205 una
555 1142 911 1203 sabbatorum,
943 1146 997 1192 et
1045 1138 1181 1192 iores
1205 1148 1386 1193 essent
1411 1139 1604 1194 clausa:

95 1237 164 1290 ubi
188 1244 319 1290 erant
350 1232 615 1299 discipuli,
648 1240 861 1297 propter
887 1230 1439 1293 metum'Judmorum,
1462 1231 1604 1285 venit

95 1324 216 1378 Iesus
239 1333 283 1377 et
309 1325 448 1375 stetit
473 1322 523 1374 in
550 1320 720 1373 medio
751 1333 955 1385 eorum,
984 1328 1037 1371 et
1074 1319 1204 1371 dixit
1235 1320 1313 1373 eis
1338 1336 1351 1373 :
1376 1319 1475 1373 Pax
1506 1336 1601 1372 vo-

93 1415 170 1467 bis.
200 1414 255 1466 Et
282 1413 372 1464 hoc
398 1426 516 1465 eum
546 1409 797 1470 dixisset,
829 1408 1063 1461 ostendit
1106 1410 1182 1462 eis
1228 1423 1412 1461 manus
1439 1418 1490 1462 et
1523 1403 1602 1462 la-

94 1502 359 1571 tus:gavisi
399 1508 522 1553 sunt
569 1513 692 1568 ergo
735 1482 978 1565 discipuli
1022 1499 1133 1551 viso
1175 1499 1395 1552 Domino
1424 1497 1600 1569 (Joan.

90 1608 167 1659 xx,
193 1592 287 1660 l9).
332 1591 396 1645 Et
438 1589 667 1643 iterum:
693 1586 817 1641 Post
858 1581 971 1639 dies
1000 1596 1120 1641 octo
1162 1596 1315 1642 erant
1357 1586 1603 1656 discipuli

92 1685 224 1749 intus,
244 1693 288 1736 et
317 1681 548 1735 Thomas
576 1693 693 1733 cum
721 1676 831 1740 eis;
860 1676 1002 1730 venit
1030 1676 1179 1731 Jesus
1206 1676 1382 1744 januis
1411 1677 1603 1745 clausis

1704 512 1754 565 in
1784 508 2009 570 Ijlllilblls
2037 512 2178 581 oeuli,
2209 528 2325 564 ettnt
2359 513 2546 565 virtute
2588 527 2773 580 magna
2818 522 2870 566 et
2915 514 3099 581 gloria,
3129 522 3255 567 tunc

1702 606 1867 656 mittet
1900 604 2114 672 angelos
2144 618 2266 657 suos
2314 604 2362 656 in
2410 604 2531 657 tuba
2581 618 2788 671 magna,
2823 614 2869 657 et
2917 604 3256 672 eongregabit

1699 694 1899 747 electos
1926 707 2049 746 suos
2072 709 2098 751 a
2130 704 2352 761 quatuor
2395 694 2585 760 ventis,
2618 709 2644 745 a
2676 708 2881 747 summo
2911 706 3062 749 terra:
3090 709 3257 763 usque

1700 782 1765 835 ad
1794 796 2055 835 summum
2087 782 2204 836 cadi
2230 781 2438 853 (Matth.
2463 800 2605 848 xxiv,
2632 783 2741 850 50).
2786 785 2849 837 Et
2872 786 3057 838 iterum
3086 804 3096 837 :
3121 784 3255 840 Cum

1700 871 1903 923 venerit
1933 869 2095 923 Filius
2124 870 2370 932 hominis,
2396 881 2446 925 et
2474 886 2653 926 omnes
2675 873 2844 941 angeli
2876 888 2992 926 cum
3020 888 3101 937 eo,
3130 882 3257 927 tunc

1701 950 1902 1013 sedebit
1926 974 2084 1027 super
2111 960 2289 1014 sedem
2314 962 2607 1026 majestatis
2627 977 2755 1027 sum,
2782 972 2836 1018 et
2861 964 3259 1033 eongregahun-

1702 1060 1785 1106 tur
1832 1061 1952 1107 ante
1999 1068 2116 1106 eum
2147 1068 2330 1107 omnes
2369 1065 2588 1123 gentes,
2622 1063 2674 1108 et
2711 1057 3006 1123 segregabit
3053 1069 3145 1109 eos
3191 1049 3258 1109 ah

1704 1142 1961 1204 invicem,
1990 1138 2123 1196 sieut
2160 1151 2337 1211 pastor
2382 1151 2621 1211 segregat
2666 1136 2832 1211 "agnos
2871 1144 2936 1197 ab
2981 1144 3175 1209 hmdis,
3205 1154 3259 1196 et

1703 1240 1897 1285 saatuet
1933 1247 2092 1300 agnos
2130 1232 2191 1283 ad
2233 1233 2500 1287 dexteram
2540 1248 2711 1297 suam,
2754 1228 2931 1301 liaftlos
2975 1244 3146 1286 autem
3191 1232 3255 1286 ad

1704 1310 1985 1375 sinistram.
2025 1321 2240 1388 (Matth.
2276 1338 2425 1391 (xxv,
2474 1322 2593 1391 ⁸51).
2643 1322 2707 1377 Et
2755 1322 3261 1390 Aposolus:Canet

1704 1414 1842 1465 enim
1889 1412 2032 1475 tuba,
2064 1419 2118 1464 et
2162 1413 2350 1465 mortui
2398 1422 2674 1482 resurgeut
2726 1413 3035 1481 incorrupti,
3063 1421 3114 1466 et
3163 1428 3259 1467 nos

1705 1484 2097 1554 immutabimur
2135 1500 2189 1570 (1
2224 1500 2341 1553 Cor.
2377 1517 2467 1567 xv,
2501 1502 2613 1562 52).
2660 1501 2723 1556 Et
2750 1502 2943 1556 Isaias:
2971 1504 3104 1559 Ecce
3148 1507 3260 1570 ipso

1707 1589 1955 1644 Dominus
1986 1592 2034 1644 in
2059 1590 2313 1659 judicium
2346 1591 2519 1646 veniet
2547 1606 2664 1646 cum
2699 1594 2997 1649 senioribus
3024 1606 3074 1648 et
3102 1596 3258 1663 prin-

1704 1678 1907 1746 cipibus
1949 1680 2059 1733 suis
2107 1681 2332 1736 reddere
2377 1681 2660 1737 vindictam
2690 1683 2741 1736 in
2772 1683 2869 1747 ira,
2903 1686 2954 1737 in
2996 1686 3257 1741 ﬂammam

90 1785 130 1828 et
160 1775 286 1828 stetit
323 1773 372 1826 in
417 1768 592 1824 medio
634 1782 840 1829 eorum,
864 1776 919 1820 et
963 1766 1096 1819 dixit
1140 1767 1216 1820 eis
1242 1784 1255 1818 :
1280 1765 1383 1820 I’ax
1434 1767 1601 1820 vobis.
1636 1767 1680 1827 Β
1708 1765 1842 1834 ignis
1873 1766 2021 1834 (lsai.
2055 1783 2131 1832 ιιι,
2163 1768 2271 1835 H).
2305 1769 2381 1823 Ex
2414 1770 2495 1825 his
2526 1771 2734 1825 tandem
2764 1788 3047 1841 agnoscere
3076 1774 3258 1841 debes,

92 1864 255 1917 Deinde
280 1863 401 1916 dicit
428 1860 643 1914 Tltomte
667 1875 678 1910 :
704 1854 843 1909 lttl'er
868 1854 1095 1923 digituur
1126 1844 1268 1907 tuum
1295 1852 1455 1924 414
1480 1854 1599 1920 huc,

87 1964 129 2007 et
154 1953 254 2008 vide
276 1964 457 2005 manus
484 1962 644 2013 meas,
674 1958 726 2003 et
761 1948 909 2001 mitte
957 1962 1165 1999 manum
1205 1955 1345 1999 tuam
1388 1946 1439 1999 in
1471 1949 1604 1999 latus

88 2061 253 2109 meum,
272 2055 321 2099 et
345 2042 451 2097 noli
471 2057 588 2096 esse
610 2038 936 2099 incredulus,
966 2038 1057 2092 sed
1094 2035 1459 2106 fidelis(lbid.,
1486 2037 1599 2106 26).

88 2136 140 2188 Et
166 2134 337 2201 iterum
364 2133 546 2186 :Mane
576 2139 748 2184 autem
784 2127 941 2191 facto,
972 2128 1116 2180 stetit
1144 2126 1295 2180 Jesus
1325 2127 1375 2179 in
1409 2127 1603 2205 littore,

88 2238 173 2276 non
214 2233 375 2275 tamen
429 2226 756 2289 agnoverunt
801 2215 1040 2283 discipuli
1090 2216 1206 2283 quia
1254 2214 1408 2269 Jesus
1451 2224 1601 2267 erat:

88 2314 193 2365 dixit
216 2328 333 2381 ergo
374 2313 451 2366 eis
490 2309 675 2363 Iesus:
703 2305 878 2365 Pueri,
914 2303 1145 2372 nunquid
1197 2303 1603 2372 pulmentarium

87 2401 295 2454 iubetis?
330 2404 395 2453 At
437 2399 508 2452 illi
539 2398 840 2451 obtulerunt
886 2392 933 2447 ei
967 2398 1180 2470 partem
1224 2392 1383 2463 piscis
1421 2391 1523 2443 assi
1553 2399 1607 2445 et

88 2491 233 2543 favum
253 2490 441 2546 mellis.
467 2490 529 2542 Et
554 2503 673 2542 cum
697 2485 1036 2539 manducaret
1061 2498 1237 2537 coram
1266 2483 1366 2547 eis,
1390 2496 1605 2537 sumens

86 2580 300 2646 reLquias
327 2580 472 2633 dedit
497 2578 573 2632 eis
600 2575 778 2647 (Joan.
822 2590 927 2633 ut,
961 2572 1145 2643 4).“Et
1174 2575 1224 2626 in
1256 2572 1602 2649 Apocalypsi:

89 2669 139 2722 Et
163 2670 393 2724 videbunt
437 2684 557 2721 eum
593 2680 776 2721 omnes
809 2674 1019 2733 gentes,
1048 2664 1133 2731 qui
1174 2677 1295 2715 eum
1327 2664 1605 2731 crucilixe-

85 2769 202 2824 runt,
228 2770 277 2813 et
317 2760 562 2827 plangent
604 2770 663 2810 se
711 2768 870 2821 super
914 2767 1032 2807 eum
1062 2750 1243 2820 (Apoc.
1274 2766 1311 2815 ι,
1353 2748 1427 2818 7).
1462 2750 1527 2804 Et
1554 2751 1603 2803 in

85 2846 655 2916 Actibusapostolorum
680 2859 694 2896 :
724 2842 835 2896 Viri
882 2840 1102 2904 Calilmi,
1133 2838 1255 2907 quid
1285 2840 1433 2895 statis
1463 2840 1606 2907 aspi-

83 2941 254 2992 cientes
301 2939 349 2991 in
393 2935 625 2990 cadum?
658 2932 748 2986 Hic
784 2929 937 2985 Jesus
979 2929 1066 2998 qui
1108 2937 1411 2996 assumptus
1459 2937 1540 2981 est
1570 2936 1609 2981 a‘

84 3014 229 3092 vobis,
253 3028 325 3083 sic
352 3028 529 3081 veniet
556 3018 994 3091 quemadmodum
1022 3019 1223 3073 vidistis
1248 3034 1367 3072 eum
1392 3012 1605 3097 euntem

1706 1853 2078 1925 quoniatn'qui
2116 1859 2372 1912 adversus
2424 1857 2609 1928 gentes
2657 1861 2707 1913 in
2742 1862 2995 1929 judicium
3035 1877 3257 1932 congre-

1706 1946 1902 2013 gandas
1924 1948 2137 2014 angelus
2161 1949 2359 2018 dirigit,
2373 1950 2557 2019 utique
2573 1951 3008 2021 archangelorum
3023 1955 3261 2021 jussione

1708 2034 1885 2088 venire
1914 2051 2016 2090 non
2048 2038 2231 2105 possit.

2258 2125 2483 2182 CAPUT
2520 2128 2698 2185 LVIII.

1848 2215 1945 2270 Ubi
1970 2218 2143 2270 dicunt
2167 2219 2328 2271 solum
2358 2219 2558 2275 Patrem
2579 2240 2609 2274 α
2633 2224 2865 2291 ﬁdelibus
2894 2227 3119 2282 adorari.

1776 2306 1830 2361 Si
1862 2317 2033 2360 autem
2078 2309 2343 2363 dixerint:
2379 2312 2429 2363 In
2458 2310 2559 2367 hnc
2598 2314 2735 2368 Patri
2782 2316 2944 2371 Filius
2976 2333 3080 2371 non
3110 2333 3250 2373 com-

1707 2406 1914 2464 quatur,
1946 2398 2067 2463 quia
2095 2399 2235 2451 solus
2266 2399 2417 2453 Pater
2451 2415 2479 2453 a
2511 2402 2751 2457 fidelibus
2780 2405 3045 2461 adorator.

1779 2484 2075 2557 Rezponst'o.
2108 2486 2159 2541 Si
2190 2500 2461 2556 grassante
2491 2490 2704 2558 perﬁdia
2732 2492 2921 2546 mentis
2952 2496 3130 2549 oculos
3153 2512 3259 2551 uou

1707 2577 1995 2641 amitteres,
2019 2592 2334 2644 agnosceres
2356 2580 2469 2634 sine
2491 2581 2649 2634 dubio
2675 2583 2921 2652 quaniam
2944 2586 3077 2639 sicut
3094 2587 3143 2637 in
3162 2586 3230 2640 Pa
3246 2616 3261 2629 -

1709 2672 1790 2717 tre
1820 2664 2003 2729 Filius,
2040 2667 2105 2718 ita
2128 2666 2279 2720 Pater
2302 2666 2352 2719 in
2380 2667 2510 2720 Filio
2536 2669 2807 2736 aduratur,
2839 2670 2970 2725 Isaia
3005 2674 3258 2741 propheta

1708 2751 1955 2806 dicente:
1986 2752 2072 2806 Sic
2101 2754 2229 2806 dicit
2262 2755 2510 2809 Dominus
2546 2756 2681 2809 Deus
2710 2757 2973 2811 Sabaoth:
3025 2759 3257 2813 Labora-

1707 2843 1781 2895 vit
1801 2840 2079 2912 Egyptus,
2104 2852 2157 2897 et
2188 2856 2450 2898 mercatus
2471 2854 2553 2899 est
2580 2845 2859 2917 Ethiopas
2884 2864 2895 2911 ;
2922 2847 3133 2903 Sabaim
3154 2850 3257 2903 viri

1706 2935 1898 2987 excelsi
1923 2934 1988 2986 ad
2013 2943 2060 2987 te
2093 2935 2408 2998 transibunt,
2440 2942 2494 2988 et
2516 2935 2586 2988 tui
2615 2946 2767 2989 erunt
2797 2937 2956 3001 servi,
2984 2946 3037 2991 et
3066 2947 3183 3009 post
3208 2949 3259 2991 te

1707 3031 1993 3089 sequentur
2011 3023 2207 3092 alligati
2234 3040 2249 3071 \
2266 3024 2473 3089 iuculis,
2498 3033 2549 3077 et
2571 3024 2882 3091 adorabunt,
2907 3035 2958 3080 et
2985 3036 3033 3083 te
3063 3028 3257 3095 depro-

84 3118 125 3170 in
158 3121 331 3173 etelnm
364 3113 504 3187 (.ict.
539 3131 575 3179 I,
610 3114 716 3181 ll).
765 3112 891 3165 Item
934 3110 1001 3163 ibi
1030 3127 1042 3162 :
1071 3110 1218 3163 Dedit
1266 3124 1384 3169 eum
1434 3110 1601 3187 mani,
1630 3110 1677 3171 C
1708 3111 1965 3163 eabuntur
2016 3110 2164 3179 (Isai.
2221 3127 2340 3177 xm,
2376 3112 2485 3181 14).
2519 3112 2586 3165 Et
2618 3112 2668 3164 in
2699 3112 3013 3182 Apocalypsi
3041 3132 3053 3168 :
3089 3116 3153 3168 Et
3184 3116 3259 3167 vi-

83 3209 243 3263 iustum
272 3209 383 3263 ﬁeri
420 3208 571 3261 nobis
616 3204 856 3266 testibus,
888 3200 974 3271 qui
1022 3200 1378 3270 prtedestinati
1424 3214 1603 3253 sumus

82 3301 239 3365 aDeo,
264 3302 348 3367 qui
392 3298 549 3352 simul
598 3292 1053 3353 manduCaviuius,
1084 3298 1137 3343 et
1182 3274 1474 3351 conversaii
1517 3301 1601 3339 su-

82 3402 178 3439 tuus
205 3402 290 3451 per
318 3387 432 3439 dies
464 3380 805 3453 quadraginta
834 3392 951 3430 cum
993 3390 1079 3438 eo,
1108 3384 1379 3442 postquam
1424 3388 1603 3427 resar-

80 3476 192 3527 rexit
217 3490 241 3525 a
281 3473 502 3527 mortuis
531 3472 659 3539 (Act.
694 3484 746 3532 ι,
777 3466 887 3534 40).
933 3462 1207 3532 ltespicitis
1242 3464 1487 3532 quoniam
1516 3462 1603 3529 qui

83 3578 156 3626 per
181 3564 519 3631 quadraginta
542 3562 653 3613 dies
682 3559 883 3611 intrans
904 3562 955 3608 ct
978 3552 1158 3606 exiens
1186 3567 1303 3605 cum
1335 3551 1606 3620 discipulis

80 3668 393 3710 conversatus
434 3664 533 3711 est.
567 3650 812 3724 comedit,
856 3657 908 3701 et
954 3644 1201 3713 reliquias
1248 3650 1487 3711 ‘sumens,
1518 3644 1605 3695 iis-

79 3745 179 3797 dem
226 3742 585 3798 benedicendo
614 3729 865 3807 porrexit,
896 3735 1271 3800 cicatricesque
1301 3748 1361 3787 ac
1391 3734 1601 3786 vulnera

80 3834 121 3886 in
146 3849 255 3886 vero
283 3848 509 3902 corpore
546 3840 865 3889 monstrans,
890 3825 1202 3893 discipulum
1246 3839 1399 3877 suum
1427 3824 1494 3876 ab
1524 3824 1604 3874 in-

76 3925 374 3977 credulitatis
415 3921 539 3974 vitio
585 3916 935 3972 liberavitziu
981 3930 1140 3967 carne
1177 3927 1296 3967 eum
1346 3912 1604 3964 Veraciter

77 4014 428 4075 resurrexisse,
460 4026 563 4062 non
591 4008 686 4061 nisi
731 4004 1138 4058 Manichaeorum
1164 4013 1215 4056 et
1245 4014 1416 4055 veSIra
1458 4010 1603 4053 secta

74 4119 162 4155 non
190 4105 290 4159 reci
298 4112 392 4172 p.t.
668 4152 671 4153 ν

620 4184 839 4242 CAPUT
879 4184 1030 4237 LVII.

75 4303 155 4356 Ubi
179 4304 347 4355 dicunt
399 4300 592 4352 Filium
619 4300 667 4351 in
703 4301 852 4367 jussu
879 4304 926 4347 et
954 4309 1071 4346 voce
1102 4290 1422 4361 archangeli,
1465 4299 1510 4343 et
1555 4290 1607 4342 in

399 4366 519 4423 tuba
546 4369 635 4420 Dei
662 4366 723 4420 de
746 4367 863 4418 caelo
894 4367 1266 4425 descensurum.

132 4511 181 4564 Si
210 4511 298 4564 tibi
324 4507 617 4572 objecerint
644 4503 769 4557 illud
800 4501 937 4571 quod
971 4498 1250 4569 Apostolus
1277 4497 1407 4551 dixit
1435 4512 1450 4550 ;
1477 4496 1604 4549 Nam

68 4599 166 4667 ipse
208 4598 460 4651 Dominus
510 4596 560 4672 in
592 4594 743 4662 jussu
791 4590 1109 4657 archangeli,
1143 4596 1196 4641 et
1244 4587 1295 4640 in
1346 4586 1466 4639 tuba
1514 4585 1605 4639 Dei

67 4693 334 4744 descendet
361 4690 431 4743 de
456 4688 591 4741 coelo
625 4683 675 4754 (1
708 4684 879 4736 Thess.
914 4696 983 4747 tv,
1014 4679 1126 4748 15).

133 4780 439 4849 Responsio.-
473 4777 765 4843 {Equumue
815 4772 963 4824 vobis
1007 4772 1210 4824 videtur
1256 4777 1309 4821 ut
1358 4767 1441 4821 cui
1485 4774 1606 4821 ante

68 4875 349 4938 pusionem
384 4872 437 4923 in
469 4882 625 4921 carne
672 4865 842 4917 adhuc
890 4864 1075 4928 posito,
1110 4861 1282 4928 angeli
1328 4859 1603 4911 servitium

66 4962 418 5027 reddiderunt,
444 4959 507 5011 de
531 4957 676 5009 emlis
700 4955 750 5006 in
772 4952 1018 5019 judicium
1042 4951 1278 5012 veniens,
1300 4947 1605 5015 angelorum

66 5054 268 5120 imperio
308 5046 700 5116 compellatur?
732 5042 899 5105 Absit,
929 5041 1044 5109 quia
1076 5040 1281 5107 propria
1316 5036 1485 5103 veniet
1514 5049 1607 5102 po-

68 5151 257 5203 testate,
291 5140 528 5207 utjustis
572 5136 861 5204 praemium,
892 5141 943 5184 et
976 5132 1199 5197 injustis,
1238 5144 1355 5181 cuin
1398 5127 1606 5179 diabolo

64 5248 206 5298 quem
232 5232 583 5286 secutisunt,
616 5225 804 5277 tribuat
834 5234 1085 5274 mternum
1132 5218 1461 5285 supplicium,
1495 5216 1607 5281 ipso

68 5321 110 5370 in
138 5319 423 5387 Evangciio
453 5323 773 5384 protestautc
796 5327 809 5362 :
834 5308 1197 5363 Cumvenerit
1240 5307 1399 5359 Filius
1441 5306 1608 5358 homi-

65 5412 136 5463 nis
162 5409 319 5483 415
348 5410 403 5463 in
436 5407 710 5475 majestate
731 5418 844 5467 sua,
877 5411 999 5454 tunc
1028 5401 1197 5454 tuittet
1228 5396 1441 5465 angelos
1463 5410 1604 5455 suos,

65 5507 110 5553 et
131 5500 376 5567 eolligent
400 5496 465 5549 de
492 5508 652 5563 regno
681 5507 795 5557 epis
815 5490 989 5541 omnia
1020 5488 1286 5549 scandala,
1317 5495 1371 5538 et
1399 5498 1489 5536 eos
1520 5483 1608 5551 qui

65 5598 334 5656 alienatur
367 5586 718 5653 iniquitatem,
740 5594 787 5636 et
814 5580 985 5632 mittet
1005 5591 1097 5631 eos
1128 5578 1178 5629 in
1210 5572 1605 5649 eaminoignis:

67 5678 125 5732 ibi
151 5679 247 5733 erit
274 5680 433 5733 ﬂetus
454 5687 506 5731 et
531 5673 725 5729 stridor
757 5670 986 5743 dentium
1017 5667 1225 5738 (llattlt.
1252 5682 1365 5733 xm,
1398 5664 1510 5733 Η).
1547 5663 1611 5717 Et

1706 3202 1833 3269 siuti
1858 3214 2081 3271 quatuor
2124 3204 2360 3256 seniores
2398 3201 2731 3271 procidentes
2763 3213 2884 3256 ante
2914 3204 3092 3257 sedem
3122 3205 3251 3258 ado-

1706 3300 1954 3345 raverunt
1984 3293 2242 3347 viventem
2288 3295 2341 3345 in
2372 3292 2563 3346 saecula
2593 3292 2905 3345 smculirum
2948 3294 3129 3366 (Apoc.
3162 3308 3213 3345 tv
3240 3330 3257 3355 ,

1710 3380 1816 3447 Η).
1861 3382 1985 3434 Item
2034 3383 2103 3435 ibi
2136 3398 2151 3433 :
2190 3382 2253 3435 Et
2276 3381 2377 3434 vidi
2411 3381 2572 3434 alium
2619 3381 2861 3449 angelum
2905 3383 3167 3435 volantem
3202 3382 3255 3435 in

1708 3471 1881 3524 medio
1930 3470 2104 3535 cmlo,
2153 3472 2429 3525 habentem
2475 3471 2809 3539 Evangeliutn
2860 3480 3152 3536 aeternum,
3202 3481 3259 3525 ut

1706 3563 2089 3630 evangeiizaret
2118 3563 2473 3617 habitantibus
2496 3578 2652 3629 super
2679 3574 2892 3627 terram,
2919 3563 3099 3616 dicens
3125 3580 3256 3619 voco

1708 3665 1927 3718 magna:
1971 3652 2175 3705 Timete
2219 3652 2379 3722 [‘16
2418 3653 2602 3718 Deum,
2635 3662 2687 3704 et
2707 3652 2827 3705 date
2860 3654 2929 3706 illi
2962 3653 3213 3707 honorem
3238 3694 3261 3719 ,

1706 3746 1828 3812 quia
1857 3744 1996 3796 venit
2026 3744 2149 3796 hora
2180 3744 2359 3812 judicii
2406 3745 2519 3812 ejus
2547 3785 2560 3808 ,
2613 3743 2832 3798 adorato
2862 3759 2983 3797 eum
3006 3747 3099 3813 qui
3134 3746 3254 3799 Ioeit

1708 3834 1896 3887 ewluni
1928 3845 1981 3886 et
2021 3844 2211 3887 terram
2235 3874 2249 3897 ,
2308 3849 2451 3888 mare
2489 3843 2543 3891 et
2568 3833 2737 3887 fontes
2766 3848 3016 3901 aquarum
3076 3834 3259 3905 (Apoc.

1707 3940 1815 3983 ιιν,
1838 3924 1910 3991 6).
1940 3924 2003 3976 Et
2027 3926 2074 3975 iu
2092 3926 2292 3991 psalmo
2318 3934 2597 3993 scptuages
2623 3940 2707 3976 mo
2736 3925 2903 3992 primo
2934 3923 3105 3994 (να-δ.
3142 3925 3253 3994 Η).

1711 4013 1775 4064 Et
1802 4013 2092 4065 adorabunt
2132 4027 2251 4064 eum
2276 4025 2458 4065 omnes
2492 4014 2621 4065 lines
2644 4024 2796 4065 terra:
2820 4053 2833 4073 ,
2864 4027 3048 4067 omnes
3069 4024 3259 4081 gentes

1708 4104 1939 4157 servient
1964 4103 2031 4155 ei.
2068 4104 2131 4155 Et
2159 4104 2208 4155 in
2240 4105 2573 4171 sexagesimo
2601 4104 2781 4171 quinto
2815 4103 2987 4171 (Vera.
3017 4102 3101 4172 4):
3135 4106 3261 4157 0m-

1709 4196 1787 4249 nis
1814 4206 1949 4247 terra
1980 4186 2163 4247 adoret
2195 4200 2266 4262 te,
2294 4202 2349 4248 et
2372 4194 2691 4262 psallattlbi.
2727 4193 2791 4246 Et
2824 4194 2875 4248 in
2928 4195 3251 4263 Evangelio:

1710 4284 2022 4341 Invenerunt
2069 4299 2284 4351 puerum
2314 4283 2609 4347 etlilariam
2638 4291 2859 4335 matrem
2885 4284 3031 4349 ejus,
3056 4289 3110 4335 et
3137 4298 3258 4351 pro-

1711 4378 1945 4432 cidentes
1970 4378 2152 4431 adorat
2167 4386 2322 4430 erunt
2345 4391 2463 4430 eum
2485 4374 2695 4445 (Ma'th.
2724 4390 2780 4437 Il,
2807 4374 2914 4442 ll).
2944 4376 3006 4427 Et
3028 4374 3254 4428 Esdras:

1637 4453 1684 4511 Ι)
1711 4470 1784 4521 Tu
1812 4470 2060 4522 D-im‘nus
2093 4471 2229 4523 Deus
2256 4469 2397 4521 solus
2430 4469 2514 4534 qui
2540 4468 2709 4530 iecisti
2742 4465 2952 4530 emlum,
2976 4475 3031 4519 et
3064 4466 3256 4521 caelum

1710 4559 1983 4622 caelorum,
2015 4567 2063 4611 et
2094 4570 2277 4609 omnes
2326 4558 2545 4608 virtutes
2591 4568 2796 4617 eorum,
2821 4562 3113 4621 terram,_et
3139 4568 3259 4622 quae

1710 4650 1763 4703 in
1790 4663 1849 4701 ea
1876 4685 1891 4710 ,
1920 4656 1972 4701 et
1996 4663 2158 4711 mare,
2192 4656 2243 4700 et
2273 4662 2390 4714 qum
2420 4648 2469 4698 iu
2502 4660 2565 4699 eo
2592 4654 2731 4703 sunt,
2760 4654 2813 4697 et
2838 4641 3113 4696 vivitieasti
3142 4655 3256 4693 om-

1710 4741 1815 4805 nia,
1852 4751 1905 4795 et
1930 4740 2150 4792 virtutes
2180 4738 2297 4791 C(Bll
2332 4747 2380 4789 te
2410 4737 2629 4803 adorant
2655 4734 2739 4804 (II
2771 4733 2922 4786 Εειιν.
2954 4748 3025 4797 Ix,
3050 4731 3123 4799 6).
3155 4730 3255 4796 Qui

1709 4830 1847 4884 enim
1876 4829 2121 4880 aduratur
2142 4835 2198 4880 ut
2223 4827 2395 4888 Pater,
2428 4834 2481 4878 et
2500 4823 2679 4877 divino
2704 4822 2997 4875 cumulatur
3021 4818 3243 4882 honore,

1709 4918 1824 4988 quis
1848 4929 1967 4971 cum
1992 4916 2117 4970 dicit
2146 4914 2282 4967 Patri
2324 4913 2585 4982 comquari
2614 4910 2940 4979 nonposse?

2287 5022 2508 5078 CAPUT
2548 5022 2677 5075 ΗΧ.

1890 5116 1984 5169 Ubi
2023 5116 2190 5166 dicunt
2232 5112 2276 5164 F
2281 5112 2423 5165 ilium
2458 5113 2596 5164 Patri
2624 5112 2809 5180 gratias
2835 5113 3076 5165 retulisse.

1782 5208 1834 5261 Si
1864 5216 2035 5260 autem
2070 5208 2159 5261 tibi
2186 5206 2441 5258 dixerint:
2467 5204 2589 5257 Ideo
2618 5205 2786 5255 tniuur
2818 5214 2896 5255 est
2927 5204 3108 5265 Filius,
3132 5204 3253 5270 quia

1710 5302 1823 5365 ipse
1845 5298 1982 5371 Patri
2013 5287 2209 5362 gratias
2230 5298 2402 5364 egisse
2433 5278 2760 5362 perhibetur,
2793 5307 2885 5360 per
2911 5308 3067 5361 quem
3096 5293 3253 5346 disci-

1711 5389 1816 5456 puli
1841 5388 2035 5455 gratias
2068 5388 2378 5440 retulerunt.

1781 5481 2081 5548 Responsio.
2123 5478 2576 5545 Quemadmodum
2610 5475 2771 5528 Filius
2801 5474 2849 5526 in
2881 5472 3132 5541 assu‘mpti
3163 5473 3257 5526 ho-

1713 5570 1868 5624 minis
1892 5570 2056 5622 l’orma
2084 5583 2177 5637 pro
2205 5566 2357 5619 nobis
2379 5570 2574 5634 grat‘as
2604 5566 2733 5632 egit,
2765 5563 2833 5616 ita
2859 5563 3008 5615 Pater
3032 5561 3251 5614 odorem

1714 5660 1831 5713 Filii
1870 5660 1945 5715 sui
1970 5666 2041 5725 et
2079 5671 2187 5711 suae
2231 5654 2430 5717 notitia:
2453 5655 2502 5708 in
2530 5652 2672 5728 omni
2703 5652 2817 5705 loco
2858 5664 2950 5716 per
2984 5647 3254 5715 apostolos
