3856 6222
559 288 654 342 5')!
1870 287 2088 344 YLfIilJi
2125 287 2492 346 TAPSENSIS

3707 292 3810 348 3'33

555 395 898 450 innotescere
922 393 1064 460 fecit,
1090 392 1252 446 Paulo
1276 393 1515 446 dicente:
1542 391 1746 446 Gratias
1765 395 1970 463 agimus
1995 397 2120 462 Deo,
2154 401 2202 460 Α
2229 413 2330 465 quo
2355 397 2612 459 constitit,
2642 397 2832 465 quibus
2861 406 3014 452 terrm
3046 399 3283 467 partibus
3315 400 3485 468 potuit
3515 399 3566 452 in
3608 416 3802 467 regem

552 478 763 548 quinos
790 480 1112 545 triumphare
1143 479 1264 532 facit
1296 483 1346 534 in
1378 479 1609 547 Christo,
1635 489 1688 532 et
1727 482 1946 537 odorem
1979 485 2111 538 noti-

557 571 642 622 tim
669 585 776 623 sua:
809 572 1103 624 manifestat
1128 587 1220 638 per
1247 588 1344 624 nos
1374 573 1424 624 in
1450 575 1591 625 omni
1623 574 1759 638 loco,
1787 575 1906 644 quia
1934 577 2106 629 bonus

551 662 687 714 odor
723 663 918 715 Christi
950 677 1130 715 sumus
1157 665 1207 715 in
1251 663 1330 716 his
1352 667 1441 730 qui
1468 664 1601 717 salvi
1651 665 1813 729 fiunt,
1846 677 1898 720 et
1937 668 1986 718 in
2031 666 2112 718 his

551 755 640 819 qui
665 763 882 820 pereunt
912 753 994 820 (ll
1029 754 1145 807 Cor.
1192 771 1245 815 ιι,
1295 757 1402 822 14).
1445 755 1572 807 Nam
1603 758 1738 823 quod
1769 772 1867 809 una
1897 757 2112 809 eadem-

551 857 652 906 que
679 843 746 893 sit
774 843 937 908 gratia
983 843 1149 894 Patris
1177 855 1228 895 et
1262 843 1401 905 Filii,
1433 860 1523 910 per
1555 858 1708 911 quam
1736 857 1827 895 nos
1856 843 2109 919 liberatos

547 944 668 984 che
691 930 826 982 idem
845 933 1310 998 docetApnstolus,
1333 933 1429 986 hoc
1454 933 1606 985 modo
1631 933 1880 997 insinuat,
1897 933 2107 988 dicens:

546 1021 742 1072 Omnes
766 1022 906 1073 enim
938 1030 1308 1087 peccaverunt,
1341 1032 1390 1074 et
1422 1030 1575 1088 egent
1601 1020 1766 1088 gloria
1794 1022 1921 1084 Dei,
1953 1022 2109 1089 juSIi-

554 1109 690 1160 ticati
719 1111 884 1176 gratis
929 1125 1023 1177 per
1069 1112 1288 1177 gratiam
1321 1109 1513 1174 ipsius,
1546 1125 1639 1176 per
1689 1111 2108 1178 redemptionrm

541 1211 661 1265 qua:
695 1208 775 1251 est
815 1201 865 1250 in
899 1200 1111 1253 Christo
1150 1199 1271 1252 Jcsu
1301 1199 1476 1267 (Rom.
1508 1213 1596 1261 In,
1628 1198 1740 1270 23).
1779 1199 1842 1252 Et
1875 1202 2062 1255 iterum
2090 1218 2114 1256 ξ.

541 1287 597 1341 Si
628 1289 766 1340 enim
800 1289 866 1340 ob
895 1290 1044 1340 unius
1072 1287 1320 1341 delictum
1355 1288 1502 1340 multi
1533 1293 1724 1342 mortui
1758 1299 1911 1353 sunt,
1940 1293 2109 1345 nmlto

542 1378 708 1444 magis
736 1382 896 1445 gratia
945 1378 1056 1439 Dei,
1088 1386 1141 1430 et
1170 1378 1365 1430 donum
1399 1379 1450 1431 in
1492 1380 1662 1448 gratia
1694 1381 1849 1432 unius
1877 1382 2106 1435 hominis

541 1465 664 1518 Jesu
710 1464 900 1516 Christi
948 1466 1126 1517 mu'tis
1155 1467 1451 1519 abundavit
1480 1468 1655 1538 (Rom.
1687 1484 1740 1533 v,
1770 1469 1880 1536 15).
1920 1473 1981 1523 lit
2011 1471 2107 1524 ite-

540 1567 687 1606 rum:
719 1553 1046 1620 Stipendium
1077 1558 1277 1623 peccati
1305 1571 1466 1619 mors,
1492 1560 1655 1626 gratia
1683 1569 1859 1613 autem
1890 1561 1978 1614 Dei
2000 1563 2104 1615 vita

542 1651 739 1696 :rterna
764 1643 814 1695 in
839 1643 1046 1696 Christo
1074 1645 1199 1697 Jesu
1232 1645 1453 1698 Domino
1482 1658 1661 1700 nostro
1689 1649 1859 1715 (Rom.
1888 1663 1960 1710 τι,
1983 1650 2096 1716 25).

2223 486 2467 538 constitui
2495 486 2583 553 qui
2607 487 2764 550 cmio,
2781 497 2955 553 terrm,
2981 489 3187 557 abyssis
3210 489 3522 542 naturaliter
3543 489 3804 542 noscitur

2217 575 2474 629 dominari
2505 577 2528 628 ἳ

2803 645 3025 700 CAPUT
3067 647 3197 701 LXI.

2257 756 2350 809 Ubi
2378 757 2549 808 dieunt
2583 756 2772 816 Filium
2800 760 3092 823 inferiorem
3123 759 3280 812 Patre
3307 779 3412 814 esse
3441 774 3485 816 ei
3515 766 3757 831 polentia

2851 837 2910 879 ει·
2933 844 3135 880 "mura.

2286 938 2338 992 Si
2368 953 2493 992 vero
2521 939 2757 992 dixerint
2783 939 2848 992 de
2880 939 3036 1002 Filio,
3063 942 3154 1008 qui
3183 942 3320 995 sicut
3341 941 3560 996 inferior
3585 954 3678 999 est
3703 962 3798 999 na-

2213 1038 2347 1092 tura,
2377 1029 2444 1080 ita
2477 1029 2693 1081 inferior
2717 1038 2797 1081 est
2820 1037 2872 1081 ct
2899 1030 3153 1096 patentia.

2284 1116 2584 1185 Responsio.
2620 1117 2844 1172 Inferior
2867 1128 3074 1182 natura,
3107 1134 3133 1171 a
3165 1119 3318 1173 Patre
3349 1120 3510 1175 Filius
3539 1136 3656 1175 non
3681 1132 3788 1184 est,

2209 1205 2330 1266 quia
2359 1207 2494 1258 Deus
2525 1206 2591 1260 de
2623 1206 2752 1268 Deo,
2781 1216 2842 1258 ac
2877 1206 3142 1273 perfectus
3170 1208 3232 1259 de
3264 1208 3515 1274 pcifeeto,
3547 1221 3609 1262 et
3642 1223 3788 1263 totus

2207 1295 2274 1351 de
2298 1305 2404 1350 toto
2432 1295 2596 1350 Filius
2627 1306 2778 1349 natus
2820 1305 2921 1360 est,
2952 1312 3057 1350 non
3093 1295 3370 1366 inmqualis
3394 1301 3611 1366 genitus
3643 1316 3672 1352 θ
3703 1304 3780 1368 gi-

2207 1397 2400 1455 gnente
2445 1368 2734 1454 processit,
2761 1385 2852 1439 sed
2881 1387 3166 1454 coaequans
3210 1400 3425 1454 prorsus
3455 1390 3518 1441 de
3547 1399 3781 1456 paterno

2207 1487 2356 1529 utero
2382 1485 2534 1530 natus
2563 1477 2744 1539 exivit,
2769 1487 2822 1529 ut
2852 1485 2905 1530 et
2937 1486 3170 1542 paterna:
3197 1480 3515 1546 arqualitatis
3537 1481 3779 1546 plenitu-

2206 1565 2379 1620 dinem
2415 1567 2726 1633 possideret,
2753 1577 2807 1621 et
2829 1568 3166 1622 nihdominus
3187 1573 3253 1621 ab
3267 1571 3637 1638 omnipotente
3659 1589 3778 1624 om-

2206 1657 2558 1725 nipotentiam
2604 1660 2888 1722 obtineret,
2915 1662 3154 1725 apostolo
3190 1661 3354 1716 Paulo
3401 1674 3775 1731 protestante:

542 1734 608 1786 Et
631 1735 851 1787 iterum:
897 1736 1055 1788 Mis-«r
1076 1749 1174 1803 ego
1204 1737 1383 1802 homo,
1413 1737 1531 1804 quis
1558 1753 1642 1791 me
1666 1737 1824 1807 417
1852 1739 2106 1793 liberabit
2136 1741 2180 1800 Β
2210 1750 2304 1816 Qui
2330 1765 2448 1803 cum
2483 1751 2533 1803 in
2565 1751 2729 1805 forma
2767 1753 2859 1807 Dei
2910 1767 3050 1806 esset
3079 1757 3398 1830 constitutus
3420 1798 3435 1820 ,
3459 1795 3462 1798 λ
3487 1773 3602 1812 non
3632 1764 3773 1828 rapi-

539 1823 606 1875 de
627 1837 657 1876 c
681 1838 852 1890 srpore
878 1824 1064 1875 mortis
1094 1823 1289 1889 hujus?
1320 1823 1496 1880 Gratia
1515 1825 1601 1878 Dei
1634 1840 1728 1892 per
1749 1827 1926 1879 Jesum
1955 1828 2103 1882 Chri-

2206 1854 2325 1892 nam
2356 1840 2640 1893 arbitratus
2671 1851 2750 1894 est
2776 1856 2894 1896 esse
2923 1857 2982 1896 se
3004 1846 3256 1914 aequalem
3289 1849 3413 1912 Deo,
3446 1850 3535 1903 sed
3567 1843 3782 1903 semet?

538 1921 679 1965 stum
711 1912 986 1964 Dominum
1021 1920 1257 1965 nostrum
1284 1911 1460 1981 (Rom.
1491 1930 1578 1979 vn,
1610 1914 1702 1981 ει,
1735 1916 1851 1983 23).
1883 1916 2013 1970 Nam
2046 1927 2104 1971 et

540 1986 712 2067 Patri,
744 2011 969 2068 excepto
1018 2003 1229 2056 nomine
1262 2003 1402 2064 Filii,
1447 2004 1691 2072 discipuli
1730 2021 2101 2072 smpenumero

541 2091 735 2158 gratias
756 2089 1062 2142 retulerunt.
1092 2091 1144 2144 Si
1172 2093 1599 2160 prosecutionem
1634 2107 1868 2148 nostram
1895 2112 1920 2147 a
1947 2099 2100 2153 nobis

538 2179 781 2247 superius
808 2194 902 2248 pro
947 2179 1044 2232 hac
1078 2194 1134 2232 re
1163 2182 1420 2247 prolatam
1452 2186 1788 2240 considerare
1818 2188 2050 2241 Volueris
2080 2227 2095 2252 ,

537 2271 655 2323 sine
680 2265 854 2338 aliqua
883 2257 1218 2337 ambiguitate
1247 2285 1524 2338 agnosces.

1129 2381 1350 2434 CAPUT
1391 2382 1500 2436 LX.

714 2469 810 2523 Ubi
838 2470 1009 2522 dicunt
1060 2468 1249 2523 Filium
1279 2472 1329 2523 in
1364 2473 1489 2552 Sion
1522 2483 1683 2526 monte
1707 2492 1737 2526 a
1767 2475 1921 2531 Patre

1043 2555 1213 2608 regem
1251 2553 1597 2595 constitutum.

2205 1932 2372 1998 ipsum
2405 1933 2718 1997 exinanivit,
2775 1933 2997 1986 formam
3048 1938 3189 1989 servi
3236 1940 3501 2004 accipiens
3530 1939 3754 2006 (Phi/En.

2203 2035 2263 2084 ιι,
2292 2020 2368 2089 ti).
2403 2020 2530 2073 Nam
2564 2030 2616 2074 et
2645 2023 3064 2088 omnipotentem
3097 2041 3214 2079 eum
3243 2041 3362 2080 esse
3387 2038 3442 2081 ut
3477 2030 3633 2082 Pater
3664 2039 3764 2090 cst,

2202 2125 2302 2163 non
2333 2112 2574 2167 humana:
2601 2115 2870 2180 sapientia:
2899 2115 3094 2177 verbis,
3128 2117 3219 2169 sed
3250 2118 3439 2171 divinis
3463 2122 3748 2171 astruimus

2201 2204 2561 2267 documentis,
2610 2203 2868 2256 Zacharia
2902 2205 3156 2274 prepheta
3197 2197 3442 2261 dicente}
3484 2209 3610 2261 llmc
3641 2211 3764 2261 dicit

2201 2292 2424 2349 Domina
2506 2293 2879 2360 omnipotens:
2928 2295 3051 2348 Pest
3099 2284 3356 2350 honorent
3409 2300 3550 2351 misit
3585 2316 3670 2352 me
3695 2301 3755 2351 ad

2198 2391 2379 2449 gentes
2412 2387 2527 2447 (μαι
2558 2397 2649 2435 vos
2665 2386 3050 2450 prmdaverunt,
3094 2387 3340 2453 quoniam
3358 2389 3445 2456 qui
3477 2390 3646 2457 tangit
3671 2406 3758 2444 ros

2139 2487 2146 2494 ·
2199 2472 2334 2522 sicut
2377 2472 2464 2537 qui
2504 2473 2668 2540 tangit
2708 2474 2955 2542 pupillam
2987 2475 3123 2528 oculi
3156 2476 3313 2544 ejus:
3346 2482 3592 2545 quoniam
3631 2495 3752 2534 ecce

2197 2572 2294 2624 ego
2324 2558 2500 2627 injicio
2550 2577 2761 2615 manum
2793 2577 2955 2631 super
2985 2579 3078 2617 eos
3117 2567 3201 2634 qui
3237 2567 3606 2635 prmdavetunt
3634 2586 3753 2632 vos.

2198 2660 2252 2703 et
2275 2660 2431 2704 erunt
2462 2651 2512 2704 in
2557 2652 2792 2719 praedam
2825 2656 2911 2721 qui
2943 2655 3314 2721 prardaverunt
3344 2660 3465 2732 vos;
3496 2669 3548 2711 et
3591 2665 3756 2713 scient

2194 2738 2312 2806 quia
2348 2739 2598 2792 Dominus
2630 2741 2766 2810 Deus
2796 2745 3136 2812 omnipotens
3168 2747 3312 2800 misit
3343 2764 3427 2802 me
3458 2749 3643 2820 (Zach.
3679 2765 3711 2800 ιι
3737 2788 3751 2812 ,

2192 2827 2250 2895 .8)
2315 2826 2450 2881 Ecce
2475 2829 2543 2881 ab
2578 2830 2945 2898 omnipotente
2977 2836 3310 2902 omnipotens
3342 2840 3585 2891 mittitur.
3628 2840 3752 2903 Qua:

602 2646 658 2702 Si
706 2647 797 2700 tibi
843 2650 1187 2715 opposuerint
1230 2651 1367 2717 quod
1427 2666 1521 2729 per
1578 2655 1884 2722 prophetam
1929 2656 2093 2710 Filius

533 2735 765 2792 dixerit:
802 2739 910 2808 Ego
936 2750 1109 2792 autem
1138 2742 1460 2795 constitutus
1485 2759 1600 2798 sum
1628 2760 1719 2799 rex
1751 2748 1814 2800 ab
1843 2761 1908 2802 eo
1932 2763 2094 2816 super

531 2827 657 2904 Sion
689 2836 920 2881 montem
951 2839 1191 2882 sanctum
1220 2833 1334 2898 ejus
1359 2824 1529 2901 (Prol.
1562 2849 1620 2899 ιι,
1662 2835 1742 2904 6).

2193 2915 2330 2969 intra
2361 2918 2652 2972 mittentem
2672 2929 2726 2973 et
2755 2921 2974 2974 missum
3008 2923 3334 2992 inzequalitas
3355 2927 3749 2993 comprobatur?

599 2902 896 2984 Responsio.
932 2915 1098 2970 Filius
1127 2920 1180 2971 in
1211 2920 1310 2973 hoc
1341 2923 1479 2989 quod
1532 2902 1753 2978 Verbum
1783 2925 1955 2994 Patris
1982 2935 2085 2993 est,

524 3015 578 3058 et
610 3007 750 3059 Deus
779 3023 1000 3061 manens
1027 3009 1077 3061 in
1109 3009 1216 3062 Deo
1248 3020 1354 3072 est,
1404 3016 1712 3068 naturaliter
1756 3032 1874 3068 cum
1933 3017 2088 3071 Patre
2118 3079 2160 3101 ﬁ
2193 3003 2298 3059 seu
2346 3006 2391 3059 εί
2439 3006 2553 3060 “ire
2578 3008 3031 3080 inSiPiemiiﬁluﬁ
3071 3013 3244 3068 adhuc
3273 3029 3433 3082 Parva
3474 3017 3746 3078 νίάεηιυτν

526 3097 674 3164 regni
706 3098 908 3150 obtinet
937 3097 1298 3152 dominatum:
1335 3101 1386 3152 In
1429 3117 1493 3154 eo
1521 3118 1647 3155 vero
1677 3106 1813 3171 quod
1856 3105 2083 3184 verbum

2198 3099 2621 3164 unmipotentiam
2663 3099 2776 3167 ejus
2820 3103 2905 3169 qui
2938 3102 3129 3156 missus
3167 3113 3341 3158 estex
3383 3107 3744 3175 subsequenti-

524 3201 652 3239 caro
682 3192 873 3241 factum
896 3196 984 3241 est
1013 3199 1063 3241 et
1082 3178 1351 3242 habitavit
1375 3190 1426 3243 in
1455 3193 1627 3258 nobis,
1657 3206 1710 3246 et
1733 3178 1914 3264 regem
1937 3197 2084 3266 illum

2198 3186 2288 3241 hus
2311 3188 2454 3242 disce
2475 3229 2488 3253 ,
2519 3205 2636 3258 quae
2672 3205 2812 3244 nunc
2841 3191 2970 3245 mihi
3011 3192 3205 3246 videris
3234 3194 3499 3262 ignorare,
3530 3200 3740 3264 Apoca-

530 3278 750 3347 legimus
777 3282 1118 3334 constitutum
1137 3324 1150 3344 ,
1198 3291 1247 3334 et
1278 3283 1434 3349 paulo
1463 3284 1636 3337 minus
1663 3285 1729 3338 ab
1753 3288 1957 3356 angelis
1988 3291 2085 3344 mi-

2198 3277 2321 3344 lypsi
2369 3278 2605 3332 dicente:
2637 3279 2746 3346 Ego
2779 3302 2812 3334 α
2838 3293 2956 3334 sum
2984 3288 3037 3334 et
3065 3303 3103 3333 ω
3124 3324 3138 3348 ,
3184 3282 3314 3336 dicit
3362 3283 3612 3339 Dominus
3654 3285 3738 3354 qui

522 3378 790 3432 noratum,
808 3369 1082 3420 Psalmista
1111 3370 1504 3436 dicentezQuid
1531 3383 1609 3426 est
1633 3373 1790 3428 homo
1808 3378 1948 3445 quod
1974 3394 2080 3432 mc-

2198 3377 2320 3430 erat,
2347 3375 2398 3419 et
2439 3367 2654 3434 quiest,
2688 3377 2742 3422 et
2786 3368 2949 3439 419
2978 3369 3065 3438 qui
3085 3381 3344 3446 venturus
3370 3384 3452 3426 est
3496 3374 3734 3443 omnipo-

525 3473 635 3519 rnor
663 3471 723 3510 es
751 3457 885 3526 ejus,
909 3469 996 3510 aut
1022 3457 1183 3512 Filius
1217 3460 1444 3515 hominis
1469 3465 1717 3530 quoniam
1743 3466 1923 3520 visitas
1937 3469 2084 3522 eum?

2198 3465 2303 3510 Lens
2330 3457 2514 3524 (Apoc.
2545 3473 2580 3520 ι,
2615 3459 2690 3525 8).
2728 3458 2792 3511 Et
2817 3460 3043 3513 Davidin
3062 3459 3321 3515 Psalmis:
3353 3459 3507 3517 Posui
3531 3464 3734 3532 adjuto-

529 3551 748 3614 Munisti
779 3550 933 3618 paulo
965 3551 1136 3603 minus
1160 3552 1226 3604 ab
1245 3553 1466 3620 angelis,
1494 3555 1659 3620 gloria
1688 3566 1737 3609 et
1764 3557 1964 3613 honore
1992 3575 2082 3614 co-

2198 3543 2318 3597 'ium
2366 3561 2525 3613 super
2559 3546 3036 3616 potentem'(Psal.
3084 3563 3352 3619 LxxxVItt,
3381 3551 3497 3618 20).
3541 3553 3606 3610 Et
3638 3553 3732 3606 ie-

519 3640 712 3715 ranssti
741 3653 880 3700 eum,
898 3651 948 3693 et
974 3642 1292 3694 constituisti
1316 3658 1436 3696 eum
1463 3659 1622 3712 super
1647 3662 1804 3715 opera
1830 3665 2076 3705 manuum

2198 3649 2333 3687 'um:
2369 3636 2560 3707 Potens
2595 3650 2674 3698 es,
2711 3636 2949 3700 Domine,
2981 3647 3037 3690 et
3065 3637 3258 3692 veritas
3289 3649 3372 3692 tua
3419 3639 3470 3692 in
3515 3639 3727 3694 circuitu

523 3707 721 3782 iunium
763 3726 933 3794 (Prol.
965 3744 1074 3793 vnt,
1099 3731 1148 3793 5,
1179 3732 1258 3797 7).
1290 3732 1343 3785 Si
1374 3707 1696 3787 enim-reeto-
1717 3737 2078 3806 intelligentia:

2198 3741 2271 3774 .uo
2313 3724 2496 3796 (Ιὺὶιι.,
2543 3724 2620 3796 9).
2671 3725 2851 3794 Itaque
2906 3741 3045 3780 nunc
3083 3729 3362 3793 Convenit,
3397 3737 3454 3780 ut
3485 3738 3722 3792 tanquam

522 3831 678 3870 sensu
710 3817 1041 3882 evangelicas
1078 3818 1377 3886 Scripturas
1407 3825 1680 3886 scruleris,
1716 3825 1952 3879 invenies
1983 3827 2074 3881 Fi-

2198 3828 2371 3866 iravus
2394 3813 2577 3867 doctor
2600 3817 2844 3883 ostendas
2866 3830 2981 3882 qua:
2999 3816 3048 3869 in
3077 3819 3461 3885 omnipotentia
3485 3818 3653 3899 Patris
3674 3825 3723 3870 et

521 3889 650 3961 ltum
675 3917 701 3955 a
733 3904 884 3959 Patre
918 3921 1094 3974 regem
1111 3911 1568 3963 nonconstitutum
1583 3928 1722 3974 esse,
1748 3911 1838 3967 Sed
1865 3917 2071 3981 natum,
2179 3899 2298 3954 Filii
2330 3905 2495 3970 P055il
2515 3918 2635 3957 esse
2663 3903 2935 3957 ἀίδιδίηίόο

525 3994 848 4069 Ξκιξιηςειὶειιι
875 3999 1113 4051 dicente:
1147 3999 1276 4052 Cum
1305 4015 1431 4068 ergo
1476 4012 1627 4055 natus
1656 4014 1797 4058 esset
1835 4005 1988 4059 .lcsus
2021 4008 2070 4060 in

2752 4012 2971 4069 C\PUT
3010 4014 3166 4068 LXIV.

519 4065 779 4141 Bethlem"
834 4089 1002 4151 J'Mm'
1035 4091 1100 4195 'i"
1159 4091 1371 4195 θίγίίηίθ
1427 4092 1608 4195 [ξξηίδι
1655 4107 1787 4195 eo“:
1813 4098 1954 4195 _m"3i
2004 4098 2070 4150 ab
2249 4118 2345 4173 Ubi
2374 4121 2591 4174 dicunt:
2614 4123 2842 4176 Jubautis
2873 4126 3160 4192 etfaciem}:
3187 4135 3404 4195 potestas
3430 4143 3532 4179 una
3562 4141 3656 4179 non

517 4179 723 4235 Oriente
751 4189 1006 4232 venerunt
1025 4180 1406 4249 Jerusolymam
1432 4183 1696 4236 dicentes:
1731 4184 1824 4238 Ubi
1854 4196 1956 4251 est,
1982 4189 2066 4256 qui
2793 4179 2952 4260 potesi
2982 4211 3103 4248 esse.

507 4266 662 4342 adius
689 4277 769 4320 est
797 4284 883 4321 rex
926 4269 1229 4322 Jndzenrum
1261 4270 1472 4338 (Matth.
1498 4289 1554 4336 ιι,
1580 4275 1631 4338 1,
1659 4274 1749 4342 9)?
1778 4276 1986 4329 Etcum
2018 4279 2064 4330 ei

514 4341 710 4433 pilatus
730 4355 956 4410 diceret:
987 4357 1062 4410 Tu
1087 4373 1145 4411 es
1170 4373 1261 4412 rex
1286 4358 1626 4414 Judaeorum?
1651 4363 2059 4433 Rcsponditilli:

515 4441 563 4503 in
593 4426 692 4508 Ῐιοε
708 4461 859 4503 natus
882 4468 1017 4504 sum.
1036 4453 1121 4515 Et,
1147 4455 1381 4521 Regnum
1413 4471 1586 4509 mcqu
1606 4460 1645 4510 si
1671 4459 1735 4511 de
1753 4459 1851 4512 hoc
1869 4462 2065 4514 mundo

518 4545 676 4606 esset,
708 4541 930 4593 ministri
972 4543 1070 4594 mei
1101 4552 1366 4597 certarent
1394 4561 1485 4612 pro
1517 4559 1620 4612 me,
1653 4564 1719 4600 ne
1740 4548 1938 4602 Judaeis
1965 4558 2069 4604 tra-

511 4622 662 4680 derer
691 4628 864 4697 (Joau.
908 4647 1053 4694 xvnt,
1087 4631 1172 4696 36,
1198 4634 1310 4700 57).
1343 4635 1468 4687 Nam
1491 4677 1506 4701 ,
1539 4639 1675 4690 sicut
1700 4653 1794 4691 vos
1818 4641 2067 4693 concedi-

515 4707 613 4770 tis.
654 4726 774 4774 tunc
816 4720 980 4774 Filius
1010 4726 1057 4774 in
1087 4731 1257 4777 morte
1289 4728 1433 4792 regni
1464 4728 1685 4792 adeptus
1726 4741 1806 4783 est
1838 4741 2068 4797 potesta-

519 4819 640 4867 ζειτζ
670 4825 795 4879 ergo
822 4824 1097 4882 antequam
1162 4831 1253 4869 rex
1290 4818 1475 4873 fuisset
1503 4837 1528 4872 a
1566 4824 1718 4877 Patre
1752 4825 1913 4880 Filius
1937 4843 2067 4883 con-

520 4886 746 4962 sliiuius,
781 4903 984 4955 nullam
1028 4906 1077 4957 in
1111 4906 1226 4958 sinu
1279 4907 1884 4987 Patrisccommunionis
1911 4921 2057 4985 regni

512 4979 683 5048 habuit
710 4990 1035 5059 dign'tatem.
1089 4995 1144 5048 Si
1197 4997 1262 5047 ita
1314 5010 1423 5060 est,
1457 4979 1902 5066 quemadmodum
1938 4979 2060 5074 pio-

508 5085 656 5154 ,c'neta
681 5096 854 5148 regem
881 5083 1159 5137 illumante
1182 5087 1371 5139 srecula
1403 5089 1563 5150 fuisse
1589 5090 1880 5158 signiﬁcat,
1901 5110 2059 5160 quem

505 5161 751 5226 saltemin
779 5169 955 5223 medio
973 5180 1125 5225 terra:
1152 5171 1313 5242 418
1330 5164 1674 5243 operaturum
1692 5194 1812 5234 esse
1835 5183 1883 5233 in
1897 5199 2058 5238 carne

499 5273 731 5328 pmsaga
778 5262 1151 5318 Vaticinatione
1189 5269 1532 5333 pronuntiat:
1571 5272 1707 5324 Deus
1737 5284 1912 5326 autem
1963 5291 2054 5330 rex

496 5337 698 5411 noster,
743 5350 928 5417 inquit,
959 5362 1208 5422 operatus
1238 5367 1318 5408 est
1357 5358 1583 5435 salutem
1617 5360 1667 5412 in
1699 5362 1872 5414 medio
1901 5373 2055 5419 terrae

508 5437 669 5496 (Prat.
712 5457 894 5506 tum,
917 5444 1036 5512 12)?
1064 5445 1160 5499 liic
1186 5447 1325 5499 enim
1357 5461 1382 5499 a
1412 5448 1520 5502 Deo
1549 5448 1704 5504 Patre
1728 5466 1819 5504 rex
1852 5455 2056 5507 consti-

496 5539 636 5586 tutus
664 5541 774 5597 est,
802 5535 888 5601 qui
919 5549 1036 5586 cum
1066 5537 1201 5595 Deus
1252 5547 1417 5603 esset,
1452 5539 1610 5594 homo
1663 5556 1755 5610 pro
1801 5545 1954 5598 no‘bis
1982 5560 2048 5600 ex

499 5618 707 5690 Virgine
739 5627 877 5680 nasci
924 5628 1163 5695 dignatus
1193 5640 1303 5686 est:
1337 5645 1454 5684 nam
1487 5632 1573 5698 qui
1605 5645 1722 5685 cum
1752 5633 1908 5689 Patre
1937 5635 2050 5692 ubi-

2242 4300 2296 4353 Si
2321 4309 2494 4354 autem
2531 4301 2618 4355 tibi
2642 4303 2795 4356 solita
2815 4305 3042 4357 vanitate
3065 4305 3297 4360 dixerint
3324 4307 3532 4360 Patrem
3561 4316 3610 4361 et
3637 4307 3712 4360 Fi-

2172 4390 2296 4442 lium
2332 4406 2488 4442 unum
2517 4405 2635 4444 esse
2661 4407 2763 4444 non
2795 4406 2945 4460 posse
2967 4435 2980 4459 ,
3006 4395 3128 4464 quia
3148 4393 3381 4463 jubentis
3401 4405 3455 4450 et
3489 4396 3714 4450 facientis

2181 4490 2411 4548 potestas
2433 4495 2532 4532 una
2561 4495 2662 4534 non
2693 4491 2866 4549 potest
2891 4497 3027 4536 esse.

2252 4566 2545 4633 Responsio.
2571 4568 2845 4637 Nungxam
2877 4573 3033 4637 plane
3060 4585 3156 4624 nos
3173 4571 3351 4641 aliqua
3377 4569 3568 4627 divina:
3581 4572 3711 4627 Scri-

2180 4665 2344 4719 pturm
2382 4656 2499 4710 loco
2530 4657 2748 4726 legimus
2780 4661 2983 4714 Patrem
3026 4661 3220 4715 dixisse
3252 4662 3419 4716 Filio:
3452 4662 3556 4716 Fac
3582 4661 3704 4731 quod

2178 4747 2268 4798 tibi
2288 4747 2445 4814 jubeo
2466 4749 2544 4802 vel
2574 4750 2908 4818 pr:L-cipio,ut
2923 4751 3157 4818 juh’entis
3169 4752 3535 4806 auctoritatem
3549 4763 3710 4805 osten-

2177 4835 2356 4889 deret:
2388 4838 2467 4888 vel
2509 4837 2698 4890 Filium
2732 4840 3104 4906 respondisse:
3141 4838 3319 4904 Facio,
3356 4849 3411 4890 ut
3444 4841 3705 4907 obtempe-

2165 4926 2333 4978 rantis
2353 4927 2433 4977 νει
2467 4925 2702 4979 facientis
2716 4942 2990 4994 personam
3009 4927 3353 4981 nihilominus
3380 4926 3685 4996 approbaret

2166 5012 2266 5067 Sed
2290 5016 2537 5081 quoniam
2552 5019 2748 5084 szepius
2770 5019 2865 5071 ista
2886 5020 3233 5086 proponendo
3259 5020 3436 5072 minus
3465 5019 3696 5101 puqu

2165 5107 2552 5171 cognoscimus,
2597 5122 2712 5174 qua:
2765 5123 2860 5160 nos
2895 5108 3001 5174 jam
3059 5109 3301 5172 superius
3355 5109 3423 5160 de
3452 5119 3689 5164 coturnum

2163 5204 2323 5258 opera
2356 5192 2525 5245 Patris
2547 5203 2598 5246 et
2620 5194 2734 5255 Filii
2775 5211 2878 5248 non
2912 5210 3070 5263 pauca
3111 5196 3312 5248 dixisse
3342 5197 3692 5247 meminimus

2163 5296 2224 5335 ea
2255 5298 2393 5337 nunc
2415 5284 2602 5337 iterum
2627 5285 2836 5339 insulsis
2854 5287 3115 5340 menibus
3138 5287 3241 5342 tuis
3275 5287 3518 5355 cogimur
3554 5267 3694 5345 ιηβιιῖσ

2159 5387 2303 5436 care,
2334 5357 2452 5443 qua:
2499 5378 2645 5443 quasi
2694 5378 2915 5444 sapienti
2958 5377 3358 5430 crcdideramus
3379 5369 3702 5440 scinelditia

2160 5477 2316 5531 posse
2359 5463 2640 5518 sufficere:
2683 5458 2932 5519 Ausculta
2984 5467 3164 5535 igitur,
3197 5476 3247 5520 et
3276 5481 3542 5534 agnosces
3583 5482 3693 5537 quo-

2158 5550 2296 5604 niam
2327 5565 2459 5619 opus
2485 5551 2673 5618 Patris,
2717 5563 2796 5608 est
2829 5555 2941 5607 Fitii
2962 5595 2977 5618 ,
3007 5544 3125 5623 quia
3158 5570 3328 5623 neque
3357 5554 3568 5610 Patrem
3590 5556 3697 5609 sint

2158 5637 2312 5708 Filio,
2365 5654 2534 5709 neque
2580 5641 2770 5697 Filium
2821 5642 2936 5698 sine
2969 5642 3121 5698 Patre
3168 5645 3454 5712 quidquam
3490 5643 3694 5714 legi“
