3856 6222
73 369 183 422 3'35
1287 360 1556 415 CONTRA
1599 357 1999 416 VARIMADUM
2038 356 2168 412 LIB.
2211 355 2249 410 Ι.

70 486 411 546 apemtum;
442 478 559 545 ipso
589 476 644 529 in
668 474 949 542 Evangelio
973 480 1323 543 protestante:
1354 472 1506 526 Pater
1522 486 1670 526 meus
1698 478 1746 536 Α
1771 469 1902 523 dixit
1929 470 1994 522 ad
2024 483 2134 529 me.
2167 467 2328 522 Filius
2359 479 2509 520 meus
2559 477 2616 517 es
2649 471 2722 528 tu,
2748 475 2846 530 ego
2881 458 3038 513 hodie
3091 461 3247 526 genui
3279 471 3333 514 te

72 581 261 635 usque
295 567 466 620 modo
491 570 763 632 operatur,
794 572 848 615 et
874 577 969 628 ego
995 575 1188 630 operor
1213 559 1394 629 (Joan.
1439 575 1472 611 v
1493 600 1507 623 ,
1555 560 1665 629 l7).
1774 557 1942 628 (Psal.
1973 574 2044 624 ιι,
2069 557 2147 627 7).
2196 560 2260 613 Et
2303 562 2376 612 in.
2402 554 2720 625 Evan'gelio,
2760 553 2884 609 dum
2915 552 3052 607 idem
3086 549 3248 604 Filius
3275 552 3333 604 in

71 655 157 714 Et.
195 655 380 709 Pater
409 653 460 706 in
485 665 570 705 me
596 664 816 703 manens
839 648 963 702 facit
990 662 1148 716 opera
1201 647 1378 718 (Joan.
1422 661 1530 712 xiv,
1557 644 1666 716 IO).
1772 644 2008 700 Jordane
2051 646 2437 713 baptizaretur,
2468 661 2568 698 vox
2602 645 2774 698 Patris
2822 641 3054 708 intonuit
3096 640 3324 696 dicens:

75 743 170 807 Et,
197 741 266 798 Si
303 741 439 797 mihi
468 755 574 794 non
601 738 762 792 vultis
781 723 1019 804 credere,
1047 736 1130 792 vel
1157 736 1401 803 cperibus
1430 733 1628 788 credite
1650 774 1665 796 .
1775 734 1873 788 IIic
1894 743 1974 788 est
2004 733 2169 787 Filius
2199 748 2348 788 meus
2378 734 2773 798 dilectissimus,
2814 733 2865 788 in
2896 745 3002 802 quo
3027 731 3165 789 bene
3186 730 3358 799 com-’

73 845 133 885 ut
165 829 499 902 agnoscatis
523 827 646 897 quia
686 841 781 896 ego
805 827 856 879 in
887 826 1072 889 Patre,
1114 834 1168 878 et
1209 824 1364 878 Pater
1388 822 1440 876 in
1468 836 1553 877 me
1589 830 1671 876 est
1779 825 1953 893 placui
1983 822 2134 890 (Luc.
2175 836 2254 888 tn,
2283 821 2400 892 22).
2444 822 2510 875 Et
2538 823 2589 875 in
2613 832 2791 877 monte
2821 810 2990 878 tribus
3026 818 3335 888 discipulis:

77 922 276 992 (Joan.
307 939 367 987 ι,
395 920 509 989 '58).
544 919 630 985 Et,
663 917 773 987 Ego
804 925 857 970 et
888 914 1118 970 Paterad
1150 929 1269 968 eum
1298 911 1595 976 veniemus,
1617 917 1672 963 et
1730 911 1732 913 ’
1773 913 1870 967 Hic
1911 920 1995 968 est
2045 909 2214 965 Filius
2266 923 2416 965 meus
2459 909 2876 978 dilectissimus,
2932 911 3102 980 ipsum
3154 908 3337 964 audite
3390 939 3393 942 ν

76 1014 447 1066 mansionem
475 1008 614 1077 apud
655 1021 774 1061 eum
805 1005 1058 1059 faciemus
1089 1002 1266 1074 (Joan.
1298 1017 1406 1069 xlv,
1429 1001 1545 1070 2'5).
1574 999 1635 1053 Et
1654 1038 1670 1064 ,

78 1106 396 1161 Faciamus
445 1103 712 1156 hominem
744 1099 808 1152 ad
848 1097 1128 1166 imaginem
1175 1107 1230 1149 et
1269 1091 1670 1148 similitudinem

77 1203 351 1246 nostram
404 1188 559 1255 (Gen.
592 1204 642 1251 ι,
664 1187 775 1257 26).
813 1187 895 1248 Et,
930 1174 1344 1246 Descendamus,
1366 1189 1420 1236 et
1448 1179 1672 1234 confun-

77 1282 294 1334 damus
345 1279 556 1347 linguas
595 1291 780 1330 eorum
809 1273 961 1345 (Gen.
985 1288 1054 1336 ιι,
1083 1271 1158 1341 7).
1189 1271 1317 1325 Cum
1342 1283 1408 1323 ex
1435 1270 1535 1322 hoc
1565 1283 1669 1320 non

81 1386 202 1424 nest
226 1369 324 1422 ias
356 1381 518 1420 unum
555 1380 686 1433 opus
713 1376 834 1418 esse
856 1362 1027 1417 Patris
1054 1370 1108 1415 et
1134 1358 1290 1424 Filii,
1317 1372 1411 1411 cur
1438 1355 1552 1424 ipse
1574 1355 1674 1409 Pa-

82 1472 233 1513 trem
258 1454 409 1511 Filio
431 1457 706 1525 iubentem
736 1455 927 1510 astruis
945 1493 960 1519 ,
987 1464 1040 1507 et
1065 1451 1254 1506 Filium
1286 1449 1564 1504 facientem
1591 1446 1672 1500 vel

86 1547 452 1602 obedientem
471 1543 737 1602 ostendis!

1774 1105 1905 1145 voce
1923 1098 2231 1154 testantem,
2253 1077 2378 1144 audi
2405 1088 2595 1144 Filium
2624 1088 2914 1143 nativitatis
2929 1103 3041 1143 sua:
3058 1089 3338 1157 originem,

1775 1181 1917 1236 unde
1939 1181 2019 1236 vel
2048 1195 2117 1237 ex
2149 1195 2254 1250 quo
2279 1178 2624 1235 inenarrabili
2656 1186 2777 1232 ortu
2804 1179 2895 1245 sit,
2921 1176 3335 1233 demonstrasse.

1778 1272 1971 1326 Desine
1990 1271 2252 1342 iacturam
2267 1270 2475 1337 dicere,
2504 1269 2767 1324 crelorum
2796 1281 2860 1324 ac
2887 1266 3092 1332 mundi,
3122 1275 3177 1323 et
3195 1280 3340 1321 crea-
3420 1254 3424 1258 ’

1778 1370 2011 1416 terarum
2034 1361 2271 1417 omnium
2301 1360 2655 1416 conditorem.

2325 1472 2560 1560 parur
2620 1471 2779 1527 va.

3237 345 3333 398 3N
3430 376 3433 377 ν

1775 1001 1983 1072 (Matth.
2009 1016 2139 1068 xvtt,
2163 1000 2241 1071 5).
2271 999 2413 1055 Audi
2441 999 2651 1054 Patrem
2673 999 2739 1053 de
2761 1015 2819 1054 se
2855 999 3102 1068 genuisse
3126 998 3338 1067 propria
3426 1046 3429 1048 _

673 1650 895 1706 CAPUT
935 1647 1114 1702 LXIII.

209 1755 326 1809 Ubi
350 1754 524 1806 dicunt
567 1749 759 1803 Filium
805 1747 952 1800 Patri
981 1761 1081 1800 non
1112 1760 1218 1799 esse
1246 1753 1570 1798 cowternum.

1783 1585 1877 1640 Ub:
1905 1588 2076 1640 dicunt
2106 1601 2124 1638 :
2143 1585 2292 1640 Sicut
2325 1584 2480 1650 Pater
2499 1584 2645 1637 habet
2683 1584 2835 1636 vitam
2882 1583 2934 1634 in
2963 1581 3248 1648 semetipso,
3277 1579 3350 1631 i'a

1979 1665 2027 1709 et
2050 1653 2195 1709 Filio
2218 1654 2351 1706 dedit
2381 1656 2534 1708 vitam
2572 1653 2755 1707 habere
2781 1655 2834 1705 in
2857 1652 3146 1720 semetipso.
3259 1674 3261 1676 ·

1851 1760 1906 1816 Si
1935 1759 2030 1815 tibi
2067 1760 2414 1829 opposuerint
2437 1758 2577 1828 quod
2612 1758 2780 1813 Filius
2806 1758 3002 1812 dixerit
3033 1757 3228 1811 :-Sicut
3257 1761 3267 1806 t
3294 1776 3348 1813 a-

166 1852 353 1922 520
379 1850 438 1905 Si
466 1849 560 1902 tibi
599 1845 849 1910 dixerint,
891 1844 1022 1911 Quia
1067 1852 1298 1898 alemus
1351 1855 1455 1894 non
1485 1837 1678 1916 dicilul‘
1710 1834 1755 1894 Β
1782 1846 1869 1901 bet
1894 1847 2050 1902 Pater
2077 1849 2259 1902 vitam
2281 1847 2333 1901 in
2381 1847 2689 1915 semetipso,
2721 1846 2799 1900 sic
2825 1844 2970 1900 dedit
3018 1845 3156 1898 Filio
3185 1847 3344 1902 vitant

97 1941 314 2004 Filius,
340 1940 480 1993 sicut
510 1937 666 1992 Pater
694 1944 925 1990 aeternus
946 1934 1158 1988 dicitur.

179 2012 494 2097 Responsio.
537 2025 606 2081 Ut
638 2031 814 2080 autem
837 2033 1089 2099 aeternus,
1118 2029 1177 2076 ut
1200 2018 1360 2075 Pater
1386 2023 1486 2086 est',
1516 2017 1682 2072 Filius

102 2121 485 2189 approbetur,
545 2119 599 2173 in
650 2119 850 2188 psalmo
898 2119 1187 2172 centesimo
1241 2123 1426 2171 octavo
1473 2114 1682 2169 decimo

105 2209 312 2276 (Vere.
341 2208 432 2276 89)
467 2207 796 2261 manifestius
824 2205 1141 2279 declaratur.
1161 2204 1216 2258 In
1260 2213 1535 2266 aeternum,
1582 2203 1683 2256 Do-

116 2299 300 2361 mine,
317 2299 411 2362 ait,
431 2294 650 2356 verbum
666 2306 810 2348 lunm
833 2303 1108 2363 permanet
1123 2295 1172 2347 in
1192 2292 1348 2347 cmlo.
1373 2291 1502 2347 Etin
1518 2291 1679 2344 Isaia:

115 2385 323 2438 Omnis
350 2399 477 2439 caro
491 2382 665 2438 fenum
687 2423 701 2445 ,
730 2393 781 2436 et
811 2382 981 2436 omnis
1011 2383 1172 2451 gloria
1192 2381 1421 2435 hominis
1440 2380 1685 2434 sicntllos

111 2471 231 2525 feni
257 2489 272 2522 :
302 2471 442 2525 aruit
459 2471 635 2524 fenum
655 2481 708 2525 et
723 2470 841 2534 ﬂos,
856 2471 1073 2524 verbum
1091 2479 1266 2524 autem
1291 2470 1496 2523 Domini
1511 2479 1689 2524 manet

113 2563 167 2614 in
199 2569 470 2615 aeternum
502 2559 654 2632 (lsai.
681 2577 763 2624 ιι,
789 2561 864 2626 6).
899 2559 1024 2614 Item
1059 2559 1166 2614 ibi:
1200 2559 1308 2628 Ego
1337 2573 1455 2613 sum
1485 2559 1689 2628 primus

113 2658 170 2701 et
191 2663 303 2714 ego
324 2651 375 2702 in
419 2657 700 2709 aciei-num.
722 2663 909 2702 manus
945 2661 1060 2701 mea
1092 2646 1328 2700 fundavit
1357 2656 1551 2701 terram
1573 2689 1587 2711 ,
1633 2654 1686 2701 et

122 2737 353 2790 dextera
382 2752 500 2790 mea
523 2735 976 2789 solidavitcmlum
999 2733 1150 2802 (Isai.
1178 2745 1355 2799 XLVIII,
1381 2734 1491 2804 I2).
1522 2734 1688 2788 Filius

118 2826 307 2892 itaque
335 2841 433 2877 nec
463 2825 516 2876 in
543 2833 796 2876 aeternum
828 2821 968 2876 Patri
990 2822 1258 2876 dissimilis
1282 2822 1563 2886 invenitur,
1589 2837 1688 2876 nec

121 2911 366 2978 putentia
410 2911 627 2964 inferior
655 2911 972 2979 approbatur
1008 2927 1022 2963 :
1078 2913 1329 2978 quoniam
1360 2910 1448 2978 qui
1491 2910 1688 2965 deitate

121 3018 400 3072 unumque
421 3011 542 3057 sunt
562 3004 797 3071 potentia
818 3042 833 3068 ,
856 3003 1153 3056 aeternitate
1174 3001 1422 3072 distingui
1446 3017 1548 3056 non
1567 3017 1688 3072 pos-

125 3097 272 3153 sunt,
304 3091 396 3146 sed
423 3106 596 3158 neque
634 3091 796 3144 Filius
831 3098 978 3145 caret
1012 3091 1312 3146 aeternitate
1335 3101 1565 3161 naturae,
1598 3091 1686 3161 qui

1786 1939 1980 1995 habere
2011 1939 2063 1993 in
2093 1938 2382 2007 semetipso
2412 1937 2588 2010 (Joan.
2622 1952 2676 2005 v,
2705 1937 2818 2007 26).

1857 2029 2155 2100 Responsio.
2192 2030 2248 2085 Si
2296 2029 2462 2084 Filius
2490 2038 2612 2084 ante
2642 2028 2820 2083 tuundi
2853 2028 3131 2084 exordium
3175 2027 3226 2080 in
3257 2028 3348 2082 Pa-

1784 2129 1864 2173 tre
1898 2132 2118 2172 munens
2147 2118 2310 2173 vitam
2352 2133 2457 2172 non
2490 2118 2692 2184 habuit,
2722 2119 2988 2187 quomodo
3028 2128 3212 2172 auctor
3235 2119 3349 2172 vitae

1782 2209 1995 2273 dicitur,
2018 2217 2072 2263 et
2109 2209 2213 2262 vita
2245 2218 2443 2263 aeterna
2475 2209 2762 2277 probatur?
2790 2208 3122 2273 Postulastis,
3157 2208 3232 2262 ait
3256 2208 3371 2269 Pes

1783 2308 1894 2352 trns
1930 2297 2219 2365 aposwlns,
2251 2297 2420 2352 virum
2467 2298 2793 2352 homicidam
2823 2298 3011 2354 donari
3040 2301 3212 2363 vobis,
3259 2315 3349 2353 an-

1784 2400 2141 2443 ctoremvero
2171 2390 2289 2444 vita:
2322 2389 2665 2446 interfecistis
2704 2393 3089 2461 suspendentes
3137 2393 3187 2446 in
3212 2393 3349 2463 ligno

1786 2477 1923 2543 (Act.
1950 2494 2002 2531 ιιι
2030 2519 2044 2541 ,
2091 2478 2200 2544 Ii).
2237 2479 2299 2532 Et
2339 2479 2571 2534 Joannes
2615 2482 2882 2549 apostolus
2915 2501 2925 2534 :
2965 2484 3059 2537 Hic
3087 2495 3164 2538 est
3197 2501 3349 2540 verus

1786 2565 1946 2630 Deus,
1978 2577 2030 2620 et
2062 2569 2165 2620 vita
2194 2578 2390 2622 mterna
2414 2567 2467 2638 (I
2497 2569 2653 2624 Joau.
2685 2585 2737 2639 v,
2767 2571 2884 2639 20).
2931 2573 2994 2626 Et
3022 2576 3134 2642 ipse
3177 2575 3348 2630 Domi-

1787 2673 1884 2711 nus
1910 2659 1974 2712 ad
2003 2659 2255 2714 .lIartham
2290 2679 2304 2714 :
2339 2661 2450 2731 Ego
2476 2677 2591 2716 sum
2620 2665 2940 2719 resurrectio
2971 2674 3022 2720 et
3041 2667 3147 2719 vita
3170 2666 3346 2738 (Joan.

1790 2762 1877 2810 ιι.
1913 2748 2021 2818 25).
2055 2750 2184 2804 Item
2212 2751 2282 2805 ibi
2311 2768 2323 2802 :
2367 2752 2477 2821 Ego
2505 2767 2621 2807 sum
2653 2755 2802 2823 panis
2825 2758 2969 2822 vitae,
3000 2759 3089 2827 qui
3121 2759 3184 2812 de
3215 2764 3349 2816 etelo

1784 2837 1942 2908 422
1970 2840 2215 2894 descendi
2240 2839 2418 2910 (Joan.
2449 2859 2529 2908 vt,
2559 2844 2670 2913 5i).
2704 2846 2768 2900 Et
2806 2847 2876 2901 ad
2915 2848 3120 2904 Patrem
3157 2869 3168 2904 :
3204 2853 3351 2910 Sicut

1785 2929 2013 2981 dilexisti
2047 2945 2152 2993 me,
2194 2941 2249 2983 et
2290 2947 2389 3000 ego
2419 2933 2576 2987 dilexi
2605 2948 2698 2988 eos
2721 2934 2900 3004 (Joan.
2951 2954 3036 3001 xv,
3078 2941 3152 3003 9).
3191 2942 3253 2997 Et
3276 2947 3351 2998 vi-
3427 2936 3430 2939 ’

1787 3025 1890 3069 tam
1921 3015 2171 3071 aeternam
2220 3018 2287 3072 do
2324 3021 2404 3073 eis
2430 3021 2605 3091 (Joaa.
2638 3038 2690 3088 x,
2734 3024 2849 3092 28).
2893 3025 2958 3080 Et
2981 3028 3208 3084 iterum:
3244 3033 3348 3101 Ego

1788 3104 1903 3158 veni
1933 3116 1987 3157 ut
2015 3107 2174 3159 vitam
2217 3107 2462 3163 habeant.
2505 3110 2656 3164 Sicut
2682 3112 2826 3167 enim
2858 3113 2908 3167 in
2943 3114 3098 3184 hujus
3123 3121 3348 3177 nominis

123 3197 343 3236 omnem
367 3182 422 3234 in
450 3195 509 3235 se
529 3181 740 3235 deitatis
765 3180 1138 3249 plenitudinem
1154 3180 1374 3235 docetur
1397 3182 1683 3250 possidere-
1716 3182 1761 3244 C
1793 3195 2176 3262 nuncupatione
2210 3196 2314 3250 vita
2344 3211 2374 3250 a
2401 3198 2502 3252 vita
2535 3213 2637 3253 non
2664 3209 2838 3268 potest
2866 3180 3049 3268 dividi,
3085 3208 3150 3258 ita
3184 3206 3348 3265 Filius

689 3291 909 3347 CAPUT
949 3291 1126 3346 LXIV.

128 3389 228 3453 (lbi
247 3391 422 3442 dicunt
447 3388 649 3442 Patrem
675 3389 866 3442 Filium
889 3391 1084 3458 fecisse.
1142 3389 1334 3473 Filium
1359 3408 1473 3445 vero
1495 3394 1681 3445 omnia.

199 3491 257 3545 Si
289 3491 541 3556 dixerint,
577 3489 734 3542 Pater
767 3490 956 3544 Filium
986 3491 1126 3555 fecit,
1154 3491 1315 3546 Filius
1337 3507 1462 3548 vero
1484 3493 1679 3548 omnia.

202 3580 510 3650 Responsio.
554 3579 608 3632 In
656 3578 866 3633 deitatis
894 3589 1101 3644 natura",
1132 3581 1181 3634 in
1217 3596 1317 3649 qua
1347 3582 1498 3640 Pater
1523 3592 1574 3637 et
1599 3583 1685 3636 Fi-

131 3669 234 3724 lius
258 3685 420 3723 unum
453 3678 596 3732 sunt,
629 3669 817 3722 Filium
845 3685 1107 3739 nunquam
1137 3671 1352 3740 legimus
1377 3688 1404 3726 a
1433 3673 1587 3728 Patre
1616 3673 1684 3727 la-

127 3769 277 3813 ctum
299 3759 476 3825 fuisse,
505 3758 599 3813 sed
624 3759 873 3827 geni'um.
890 3751 1018 3813 Nam
1039 3760 1080 3814 si
1102 3761 1153 3814 in
1178 3760 1275 3815 hoc
1290 3763 1427 3829 quod
1453 3762 1679 3818 Verbum

139 3849 316 3902 Patris
344 3849 673 3912 est,‘l’actum
705 3841 939 3903 astruitis
971 3850 1175 3914 Filium,
1207 3867 1535 3927 nequaquam
1557 3870 1682 3924 ergo

135 3937 282 3995 Deus
311 3939 464 3995 Pater
517 3940 892 4009 perfecﬁonem
924 3942 1232 3997 substantia:
1261 3958 1372 3997 suae
1399 3944 1450 3998 in
1489 3954 1683 4000 semct-

129 4030 243 4097 ipso
297 4030 526 4097 habebit,
560 4031 648 4099 qui
678 4031 904 4086 Verbum
932 4033 1245 4101 perfectum,
1270 4044 1322 4089 et
1343 4036 1538 4104 jugiter
1564 4051 1682 4105 pcr-
1764 4084 1767 4086 .

129 4129 349 4177 manens
373 4129 495 4175 ante
524 4121 643 4176 Filii
673 4124 751 4174 sui
797 4124 1126 4190 nativitatem
1152 4126 1202 4179 in
1248 4141 1307 4179 se
1348 4126 1544 4180 habere
1574 4144 1676 4180 non

125 4211 316 4277 potuit.
363 4210 468 4266 Sed
499 4225 593 4263 nos
621 4212 707 4279 qui
743 4211 929 4264 Filium
961 4212 1029 4267 de
1072 4212 1227 4267 Patre
1261 4214 1598 4270 inell'abiliter
1627 4229 1679 4271 et

126 4301 236 4354 sine
268 4298 412 4353 initio
428 4299 689 4354 credimus
712 4309 913 4365 natum,
940 4316 1039 4356 nec
1069 4291 1302 4370 perfidiae
1328 4319 1540 4368 vesme,
1563 4306 1678 4358 nni-

125 4382 288 4444 tatem
315 4390 434 4445 fidei
461 4391 788 4446 vindicantes
806 4433 820 4455 ,
852 4392 1087 4448 cedimus
1105 4395 1418 4460 resistendo,
1448 4411 1545 4452 nec
1562 4413 1678 4451 ver-

126 4483 258 4534 sntia
303 4496 640 4550 superamur,
671 4491 726 4536 ut
751 4485 1029 4557 veritatem
1076 4484 1231 4556 5.21
1263 4498 1496 4554 paternae
1534 4491 1669 4543 nati-

124 4571 300 4625 vitatis
319 4572 642 4640 deuegemus
660 4574 711 4626 in
738 4561 891 4638 Filio,
916 4574 1067 4642 rujus
1090 4575 1412 4631 nativitatem
1441 4594 1538 4633 nec
1562 4581 1673 4647 ipse

123 4655 281 4714 Pater
300 4661 384 4728 qui
406 4661 610 4729 genuit,
646 4662 828 4728 tacuit,
853 4678 948 4717 nec
980 4664 1090 4731 ipse
1120 4665 1283 4718 Filius
1312 4670 1397 4734 qui
1426 4669 1494 4722 de
1519 4670 1673 4725 Patre

123 4760 275 4804 natus
300 4763 378 4806 est
403 4793 417 4816 ,
464 4767 556 4806 sua
589 4754 966 4829 praedicatione
998 4757 1240 4826 reticuit,
1275 4759 1390 4827 ipso
1419 4760 1627 4815 dicente
1654 4782 1666 4814 :

122 4839 199 4893 Sic
226 4842 366 4894 enim
393 4842 528 4896 Deus
549 4842 736 4898 dilexit
757 4844 896 4898 hunc
921 4847 1169 4901 mundum
1223 4859 1277 4902 ut
1302 4849 1490 4904 Filium
1515 4868 1668 4907 suum

124 4930 447 4998 unigenitum
481 4929 630 4985 daret
656 4947 751 4999 pro
780 4949 844 4985 eo
871 4935 1048 5004 (Joan.
1083 4952 1160 5002 ιιι,
1198 4937 1308 5007 I6).
1341 4938 1404 4992 Et
1435 4941 1622 4995 iterum
1652 4962 1668 4993 :-

121 5015 424 5086 Unigenitus
457 5018 616 5074 Filius
659 5024 744 5089 qui
777 5034 860 5077 est
890 5024 940 5077 in
966 5027 1082 5078 sinu
1114 5028 1302 5096 Patris,
1337 5031 1448 5098 ipse
1476 5030 1662 5085 na'rra-

121 5107 190 5160 vit
218 5104 393 5175 (Joan.
423 5124 462 5173 ι,
493 5109 604 5177 18).
641 5111 702 5164 Et
731 5111 929 5167 Iudaeis
953 5115 1063 5183 ipse
1100 5118 1352 5173 Dominus
1379 5120 1498 5174 dicit
1527 5136 1542 5175 :
1579 5121 1662 5175 ln-

119 5195 400 5264 dignamini
429 5198 576 5264 mihi,
597 5201 718 5266 quia
738 5201 844 5254 dixi
871 5204 1038 5264 vobis,
1057 5205 1216 5260 Filius
1236 5209 1325 5262 Dei
1352 5223 1466 5264 sum
1484 5209 1661 5279 (Joan.

122 5300 200 5350 vn,
238 5285 350 5352 εδ).
379 5287 443 5340 Et
483 5287 706 5344 iterum:
746 5291 855 5360 Ego
876 5286 941 5344 de
972 5293 1125 5347 Patre
1163 5296 1321 5360 exivi,
1351 5308 1404 5351 et
1450 5301 1581 5353 veni'
1611 5301 1662 5355 in

123 5373 254 5428 hunc
279 5376 528 5431 mundum
560 5378 735 5444 (Joan.
769 5396 885 5446 xvt,
913 5381 1027 5447 28).
1058 5383 1123 5436 Et
1170 5385 1328 5440 David
1359 5388 1412 5442 in
1439 5404 1659 5455 persona

124 5462 202 5518 Dei
234 5463 400 5518 Patris
429 5466 478 5518 in
509 5467 730 5522 Psalmts
757 5472 926 5535 canit,
956 5482 1008 5525 et
1035 5473 1202 5528 dicit:
1253 5475 1521 5535 Eructavit
1567 5489 1660 5535 co‘r

120 5567 284 5608 meum
306 5556 526 5610 verbum
555 5558 748 5614 bonum
781 5561 951 5632 (Peal.
986 5579 1130 5631 thv,
1157 5565 1234 5628 2).
1264 5566 1394 5622 Item
1418 5571 1530 5638 ipse
1555 5589 1567 5622 :
1604 5572 1656 5626 lu

121 5644 478 5719 splendoribus
504 5660 813 5706 sanctorum
829 5668 892 5707 ex
935 5663 1086 5710 utero
1117 5665 1239 5711 ante
1267 5657 1541 5713 luciferum
1569 5677 1658 5731 ge-

121 5735 195 5789 uui
243 5742 293 5791 te
321 5733 487 5807 (Psal.
532 5753 649 5799 cu,
679 5741 754 5799 5).
791 5741 917 5798 Item
966 5746 1078 5814 ipse
1104 5747 1169 5803 de
1200 5747 1360 5804 Filio:
1399 5747 1652 5808 Dominus

377 5830 648 5893 Ρλτλοι..
692 5833 881 5898 LXII.

1790 3298 1817 3334 a
1853 3282 2002 3336 Patre
2044 3283 2095 3337 in
2142 3284 2429 3340 divinitatis
2476 3287 2769 3343 substantia
2820 3305 2925 3345 non
2972 3302 3146 3362 potest
3194 3311 3345 3365 sepa-

1789 3372 1891 3424 rari
1924 3389 1936 3423 :
1969 3388 2089 3425 nam
2116 3382 2171 3426 et
2198 3374 2352 3428 Pater
2377 3390 2478 3428 non
2505 3377 2661 3431 aliam
2695 3378 2851 3433 vitam
2874 3395 3029 3449 quam
3056 3397 3172 3439 eam
3195 3402 3346 3456 quant

1785 3460 1837 3514 in
1865 3462 2099 3516 setiabet
2143 3478 2442 3518 manentem
2479 3465 2611 3522 FIIIO
2650 3468 2831 3535 dedit;
2868 3471 2961 3526 sed
2987 3488 3143 3541 quam
3174 3476 3347 3546 habet,

1784 3550 1950 3618 ipsam
1979 3550 2156 3615 dedit;
2185 3559 2239 3606 et
2265 3566 2457 3621 quanta
2485 3557 2533 3608 in
2570 3572 2633 3610 eo
2664 3568 2766 3623 est,
2797 3569 2996 3614 tantam
3022 3561 3186 3629 dedit,
3215 3578 3268 3622 et
3298 3570 3347 3624 in

1785 3639 1885 3693 hoc
1908 3640 2038 3709 ipse,
2071 3643 2207 3709 quod
2239 3643 2397 3696 vitam
2428 3644 2632 3699 dederit
2663 3646 2816 3713 Filio,
2853 3663 2958 3703 non
2982 3648 3182 3707 amisit.

2346 3752 2569 3810 CAPUT
2615 3757 2793 3815 LXVI.

1788 3857 1882 3910 Ubi
1919 3858 2091 3911 dicunt
2144 3847 2310 3914 solum
2359 3860 2563 3987 Pani}:
2605 3869 2763 3923 lucem
2804 3871 3034 3928 habitare
3073 3873 3344 3933 inaccessi-

2505 3952 2641 3987 tem.

2505 3952 2641 3990 ιιεηι.

1853 4045 1905 4097 Si
1957 4045 2045 4097 tibi
2095 4049 2438 4115 apposueriqt
2471 4049 2609 4116 quod
2640 4051 2706 4104 de
2753 4053 2904 4108 Patre
2939 4056 3110 4110 solum
3142 4057 3338 4131 dictum

1780 4131 1867 4197 sit,
1899 4134 1983 4200 qui
2015 4133 2157 4186 solus
2206 4134 2360 4188 habet
2411 4137 2881 4205 immortalitatem,
2914 4153 2967 4198 et
2997 4145 3166 4199 lucem
3198 4149 3336 4201 habi-

1781 4227 1856 4272 tat
1883 4221 2303 4276 inaccessibilem
2337 4223 2386 4293 (Ι
2421 4223 2550 4278 Tim.
2588 4242 2674 4290 vn,
2705 4229 2815 4297 16).

1852 4315 2145 4384 Responsio.
2188 4317 2299 4370 Non
2323 4320 2490 4372 solum
2514 4320 2666 4373 Pater
2693 4323 2806 4377 sine
2835 4324 2967 4378 Filio
2997 4327 3164 4383 lucem
3199 4331 3342 4385 inac-

1777 4410 2076 4464 Ccssibilem
2108 4411 2329 4475 habitat,
2368 4414 2486 4479 quia
2517 4413 2601 4467 ubi
2637 4415 2790 4468 Pater
2829 4427 2931 4483 est,
2966 4419 3035 4473 ibi
3067 4424 3224 4476 etiam
3259 4426 3341 4478 Fi-

1707 4539 1753 4598 D
1780 4499 1905 4553 lium
1936 4515 2055 4554 esse
2084 4500 2413 4554 indubitabili
2458 4502 2558 4556 [ide
2600 4504 2921 4559 credendum
2966 4520 3065 4562 est.
3117 4512 3242 4566 Nam
3294 4517 3335 4568 si

1788 4591 1934 4644 solus
1982 4590 2135 4643 Pater
2164 4592 2275 4644 sine
2311 4591 2442 4644 Filio
2466 4632 2478 4652 ,
2513 4594 2650 4660 quod
2683 4595 2785 4648 dici
2832 4598 2978 4651 nefas
3015 4611 3095 4652 cst
3121 4643 3134 4666 ,
3171 4603 3339 4656 lucem

1781 4681 2441 4746 habitatinaccessibi'em,
2476 4699 2691 4741 necesse
2718 4697 2798 4739 est
2850 4697 2906 4740 ut
2955 4703 3339 4759 sequestratam

1779 4771 1932 4824 Pater
1980 4773 2169 4825 habeat
2197 4787 2223 4824 a
2259 4775 2391 4827 Filio
2442 4778 2765 4828 mansionem
2801 4795 2811 4828 :
2846 4781 2983 4847 quod
3026 4783 3069 4836 si
3116 4785 3183 4836 ita
3235 4799 3335 4855 εει,

1774 4874 2002 4928 qu0nam
2031 4861 2186 4913 modo
2221 4863 2332 4929 ipse
2365 4863 2525 4916 Filius
2553 4866 2616 4918 :nl
2651 4865 2922 4922 dexteram
2965 4870 3132 4926 Patris
3160 4886 3337 4929 astans

1774 4949 1984 5018 abeato
2014 4964 2244 5018 maryyre
2281 4951 2551 5018 Stephano
2584 4956 2752 5021 potuit
2785 4960 3018 5024 conspici
3062 4961 3193 5030 (Act.
3233 4981 3331 5028 vn,

1771 5037 1880 5106 56),
1913 5040 1956 5091 si
1984 5038 2136 5092 Pater
2165 5042 2453 5094 secundum
2489 5058 2580 5095 vos
2613 5045 2730 5098 aliis
2758 5047 2952 5102 dicitur
2976 5052 3187 5106 sedibus
3208 5069 3331 5107 c0u-

1770 5128 1958 5180 tineri?
1987 5128 2140 5181 Absit
2185 5129 2283 5182 hoc
2322 5145 2348 5182 a
2382 5145 2537 5184 sensu
2586 5134 2839 5201 ﬁdelium,
2887 5139 3098 5194 Christo
3132 5128 3180 5194 in
3214 5147 3332 5197 uni-

1770 5226 1875 5289 tate
1903 5215 2021 5269 ﬁdei
2053 5218 2475 5272 adhmrentium?
2515 5225 2772 5286 Quoniam
2821 5230 2957 5281 sicut
2996 5244 3098 5282 non
3143 5240 3226 5283 est
3278 5236 3327 5287 in

1769 5305 1904 5359 Filio
1941 5318 2058 5358 cum
2099 5307 2244 5360 solus
2273 5307 2427 5362 Pater
2467 5309 2662 5363 dicitur
2711 5313 2880 5367 lucem
2913 5317 3325 5373 inaccessibilern

1769 5395 2026 5463 habitare,
2060 5396 2131 5448 ita
2158 5412 2263 5451 non
2293 5399 2490 5454 sufﬁcit
2518 5400 2682 5470 Patri,
2715 5419 2832 5458 cum
2873 5405 3158 5473 Sapientia,
3209 5424 3327 5476 qua:

1761 5495 1842 5539 est
1870 5482 2052 5547 Filius,
2079 5501 2264 5554 gyrum
2299 5489 2420 5543 εωιί
2468 5491 2580 5544 sola
2626 5492 2820 5549 dicitur
2863 5496 3086 5550 circuire
3132 5495 3318 5566 (Eccli.

1761 5589 1904 5637 xxuv,
1936 5574 2011 5643 8).
2035 5574 2186 5639 Quod
2210 5576 2388 5644 itaque
2415 5593 2532 5633 cum
2565 5581 2631 5634 sit
2660 5582 2935 5637 invisibilis
2955 5585 3318 5660 etingenitus,

1760 5665 1814 5744 in
1844 5666 1980 5721 Filio
2009 5667 2154 5722 visus
2185 5670 2421 5736 Apostoli
2451 5675 2750 5728 testimonio
2774 5677 3168 5744 comprobatur,
3189 5691 3241 5734 et
3266 5681 3318 5738 in
3382 5729 3385 5732 .
3439 5695 3442 5698 '

1761 5740 1921 5828 Filio,
1967 5775 1993 5814 a
2021 5775 2080 5820 sc
2127 5761 2463 5823 incilabiliter
2498 5768 2694 5838 genito,
2729 5740 2988 5826 mansisse
3017 5785 3078 5828 ac
3107 5740 3313 5843 requie.

2743 5858 2815 5921 13
