3856 6222
578 287 680 340 393

1880 288 2101 341 VIBII."
2142 289 2500 345 TAPSENSIS

3695 302 3817 353 59C.

581 404 716 451 visse
741 395 1138 460 inenStraretur,
1184 396 1296 463 ipso
1333 395 1470 450 Filio
1501 397 1550 450 in
1582 397 1835 465 pr0pheta
1865 398 2070 453 dicente
2104 415 2117 452 :
2153 405 2201 459 Α
2229 402 2391 457 Paulo
2417 406 2654 472 apostolo
2683 413 2962 460 attestante
2994 427 3004 461 :
3033 410 3085 462 In
3114 410 3298 464 diebus
3329 412 3508 465 carnis
3538 424 3674 476 sua,
3710 415 3814 466 in-

582 489 680 552 Qui
713 487 890 554 genuit
920 499 1003 539 me
1028 524 1042 548 ,
1075 486 1331 553 requievit
1363 486 1413 538 in
1445 486 1779 540 tabernaculo
1801 502 1918 539 meo
1944 485 2132 554 (Eccli.

585 578 672 639 Si,
710 577 817 644 ΡΞ).
854 575 914 627 Et
938 580 987 628 in
1015 576 1302 644 Evangelia
1331 593 1341 627 :
1370 577 1524 630 Pater
1546 576 1598 629 in
1646 591 1730 629 me
1771 591 1986 630 manens
2015 575 2138 630 facit

582 684 738 738 opera
787 669 897 724 lucc
937 667 1116 740 (Joan.
1151 684 1262 735 xiv,
1299 669 1409 738 I0).
1445 670 1510 723 Et
1555 685 1568 723 :
1620 669 1781 721 Deum
1827 683 1980 721 nemo
2009 669 2138 721 vidit

578 776 805 828 unquam
847 761 943 813 nisi
974 761 1271 829 unigenitus
1306 762 1467 814 Filius
1503 760 1589 827 qui
1618 770 1692 812 est
1727 760 1776 812 in
1822 760 1938 811 sinu
1969 759 2135 813 Patris

582 848 753 918 (Joan.
782 866 826 913 t,
864 851 969 918 18).
1003 851 1057 904 In
1086 853 1203 904 sinu
1250 850 1417 904 Patris
1455 859 1567 902 erat
1597 847 1762 901 Filius
1791 849 1858 902 ab
1884 848 2053 914 initio,
2083 859 2136 901 et

572 956 642 993 ex
678 940 835 993 corde
864 940 1039 993 Patris
1062 942 1280 994 verbum
1316 940 1509 995 bonum
1535 947 1826 992 eructatum
1856 950 1934 992 est
1959 953 1974 1002 ;
2003 953 2135 1008 quo-

581 1032 737 1085 modo
765 1032 922 1102 4.23
954 1048 1052 1086 non
1084 1033 1134 1086 in
1164 1033 1322 1086 corde
1367 1041 1584 1100 paterno
1627 1046 1746 1084 cum
1786 1033 1970 1087 eodem
2001 1047 2130 1088 con-

580 1123 789 1184 sistens,
845 1122 1010 1174 lucem
1063 1122 1480 1176 in-icccssibilem
1517 1122 1797 1176 habitasse
1841 1114 2134 1176 credendus

579 1212 702 1264 est?
732 1210 971 1278 Nunquid
1004 1210 1158 1263 Pater
1185 1211 1387 1279 absque
1433 1209 1536 1262 ulla
1578 1210 1694 1263 luce
1722 1211 1772 1262 in
1804 1210 1939 1263 Filio
1969 1185 2134 1277 potuit

579 1314 934 1363 commanere,
969 1310 1057 1351 aut
1097 1300 1149 1351 in
1181 1299 1518 1352 tabernaculo
1544 1298 1661 1352 Filii
1689 1301 1801 1352 sine
1829 1299 2013 1353 eadem
2044 1315 2134 1368 pn-

580 1391 673 1443 tuit
703 1390 1050 1458 requiescere,
1088 1401 1208 1442 cum
1240 1389 1378 1442 idem
1407 1388 1567 1441 Filius
1593 1387 1789 1441 candor
1819 1387 1884 1442 sit
1922 1383 2135 1441 aeterna:

581 1483 729 1544 lucis,
756 1489 808 1534 et
835 1481 1106 1547 speculum
1129 1480 1242 1533 sine
1274 1479 1474 1532 macula
1492 1477 1707 1533 deitatis
1737 1478 1892 1547 (Sap.
1911 1477 2131 1546 vineti),

577 1587 730 1638 qnam
762 1572 1010 1626 Salomon
1041 1585 1200 1638 super
1224 1571 1447 1625 salutem
1489 1585 1636 1625 suam
1682 1571 1928 1626 dilexisse
1955 1570 2088 1624 dixit
2119 1588 2130 1622 :

582 1662 634 1714 In
665 1661 814 1730 cujus
863 1663 1039 1728 Specie
1069 1675 1278 1727 semper
1306 1660 1556 1714 delectari
1594 1661 1819 1730 gestivit.
1853 1662 2017 1729 Super
2044 1675 2130 1714 sa-

2235 491 2366 557 quit,
2399 495 2663 548 orationes
2690 503 2743 548 et
2771 510 2956 563 preces
2986 499 3050 552 ad
3095 500 3278 564 Deum,
3309 501 3398 568 qui
3443 496 3652 567 poterat
3685 505 3816 553 sal-

2236 595 2357 633 vare
2377 597 2495 635 eum
2529 599 2556 635 a
2587 594 2773 648 morte,
2800 599 2918 638 cum
2939 588 3168 644 clamore
3195 589 3312 643 l'orti
3339 601 3393 643 et
3423 591 3672 659 laerymis
3696 593 3814 644 ob-

2237 668 2370 734 tulit,
2396 673 2671 727 exauditus
2701 684 2781 727 est
2812 685 3024 744 propter
3047 681 3312 745 timorem,
3343 680 3656 734 manifestus
3678 682 3778 735 exi
3797 711 3810 720 -

2234 769 2377 813 stens
2407 759 2589 826 Filius,
2637 777 2700 816 ex
2749 764 2812 817 iis
2835 780 2953 832 quae
2984 782 3166 834 passus
3192 779 3276 824 est
3303 769 3488 824 didicit
3531 770 3799 825 obedien-

2237 848 2382 912 tiam,
2411 849 2498 915 qui
2547 851 2808 916 perlectus
2853 851 3019 907 factus
3045 864 3128 909 est
3153 859 3398 912 omnibus
3422 858 3812 912 obedientist

2233 935 2362 1001 sibi,
2396 946 2449 991 et
2475 949 2656 993 auctor
2679 941 2863 996 salutis
2892 951 3102 998 aeterne
3129 953 3183 998 et
3213 948 3581 1013 pronuntiatus
3619 963 3646 1000 a
3677 949 3804 1001 Deo

2234 1026 2474 1095 princeps
2515 1029 2847 1084 sacerdotum
2894 1031 3078 1100 (Hebr.
3123 1050 3176 1100 ν,
3219 1036 3296 1095 7).
3334 1037 3462 1090 Item
3509 1037 3581 1089 ibi
3613 1055 3626 1088 :
3663 1036 3806 1090 Ser-

2237 1130 2323 1169 mo
2371 1125 2544 1171 autem
2574 1117 2870 1185 iurationis,
2915 1121 3004 1187 qui
3037 1133 3152 1189 post
3193 1125 3356 1192 legem
3375 1137 3475 1187 est,
3498 1127 3680 1179 Filium
3741 1127 3802 1178 in

2235 1217 2487 1262 aeternum
2535 1211 2821 1278 perlectum
2850 1212 3031 1281 (Hebr.
3065 1228 3168 1280 vn,
3215 1215 3329 1284 28).
3365 1217 3490 1268 Item
3522 1219 3588 1271 ibi
3622 1235 3635 1268 :
3683 1219 3804 1271 Ha-

2234 1297 2416 1350 bentes
2459 1313 2585 1367 ergo
2630 1301 2918 1368 principem
2964 1302 3299 1355 sacerdotum
3345 1304 3435 1372 qui
3493 1310 3802 1371 penetrarit

2235 1389 2416 1453 cmlos,
2463 1389 2641 1444 Iesum
2672 1391 2863 1445 Filium
2904 1392 2996 1447 Dei
3030 1393 3211 1459 (Hebr.
3247 1409 3334 1458 IV,
3366 1394 3472 1463 14).
3505 1396 3625 1449 Item
3657 1396 3740 1448 ibi
3783 1414 3798 1447 :

2233 1479 2518 1533 Curramus
2562 1480 2629 1533 ad
2678 1481 2997 1549 propositum
3050 1484 3201 1538 nobis
3251 1485 3522 1550 premium
3567 1485 3796 1550 agonis,

2234 1567 2578 1634 respicientes
2621 1569 2685 1622 ad
2737 1571 3026 1638 principem
3096 1581 3150 1625 et
3192 1572 3538 1640 perlectorem
3600 1572 3794 1627 Iesum

2211 1657 2416 1726 (Hebr.
2443 1674 2547 1723 xtt,
2577 1659 2656 1726 2).
2687 1659 2752 1712 Et
2775 1662 2960 1715 iterum
2987 1677 3002 1714 :
3037 1663 3214 1715 Donec
3241 1675 3576 1716 occurramus
3599 1675 3799 1714 onines

582 1753 742 1805 lutem
773 1760 825 1805 et
867 1752 1120 1819 speciem,
1171 1752 1358 1819 inquit,
1395 1751 1553 1805 dilexi
1599 1766 1739 1813 eam,
1774 1760 1826 1803 ct
1870 1764 1964 1818 pro
2013 1753 2128 1803 luce
2161 1746 2206 1804 B
2232 1745 2285 1799 in
2333 1747 2584 1801 unitatem
2635 1749 2756 1803 ﬁdei
2787 1757 2843 1804 et
2885 1751 3206 1818 agnitionem
3255 1750 3371 1806 Filii
3411 1751 3502 1805 Dei
3540 1751 3587 1804 in
3613 1752 3792 1804 virum

587 1841 832 1906 proposui
867 1842 1060 1894 habere
1097 1855 1234 1903 eam,
1262 1840 1534 1907 -'quouiatn
1586 1839 2005 1907 inexstinguibile
2054 1850 2135 1892 est

585 1935 761 1986 lumen
793 1932 905 2000 ejus
929 1931 1112 2001 (Ibid-.,
1145 1931 1234 1999 I0)
1255 1933 1276 1983 i
1301 1931 1443 1985 Hauc
1465 1931 1622 1997 igitur
1645 1932 1809 1983 lucem
1835 1929 1992 1982 David
2018 1943 2135 1996 pro-

577 2022 730 2086 pheta
779 2020 1111 2083 desiderans,
1165 2020 1350 2071 anxius
1403 2018 1713 2087 proclamat,
1764 2018 1876 2071 lucc
1910 2017 2129 2071 dicens:

575 2111 766 2164 Emitte
801 2110 970 2163 lucem
1000 2118 1162 2174 tuam,
1213 2117 1267 2162 et
1289 2108 1561 2162 veritatem
1614 2116 1752 2161 tuam
1782 2106 1961 2175 ,(Psal.
1994 2121 2129 2169 χιιι,

586 2203 664 2269 5).
718 2202 786 2254 Et
837 2202 1075 2254 iterum:
1131 2201 1184 2253 In
1238 2200 1433 2254 lumine
1490 2211 1576 2252 tuo
1623 2198 1915 2254 videbimus
1960 2197 2133 2250 lumen

577 2295 743 2359 (Prol.
791 2310 948 2358 xxxv,
989 2294 1088 2362 ω).
1149 2293 1200 2346 ln
1254 2293 1406 2360 hujus
1454 2292 1611 2361 igitur
1662 2292 1871 2344 luminis
1897 2290 2135 2365 clat'ita'e

575 2386 736 2439 Filius
765 2386 997 2453 seipsum
1031 2385 1080 2436 in
1113 2393 1290 2437 monte
1332 2383 1503 2436 tribus
1546 2379 1820 2447 discipulis
1849 2388 2137 2448 prmosten-

574 2477 668 2538 dit,
701 2485 753 2528 et
776 2484 914 2527 metu
944 2474 1128 2527 mortis
1157 2470 1440 2540 perterriti,
1474 2469 1717 2537 prostrati
1745 2469 1796 2521 in
1830 2467 2040 2530 faciem,
2077 2469 2134 2519 li-

577 2582 696 2620 nem
726 2567 823 2619 sibi
862 2565 982 2618 vita:
1014 2564 1200 2618 adesse
1240 2570 1541 2615 senserunt.
1586 2560 1750 2618 Hanc.
1784 2559 2013 2627 inquam,
2048 2556 2127 2608 Iu-

576 2670 691 2708 cem
742 2658 793 2706 in
826 2667 882 2707 se
922 2653 1289 2705 demonstrans
1318 2648 1479 2702 Filius
1510 2647 1883 2714 proclathabat,
1914 2639 2134 2698 dumut

576 2748 625 2797 in
673 2744 853 2797 eadem
901 2742 1205 2795 incederent
1235 2753 1358 2794 suos
1399 2739 1687 2806 discipulos
1733 2735 2129 2804 pratitoncbat:

575 2834 706 2886 Dum
741 2836 906 2887 Ιιιέειιι
941 2833 1166 2894 habetis,
1195 2831 1381 2899 inquit,
1414 2829 1679 2882 ambulate
1716 2829 1766 2884 in
1813 2828 1928 2887 luce
1955 2825 2130 2893 (Joon.

574 2938 676 2985 xu,
704 2923 815 2986 55).
845 2923 903 2973 Et
933 2922 1123 2973 iterum
1153 2934 1165 2972 :
1206 2920 1312 2987 Ego
1338 2933 1454 2971 sum
1494 2918 1578 2970 lux
1610 2916 1764 2985 hujus
1800 2916 2002 2978 mundi,
2044 2915 2132 2983 qui

573 3015 810 3081 sequitur
855 3026 960 3074 me,
991 3026 1093 3064 non
1119 3011 1356 3063 ambulat
1397 3009 1446 3061 in
1479 3002 1735 3070 tenebris,
1781 3005 1873 3060 sed
1923 3006 2136 3059 habebit

2237 1835 2544 1902 perlectum,
2593 1838 2643 1889 in
2677 1854 2974 1892 mensuram
3002 1841 3172 1892 mtatis
3220 1841 3559 1907 plenitudinis
3584 1840 3792 1895 Christi

2237 1923 2448 1992 (Ep/tes.
2477 1940 2547 1988 tv,
2605 1927 2711 1983 13).
2764 1927 3016 1992 Recense,
3049 1943 3247 1994 quaeso,
3278 1945 3396 1997 qua:
3438 1932 3671 1998 superius
3725 1935 3790 1983 de

2235 2013 2558 2081 perfectione
2586 2025 2638 2069 et
2666 2016 2958 2084 principatu
2998 2017 3111 2071 Filii
3166 2028 3288 2071 sunt
3342 2023 3530 2086 posita,
3579 2031 3629 2072 et
3677 2021 3791 2072 noli

2235 2107 2452 2160 ulterius
2498 2108 2548 2160 in
2595 2119 2734 2163 tuam
2777 2109 3068 2176 perniciem
3113 2110 3353 2171 meditari
3397 2109 3610 2164 subdole
3633 2113 3788 2164 vani—

2235 2200 2282 2243 ta
2291 2200 2413 2246 tem.
2429 2228 2434 2232 -

2767 2273 2988 2329 CAPUT
3030 2274 3252 2330 LXVIII.

2239 2381 2335 2435 Ubi
2356 2383 2522 2435 dicunt
2547 2399 2566 2436 :
2608 2383 2753 2438 Sicut
2804 2373 2879 2438 me
2906 2377 3042 2459 misit
3085 2390 3219 2440 rivus
3270 2387 3444 2454 Pater,
3485 2398 3530 2441 et
3551 2406 3637 2459 ego
3677 2392 3790 2442 sive

2778 2469 2975 2524 promer
3009 2456 3236 2508 Patrem.
3580 2456 3594 2459 ⁷
3619 2477 3621 2482 ·

2305 2558 2357 2612 Si
2379 2571 2551 2614 autem
2582 2563 2806 2615 dixerint
2840 2565 2889 2616 in
2942 2565 3037 2616 hoc
3069 2566 3323 2618 minorem
3357 2580 3477 2622 esse
3516 2567 3665 2620 Patre
3697 2568 3785 2621 ειη

2234 2649 2374 2712 lium,
2409 2650 2529 2718 quia
2557 2650 2669 2718 ipse
2697 2651 2826 2706 dixit
2856 2671 2865 2701 :
2896 2654 3040 2706 Sicut
3062 2669 3144 2707 me
3179 2654 3320 2708 misit
3356 2629 3506 2710 vivus
3533 2655 3705 2720 Pater,
3738 2669 3788 2709 et

2235 2755 2332 2812 ego
2363 2743 2478 2794 vivo
2509 2753 2723 2811 prepter
2762 2743 2985 2798 Patrem.

2302 2832 2460 2905 5.25
2491 2835 2787 2902 Responsio.
2820 2836 2942 2888 Ilaec
2975 2849 3060 2889 res
3087 2851 3190 2890 non
3225 2837 3633 2906 inmqualitatem
3673 2837 3788 2890 ΡιΙὶι

2237 2925 2453 2990 indicat,
2473 2925 2562 2977 sed
2583 2927 2793 2992 plenam
2825 2928 2876 2978 in
2910 2927 2998 2980 illo
3021 2930 3308 2982 divunitatis
3335 2930 3675 2984 substantiam
3693 2931 3785 2994 dc-

2238 3023 2515 3076 mnnstrat,
2559 3020 2624 3068 eo
2653 3019 2788 3081 quod
2838 3015 3001 3068 Filius
3044 3032 3144 3068 non
3196 3032 3222 3068 a
3267 3019 3573 3086 semetipso,
3619 3033 3788 3085 neque

575 3105 748 3156 lumen
781 3106 897 3155 vita:
923 3113 1134 3153 mtcrna:
1166 3100 1342 3169 (Joan.
1367 3115 1490 3164 vui,
1525 3097 1631 3168 1'2).
1668 3097 1733 3150 Et
1762 3096 2129 3165 Evangelista:
2162 3090 2207 3151 C
2237 3119 2299 3157 ex
2329 3104 2514 3172 nihilo,
2545 3111 2635 3159 sed
2687 3121 2716 3158 a
2748 3108 2900 3160 Patre
2931 3108 3201 3171 subsistat,
3234 3109 3371 3176 quod
3402 3120 3481 3162 est
3525 3123 3784 3161 summum

577 3195 700 3247 Erat
725 3195 808 3246 lux
843 3207 984 3258 veta,
1009 3193 1203 3258 inquit,
1249 3205 1369 3258 qua:
1399 3190 1658 3242 illuminat
1697 3202 1909 3241 omnem
1965 3188 2132 3240 homi-

577 3300 696 3337 nem
745 3285 1038 3337 venientem
1093 3282 1149 3334 in
1179 3282 1315 3333 ltunc
1344 3279 1595 3333 mundum
1625 3276 1804 3333 tJoau.
1858 3293 1907 3340 t,
1951 3277 2029 3342 9).
2077 3276 2129 3329 Si

579 3377 691 3426 hmo
721 3376 833 3435 lux,
866 3388 980 3440 quae
1010 3370 1347 3424 credentibus
1385 3368 1729 3437 promittitur,
1764 3367 1815 3420 in
1862 3366 1993 3419 Filio
2015 3381 2134 3419 esse

581 3467 850 3531 probat-ir,
900 3471 953 3514 et
995 3473 1331 3514 cumazterno
1377 3466 1576 3512 :eterna
1622 3470 1740 3510 esse
1769 3457 1975 3517 dicitur,
2005 3469 2134 3522 qtto‘

580 3555 738 3606 modo
792 3567 821 3605 a
884 3551 1030 3604 vobis
1093 3549 1159 3602 ab
1186 3548 1530 3602 inaccessibili
1589 3547 1704 3617 luce
1754 3545 1923 3597 Patris
1974 3543 2135 3596 Filius

577 3643 910 3710 separatur?
979 3641 1030 3692 Si
1110 3638 1246 3692 enim
1296 3637 1462 3690 Filius
1526 3638 1664 3689 Deus
1704 3648 1862 3688 verus
1920 3643 1973 3687 et
2027 3634 2131 3687 vita

577 3745 793 3797 aeterna,
825 3733 937 3785 sine
966 3730 1125 3784 dubio
1149 3731 1201 3783 in
1236 3732 1331 3782 hac
1357 3729 1472 3781 luce
1515 3726 1670 3780 simul
1697 3740 1836 3779 cum
1860 3725 2010 3777 Patre
2043 3724 2134 3776 ba-

580 3823 751 3877 bi‘tzire
777 3821 1069 3876 credendus
1095 3829 1197 3884 est,
1228 3833 1382 3886 quam
1415 3818 1590 3871 nullus
1611 3815 1768 3869 modo
1796 3815 1845 3867 in
1869 3815 1964 3869 hoc
1997 3827 2135 3866 mor-

578 3913 670 3979 tali
693 3926 915 3980 corpore
940 3910 1276 3974 comtitutus,
1311 3917 1478 3976 potest
1501 3909 1830 3975 aliquatenus
1857 3905 2093 3956 contueri
2116 3917 2130 3964 ;

576 3998 671 4056 Sed
699 4001 821 4055 dum
861 4001 1181 4070 apparuerit,
1233 4008 1358 4052 tunc
1387 4013 1511 4051 vere
1567 3997 1706 4049 illam
1736 3995 1931 4049 videbit
1980 3994 2134 4047 sicuti

580 4106 681 4158 est,
705 4095 792 4162 qui
821 4093 935 4161 ejus
974 4091 1343 4160 conspectibus
1373 4090 1559 4158 dignus
1588 4089 1743 4143 fuerit
1770 4088 2001 4156 coaplnri
2040 4105 2048 4136 :
2081 4096 2132 4138 et

581 4201 683 4238 non
716 4186 852 4238 sicut
882 4183 1084 4250 Moyses
1127 4182 1408 4249 caeterith
1439 4180 1708 4248 prephctre
1740 4195 1831 4246 per
1859 4177 2129 4244 arnigmata

580 4287 631 4328 et
657 4276 896 4340 figuram,
922 4273 1013 4325 sed
1068 4274 1234 4343 ipsam
1264 4271 1520 4343 veraciter
1564 4271 1613 4322 in
1664 4270 1795 4322 Filio
1846 4270 2130 4322 secundum

583 4365 892 4430 Apostolnm
922 4361 1255 4414 contuebitur
1289 4342 1495 4430 deitatis
1522 4359 1888 4412 substantiam.
1933 4358 2058 4411 Nam
2086 4358 2129 4411 si

2234 3202 2287 3246 et
2323 3195 2585 3262 singulare
2617 3198 2825 3252 unitatis
2872 3188 3121 3250 indicium
3155 3215 3165 3247 :
3206 3196 3394 3251 Vivere
3423 3199 3560 3250 enim
3592 3196 3782 3258 Patris,

2233 3285 2355 3350 quid
2406 3300 2434 3338 e
2469 3294 2488 3336 t
2534 3286 2672 3338 aliud
2717 3272 2813 3340 nisi
2854 3287 3007 3340 esse?
3054 3298 3106 3340 et
3135 3287 3311 3341 vivere
3352 3286 3539 3340 Filium
3571 3295 3780 3354 propter

2237 3363 2463 3436 Patrem,
2516 3376 2636 3442 quid
2673 3376 2812 3429 aliud
2858 3387 2936 3430 est
2975 3391 3129 3444 quam
3164 3378 3215 3429 in
3257 3377 3411 3430 l‘atre
3455 3374 3785 3430 subsistere?

2236 3462 2375 3529 Ergo
2402 3465 2539 3518 sicut
2563 3481 2645 3518 me
2668 3467 2808 3518 misit
2835 3468 2985 3518 vivus
3008 3467 3184 3529 Pater,
3210 3466 3301 3529 ait,
3327 3476 3380 3518 et
3399 3479 3496 3533 ego
3527 3465 3642 3518 vivo
3667 3479 3781 3532 pro-

2236 3558 2352 3617 pter
2376 3551 2581 3607 Patrem
2619 3551 2791 3620 (Joan.
2827 3569 2896 3616 vt,
2924 3553 3011 3620 57)
3039 3570 3049 3603 ;
3087 3562 3261 3620 posset
3292 3555 3476 3622 utique
3498 3552 3693 3615 dicere,
3727 3551 3781 3604 Et

2239 3655 2338 3709 ego
2364 3642 2481 3695 vivo
2503 3658 2593 3710 per
2624 3641 2853 3708 Patrem,
2886 3647 2927 3694 si
2960 3644 3188 3710 aliquam
3209 3628 3272 3694 'in
3313 3657 3372 3694 se
3405 3640 3666 3694 inferioris
3691 3653 3780 3706 po-

2236 3727 2413 3781 tentiae
2459 3728 2816 3784 diversitatem
2859 3731 3015 3784 vellet
3047 3728 3360 3791 ostendere,
3406 3729 3651 3794 quoniam
3698 3727 3777 3791 qui

2237 3831 2330 3886 per
2353 3818 2576 3871 alterum
2613 3817 2758 3886 vivit,
2785 3833 2877 3887 per
2898 3819 3142 3885 seipsum,
3160 3817 3343 3884 utique
3373 3813 3552 3869 vivere
3573 3813 3777 3868 minime

2238 3907 2434 3978 possit;
2465 3911 2553 3980 qui
2583 3927 2707 3965 vero
2755 3920 2965 3980 pr0pter
3006 3911 3168 3964 alium
3203 3908 3349 3975 vivit,
3383 3909 3494 3976 ipse
3525 3904 3685 3975 magis
3711 3906 3775 3956 vi-

2236 3999 2405 4052 ventis
2456 4014 2608 4053 causa
2639 4001 2837 4053 existit.
2871 4001 3013 4055 διουι
3059 4000 3200 4054 enim
3240 4013 3333 4066 per
3367 3997 3592 4051 viventis
3621 3995 3776 4048 Patris

2235 4075 2539 4142 missio-nem
2573 4090 2767 4141 mundo
2809 4089 3036 4140 innotuit
3079 4087 3266 4151 Filius,
3316 4086 3382 4138 ita
3412 4100 3504 4153 per
3527 4083 3769 4136 viventem

2238 4176 2448 4240 Filium,
2483 4163 2654 4229 Patris
2679 4192 2866 4230 nomen
2899 4176 3094 4229 mnndo
3123 4185 3178 4229 et
3207 4175 3512 4228 bom'nibus
3539 4173 3770 4230 innotuit,

2235 4266 2354 4317 dum
2385 4280 2487 4318 non
2521 4281 2731 4333 propter
2800 4269 3004 4318 l'atretn
3051 4265 3402 4331 semetipsum
3434 4264 3614 4315 vivi-re
3640 4272 3768 4312 00m-

2239 4354 2495 4426 probavi:,
2529 4355 2754 4409 dicendo
2795 4374 2804 4405 :
2839 4354 3028 4406 Notum
3062 4352 3159 4406 feci
3188 4356 3266 4405 eis
3308 4367 3502 4405 nomen
3537 4359 3694 4406 tuum,
3723 4356 3768 4398 et

585 4455 724 4508 hunc
743 4452 1091 4519 eumdemque
1122 4428 1390 4518 pr0pbette
1413 4450 1771 4514 tesrimottium
1801 4444 2125 4516 sequentem,
2160 4440 2207 4497 Ι)
2239 4456 2417 4498 notum
2448 4447 2654 4507 faciam,
2675 4457 2727 4497 et
2750 4443 3073 4497 manifestavi
3101 4456 3290 4494 nomen
3321 4452 3466 4492 tuum
3491 4435 3767 4491 hominibus

579 4561 772 4598 sereno
811 4546 998 4596 mentis
1038 4543 1226 4596 intuitu
1262 4541 1574 4608 investigare
1604 4540 1855 4604 volueris,
1896 4539 2131 4592 invenies

580 4637 774 4690 Filium
803 4652 903 4688 non
935 4649 1262 4702 nuncupasse
1300 4634 1366 4688 ab
1409 4633 1504 4684 hae
1551 4634 1663 4685 lucc
1714 4632 1882 4685 Patris
1924 4631 2133 4698 penitus

580 4727 813 4795 separari
834 4767 846 4785 ,
870 4728 1110 4790 quoniam
1132 4724 1445 4776 cum-solum
1474 4722 1663 4774 Filium
1692 4721 1887 4774 dixerit
1917 4721 1965 4770 iu
1994 4729 2129 4771 terra

584 4834 704 4871 cum
741 4817 1038 4870 hominibus
1067 4824 1453 4877 conversatum,
1493 4813 1695 4864 Patrem
1721 4812 1787 4864 ab
1811 4811 1898 4862 illo
1928 4825 2028 4861 non
2060 4809 2132 4860 Ie-

579 4910 713 4963 cerit
738 4909 992 4960 alienum.

1129 4972 1348 5027 CAPUT
1389 4971 1588 5058 vau.

649 5090 745 5145 Ubi
773 5091 944 5141 dicunt
976 5085 1168 5137 Filium
1197 5094 1249 5136 ut
1282 5082 1483 5136 Patrem
1509 5099 1607 5135 non
1632 5082 1737 5136 ἐπε
1766 5087 2056 5149 perfectum.

645 5205 806 5276 424
839 5203 894 5259 Si
934 5200 1163 5255 dixerint
1207 5196 1346 5266 quod
1388 5194 1640 5264 prepheta
1675 5195 1743 5249 de
1789 5193 1925 5247 Filio
1953 5194 2129 5247 dicere

579 5299 747 5364 putuit
775 5313 789 5347 ;
821 5290 1186 5360 Imperfectum
1230 5302 1404 5340 meum
1431 5285 1675 5338 viderunt
1701 5286 1839 5339 oculi
1870 5286 1963 5348 tui,
1993 5293 2047 5338 et
2078 5286 2126 5337 in

557 5363 711 5439 libro
735 5394 828 5437 tuo
855 5398 1040 5436 omnes
1064 5380 1362 5434 scribentur
1386 5375 1555 5442 (Prol.
1587 5391 1855 5451 cxxxvut,
1885 5377 1994 5443 IS).

648 5476 943 5544 Responsio.
969 5475 1044 5538 Si,
1065 5468 1511 5540 quemadmodum
1531 5466 1660 5518 dixit
1686 5457 2122 5533 Apostolus-lege

582 5568 771 5620 Christi
804 5567 1030 5634 legitime
1083 5562 1303 5616 utereris
1331 5599 1345 5623 ,
1377 5568 1692 5626 agnoseeres
1731 5557 1906 5622 utique
1933 5555 2120 5613 Filium

584 5673 629 5712 Cl
661 5661 944 5723 principem
983 5656 1174 5709 divinis
1207 5638 1413 5706 Litteris
1461 5649 1645 5710 astrui,
1703 5657 1755 5703 et
1807 5648 2119 5715 perlectum,

2243 4535 2415 4603 (loqu.
2464 4551 2592 4598 xvu,
2624 4522 2724 4602 6).¹
2753 4536 2850 4600 Qui
2881 4537 3018 4586 enim
3069 4535 3118 4585 in
3160 4531 3443 4584 revelando
3473 4545 3530 4583 se
3562 4526 3765 4581 invicem

2242 4642 2392 4694 pares
2417 4635 2562 4689 sunt,
2595 4636 2822 4693 P07etllt'd
2859 4631 3037 4692 utique
3067 4624 3294 4690 impares
3350 4634 3470 4674 esse
3517 4635 3614 4672 non
3659 4629 3763 4685 poso

2238 4728 2376 4768 SUIII.
3068 4748 3072 4752 ι

2782 4791 3005 4845 CAI'UT
3047 4789 3228 4844 LXIX.

2349 4905 2442 4958 Ubi
2474 4907 2643 4957 dicunt
2666 4907 2715 4956 in
2746 4903 2876 4957 Filio
2917 4903 3117 4956 Patrem
3149 4903 3304 4970 fuisse
3331 4899 3672 4965 contpositam.

2307 5014 2361 5067 Si
2398 5016 2545 5066 vobis
2572 5015 2806 5066 dixerint
2837 5029 2851 5065 :
2907 5013 2960 5066 Si
2992 5011 3129 5063 Dens
3161 5010 3208 5061 in
3244 5008 3352 5059 Deo
3387 5016 3492 5070 est,
3525 5003 3573 5057 id
3598 5009 3670 5055 est
3694 4996 3760 5049 iu-

2238 5117 2316 5159 tua
2373 5105 2566 5158 Filium
2621 5105 2796 5168 Pater,
2844 5104 2977 5156 alter
3016 5116 3142 5170 ergo
3174 5102 3225 5152 in
3253 5100 3423 5151 altero
3467 5094 3757 5164 compositus

2236 5207 2367 5252 erat.

2313 5291 2610 5356 Responsr'o.
2641 5288 2746 5342 Nos
2798 5299 3005 5356 quoque
3066 5283 3184 5336 ideo
3224 5280 3492 5335 credimus
3519 5281 3568 5334 in
3623 5273 3749 5329 Filio.

2236 5382 2357 5446 quia
2386 5379 2540 5432 Pater
2570 5378 2621 5430 in
2646 5379 2760 5443 ipso
2783 5386 2884 5439 est,
2913 5373 3033 5440 quia
3056 5371 3168 5439 ipse
3195 5370 3266 5423 ait
3291 5387 3302 5420 :
3331 5370 3487 5423 Pater
3520 5371 3571 5421 in
3598 5375 3685 5420 me.
3711 5365 3751 5407 εί

2236 5481 2332 5535 ego
2366 5466 2414 5519 in
2445 5466 2612 5518 .Patre
2642 5463 2820 5533 (Joan.
2853 5479 2906 5528 x,
2938 5461 3048 5528 58).
3086 5460 3211 5513 Item
3244 5458 3409 5512 Paulo
3454 5451 3676 5528 apostolo
3699 5446 3754 5494 οὺ

2239 5556 2337 5610 hoc
2366 5555 2630 5610 credimus
2660 5549 2982 5620 praedicanti,
3015 5551 3133 5618 quia
3163 5549 3272 5616 ipse
3298 5547 3436 5602 dixit
3463 5569 3474 5598 ;
3510 5547 3635 5599 Deus
3660 5540 3753 5589 eral

2237 5650 2287 5703 in
2311 5648 2517 5702 Christo
2543 5646 2791 5701 mundum
2820 5642 3169 5700 reconcilians
3191 5642 3292 5722 sibi
3325 5639 3408 5710 (ll
3444 5640 3562 5694 Cor.
3586 5651 3630 5698 ν,
3658 5629 3747 5694 I9)-
