3856 6222
95 183 187 234 557

1241 175 1504 238 CONTRA
1548 178 1943 234 VARIMADUM
1982 177 2105 234 LIB.
2140 178 2180 232 Ι.

3194 177 3294 231 ’598

93 297 207 348 ideo
229 294 387 348 Isaia:
413 292 683 362 propheL'e
709 290 1061 347 Christianum
1082 293 1541 348 accommodamus
1561 307 1648 344 au-
1682 296 1734 353 Α
1761 292 1942 354 Deum,
1973 305 2076 342 non
2109 289 2273 343 Deum
2297 300 2419 342 ante
2447 287 2693 350 Verbum,
2723 285 2818 340 sed
2847 293 3128 352 utrumque
3143 285 3296 339 simul

91 390 276 444 (litum,
300 385 436 452 quia
463 380 884 447 inseparabiliter
909 382 1068 434 nnitis
1092 382 1375 449 prtedieare
1404 395 1557 433 orsus
1573 388 1656 432 est

90 481 519 532 sacramentum,
550 470 675 521 dum
726 470 780 521 in
823 469 956 524 Filio
1000 470 1206 524 Patrem
1237 483 1445 536 semper
1495 481 1654 520 unum

95 569 251 620 Deum
273 561 458 618 fuisse
485 563 732 625 asseruit,
759 571 950 630 przeter
968 576 1125 630 quem
1148 563 1372 616 alterum
1405 576 1504 614 nou
1537 572 1656 613 esse

95 655 356 721 praedixit.
415 651 473 704 lu
507 665 560 704 te
603 660 685 703 est
713 651 875 714 Deus,
911 650 1006 712 ait,
1045 659 1101 704 et
1145 641 1554 704 nesciebamus:
1600 656 1654 698 ιιι

93 744 226 794 enim
269 740 428 792 Deus
461 737 778 792 seculorum
821 737 1061 792 Salvator
1088 736 1240 802 (Iani.
1295 753 1383 802 ιν,
1424 738 1534 801 Η).
1558 735 1651 786 Sa-

95 833 322 887 lomonis
355 829 528 883 etiam
552 826 843 895 prophetia:
874 823 1075 879 idcirco
1105 825 1461 880 indubitanter
1486 821 1660 877 credi-

97 936 229 984 tuus,
261 917 528 987 quoniam
580 917 634 972 in
679 916 1022 969 tabernaculo
1060 914 1222 986 ‘36
1261 914 1512 982 unigeniti
1543 913 1659 966 Filii

98 1010 256 1062 Deum
279 1008 592 1075 ingenitum
604 1005 925 1074 requievisse
943 1019 1010 1062 eo
1023 1014 1367 1062 annuntiante
1386 1002 1662 1073 cognosci-

98 1112 207 1150 mus
233 1113 248 1148 :
275 1096 391 1163 Qui
421 1095 928 1165 genuit-me,inquit,
947 1095 1212 1163 requievit
1239 1096 1292 1148 in
1316 1092 1662 1149 tabernaculo

99 1202 210 1240 meo
240 1186 448 1256 (Επεὶ.
472 1201 620 1250 xxiv,
651 1184 763 1255 η).
791 1185 931 1240 Deus
957 1185 1136 1253 igitur,
1161 1184 1248 1253 qui
1281 1183 1534 1250 simplicis
1558 1195 1656 1233 ua-

99 1286 219 1329 tum
249 1285 372 1339 est,
407 1275 462 1328 in
489 1275 659 1330 altero
685 1275 1019 1341 compositus
1047 1285 1153 1325 non
1181 1281 1282 1336 est,
1311 1270 1434 1338 quia
1476 1284 1664 1323 secun-

101 1367 217 1433 dum
248 1364 480 1422 deitatis
511 1370 714 1418 natura:
733 1361 1104 1420 substantiam,
1134 1372 1270 1411 unus
1291 1359 1341 1409 in
1364 1358 1497 1410 Filio
1524 1356 1665 1409 Deus

99 1462 194 1514 est,
236 1451 294 1505 in
346 1453 549 1519 quibus
577 1452 736 1503 etiam
766 1450 811 1502 si
835 1448 953 1500 dua:
975 1460 1211 1516 persona:
1240 1454 1294 1498 et
1333 1446 1543 1498 nomina
1574 1445 1667 1498 deo

101 1547 398 1611 signantur,
445 1556 549 1594 una
579 1550 758 1595 tamen
789 1539 843 1592 in
867 1538 948 1593 eis
991 1545 1077 1593 est
1099 1536 1264 1592 divini
1304 1536 1535 1588 nominis
1560 1535 1667 1586 vir-

1755 393 1914 430 unutn
1961 378 2123 430 Deum
2173 379 2224 431 in
2251 386 2446 437 nostra:
2486 375 2626 450 lidei
2660 372 2991 445 professione
3040 373 3296 431 fatemur:

1755 464 1875 532 quin
1909 464 2113 516 Patrem
2139 474 2192 517 et
2218 458 2401 518 Filium
2429 467 2570 519 nulla
2592 464 2660 518 ab
2685 464 2913 517 invicem
2946 461 3198 532 temporis
3222 462 3302 515 in-

1755 555 1971 606 tervalla
2027 552 2350 620 diStinguunt
2396 568 2409 606 :
2445 564 2497 607 et
2537 555 2623 625 ιώί
2673 568 2842 623 neque
2873 563 3102 621 tempus,
3128 568 3302 621 neque

1755 645 1966 709 aliqu-ul
2013 653 2339 695 momentum
2382 645 2630 708 temporis
2663 640 2943 710 invenitur,
2986 646 3058 698 ita
3086 659 3185 699 nec
3208 660 3305 700 an-

1758 736 1922 788 terius
1951 734 2296 801 posterius-ve,
2325 734 2466 800 quod
2492 732 2672 786 dicere
2707 733 2851 786 nefas
2875 742 2980 799 est,
3013 734 3300 790 invenitur.

1758 826 1864 879 Nos
1902 839 2113 894 quoque
2140 824 2349 877 unicum
2377 821 2470 876 Dei
2507 821 2693 876 Filium
2722 836 2828 875 non
2852 823 3021 876 solum
3055 824 3304 890 Verbum,

1758 916 1851 968 sed
1866 925 1921 969 et
1948 915 2281 982 splendorem
2305 913 2664 979 virtutemque
2688 910 2948 977 Patris,et
2973 915 3304 981 sapientiam,

1759 1005 2048 1057 secundum
2103 1003 2398 1059 divinarum
2427 1002 2822 1070 Seripturarum
2867 1001 3074 1070 eloquia
3110 1016 3309 1058 nuncu-

1764 1109 1971 1163 pamus.
2005 1095 2071 1148 Et
2115 1096 2446 1175 sacrilegium
2469 1102 2551 1148 est
2575 1093 2753 1149 dicere
2777 1092 2985 1147 Patrem
3011 1095 3178 1148 lucem
3196 1095 3312 1148 sine

1766 1185 2074 1252 Splendore,
2127 1193 2216 1240 aut
2254 1184 2443 1240 fortem
2470 1184 2587 1238 siue
2621 1184 2834 1245 virtute.
2864 1190 2954 1236 aut
3001 1181 3312 1248 sapientiam

1763 1275 2046 1343 aliquando
2076 1276 2191 1330 sine
2236 1275 2489 1341 sapientia
2517 1289 2611 1328 sua
2652 1274 2834 1337 fuisse,
2884 1274 3034 1341 cujus
3080 1275 3312 1346 perfecta

1765 1363 2016 1417 divinitas
2055 1363 2186 1416 nihil
2234 1363 2300 1416 ad
2347 1361 2724 1430 perfectionem
2764 1377 2911 1416 suam
2955 1350 3312 1417 accidentibus

1767 1454 1926 1506 rebus
1965 1451 2273 1516 assumpsit,
2305 1465 2460 1518 quem
2494 1452 2546 1504 in
2573 1454 2858 1519 semetipso
2886 1453 3155 1508 continere
3196 1468 3313 1523 qum

1767 1556 1862 1595 sua
1896 1549 2038 1604 sunt,
2072 1540 2342 1594 rationalis
2371 1540 2688 1595 universitas
2716 1541 2979 1595 credendo
3025 1549 3310 1610 cognose't.

103 1644 205 1692 ius;
240 1631 509 1698 qumiiam
539 1630 633 1696 qui
680 1637 870 1688 natura
921 1641 1080 1684 unum
1109 1635 1250 1686 sunt,
1283 1624 1560 1676 divinitate
1586 1618 1670 1673 di-
1698 1652 1740 1708 Β
1771 1634 1918 1697 ρειοά
1951 1647 2077 1684 vero
2110 1631 2440 1698 Evangelista
2476 1630 2630 1683 Verbi
2656 1631 3006 1697 appellatione
3035 1633 3107 1684 uti
3136 1633 3315 1701 prlmi-

106 1724 226 1772 versi
251 1733 376 1772 esse
407 1733 514 1771 non
547 1725 790 1784 possunt.

660 1835 885 1891 CAPUT
922 1835 1080 1890 ιιχ.

173 1950 268 2004 Ubi
299 1952 512 2011 dicunt,
541 1947 748 2001 Patrem
787 1963 847 2000 ea:
871 1963 969 2016 quo
996 1948 1185 2026 omnia,
1212 1957 1258 1996 rt
1294 1944 1482 1997 Filium
1509 1956 1595 2012 ριν

712 2033 857 2085 quem
886 2030 1076 2068 omnia.

172 2140 224 2192 Si
265 2147 451 2191 autem
478 2137 714 2190 dixerint
745 2153 758 2188 :
791 2136 845 2190 Si
872 2136 1027 2189 Pater
1055 2143 1108 2188 et
1131 2133 1293 2187 F.lius
1321 2149 1478 2186 unum
1524 2146 1664 2194 sum,

110 2228 374 2296 quomodo
404 2228 560 2280 Pater
591 2228 726 2279 alter
754 2235 835 2278 est
862 2240 926 2278 ex
956 2238 1058 2293 quo
1087 2234 1210 2276 sunt
1234 2225 1429 2286 omnia,
1462 2232 1514 2275 et
1539 2224 1669 2276 alter

115 2320 290 2381 Filius,
318 2335 427 2390 per
453 2334 614 2387 quem
640 2324 766 2372 sunt
788 2314 1008 2370 omnia?

183 2409 488 2477 Responsio.
523 2407 741 2473 Expelle
768 2405 978 2460 tandem
1018 2419 1045 2457 a
1071 2405 1312 2459 sensibus
1341 2404 1440 2457 tuis
1461 2419 1519 2456 ea
1554 2418 1672 2472 qua:

121 2501 202 2554 tibi
237 2515 265 2552 a
297 2502 383 2553 via
425 2499 668 2556 veritatis
710 2498 908 2554 erranti
941 2497 1157 2550 bzrresis
1188 2499 1377 2550 Ariauu
1422 2497 1669 2558 inculcat,

122 2599 169 2640 et
196 2602 491 2657 cognoscas
530 2590 650 2653 quia
696 2569 832 2640 sicut
860 2585 924 2639 de
957 2585 1117 2650 Filio,
1150 2586 1220 2637 ita
1249 2586 1403 2638 etiam
1428 2587 1492 2651 de
1521 2583 1674 2637 Patie

126 2678 309 2730 dictum
340 2679 614 2742 Scriptura
640 2685 821 2733 sancta
851 2685 1251 2740 commemorat,
1290 2675 1536 2742 quoniam
1570 2673 1675 2728 sic-

127 2779 172 2817 ut
201 2781 290 2833 per
330 2767 526 2821 Filium
558 2766 736 2819 omnia
757 2807 771 2827 ,
806 2766 877 2817 ila
908 2779 998 2833 per
1029 2764 1232 2817 Patrem
1266 2765 1507 2817 universa
1560 2776 1676 2816 crc-

129 2858 305 2908 dmlur
334 2870 456 2911 esse
486 2859 742 2924 perlecta.
770 2855 870 2909 Sed
925 2856 967 2908 si
1012 2855 1111 2908 hoc
1140 2857 1398 2907 m‘norem
1430 2853 1565 2906 Patri
1592 2853 1675 2920 ju-

130 2948 260 2996 dicas
294 2946 513 3012 Filium,
545 2946 668 3014 quia
708 2945 842 2997 dixit
876 2945 1159 3009 Apostolus
1189 2961 1201 2995 :
1233 2943 1379 3022 ljnus
1420 2944 1554 2997 Deus
1582 2943 1678 2998 Pa-

132 3044 221 3100 ter,
245 3052 306 3087 ex
351 3051 460 3103 quo
481 3037 678 3098 omnia,
705 3043 757 3091 et
783 3050 919 3087 unus
959 3034 1211 3088 Dominus
1240 3034 1391 3087 .lesus
1414 3032 1675 3098 Christus,

135 3138 214 3190 per
248 3141 403 3192 quem
428 3125 604 3178 omnia
633 3121 686 3194 (1
709 3122 826 3177 Cor.
853 3138 966 3188 vin,
1005 3123 1089 3190 6),
1123 3123 1402 3190 diligenter
1433 3124 1676 3176 universa

137 3227 234 3280 qua
264 3215 327 3266 ab
368 3212 627 3282 Aposmlo
654 3212 795 3265 dicta
822 3221 944 3264 sunt
987 3210 1149 3265 debes
1174 3211 1449 3264 advertere
1475 3228 1488 3263 :
1521 3223 1573 3264 et
1602 3212 1681 3264 iu-

139 3305 295 3354 venies
322 3306 390 3356 eti
411 3318 484 3356 im
521 3303 729 3355 Patrem
759 3301 827 3356 ab
880 3301 1032 3368 hujus
1064 3301 1242 3363 oneris
1292 3296 1680 3368 nuncupatione

139 3391 346 3444 alienum
373 3408 482 3446 non
511 3405 651 3452 esse,
678 3390 866 3445 eodem
907 3388 1159 3459 Apostolo
1190 3391 1522 3444 afui-mante:
1556 3389 1682 3443 Fra-

145 3491 252 3547 tres,
281 3482 439 3546 Dcus,
473 3480 661 3549 inquit,
693 3495 786 3548 per
825 3495 981 3549 quem
1009 3480 1185 3534 voetti
1215 3481 1344 3533 estis
1377 3479 1429 3533 in
1467 3494 1564 3532 una
1592 3493 1684 3546 spe

145 3573 410 3627 Vocationis
453 3583 642 3627 vestre
689 3558 904 3642 (Epeos.
955 3586 1031 3640 tv,
1065 3570 1144 3640 ὁ).
1179 3571 1241 3624 Et
1269 3571 1499 3624 iterum:
1546 3571 1682 3636 Quo-

147 3662 266 3715 niam
318 3680 382 3719 ex
414 3659 554 3734 ipso,
585 3673 640 3718 et
680 3678 772 3730 per
814 3663 984 3731 ipsum
1011 3673 1065 3715 et
1095 3662 1145 3714 iu
1200 3662 1314 3729 ipso
1347 3669 1468 3714 sunt
1509 3663 1685 3713 omnia

149 3752 305 3816 (llam.
335 3768 410 3817 xt,
457 3753 569 3821 56).
615 3753 689 3807 De
723 3766 828 3821 quo
851 3752 952 3804 hoc
981 3751 1177 3803 dictum
1210 3749 1478 3818 opinaris?
1507 3761 1686 3816 quasso

152 3844 386 3903 fﬂspmlde
411 3859 425 3897 :
465 3843 518 3898 Si
557 3842 623 3897 de
655 3840 811 3895 Patre
836 3840 949 3893 haec
977 3840 1102 3892 dicit
1133 3829 1432 3907 Apostolus,
1460 3836 1684 3904 respice.

151 3937 253 3995 quia
276 3947 340 3984 ex
375 3933 512 4000 ipso.
567 3939 622 3984 et
651 3944 742 3998 per
787 3931 978 3996 ipsum,
1007 3937 1062 3980 et
1107 3927 1156 3979 in
1187 3928 1300 3994 ipso
1339 3937 1459 3980 sunt
1489 3925 1685 3979 omnia.

154 4019 200 4069 Si
227 4034 342 4071 vero
383 4021 453 4076 de
484 4020 641 4084 Filio,
671 4018 782 4087 pari
814 4019 971 4071 etlam
1002 4002 1158 4070 modo
1185 4016 1350 4069 debes
1390 4016 1686 4084 advertere,

156 4113 382 4172 ‘luoniam
404 4127 471 4166 ex
501 4113 638 4181 ipso,
660 4119 714 4164 et
737 4125 828 4178 per
851 4110 1045 4178 ipsum,
1072 4112 1127 4162 et
1143 4107 1199 4161 in
1222 4109 1336 4176 ipso
1350 4115 1472 4160 sunt
1492 4108 1687 4158 omnia.

156 4203 455 4270 Quocunque
499 4210 810 4275 argumento
855 4201 1115 4253 unitatem
1143 4198 1313 4251 Patris
1351 4207 1404 4252 et
1435 4197 1553 4250 Filii
1582 4211 1689 4249 ao-

161 4290 299 4345 lueris
330 4295 974 4365 impugnare,sermuuum
1007 4301 1215 4345 tuorum
1244 4289 1520 4346 sententiis
1549 4290 1690 4341 video

162 4379 284 4434 beris
307 4385 603 4452 subjaeere.
1070 4450 1074 4454 η

694 4460 916 4516 CAPUT
955 4458 1134 4513 LXXI.

168 4568 203 4620 (ἶ
210 4571 250 4623 bi
274 4574 437 4628 dicunt
464 4591 484 4629 :
517 4575 578 4629 Si
604 4574 758 4633 Pater
781 4582 828 4627 et
857 4572 901 4625 Γ
905 4573 1024 4626 ilius
1067 4555 1197 4643 unus
1231 4570 1385 4636 Deus,
1411 4586 1525 4643 ergo
1557 4570 1697 4638 prius

567 4643 808 4708 Verbum,
833 4644 882 4696 ei
905 4653 1075 4710 postea
1108 4642 1263 4694 Deus.

227 4749 371 4826 427
394 4755 451 4811 Si
478 4753 571 4807 tibi
595 4752 868 4808 dixerunt:
888 4753 946 4832 Si
967 4751 1116 4806 Pater
1129 4761 1182 4807 et
1199 4750 1530 4804 Filiusunum
1553 4757 1697 4813 sunt,

172 4855 280 4912 (τεῦ
306 4849 444 4910 prius
471 4846 724 4911 Verbum,
755 4854 809 4900 et
842 4855 1025 4913 postea
1080 4845 1217 4898 Deus
1247 4853 1329 4898 est
1355 4832 1690 4910 dictus,'quia

169 4936 396 5002 scrip-um
426 4949 510 4993 est
541 4957 551 4989 :
584 4937 639 4991 ιιι
665 4928 922 5006 principio
951 4946 1064 4991 erat
1093 4937 1350 5004 Verbum,
1383 4946 1437 4989 et
1467 4934 1692 4988 Verbum

171 5034 266 5076 erat
289 5031 413 5092 apud
443 5029 633 5092 Deum,
657 5038 710 5082 et
740 5027 877 5081 Deus
903 5016 1021 5080 erat
1048 5025 1279 5081 Verbum
1308 5023 1499 5106 (Joan1
1516 5039 1555 5089 ι,
1579 5023 1652 5094 l).

234 5114 518 5184 Responsio.
569 5121 624 5175 Si
665 5119 954 5173 secundum
1002 5117 1358 5173 differentiam
1403 5116 1698 5182 catnmunis

178 5215 351 5264 natura:
382 5213 538 5267 Pater
573 5223 629 5266 et
672 5212 837 5266 Filius
862 5226 998 5265 unus
1029 5211 1166 5264 Deus
1204 5225 1308 5264 non
1336 5210 1548 5276 dicitur,
1592 5208 1696 5262 duo

179 5309 283 5363 ergo
319 5316 344 5353 a
391 5307 538 5356 vobis
568 5304 638 5356 dii
672 5311 854 5356 natura
895 5301 1197 5365 dissimiles,
1221 5312 1274 5355 et
1302 5301 1535 5369 potentia
1577 5299 1700 5352 inte-

183 5388 354 5458 qtlales,
382 5395 548 5461 genti]
575 5409 661 5446 um
709 5408 856 5447 more
880 5394 1128 5447 coluntur
1171 5402 1355 5445 contra
1401 5387 1530 5443 illud
1555 5389 1700 5458 quod

183 5468 348 5532 tliCltlm
376 5496 454 5537 est
488 5498 502 5537 :
537 5482 695 5544 Audi,
729 5483 908 5548 Israel,
942 5482 1194 5552 Dominus
1223 5480 1360 5534 Deus
1388 5487 1527 5545 tuus,
1562 5477 1702 5532 Deus

186 5573 298 5624 unus
321 5583 391 5626 est
419 5571 600 5644 (Deut.
637 5573 798 5638 ι·ι,4).
833 5570 938 5626 Nos
957 5570 1154 5626 deinde
1186 5584 1288 5635 non
1325 5568 1552 5624 Verbum
1575 5578 1697 5621 ante

1769 1736 1852 1777 tus
1877 1726 2060 1788 voluit,
2111 1723 2364 1776 unitatem
2417 1709 2707 1776 divinitatis
2756 1722 3050 1777 evidentius
3087 1723 3316 1778 declara-

1769 1816 1842 1871 vit
1884 1833 1896 1865 :
1953 1814 2141 1887 Filium
2179 1823 2304 1866 ante
2332 1812 2543 1866 Patrem
2588 1813 2885 1876 nominans,
2920 1827 3026 1866 non
3071 1816 3319 1880 temporis

1767 1913 1857 1956 aut
1880 1902 2094 1956 honoris
2121 1902 2426 1956 relationem
2452 1902 2723 1970 assignans
2753 1919 2766 1954 :
2799 1902 3042 1971 quoniam
3072 1903 3158 1958 ubi
3195 1903 3321 1958 Ver-

1767 1994 1890 2046 bum
1928 1991 2064 2060 apud
2105 1990 2288 2056 Deum,
2321 2003 2372 2043 et
2403 1989 2539 2044 Deus
2572 1990 2798 2045 Verbum
2838 1989 3002 2046 fuisse
3045 2001 3327 2058 narratur,

1771 2096 1865 2134 nec
1904 2083 2041 2134 Deus
2076 2082 2262 2138 Vetbo.
2292 2098 2386 2132 nec
2417 2081 2642 2134 Verbum
2671 2081 2776 2134 Deo
2806 2086 3152 2150 praeponitur.

2315 2213 2536 2267 CAPUT
2576 2213 2777 2268 LXXII.

1777 2325 1873 2377 Ubi
1902 2322 2070 2387 dicunt
2095 2341 2112 2375 :
2140 2324 2199 2376 Si
2241 2322 2393 2375 Pater
2416 2337 2459 2376 et
2491 2321 2656 2393 Filius
2681 2341 2809 2380 unus
2854 2323 3006 2392 Deus,
3033 2329 3169 2391 prius
3197 2341 3314 2393 ergo

2047 2394 2202 2456 Deus,
2251 2404 2296 2444 et
2338 2402 2508 2462 postea
2555 2392 2708 2446 Pater
2753 2403 2825 2446 est
2862 2397 3053 2445 dictus:

1842 2525 2002 2596 428
2036 2523 2091 2579 Si
2118 2534 2136 2577 t
2160 2523 2212 2578 bi
2237 2523 2460 2580 dixerint
2488 2541 2501 2577 :
2535 2525 2586 2581 Si
2620 2523 2773 2577 Pater
2798 2536 2850 2578 et
2881 2523 3043 2580 Filius
3071 2540 3205 2579 unus
3232 2534 3317 2580 εει

1779 2616 1939 2680 Deus,
1970 2630 2099 2683 ergo
2140 2624 2294 2669 antea
2343 2615 2482 2670 Deus
2511 2625 2623 2668 erat
2648 2622 2703 2668 et
2732 2624 2912 2682 postea
2938 2615 3201 2684 gignendo
3231 2616 3328 2669 Pa-

1780 2717 1857 2758 ter
1885 2713 1964 2757 e~t
1993 2704 2184 2757 dictus.

1850 2798 2144 2865 Responsio.
2177 2797 2230 2854 Si
2260 2811 2387 2864 ergo
2415 2795 2700 2861 secundum
2733 2809 2828 2852 vos
2856 2795 3024 2864 primo
3054 2794 3191 2849 Deus
3220 2797 3329 2850 siu-

1779 2889 2034 2957 gulariter
2063 2884 2420 2946 subsistendo,
2455 2893 2505 2938 et
2537 2892 2714 2952 postra
2747 2883 2902 2940 Pater
2943 2893 3022 2938 est
3043 2884 3211 2937 dictus
3242 2884 3329 2937 Fi-

1710 3008 1753 3066 ρ
1784 2980 1910 3033 lium
1951 2977 2275 3050 generando,
2302 2992 2428 3043 ergo
2472 2976 2645 3041 ipsum
2687 2974 2856 3033 Patris
2905 2989 3092 3047 nomen
3135 2989 3328 3042 nequa-

1783 3084 1939 3135 quam
1964 3080 2068 3123 emt
2093 3078 2366 3128 :rteruum,
2402 3066 2539 3134 quod
2565 3064 2630 3128 ad
2649 3080 2756 3118 sua
2782 3065 3145 3134 appellationis
3169 3081 3328 3119 voea-

1784 3159 1961 3234 bulum
1990 3175 2052 3212 ex
2090 3145 2326 3222 tempore
2351 3158 2579 3231 sumpsit
2616 3155 2842 3213 initium.
2873 3155 2928 3211 Si
2959 3157 3245 3213 secundum
3279 3168 3330 3213 te

1784 3249 1850 3299 ita
1885 3256 1966 3301 est
2008 3245 2273 3301 mutabilis
2312 3257 2366 3298 et
2405 3243 2662 3316 proficiet,
2694 3247 2793 3299 etit
2823 3245 3085 3302 mutabilis
3116 3241 3328 3313 deinde,

1784 3342 1906 3406 quia
1947 3357 2011 3392 ex
2043 3337 2133 3391 Dei
2162 3339 2372 3390 nomine
2417 3338 2468 3390 in
2501 3337 2668 3391 Patris
2693 3341 3131 3406 nun-upationem
3159 3349 3334 3396 trans-

1784 3428 1895 3480 ivit.
1943 3425 2230 3480 Proticiens
2265 3441 2411 3495 ergo,
2440 3425 2560 3494 quia
2589 3440 2706 3479 cum
2737 3440 2794 3480 se
2821 3426 2871 3479 in
2900 3426 2986 3483 Dei
3010 3427 3220 3481 nomine
3245 3442 3336 3496 po-

1787 3517 1944 3569 situm
1977 3517 2150 3569 minus
2203 3515 2493 3585 perfectum
2552 3514 2774 3577 videret,
2827 3516 2890 3568 ad
2921 3515 3184 3570 cumulum
3224 3530 3334 3570 sum

1790 3606 2124 3674 perfectionis
2171 3609 2560 3661 eunlicientium
2613 3605 2768 3676 modo
2796 3605 2966 3662 Palris
2992 3605 3089 3659 sibi
3142 3617 3331 3657 nomen

1788 3695 1938 3762 adjec
1962 3704 2000 3747 t.
2033 3694 2162 3759 Quis
2188 3706 2365 3760 autem
2398 3707 2448 3748 te
2479 3709 2582 3752 non
2614 3693 2806 3757 videat,
2839 3693 2975 3761 quod
3009 3692 3203 3745 ideirco
3238 3693 3336 3745 hoc

1791 3789 1906 3841 loro
1945 3787 2037 3841 illo
2063 3789 2298 3860 A‘postoli
2329 3804 2453 3843 usus
2485 3804 2542 3843 es
2570 3789 2887 3854 testimonio,
2944 3795 2998 3840 ut
3026 3788 3142 3854 quin
3172 3787 3332 3844 divit:

1794 3875 1927 3928 Deus
1947 3885 2000 3929 et
2029 3875 2183 3929 Pater
2203 3876 2408 3930 Domini
2436 3878 2597 3931 nostri
2620 3877 2742 3932 Iesu
2761 3877 2952 3930 Christi
2981 3875 3076 3928 scit
3106 3873 3192 3944 (ll
3214 3865 3333 3928 cui

1793 3977 1850 4026 tt,
1877 3963 1986 4031 5i),
2017 3964 2209 4017 exinde
2236 3974 2286 4018 te
2317 3964 2549 4018 voluisse
2577 3965 2859 4019 ostendere
2882 3966 3184 4034 dgnitatem
3219 3965 3330 4023 Dei.

1792 4054 2104 4109 antecedere
2145 4054 2314 4109 Patris
2340 4054 2619 4124 affertumi
2642 4056 2846 4108 Etliri-t
2869 4058 2971 4122 jam
3012 4056 3232 4122 plurima
3270 4056 3335 4109 de

1792 4162 1875 4209 eo,
1905 4145 2043 4216 quod
2074 4162 2213 4200 nunc
2252 4158 2493 4215 repetere
2522 4149 2755 4212 voluisti,
2787 4149 3027 4216 superius
3057 4149 3194 4202 dicta
3229 4165 3337 4202 nte~

1794 4237 2059 4296 minimus.
2103 4237 2425 4303 superﬂuum
2481 4238 2686 4292 videtur
2721 4255 2778 4294 ea
2828 4240 3016 4296 iterum
3077 4250 3336 4308 repetere,

1721 4357 1769 4414 Β
1794 4339 1908 4393 quae
1938 4326 2099 4379 semel
2133 4325 2270 4378 dicta
2293 4326 2358 4378 ad
2402 4327 2796 4383 instructionem
2828 4329 3106 4395 legentium
3142 4331 3341 4396 possint

1799 4415 2068 4483 prolicere.
2093 4415 2195 4479 Sed
2214 4431 2279 4470 ne
2301 4431 2396 4470 nos
2418 4416 2689 4487 imperitia:
2703 4431 2887 4486 arguas
2905 4418 3166 4486 proposita
3185 4419 3342 4473 decli-

1799 4523 1970 4569 nasse,
2001 4507 2138 4560 scire
2160 4515 2211 4561 te
2234 4509 2480 4561 convenit
2518 4507 2759 4561 eumdem
2786 4506 3078 4576 apostolum
3107 4506 3344 4571 Ephesiis

1797 4599 2239 4669 conscribentem,
2256 4596 2444 4651 Filium
2471 4610 2523 4652 et
2539 4597 2744 4652 Patrem
2764 4597 3000 4665 primitus
3023 4596 3346 4658 nominasse,

1799 4697 1851 4741 et
1879 4697 2055 4753 postea
2087 4687 2297 4741 deitatis
2318 4687 2431 4756 t-jus
2453 4689 2761 4741 vocabulum
2795 4686 3085 4739 indidisse:
3118 4685 3343 4748 Gratias,

1800 4778 1991 4844 inquit,
2021 4787 2238 4846 agentes
2283 4791 2493 4845 semper
2521 4792 2615 4846 pro
2645 4776 2888 4831 omnibus
2921 4777 2970 4828 in
3014 4777 3223 4826 nomine
3253 4773 3347 4824 Do-

1801 4869 1928 4922 mini
1959 4869 2125 4922 nostri
2164 4869 2288 4924 Jesu
2317 4867 2533 4933 Christi,
2566 4867 2704 4922 Patri
2734 4874 2787 4922 et
2817 4867 2925 4920 Deo
2956 4864 3173 4931 subjecti
3213 4861 3345 4914 invi-

1801 4973 1915 5012 cem
1942 4957 1994 5011 in
2025 4957 2214 5012 timore
2257 4957 2450 5011 Christi
2483 4955 2693 5025 (Epiros.
2722 4971 2774 5016 v,
2818 4953 2929 5021 ‘20).
2961 4953 3088 5005 Cum
3121 4964 3246 5018 ergo
3276 4951 3348 5002 vi-

1801 5051 1928 5104 deas
1980 5049 2288 5118 Apostolum
2343 5046 2624 5116 aliquando
2680 5045 2792 5108 Dei,
2844 5040 3120 5110 aliquando
3170 5039 3340 5093 Patris

1800 5140 2152 5208 appellatione
2209 5137 2451 5207 primitus
2488 5136 2585 5202 uti,
2621 5134 2949 5206 apertissime
2995 5131 3148 5183 docet
3183 5128 3348 5182 divini

1808 5229 2118 5298 paternique
2146 5226 2375 5284 nominis
2405 5224 2717 5280 vocabulum
2747 5224 3124 5291 sempiternum
3165 5217 3347 5284 fuisse,

1805 5330 1858 5374 et
1889 5318 2075 5371 Filium
2106 5305 2429 5387 sempiterno
2463 5313 2602 5371 Patri
2637 5321 3112 5382 tonsemptternutn
3134 5321 3276 5376 esse,
3295 5318 3350 5363 et

1805 5427 1926 5468 cum
1947 5410 2134 5467 eodem
2155 5404 2351 5479 jugiter
2379 5419 2709 5481 permanere.
