3856 6222
69 355 170 411 ιυι

1211 349 1480 405 CONTIH
1518 347 1921 403 VARIIIIADUM
1961 347 2086 403 LIB.
2130 349 2190 404 II.

3193 355 3297 412 ιυιι

142 466 467 535 Responsio.
515 463 775 533 Propheta
830 461 941 515 haec
983 460 1184 528 dicens,
1231 477 1338 516 non
1388 462 1643 531 Spiritum
1673 461 1719 518 A
1748 460 2052 528 subjicietur
2078 462 2281 526 alienas,
2315 462 2468 518 Petro
2499 464 2738 533 apostolo
2768 463 3062 520 affirmante
3091 481 3106 518 :
3146 466 3293 522 Nun-

67 566 338 611 sanctum
365 564 666 612 creaturam
727 551 961 606 ostendit
1000 566 1137 615 esse,
1170 553 1262 606 sed
1295 561 1528 614 ventum,
1563 552 1649 620 qui

65 649 118 699 in
151 645 536 700 commotione
581 643 720 696 aeris
767 641 959 709 sai-pius
1003 643 1261 705 exoritur,
1304 655 1460 711 quem
1491 641 1650 696 etiam

66 736 290 805 fulgura
318 745 371 790 et
394 735 622 787 tonitrua
651 733 948 799 przecedere
967 733 1400 801 comprobantur,
1421 732 1650 787 Ieremia

66 829 301 881 dicente
333 842 346 878 :
375 825 608 893 Spiritus
637 825 689 876 in
716 817 857 877 omni
888 827 1101 893 regione
1128 825 1298 893 spirat
1320 823 1371 878 in
1397 825 1650 890 nubibus,

66 918 153 970 cui
212 931 353 970 cum
405 917 720 982 imperatum
762 913 916 980 fuerit
962 915 1326 980 perambulare
1369 931 1461 982 per
1484 923 1650 969 totum

69 1009 297 1071 orbem,
347 1007 554 1076 perficit
578 1006 717 1074 quod
765 1007 1074 1074 imperatum
1106 1015 1208 1069 est,
1250 1006 1456 1076 fulgura
1490 1007 1651 1061 etiam

68 1102 326 1166 desuper
378 1100 562 1165 missa,
613 1108 670 1151 ut
713 1099 1024 1151 cornburant
1089 1106 1297 1152 mentes
1359 1107 1415 1152 et
1468 1097 1650 1164 silvas,

73 1191 290 1244 faciunt
347 1191 487 1260 quod
546 1199 864 1259 przeceptum
935 1199 1018 1247 est
1088 1189 1336 1260 (Boruch.
1394 1205 1486 1256 \‘l,
1536 1190 1648 1256 60).

71 1283 201 1336 llaec
235 1293 424 1336 autem
450 1297 622 1351 neque
649 1282 702 1336 in
732 1283 926 1351 specie,
957 1289 1126 1354 neque
1157 1285 1206 1338 in
1238 1286 1433 1338 virtute
1465 1284 1538 1337 illi
1559 1282 1650 1337 uni

72 1371 350 1439 similam,
385 1372 524 1427 unde
561 1363 730 1442 neque
779 1372 1184 1428 existimandum
1233 1381 1335 1439 est,
1377 1387 1547 1441 neque
1576 1372 1653 1425 di-

72 1464 321 1519 cendum
351 1474 438 1521 est
473 1464 767 1533 illos'deos,
797 1481 915 1521 cum
949 1482 1052 1520 non
1081 1468 1485 1534 possint’neque
1518 1466 1653 1534 judi-

75 1563 221 1611 cium
237 1557 508 1625 judicare,
537 1572 707 1626 neque
724 1557 1024 1612 hominibus
1046 1557 1380 1621 benefacere,
1403 1558 1523 1626 quia
1546 1572 1651 1611 non

75 1656 201 1698 sunt
229 1647 334 1701 dii.
384 1647 452 1702 Et
480 1649 533 1701 in
565 1647 870 1702 Ezechiele:
905 1648 1026 1702 Hinc
1048 1647 1173 1702 dicit
1203 1648 1481 1702 Dominus:
1505 1647 1652 1702 Indu-

77 1752 198 1790 eam
245 1737 500 1806 spiritum
549 1737 889 1791 extollentem
943 1751 1063 1791 cum
1112 1737 1380 1792 iracundia
1415 1753 1548 1801 mea,
1597 1739 1648 1791 in

76 1805 550 1882 consummatione
581 1827 816 1895 peribitis
848 1843 965 1892 vos,
996 1838 1050 1883 et
1075 1843 1232 1897 quem
1273 1829 1533 1882 unxistis:
1570 1844 1654 1884 re-
1686 1805 1728 1864 Β

79 1903 412 1970 vetabuntur
438 1915 778 1970 fundamenta
795 1917 934 1986 ejus,
963 1929 1018 1972 et
1039 1927 1290 1972 corrueut
1308 1917 1520 1989 (Ezeclt.
1539 1934 1650 1984 xui,

87 2008 195 2076 I3).
227 2009 298 2062 Et
324 2008 486 2063 Jonas
519 2009 812 2079 propheta:
847 2008 910 2063 Et
935 2009 1469 2065 Dominussuscita'vit
1496 2010 1654 2079 spirio

83 2109 195 2151 tum
247 2100 491 2166 in’mari,
515 2107 569 2154 et
605 2101 738 2154 facta
763 2109 843 2155 est
881 2109 1164 2178 tempestas
1193 2115 1382 2170 magna
1407 2102 1466 2156 in
1491 2101 1645 2168 mari,

87 2188 155 2241 ita
193 2197 256 2242 ut
317 2188 465 2243 navis
514 2189 809 2256 operiretur
844 2189 1089 2244 ﬂuctibus
1138 2191 1284 2260 (Ion.
1332 2207 1371 2255 I,
1413 2191 1487 2259 4).
1523 2191 1647 2246 Item

85 2279 154 2332 ibi
182 2299 198 2334 :
236 2282 308 2336 Et
326 2282 515 2336 factum
544 2283 596 2336 in
614 2284 843 2338 crastino
866 2285 1070 2338 oriente
1092 2285 1224 2347 sole,
1250 2285 1652 2353 praecepitDeus

89 2371 303 2437 spiritui
336 2373 580 2436 ustionis,
608 2382 661 2425 et
687 2372 942 2441 percussit
973 2373 1049 2427 sol
1078 2387 1238 2440 super
1289 2383 1446 2441 caput
1480 2373 1649 2441 .Ioum,

89 2467 140 2510 et
166 2461 439 2513 :rstuabat
470 2458 616 2530 (Ion.
665 2476 735 2524 tv,
766 2462 843 2527 8).
892 2461 1018 2514 Item
1047 2464 1098 2513 in
1139 2461 1404 2516 Psalmis:
1442 2462 1494 2515 In
1531 2462 1655 2528 Spi-

92 2548 193 2600 ritu
217 2549 452 2604 violento
480 2560 724 2604 conteres
756 2564 914 2605 naves
940 2550 1157 2605 Thai-sis
1186 2550 1356 2621 (Psal.
1392 2566 1550 2616 mu,
1571 2553 1650 2621 8).

94 2634 222 2690 Item
254 2639 324 2692 ibi
367 2655 379 2690 :
415 2638 564 2692 Pluet
607 2654 766 2707 super
792 2649 1094 2709 peccatores
1132 2641 1347 2709 laqueos
1382 2641 1518 2710 ignis
1554 2659 1564 2693 :
1600 2651 1653 2695 et

96 2723 321 2794 Spiritus
369 2729 616 2796 procella:
647 2743 764 2797 pars
807 2730 984 2784 calicis
1016 2727 1223 2785 eorum.
1263 2731 1436 2802 (Psat.
1484 2749 1536 2794 χ,
1567 2734 1642 2801 7).

96 2813 224 2869 Item
271 2819 377 2872 ibi:
411 2818 604 2874 Statuit
629 2820 847 2888 spiritus
873 2822 1138 2888 procellae,
1180 2832 1232 2876 et
1259 2822 1474 2878 exaltati
1517 2835 1641 2878 sunt

99 2904 289 2958 fluctus
308 2906 418 2974 ejus
446 2905 616 2976 (Psal.
650 2922 759 2973 cvi,
778 2908 891 2976 25).
921 2907 1048 2971 [teni
1101 2911 1172 2964 ibi
1198 2928 1210 2962 :
1243 2910 1401 2980 Ignis,
1425 2911 1650 2981 grando,

102 2992 208 3056 nix,
251 2995 467 3062 glacies,
494 2995 711 3065 spiritus
748 2998 1008 3065 procellae,
1041 3015 1157 3067 qua:
1200 2999 1400 3055 faciunt
1433 3004 1652 3058 verbum

101 3083 212 3149 ejus
236 3084 404 3153 (Prol.
438 3102 658 3152 chvui,
696 3086 774 3158 8).
820 3090 948 3142 Nam
973 3091 1093 3160 quia
1124 3102 1333 3146 creator
1357 3102 1437 3148 est
1467 3104 1519 3148 et
1549 3110 1653 3148 non

1752 562 1906 614 quam
1937 548 2161 602 fiumina
2193 551 2481 616 volunlate,
2514 553 2702 622 inquit,
2737 553 3006 622 prophetia
3033 554 3189 607 allata
3217 564 3300 611 est

1750 636 2064 704 aliquando,
2107 639 2199 694 sed
2227 654 2256 693 a
2284 640 2481 708 Spiritu
2510 627 2692 696 saiicto
2721 643 2903 710 repleti
2955 643 3301 712 loquebantur

1754 729 1991 784 homines
2013 729 2096 796 (II
2123 730 2235 786 Pet.
2267 732 2436 801 1,21).
2494 732 2633 791 Etin
2660 734 2974 789 Salomone:
3002 734 3114 786 Non
3143 744 3224 788 est
3248 736 3300 788 in

1753 817 1978 873 hominis
2000 829 2257 890 potestate
2277 821 2492 886 spiritus
2513 831 2567 874 ut
2594 824 2856 890 prohiberi
2880 824 3061 892 possit,
3081 823 3175 877 sed
3205 839 3302 878 nec

1751 896 2027 973 subjicitur
2057 909 2157 974 illi,
2188 912 2433 978 quoniam
2476 914 2711 968 mortalis
2746 924 2826 968 est
2864 915 3051 980 (Eccli.
3083 933 3191 978 vin,
3221 917 3296 981 8).

1749 994 1821 1048 Et
1843 995 1894 1048 in
1921 996 2338 1052 Macbabazorum
2365 1014 2377 1050 :
2400 999 2674 1054 Eliodorus
2695 1012 2868 1055 autem
2889 1003 3026 1071 quod
3050 1013 3307 1058 statuerat

1753 1085 2057 1152 perficiebat
2092 1087 2278 1141 eodem
2332 1088 2447 1140 loco
2497 1102 2614 1141 cum
2659 1089 2968 1143 satellitibus
3013 1078 3122 1144 suis
3166 1093 3305 1143 circa

1752 1173 1993 1225 aerarium
2022 1189 2275 1242 praesens,
2306 1176 2397 1228 sed
2425 1176 2652 1243 Spiritus
2681 1178 3032 1245 omnipotens,
3057 1189 3108 1232 et
3135 1181 3307 1232 omnis

1755 1265 2024 1328 potestatis
2063 1279 2302 1334 magnam
2335 1266 2457 1322 fecit
2498 1269 2824 1323 ascensionis
2863 1270 3175 1324 evidentiam
3220 1269 3305 1340 (If

1754 1350 1925 1405 Maeli.
1960 1369 2035 1414 ιιι,
2063 1353 2174 1423 25).
2213 1356 2268 1410 Si
2299 1356 2440 1409 enim
2469 1371 2617 1410 mens
2648 1369 2818 1412 chtra
2853 1358 3084 1412 interiori
3114 1360 3309 1414 lumine

1753 1441 2087 1509 lustrari-tur,
2119 1460 2384 1514 nunquam
2427 1461 2455 1499 a
2488 1447 2636 1501 vobis
2668 1448 2732 1502 de
2758 1449 2984 1518 Spiritus
3014 1450 3179 1504 sancti
3221 1466 3309 1518 po-

1752 1535 1912 1588 tentia
1944 1535 2060 1589 talia
2101 1535 2462 1604 proferrentur
2493 1555 2508 1594 :
2536 1541 2778 1608 quoniam
2808 1542 2892 1609 qui
2923 1541 3222 1611 pr0phctas,
3253 1551 3310 1595 ut

1753 1640 1972 1682 ventura
2022 1630 2400 1698 pricdicarent,
2458 1633 2653 1687 virtute
2707 1635 2913 1704 propria
2971 1634 3307 1704 adimplcvit,

1754 1723 2022 1790 prophetis
2052 1720 2230 1792 utique
2256 1723 2523 1792 subjectus
2547 1739 2665 1778 esse
2695 1740 2796 1779 non
2830 1727 3016 1794 potuit.

2373 1831 2595 1886 CAPUT
2634 1831 2697 1884 V.

1760 1917 1856 1973 Ubi
1886 1920 2083 1985 dicunt,
2113 1919 2363 1990 Spiritum
2390 1931 2617 2042 sanguini
2643 1921 2698 2003 in
2732 1925 3087 1990 perscrutanda
3124 1925 3311 1978 nescire

2130 2012 2140 2020 -
2347 2006 2458 2042 om
2534 2007 2579 2042 et
2610 2000 2728 2042 sint.

2130 2012 2140 2020 -
2347 2006 2458 2059 qua:
2486 2000 2579 2043 Det
2610 2000 2728 2044 sint.

1820 2076 1981 2149 434
2017 2077 2074 2134 Si
2101 2078 2192 2134 tibi
2223 2070 2453 2134 dixerint
2487 2095 2501 2133 :
2545 2080 2667 2135 Ideo
2693 2081 2918 2148 Spiritus
2952 2063 3163 2138 sanctus
3197 2098 3312 2151 per-

1752 2175 2014 2220 scrutatur
2038 2182 2226 2222 arcana
2247 2210 2261 2233 ,
2299 2171 2416 2239 quia
2447 2171 2586 2240 quod
2618 2181 2826 2226 certum
2851 2183 2930 2227 est
2963 2171 3186 2240 nesciat,
3219 2177 3312 2230 Sed

1753 2257 1890 2325 thod
1922 2258 2096 2312 minus
2121 2260 2288 2322 novit,
2316 2262 2603 2316 scrutando
2629 2278 2784 2319 nosse
2811 2265 3093 2320 desiderat.

1824 2346 2122 2417 Responsio.
2167 2350 2394 2418 Spiritus
2431 2361 2645 2406 sanctus
2685 2354 2736 2406 in
2778 2356 3170 2422 perscrutandis
3197 2373 3314 2426 qua:

1755 2438 1846 2492 Dei
1879 2451 2032 2502 sunt,
2063 2441 2201 2494 Patri
2233 2444 2314 2496 vvl
2343 2442 2480 2496 Filio
2512 2443 2729 2499 inferior
2760 2462 2862 2498 non
2895 2447 3162 2516 probatur,
3195 2449 3314 2516 quia

1755 2536 1808 2579 et
1837 2528 1946 2594 ipsa
1974 2529 2224 2583 divinitas
2252 2531 2374 2584 dum
2403 2547 2464 2586 ea
2494 2548 2610 2601 qua:
2638 2544 2757 2595 sunt
2782 2536 3005 2603 Spiritus
3032 2539 3110 2590 sui
3163 2554 3313 2590 scru-

1758 2627 1915 2681 tatur,
1947 2636 1975 2672 a
2012 2621 2158 2676 nullo
2188 2619 2607 2677 Christianorum
2642 2624 2864 2678 inferior
2889 2636 3070 2681 sancto
3097 2629 3317 2694 Spiritui

1752 2708 2050 2778 judicatur,
2083 2711 2346 2780 Propheta
2383 2712 2590 2767 dicente
2633 2730 2646 2768 :
2693 2715 2971 2769 Meditatus
3016 2732 3132 2770 sum
3167 2715 3319 2774 nocte

1756 2813 1874 2851 cum
1908 2800 2071 2854 corde
2103 2788 2254 2867 meo,
2291 2803 2645 2857 exercitabam
2676 2812 2730 2858 et
2769 2807 3139 2874 perscrutabar
3161 2802 3320 2872 ‘spiri-

1757 2895 1866 2941 tum
1893 2903 2067 2944 meum
2095 2887 2265 2957 (Psal.
2293 2906 2468 2956 Lxxvi,
2489 2891 2571 2961 7).,
2601 2891 2667 2945 Et
2698 2893 2976 2959 Apostolus
3001 2910 3014 2946 :
3039 2894 3202 2949 Nemo
3223 2897 3321 2950 scit

1756 2989 1874 3043 quas
1912 2985 2038 3030 sunt
2075 2976 2301 3031 hominis
2345 2978 2448 3033 nisi
2487 2979 2704 3047 spiritus
2740 2980 2966 3035 hominis
3003 2985 3088 3050 qui
3122 2983 3173 3035 in
3207 2985 3321 3051 ipso

1757 3068 1885 3116 est.‘
1911 3061 1985 3117 Ita
2024 3078 2142 3133 quae
2169 3064 2264 3118 Dei
2304 3075 2427 3120 sunt
2456 3083 2611 3121 nemo
2647 3069 2793 3122 novit
2828 3069 2927 3124 nisi
2961 3071 3186 3139 Spiritus
3229 3075 3319 3128 Dei

106 3148 356 3242 creatura,
389 3188 445 3231 ut
479 3193 569 3232 vos
591 3148 764 3233 dicitis
791 3217 807 3244 ,
837 3148 1065 3249 Spiritus
1092 3192 1331 3247 sanctus,
1365 3184 1463 3237 hoc
1496 3186 1654 3239 modo
1678 3156 1723 3218 c
1758 3148 1808 3249 ς]
1832 3149 1950 3249 9m
1975 3167 2032 3218 "’
2053 3152 2161 3223 “)°
2189 3154 2346 3220 Audi’
2380 3154 2646 3249 Imrelice’
2670 3158 2914 3249 quoniam
2937 3175 3050 3227 qm”
3078 3160 3165 3214 Dei
3197 3173 3319 3220 ⁵¹¹¹¹ί

105 3266 337 3334 docetur,
373 3269 534 3323 David
567 3271 821 3340 propheta
864 3272 1073 3327 dicente
1103 3291 1116 3326 :
1146 3275 1370 3330 Auferes
1413 3277 1656 3344 spiritum

109 3370 280 3410 eorum
309 3367 360 3412 et
385 3359 658 3424 deficient,
705 3349 917 3416 emittes
953 3364 1206 3429 Spiritum
1243 3373 1387 3420 tuum
1417 3376 1472 3421 et
1505 3383 1659 3423 crea-

114 3446 299 3501 buntur
333 3448 505 3517 (Psal.
536 3465 651 3515 cui,
679 3450 789 3520 29).
819 3451 946 3507 Item
977 3452 1134 3524 433
1167 3456 1312 3523 ipse:
1349 3457 1527 3512 Verbo
1558 3460 1660 3514 Do-

113 3536 226 3589 mini
279 3539 398 3593 cteli
456 3538 646 3594 firmati
697 3550 839 3606 sunt,
880 3552 936 3597 et
973 3547 1167 3611 Spiritu
1199 3547 1306 3601 oris
1335 3549 1452 3617 ejus
1488 3551 1659 3605 omnis

111 3625 263 3681 virtus
292 3643 474 3683 eorum
511 3629 682 3698 (Psal.
711 3647 876 3697 χχχιι,
900 3633 980 3703 6).
1013 3635 1076 3687 Et
1099 3637 1149 3688 in
1184 3637 1319 3691 libro
1347 3653 1654 3696 sermonum

111 3715 237 3770 .lob:
271 3719 498 3788 Spiritus
523 3721 733 3799 divinus
762 3733 843 3778 est
880 3726 968 3794 qui
999 3725 1125 3782 fecit
1166 3744 1251 3783 me
1291 3729 1431 3799 (Job.
1468 3747 1657 3797 χχχιιι,

111 3805 180 3873 ι).
213 3809 273 3863 Et
293 3811 345 3864 in
375 3797 581 3878 cantico
609 3812 786 3868 Judith
811 3832 826 3868 ε
849 3815 966 3870 Tibi
999 3818 1197 3872 serviat
1222 3797 1396 3875 omnis
1418 3835 1659 3877 creatura

113 3905 210 3964 tua,
230 3901 473 3980 quoniam
506 3911 559 3956 tu
577 3903 836 3958 mandasti
867 3914 920 3959 et
944 3917 1124 3961 creata
1148 3918 1288 3973 sunt,
1325 3912 1518 3965 misisti
1543 3913 1660 3980 Spi-

113 3987 252 4040 ritum
275 3976 440 4054 tuum,
472 3997 528 4044 et
547 3989 803 4047 :edificau
827 4004 949 4047 sunt
979 3993 1207 4064 (Judith.
1245 4014 1353 4062 xvr,
1385 3998 1491 4065 I7).
1522 3976 1655 4058 Etin

110 4076 414 4134 Salomone:
471 4080 536 4134 Et
593 4081 752 4148 vidit,
792 4092 846 4137 et
876 4088 1193 4152 numeravit,
1245 4098 1297 4142 et
1328 4105 1540 4144 mensus
1575 4103 1658 4147 est

113 4169 291 4230 omnia,
316 4172 498 4238 etipse
520 4172 721 4225 creavit
758 4187 820 4227 ea
852 4189 944 4242 per
971 4175 1232 4251 Spiritum
1269 4189 1533 4247 sanctum,
1564 4184 1652 4253 qui

113 4271 301 4314 creator
326 4274 403 4317 est
430 4272 486 4319 et
524 4263 741 4318 effector
768 4265 946 4334 operis
974 4268 1055 4321 sui
1084 4269 1270 4338 (Eccti.
1309 4288 1348 4337 I,
1377 4273 1454 4341 9),
1494 4274 1544 4328 id
1576 4282 1658 4330 est

114 4361 349 4407 ereaturae
374 4370 403 4407 a
433 4370 492 4409 se
521 4354 671 4411 facta:
700 4372 806 4411 non
837 4367 1012 4426 potest
1036 4365 1352 4430 comparari,
1383 4367 1463 4420 vel
1489 4369 1651 4423 etiam

114 4439 280 4497 similis
301 4444 549 4512 judicari.
1291 4458 1297 4464 ’

702 4541 925 4599 CAPUT
962 4544 1048 4600 IV.

117 4642 199 4700 Ubi
234 4650 402 4703 dicunt
441 4649 690 4722 Spiritum
729 4663 954 4734 sanetum
997 4658 1250 4726 praphetrs
1288 4662 1441 4729 [insse
1479 4664 1649 4734 subje-

799 4733 951 4778 ctum.

171 4828 218 4884 Si
248 4833 338 4886 tibi
364 4833 594 4889 dixerint
639 4835 766 4890 illud
805 4838 943 4907 quod
975 4841 1225 4910 scriptum
1260 4854 1343 4899 est
1379 4863 1391 4897 :
1424 4847 1651 4916 Spiritus

117 4928 466 4994 prophetarum
492 4928 763 4998 prophetis
784 4932 1051 4999 subjectus
1079 4943 1164 4990 est
1185 4936 1233 5005 (1
1254 4935 1370 4991 Cor.
1403 4944 1650 5013 x1v,r52).

175 5014 456 5086 Responsio.
531 5017 757 5087 Spiritus
799 5023 1174 5089 prophetarum
1208 5025 1427 5094 Spiritui
1471 5043 1654 5087 sancto

117 5105 382 5177 aulijicitur,
406 5124 512 5163 non
536 5119 711 5164 autem
733 5110 963 5180 Spiritus
983 5125 1215 5187 sanctus,
1240 5135 1342 5188 quo
1365 5122 1650 5181 inundante

117 5202 461 5267 prophetarum
506 5204 722 5274 spiritus
763 5205 1092 5274 loquebatur,
1129 5209 1291 5265 David
1339 5212 1391 5266 in
1431 5213 1653 5270 Psalmis

116 5303 344 5352 canente:
366 5297 591 5352 Audiam
619 5298 746 5368 quid
773 5299 1018 5368 loquetur
1047 5301 1098 5355 in
1131 5318 1214 5358 me
1237 5304 1490 5359 Dominus
1517 5307 1653 5362 Deus

116 5378 257 5443 (Prol.
285 5402 460 5454 xxxrv,
488 5388 564 5460 9).
589 5388 830 5458 Nunquid
863 5390 907 5444 is
926 5391 1017 5459 qui
1047 5406 1076 5444 a
1101 5394 1354 5461 propheta
1383 5396 1465 5449 vel
1491 5397 1648 5451 etiam

118 5476 324 5534 apostolo
354 5477 490 5532 Deus
519 5489 574 5532 et
602 5479 855 5535 Dominus
886 5489 1238 5549 nuncupatur,
1269 5485 1474 5539 sublata
1505 5497 1652 5554 pote-

119 5569 222 5617 state
273 5569 500 5635 proprire
543 5571 922 5627 dominationis
975 5573 1286 5642 subjicietur
1326 5579 1652 5647 'prOphetis‘l

121 5649 257 5720 Absit,
289 5658 535 5726 quoniam
572 5661 658 5728 qui
695 5662 832 5717 dona
860 5662 1243 5719 charismatum
1274 5669 1528 5736 apostolis
1568 5672 1648 5725 vel

121 5745 354 5813 Prlvplietis
393 5750 604 5821 prapria
651 5754 873 5807 contulit
910 5762 1200 5821 potestate,
1249 5767 1481 5827 potestat
1546 5779 1651 5818 non

1758 3239 1985 3308 Spiritus
2010 3253 2224 3298 sanctus
2254 3260 2356 3299 non
2386 3246 2610 3315 ignorat,
2643 3248 2734 3302 sed
2769 3250 2934 3318 magis
2962 3253 3197 3304 notitiam
3228 3255 3319 3310 Dei

1758 3344 1912 3397 quam
1945 3331 2056 3400 ipse
2085 3333 2392 3402 Spiritaliter
2436 3336 2610 3401 novit,
2641 3336 2740 3393 sibi
2772 3339 3112 3394 credentibus
3149 3344 3318 3396 mani-

1759 3423 1944 3478 I'estat.
2750 3474 2753 3478 .

2373 3519 2596 3576 CAPUT
2637 3521 2718 3576 VI.

1763 3605 1860 3659 Ubi
1888 3607 2069 3659 dicitur
2099 3623 2118 3662 :
2146 3607 2244 3662 Ille
2273 3626 2348 3663 me
2380 3591 2698 3679 gloriﬁcabit,
2725 3613 2841 3678 quia
2867 3614 2926 3666 de
2958 3631 3065 3667 meo
3087 3617 3317 3685 accipiet.
3393 3684 3401 3695 1

1830 3694 1887 3749 Si
1947 3696 2039 3748 t.bi
2082 3696 2312 3750 dixerint
2366 3697 2505 3766 quod
2547 3699 2612 3753 de
2662 3698 2857 3768 Spiritu
2897 3712 3078 3757 sancto
3128 3704 3322 3760 dixerit

1763 3782 1927 3836 Filius
1967 3801 1980 3836 :
2021 3783 2110 3838 Ille
2149 3799 2234 3840 me
2271 3786 2602 3856 glorificabit,
2659 3792 2782 3858 quia
2830 3791 2895 3847 de
2933 3807 3052 3847 meo
3100 3796 3323 3864 accipiet

1763 3868 1936 3942 (Joau.
1964 3887 2077 3938 χνι,
2108 3872 2215 3941 14).

1830 3959 2136 4028 Responsio.
2202 3960 2433 4030 Spiritus
2470 3963 2638 4018 sancti
2678 3968 2906 4034 potentia
2946 3969 2989 4023 si
3029 3971 3200 4038 qualis
3238 3973 3320 4028 vel

1758 4058 1949 4116 quanta
1971 4050 2038 4103 sit
2063 4050 2222 4106 vultis
2247 4066 2556 4118 agnoscere,
2577 4069 2642 4108 ex
2666 4058 2887 4122 apostoli
2912 4058 3058 4111 Pauli
3082 4060 3322 4117 doctrine

1758 4139 1976 4205 potestis
2006 4142 2250 4194 universa
2287 4143 2630 4208 condiscere,
2678 4147 2792 4213 ipso
2820 4148 3027 4204 dicente
3062 4168 3072 4202 :
3113 4151 3320 4207 Unicui-

1757 4241 1856 4294 que
1878 4227 2052 4293 datur,
2075 4230 2263 4298 inquit,
2289 4232 2644 4288 manifestatio
2671 4236 2885 4304 spiritus
2914 4239 2976 4292 ad
3009 4241 3317 4294 utilitatem;

1755 4315 1842 4369 alii
1869 4317 2079 4384 quidem
2110 4319 2265 4373 datur
2296 4334 2388 4387 per
2416 4323 2657 4389 spiritum
2688 4341 2863 4379 sermo
2898 4330 3190 4396 sapientiai,
3223 4330 3312 4384 alii

1755 4419 1932 4460 sermo
1968 4409 2202 4463 scientiae
2243 4411 2531 4465 secundum
2572 4414 2815 4469 eumdem
2859 4417 3130 4485 spiritum,
3172 4419 3323 4474 alteri
3400 4402 3408 4406 ’

1756 4496 1886 4551 ﬁdes
1916 4497 1967 4551 in
1992 4498 2234 4552 eumdem
2266 4499 2528 4569 Spiritum,
2555 4502 2642 4556 alii
2665 4503 2881 4558 donatio
2910 4508 3240 4561 curationum
3271 4509 3322 4563 in

1679 4605 1730 4665 ῃ
1757 4603 1862 4642 uno
1886 4589 2095 4656 Spiritu,
2128 4590 2215 4644 alii
2243 4578 2581 4659 operationes
2609 4595 2882 4659 virtutum,
2911 4598 2996 4651 alii
3023 4599 3319 4666 prOphetia,

1755 4679 1838 4733 alii
1862 4679 2167 4747 dijudicat'zo
2189 4681 2424 4750 spiritus,
2450 4685 2535 4736 alii
2564 4700 2754 4753 genera
2780 4687 3094 4757 linguarum,
3125 4690 3210 4743 alii
3235 4689 3315 4744 iu-

1755 4770 2059 4837 terpretatio
2079 4785 2383 4825 sermonum
2408 4771 2459 4840 (I
2486 4772 2601 4827 Cor.
2627 4789 2722 4842 χιι,
2748 4777 2823 4844 7).
2853 4778 3035 4832 Omnia
3063 4778 3173 4832 hinc
3194 4795 3322 4848 ope-

1754 4869 1899 4913 ratur
1930 4875 2063 4913 unus
2095 4869 2252 4930 atque
2282 4862 2417 4916 idem
2451 4864 2688 4933 spiritus,
2719 4867 2967 4922 dividens
3003 4869 3163 4940 [‘35
3201 4886 3322 4937 pro-

1756 4953 1866 5019 pria
1906 4952 2126 5019 singulis
2166 4963 2321 5021 prout
2359 4956 2466 5009 vult
2505 4955 2691 5022 (Ibid.,
2721 4957 2826 5028 II).
2867 4960 2934 5012 Et
2973 4961 3226 5015 Dominus
3263 4962 3317 5017 in

1759 5042 2043 5110 Evangelio
2077 5060 2089 5095 :
2123 5043 2298 5099 Nolite
2343 5047 2552 5113 mirari,
2602 5047 2789 5117 inquit,
2832 5051 2952 5119 quia
2993 5052 3098 5105 dixi
3148 5052 3318 5118 vobis,

1757 5141 1968 5198 Oportet
1997 5147 2090 5186 vos
2119 5133 2291 5188 denuo
2330 5138 2471 5189 nasci
2495 5178 2509 5202 ,
2542 5137 2660 5209 quia
2691 5139 2908 5204 spiritus
2937 5141 3022 5194 ubi
3051 5141 3160 5193 vult
3210 5145 3318 5210 spi-

1759 5229 1859 5285 rat,
1890 5230 1944 5275 et
1970 5237 2154 5276 vocem
2184 5223 2298 5289 ejus
2327 5225 2508 5289 audis,
2539 5227 2629 5280 sed
2663 5229 2831 5282 nescis
2871 5229 3008 5284 unde
3042 5230 3218 5283 veniat
3269 5239 3324 5285 et

1759 5330 1862 5384 quo
1884 5314 2041 5367 vadat
2068 5313 2242 5382 (Joan.
2267 5332 2348 5381 ιιι,
2373 5319 2450 5386 7).
2479 5318 2542 5371 Et
2566 5321 2882 5386 Apostolus:
2906 5322 2958 5375 Si
2981 5323 3117 5375 cnim
3145 5338 3322 5378 sermo
3360 5318 3369 5324 ’

1755 5404 1841 5474 qui
1873 5419 1965 5472 per
1986 5406 2200 5474 angelos
2223 5407 2394 5461 dictus
2415 5418 2515 5475 est,
2544 5411 2710 5465 lactus
2737 5421 2816 5465 est
2843 5412 3043 5475 firmus,
3065 5424 3117 5466 et
3145 5417 3320 5471 omnis

1758 5495 2204 5564 prrevaricatio‘et.
2236 5497 2590 5552 inobedientia
2629 5502 2824 5568 ju5tam
2867 5503 3059 5568 accipit
3095 5504 3324 5573 retribu-

1756 5585 1914 5638 tionis
1960 5586 2282 5653 mcrcedem,
2335 5590 2599 5655 quomodo
2638 5605 2732 5642 nos
2777 5591 3086 5660 effugiemus
3119 5604 3317 5652 tantam

1755 5673 2080 5742 negligentes
2122 5675 2343 5729 salutem
2372 5676 2554 5750 (Hebr.
2588 5694 2645 5744 ιι,
2675 5679 2730 5746 2)
2755 5679 2775 5732 ?
2802 5681 2930 5746 Quae
2953 5697 3070 5736 cum
3119 5683 3326 5740 initium

1754 5766 2046 5833 accepisset
2091 5774 2145 5820 ut
2189 5777 2494 5822 narraretur
2535 5783 2626 5838 per
2656 5769 2967 5842 Dominum,
3017 5776 3081 5832 ab
3121 5774 3320 5848 iisqui
