3856 6222
616 338 684 393 05
1793 335 2017 391 VIGIL‘II
2057 334 2141 390 ΤΑ
2151 332 2424 392 PSENSIS

3734 347 3798 395 tu
3809 347 3828 399 t

581 458 860 511 audierunt
902 455 957 509 in
997 454 1145 509 nobis
1181 453 1488 508 conﬁrmata
1530 463 1637 517 est,
1670 459 2002 506 contestante
2032 451 2142 505 Deo
2171 456 2218 516 Α
2252 454 2445 508 Paulus
2474 461 2649 507 autem
2681 457 2914 522 repletus
2944 419 3142 526 Spiritu
3181 468 3387 524 saneto,
3437 463 3738 518 intendens
3782 484 3825 516 1-:

581 547 764 614 signis,
787 556 841 600 et
863 543 1125 614 prodigiis,
1149 544 1613 617 variis.virtutitnq
1654 550 1709 598 et
1723 542 1949 611 Spiritus
1968 543 2136 596 sancti

581 638 924 692 dvisionibm
953 635 1239 692 secundum
1277 651 1427 688 suam
1461 643 1799 688 voluntatem.
1851 631 1982 686 Cum
2010 648 2137 703 ergo

585 743 689 780 non
716 727 919 782 nescias
942 725 1195 795 Spiritum
1215 738 1456 780 sanctum
1477 727 1613 778 dona
1634 724 1876 793 superius
1897 738 2139 791 compre-

587 816 747 869 hensa
776 817 982 885 propria
1019 815 1290 872 voluntate
1325 817 1544 886 singulis
1580 817 1689 870 suis
1715 829 1843 869 esse
1863 816 2136 882 partitum,

585 908 848 980 quoumdo
875 924 994 964 eum
1021 911 1215 965 astruis
1244 912 1356 966 hcce
1393 913 1567 965 omnia
1609 918 1854 978 tanquam
1886 909 2016 963 nihil
2048 909 2145 978 lia:

587 1003 796 1058 hentem
834 1017 861 1056 a
894 1002 1026 1057 Filio
1064 1005 1363 1072 accepisse,
1411 1004 1497 1072 qui
1542 1011 1596 1058 et
1641 1001 1812 1069 ipsum
1854 1002 2134 1056 Dominum

585 1092 748 1156 misit,
774 1101 828 1147 ct
854 1094 1160 1162 prophetas,
1191 1104 1346 1163 atque
1387 1095 1654 1164 apostolos
1698 1078 1792 1146 sua
1824 1085 2015 1148 virtute
2054 1108 2136 1147 re-

585 1183 804 1250 pleverit
819 1182 842 1233 ?

1173 1273 1395 1330 CAPUT
1438 1274 1541 1328 VII.

588 1382 684 1436 Ubi
703 1385 875 1437 dicunt
894 1385 1138 1449 Spiritum
1155 1397 1382 1506 sanguen
1403 1396 1519 1438 ante
1539 1395 1762 1454 tempore
1787 1403 1817 1435 α
1837 1403 1890 1438 sc
1913 1401 2011 1438 non
2033 1402 2140 1437 esse

1293 1466 1484 1506 attint.

1293 1466 1484 1507 cntum.

651 1570 707 1623 Si
738 1569 968 1623 dixerint
995 1569 1066 1623 de
1084 1568 1283 1636 Spiritu
1310 1578 1526 1627 sancto,
1573 1569 1710 1636 quod
1741 1585 1846 1621 non
1876 1585 1904 1619 τι
1935 1578 2130 1621 semct-

585 1664 698 1729 ipso
741 1661 942 1715 locutus
983 1663 1091 1729 sit,
1133 1663 1227 1716 sed
1265 1676 1383 1731 qua:
1421 1662 1622 1715 audivit
1663 1675 1694 1714 a
1733 1661 1885 1723 Filio.
1924 1661 2138 1726 protulit
2171 1699 2177 1704 η

586 1750 761 1822 (latin.
785 1768 893 1815 xvr,
923 1751 1034 1820 I3).

659 1841 953 1910 Rt'spousio.
984 1841 1088 1894 Nos
1114 1842 1290 1910 igitur,
1315 1856 1384 1910 qu

583 1943 634 1986 et
666 1932 938 1996 Dominum
964 1931 1293 1993 conﬁtemur,
1318 1945 1436 1984 .‘non
1474 1931 1712 1998 jnSsione
1757 1932 1994 1995 alteriue,
2042 1932 2132 1982 sed

585 2031 844 2089 potestate
873 2007 1079 2088 propria
1121 2021 1448 2074 ostendimus
1480 2019 1641 2073 fuisse
1671 2020 1901 2073 locutum
1921 2061 1938 2084 ,
1971 2021 2133 2073 Paulo

583 2109 822 2176 apostolo
844 2110 1058 2162 doctore
1074 2111 1310 2176 gentium
1332 2117 1630 2161 attestante.
1657 2107 2012 2170 Emulamini,
2037 2123 2066 2159 a
2092 2118 2130 2169 t,

581 2201 836 2269 spiritalia
859 2201 1013 2265 dona,
1039 2217 1103 2253 in:
1121 2201 1201 2269 gis
1223 2209 1397 2252 autem
1423 2207 1478 2251 ut
1502 2197 1846 2266 prephi-tetis,
1872 2197 1968 2264 Qui
1990 2199 2130 2251 enim

582 2293 810 2360 loquitur
852 2292 1046 2360 lingua,
1079 2305 1183 2342 non
1229 2287 1530 2342 hominibus
1575 2287 1824 2356 loquitur,
1868 2288 1959 2340 sed
1991 2287 2130 2349 Deo;

581 2396 737 2435 nemo
773 2381 911 2434 enim
943 2379 1088 2432 audit
1121 2395 1136 2430 :
1181 2379 1399 2446 spiritus
1436 2378 1577 2431 enim
1623 2376 1857 2442 loquitur
1885 2389 2072 2443 tuystei
2087 2377 2133 2426 ia

583 2471 632 2537 (Ι
662 2471 783 2525 Cor.
811 2486 916 2535 xtv,
950 2469 1021 2537 l).
1077 2469 1140 2522 Et
1186 2468 1439 2521 Dominus
1481 2467 1757 2534 discipulis
1792 2466 1925 2520 dixit
1958 2485 1970 2517 :
1999 2464 2131 2517 Cum

583 2548 895 2618 tradiderint
923 2576 1036 2624 vos,
1066 2561 1227 2612 nolite
1252 2557 1482 2626 cogitare
1507 2557 1630 2621 quid
1657 2555 1961 2624 loquamini,
1988 2555 2134 2607 dabi-

583 2666 668 2707 tur
688 2653 827 2719 euitn
853 2653 999 2705 vobis
1029 2652 1082 2704 in
1109 2650 1194 2702 illa
1222 2649 1345 2701 hora
1368 2647 1491 2716 quid
1514 2648 1720 2708 dicatis;
1745 2662 1848 2699 non
1871 2648 2010 2699 enim
2040 2661 2131 2698 vos

578 2743 718 2797 estis-
735 2743 821 2812 qtti
855 2740 1149 2809 loquimini,
1177 2741 1272 2792 sed
1301 2738 1517 2805 spiritus
1546 2737 1716 2790 Patris
1745 2737 1904 2790 vestri
1933 2739 2020 2804 qui
2055 2737 2132 2789 lo-

577 2834 754 2902 quitur
776 2833 826 2884 in
848 2832 997 2884 vobis
1018 2829 1225 2898 (Haut.
1251 2845 1306 2892 ι,
1329 2829 1438 2897 I9).
1471 2828 1530 2880 Et
1551 2826 1758 2882 Marcus
1775 2828 2122 2895 cvangefista:

576 2922 705 2976 Cum
734 2922 980 2975 duxerint
1007 2933 1098 2973 vos
1126 2919 1412 2984 trad--ntes,
1447 2919 1611 2972 nolite
1638 2919 1871 2986 cogitare
1899 2918 2022 2987 quid
2052 2920 2127 2970 Ιοο

575 3011 830 3083 quamini,
855 3011 944 3064 sed
970 3011 1107 3079 quod
1133 3011 1311 3063 datum
1341 3010 1500 3063 fuerit
1529 3011 1676 3063 vobis
1703 3010 1753 3062 in
1785 3009 1872 3063 illa
1902 3011 2048 3072 liora,
2076 3009 2126 3061 id

577 3105 858 3173 loquamini
889 3119 1037 3157 :1ion
1066 3104 1207 3156 enim
1236 3101 1400 3171 536
1431 3104 1560 3156 estis
1586 3114 1681 3154 vos
1707 3101 2001 3169 loquentes,
2033 3101 2125 3152 sed

573 3166 802 3262 Spiritus
825 3203 1037 3248 sanctus
1058 3166 1390 3261 (Herculii:
1414 3192 1521 3262 tl).
1549 3192 1625 3244 Ex
1651 3192 1750 3244 hoc
1772 3166 1946 3258 itaque
1966 3191 2128 3242 debet
2156 3166 2201 3228 (ἶ

576 3303 819 3354 arguere,
850 3288 967 3355 quia
998 3303 1100 3340 non
1129 3295 1253 3355 sunt
1279 3285 1346 3339 ab
1375 3285 1600 3340 invicem
1629 3284 1792 3337 Filius
1819 3293 1872 3337 et
1901 3283 2130 3351 Spiritus

575 3385 788 3431 sanctus
839 3381 890 3429 ltt
938 3384 1120 3429 natura
1166 3375 1380 3428 deitatis
1446 3374 1662 3437 diversi,
1713 3373 1798 3440 qui
1843 3373 1894 3424 in
1928 3360 2154 3440 unitate.

579 3467 794 3534 spiritus
835 3476 887 3520 et
915 3465 1125 3520 vinculo
1155 3466 1298 3533 pacis
1322 3465 1533 3517 sibimet
1580 3463 1823 3516 videntur
1851 3475 1970 3514 esse
1995 3448 2126 3513 con-

576 3561 758 3630 iuncti.

1163 3645 1385 3700 CAPUT
1424 3645 1552 3698 VIII.

583 3739 678 3794 Ubi
703 3739 875 3792 dicunt
904 3738 1150 3799 Spiti’sun
1178 3745 1405 3788 iant-tant
1435 3751 1532 3787 non
1560 3753 1591 3786 a
1614 3751 1692 3798 se,
1713 3735 1800 3787 sed
1824 3749 1886 3784 es
1911 3731 2130 3799 insufﬂa-

873 3811 1004 3861 tione
1029 3805 1152 3859 Filii
1178 3807 1231 3859 iit
1257 3802 1531 3874 discipulos
1557 3805 1832 3857 advenisse.

647 3922 701 3976 Si
751 3931 925 3975 autem
956 3921 1182 3974 dixerint
1221 3919 1341 3988 quia
1371 3918 1600 3986 Spiritus
1636 3924 1851 3970 sanctus
1889 3929 1994 3968 non
2033 3928 2126 3968 sua

820 4012 910 4064 sed
941 4009 1292 4063 insulﬂatione
1325 4009 1444 4061 Filii
1472 4009 1524 4062 in
1550 4006 1836 4072 discipulos
1869 4005 2030 4057 venit.

655 4102 945 4171 Responsio.
972 4099 1046 4152 Ex
1065 4102 1163 4152 lioc
1187 4099 1322 4153 inter
1339 4097 1527 4152 Filium
1544 4106 1599 4150 et
1615 4096 1866 4164 Spiritum
1886 4104 2124 4148 sanctum

576 4197 802 4264 aliquam
835 4192 1192 4246 diversitatem
1231 4205 1336 4242 non
1376 4193 1596 4256 potestis
1631 4187 1976 4251 constituam,
2004 4201 2124 4238 cum

574 4286 795 4340 videatis
831 4282 1074 4336 eumdem
1113 4281 1391 4333 Dominum
1426 4287 1478 4333 et
1516 4278 1845 4333 Salvatorem
1885 4286 2123 4330 nostrum

576 4374 948 4441 discipulorum
978 4371 1133 4426 corda
1167 4387 1268 4423 non
1299 4370 1366 4423 de
1390 4370 1563 4424 aliene
1602 4371 1889 4436 replevisse
1912 4367 2122 4433 spiritu,

576 4464 670 4520 sed
707 4465 774 4517 de
811 4464 1024 4530 proprio
1052 4477 1065 4514 :
1097 4471 1149 4513 et
1188 4475 1290 4512 non
1322 4458 1652 4518 inferiorem,
1682 4457 1773 4509 sed
1804 4455 2120 4522 cumqualetn

578 4557 687 4609 suis
715 4553 932 4622 largitus
953 4560 1052 4614 est,
1081 4559 1136 4601 ut
1159 4550 1210 4600 in
1240 4563 1297 4600 se
1322 4557 1375 4600 et
1401 4546 1497 4600 sibi
1529 4546 1580 4599 in
1606 4545 1710 4598 [ide
1733 4544 2124 4596 ndhmrentihus

580 4659 716 4698 unus
742 4643 966 4710 lspiritus
1006 4641 1170 4691 ﬂaret.
1216 4637 1314 4704 Qui
1355 4637 1615 4696 adhaeret,
1658 4635 1823 4703 inquit
1861 4635 2128 4702 apostolus

579 4737 795 4800 Paulus,
840 4730 1123 4795 meretrici,
1153 4745 1311 4784 unum
1340 4742 1532 4796 corpus
1559 4737 1643 4782 est
1672 4738 1687 4780 :
1720 4730 1806 4794 qui
1835 4735 2005 4780 autem
2036 4728 2128 4780 ad-

579 4829 742 4880 lta'ret
773 4823 1013 4884 Domino,
1045 4835 1174 4874 unus
1200 4820 1415 4888 spiritus
1444 4830 1521 4873 est
1551 4817 1605 4888 (1
1631 4819 1749 4872 Cor.
1781 4833 1852 4880 vt,
1882 4817 1990 4885 16).
2023 4816 2129 4870 Nos

578 4915 732 4986 igitur
762 4915 1015 4981 Spiritum
1056 4923 1289 4963 sanctum
1329 4918 1618 4976 spontanea
1656 4906 1926 4962 voluntate
1967 4906 2016 4959 in
2046 4906 2130 4958 dl-

575 5007 808 5074 scipnlns
856 5005 1133 5056 advenisse
1164 5041 1178 5063 ,
1228 5011 1282 5054 et
1327 5016 1420 5054 eos
1465 5015 1559 5055 sua
1607 4999 1799 5054 virtute
1843 4997 2127 5065 replevisse

577 5107 950 5156 monstramus,
984 5104 1032 5146 et
1060 5107 1123 5145 ex
1152 5093 1286 5144 iibro
1315 5092 1399 5156 qui
1431 5090 1785 5158 apostolorum
1801 5092 1926 5142 Acta
1955 5089 2127 5141 conti-

577 5195 668 5241 net
693 5186 996 5240 educamus.
1046 5181 1175 5234 Cum
1203 5181 1610 5247 complerentur,
1638 5179 1824 5247 inquit,
1853 5178 1967 5232 dies
1995 5179 2130 5231 Pen-

579 5285 826 5340 tecostes,
853 5283 1006 5327 erant
1035 5285 1219 5324 omnes
1260 5271 1412 5322 simul
1462 5269 1516 5322 in
1555 5285 1745 5332 unum,
1771 5278 1825 5323 et
1853 5269 2021 5321 lactus
2049 5276 2130 5320 est

576 5367 751 5422 subito
780 5367 845 5420 de
874 5367 1009 5420 calo
1049 5377 1212 5418 sonus
1256 5371 1501 5430 tanquam
1540 5359 1872 5413 advenientis
1916 5358 2130 5424 spiritus

578 5458 927 5520 vehementis,
961 5467 1013 5510 et
1055 5455 1276 5522 replevit
1319 5467 1528 5504 omnem
1561 5452 1734 5504 locum
1765 5453 1816 5503 in
1846 5435 1953 5519 quo
1980 5461 2134 5504 erant

581 5551 856 5613 sedentes,
887 5561 940 5603 et
978 5550 1100 5600 visa:
1136 5557 1259 5600 sunt
1298 5546 1402 5599 illis
1440 5545 1620 5598 divisas
1656 5544 1846 5612 lingua:
1882 5555 2128 5613 tanquam

585 5638 736 5704 ignis,
765 5640 852 5705 qui
893 5650 946 5692 et
982 5640 1114 5691 sedit
1144 5653 1304 5706 super
1336 5651 1763 5702 unumquemque
1805 5636 2035 5700 illorum,
2081 5644 2136 5688 et

587 5728 769 5790 tcpleti
815 5739 934 5783 sunt
971 5729 1166 5796 Spititu
1211 5731 1394 5785 saneto
1420 5728 1552 5796 (Act.
1582 5737 1639 5792 tt,
1673 5724 1744 5794 l).
1795 5724 1860 5779 Et
1907 5727 2127 5781 iterum:

2243 542 2418 609 illum,
2447 545 2522 599 ait
2555 563 2568 599 :
2599 545 2645 600 0
2675 547 2830 615 plene
2858 548 2980 601 dolo
3005 561 3057 603 et
3089 537 3457 618 cavillatione,
3489 552 3560 606 ﬁli
3599 553 3821 618 diaboli,

2243 636 2456 690 inimice
2475 637 2649 690 omnis
2666 637 2904 705 iustitia,
2931 655 3096 707 quare
3120 641 3199 693 vis
3613 643 3823 695 Βοαιιι.ι

2238 744 2358 783 cum
2385 730 2493 784 sint
2520 739 2681 782 recta:
2713 730 2848 798 (Act.
2875 746 2992 794 xttt,
3012 731 3235 800 l0)?'Et
3251 733 3472 804 angelus
3511 735 3821 788 bellaria:

2239 818 2315 874 Ne
2336 820 2544 882 timeas,
2558 819 2832 884 Zacliaria,
2848 824 2973 890 quia
2991 825 3238 878 exaudita
3258 835 3339 880 est
3359 827 3684 896 deprecatio
3709 835 3790 878 tua
3809 847 3816 872 :

2239 926 2364 971 ecce
2394 925 2533 964 uxor
2561 919 2646 964 tua
2677 911 2950 966 Eliaabetb
2979 914 3148 979 pariet
3173 915 3267 969 tibi
3297 916 3485 980 ﬁliu,
3519 925 3580 969 cs
3607 918 3820 970 vocabis

2241 1015 2431 1053 nomen
2457 999 2571 1068 ejus
2586 999 2758 1054 Joann
2773 1006 2879 1065 ‘m;
2910 1004 3090 1055 vinum
3109 1011 3164 1058 et
3188 1004 3415 1060 siceram
3431 1019 3539 1059 non
3560 1005 3742 1069 bibet,
3769 1019 3816 1057 et

2239 1088 2436 1158 Spiritu
2467 1099 2652 1142 sancto
2680 1090 2986 1156 impleliitur
3011 1091 3186 1151 adhuc
3223 1093 3275 1145 in
3306 1105 3458 1148 utero
3484 1093 3689 1148 matris
3715 1108 3818 1147 sua

2239 1181 2390 1247 (Luc.
2419 1196 2457 1246 ι,
2493 1183 2595 1248 I3).
2620 1181 2750 1234 Item
2777 1181 2848 1234 ibi
2878 1201 2890 1234 :
2923 1183 2986 1236 Et
3007 1183 3294 1238 Zacharias
3321 1196 3468 1251 pater
3497 1185 3629 1250 ejus
3653 1189 3814 1250 reple

2241 1282 2323 1324 tus
2370 1280 2450 1325 etst
2489 1273 2688 1339 Spiritu
2740 1283 2955 1336 sancto,
2996 1283 3052 1326 et
3095 1275 3432 1340 prophetavit
3473 1274 3679 1342 (Ibid,
3712 1278 3814 1340 lt).

2241 1361 2368 1417 Item
2397 1364 2468 1418 ibi
2503 1379 2516 1416 :
2551 1363 2824 1417 Elizabeth
2853 1363 3010 1434 ‘37
3041 1374 3212 1418 mater
3237 1366 3353 1433 ejus
3377 1366 3592 1435 replrta
3617 1365 3810 1432 Spiritu

2213 1456 2423 1505 υποιο
2460 1454 2773 1522 loquebatur
2818 1453 3140 1508 benedicens
3181 1454 3364 1507 Deum.
3399 1454 3472 1507 Ex
3533 1454 3608 1507 iis
3662 1456 3812 1523 igitur

2241 1542 2555 1594 testimoniis
2583 1541 2794 1595 tandem
2843 1557 3070 1611 agnosce
3105 1543 3354 1611 quoniam
3391 1544 3623 1610 spiritus
3660 1558 3808 1610 quem

2239 1633 2307 1685 de
2359 1631 2803 1709 natu-Salvatoris
2846 1633 3092 1700 discipuli
3129 1642 3448 1702 acceperunt
3493 1633 3805 1687 inferiorem

2239 1735 2268 1774 a
2293 1723 2429 1776 Filio
2450 1739 2553 1776 non
2576 1723 2830 1792 pri-batur
2852 1723 3048 1776 habere
3068 1724 3438 1786 substantiam,
3455 1724 3588 1791 quia
3610 1722 3803 1776 nullum

1389 1841 1678 1909 ispirimm
1703 1854 1944 1894 “neum
1972 1841 2132 1894 Deum
2169 1830 2209 1884 Β
2240 1813 2556 1909 novimus-in
2582 1814 2793 1882 propria
2822 1825 3009 1868 natura
3032 1823 3336 1868 manentem
3385 1815 3702 1869 inferiorem
3731 1819 3800 1868 sui

2234 1903 2318 1956 vel
2349 1918 2411 1955 ex
2442 1905 2543 1956 alia
2571 1905 2792 1957 materia
2819 1905 3117 1956 venientem
3144 1904 3344 1959 habere
3378 1905 3634 1972 spiritum
3655 1945 3672 1969 ,
3710 1919 3802 1970 qrm

2234 1991 2296 2042 ad
2325 2002 2637 2044 cancrorum
2668 2001 2846 2044 utatur
2874 1994 3244 2060 supplementa
3278 1993 3685 2054 membrorum;
3714 1993 3796 2046 sed

2165 2096 2172 2103 ·
2233 2081 2371 2147 quod
2404 2082 2472 2134 de
2527 2084 2742 2148 proprio
2781 2083 2967 2150 spiritu
3007 2099 3075 2137 ex
3106 2098 3212 2151 quo
3257 2083 3372 2151 ipse
3399 2085 3654 2137 consistit
3685 2085 3796 2145 alia,

2233 2181 2288 2223 ut
2315 2172 2565 2234 diximus,
2597 2174 2833 2226 membra
2865 2173 3074 2240 replere
3102 2175 3292 2241 possit,
3325 2175 3408 2229 vel
3440 2191 3657 2245 regere,
3689 2181 3792 2227 nul-

2233 2261 2315 2313 lus
2344 2261 2556 2328 ambigit
2568 2299 2582 2312 .

2843 2350 3067 2406 CAPUT
3105 2351 3197 2406 IX.

2310 2457 2406 2513 Ubi
2433 2461 2619 2512 dicitur
2644 2460 2894 2529 Spiritum
2913 2457 3150 2543 ῖωιιςιιιιιι
3177 2464 3328 2530 [intui
3356 2473 3727 2531 conspiratum.

2301 2571 2356 2624 Si
2386 2581 2562 2648 autem
2591 2571 2826 2625 dixerint
2854 2573 2980 2625 illud
3038 2573 3178 2639 quod
3209 2574 3468 2641 scriptum
3501 2585 3586 2628 est
3616 2591 3633 2627 :
3678 2574 3783 2639 Spi-

2233 2662 2367 2714 ritus
2392 2676 2419 2712 a
2452 2677 2538 2715 me
2568 2662 2828 2730 procedit,
2860 2673 2918 2716 et
2942 2677 3154 2718 omnem
3183 2663 3364 2718 natum
3393 2680 3495 2734 ego
3523 2666 3625 2722 feci
3647 2664 3783 2731 (Issi.

2234 2765 2358 2812 Lm,
2379 2750 2488 2821 16).

2304 2844 2599 2914 Responsio.
2636 2844 2844 2898 Flatqu
2872 2861 3033 2914 quem
3067 2845 3320 2901 Dominus
3348 2863 3408 2903 se
3438 2847 3629 2904 fecisse
3657 2860 3781 2904 com—

2231 2945 2510 2997 memorat,
2534 2949 2639 2988 non
2661 2936 2915 3000 Spiritum
2941 2945 3183 2990 sanctum
3205 2938 3367 2992 fuisse
3389 2953 3488 2992 nos
3506 2939 3777 2999 credimus.

2229 3024 2322 3078 sed
2351 3033 2608 3077 creatura:
2633 3024 2878 3091 spiritum
2907 3039 3026 3078 esse
3052 3025 3302 3088 tatemur,
3325 3042 3484 3095 quem
3515 3036 3574 3081 ut
3594 3027 3778 3095 possint

2229 3116 2522 3168 subsistere
2558 3115 2876 3182 acmperunt
2907 3134 2920 3168 :
2953 3116 3360 3186 nam,Spiritum
3390 3128 3631 3171 sanctum
3686 3131 3776 3167 non

2236 3206 2456 3273 legimus
2473 3205 2666 3258 factum
2689 3221 2716 3258 a
2739 3206 2892 3269 Filio,
2911 3221 3066 3274 quem
3085 3207 3337 3261 factorem
3361 3209 3596 3261 omnium
3619 3220 3774 3260 rerum

2233 3298 2474 3351 novimus
2497 3297 2658 3352 fuisse
2677 3313 2797 3352 cuni
2821 3297 2956 3352 Filio
2979 3315 2992 3350 :
3016 3301 3060 3352 si
3086 3299 3228 3352 enim
3254 3301 3306 3352 in
3334 3300 3576 3354 (sciendo
3596 3314 3653 3353 ea
3674 3313 3774 3364 qua

2231 3388 2466 3442 facienda
2492 3387 2696 3441 fuerant
2718 3387 2924 3456 propria
2953 3387 3424 3456 Spiritus-sanctus
3445 3390 3586 3448 sient
3625 3384 3773 3440 Filius

2232 3494 2338 3531 non
2387 3492 2516 3530 usus
2542 3486 2623 3530 est
2647 3487 2928 3543 potestate,
2951 3479 3218 3544 quomodo
3243 3491 3341 3531 suo
3368 3487 3496 3532 nutu
3523 3475 3772 3531 constituit

2230 3584 2350 3634 qua:
2386 3564 2755 3620 constituenda
2787 3567 2946 3619 fuisse
2975 3582 3208 3634 praesaga
3246 3569 3528 3634 majestate
3566 3579 3769 3631 conspe-

2231 3659 2343 3711 xit?
2386 3657 2496 3710 Hoc
2543 3658 2710 3723 ipsum
2745 3655 2847 3708 Job
2874 3659 3172 3724 patriarcha
3217 3658 3267 3709 in
3307 3658 3443 3710 libro
3483 3669 3768 3710 sermonum

2230 3761 2449 3801 suorum
2498 3748 2752 3814 probante
2783 3763 2795 3796 :
2830 3748 2871 3799 A
2902 3749 3091 3814 spiritu
3124 3747 3352 3814 Domini,
3399 3749 3585 3814 inquit,
3630 3745 3766 3797 datur

2228 3839 2428 3907 glacies
2457 3847 2614 3905 super
2636 3845 2854 3902 ternm,
2880 3845 2936 3892 et
2956 3839 3215 3905 gubernat
3239 3851 3426 3907 aquam
3456 3838 3677 3906 qualiter
3700 3834 3762 3887 illi

2231 3930 2506 3997 placuerit,
2527 3939 2580 3982 et
2598 3928 2920 3982 frumentum
2937 3929 3120 3997 irrigat
3141 3931 3194 3983 in
3212 3930 3458 3994 nubibus,
3473 3926 3759 3982 dissemth

2228 4030 2401 4074 autem
2425 4021 2564 4074 nube
2597 4022 2765 4075 lucem
2794 4034 2976 4086 suam,
3006 4030 3062 4076 et
3088 4021 3200 4090 ipsa
3231 4022 3283 4076 in
3310 4021 3533 4075 circuitu
3566 4018 3759 4071 vertitur

2225 4111 2595 4179 gubernaculis
2625 4110 2690 4162 ad
2718 4110 2987 4178 cperanda
3015 4113 3190 4164 omnia
3213 4120 3328 4179 qua
3349 4107 3668 4163 mandaverit
3692 4103 3752 4166 ei.

2226 4199 2344 4266 qtiia
2385 4200 2500 4252 hinc
2529 4213 2556 4251 a
2588 4196 2694 4253 Deo
2732 4201 3016 4255 constituta
3057 4209 3182 4254 sunt
3216 4215 3377 4269 super
3417 4211 3609 4252 terram
3634 4193 3752 4263 (Job.

2225 4303 2425 4351 xxxvii,
2455 4287 2560 4355 I0).
2621 4289 2685 4342 Et
2730 4289 3059 4356 Apostolus:
3111 4289 3209 4354 Qui
3266 4293 3538 4356 operatur,
3590 4281 3749 4351 inc-il.

2224 4381 2398 4430 Omnia
2449 4381 2500 4430 in
2550 4379 2797 4430 omnibus
2845 4378 2896 4448 (1
2920 4378 3036 4431 Cor.
3067 4393 3162 4442 ιιι,
3210 4377 3290 4446 6).
3341 4377 3405 4430 Et
3449 4378 3504 4430 in
3532 4375 3750 4429 Actibus:

2228 4466 2445 4527 Placuit,
2489 4468 2730 4534 inquiunt
2758 4467 3002 4535 apostoli,
3033 4466 3253 4542 Spiritui
3290 4474 3474 4518 sancto
3505 4475 3555 4518 et
3595 4461 3744 4517 nobis.

2234 4557 2360 4609 nihil
2403 4557 2626 4622 amplius
2667 4561 2845 4610 oneris
2887 4559 3160 4624 imponere
3202 4559 3351 4610 voltis
3390 4556 3522 4624 (Act.
3552 4550 3745 4614 ".93)-

2233 4645 2361 4698 Nam
2389 4646 2509 4710 quia
2539 4647 2753 4698 eosdem
2785 4647 3056 4712 apostolos
3082 4646 3226 4699 misit
3251 4647 3336 4698 tibi
3363 4647 3548 4709 voluit,
3576 4650 3623 4694 et
3650 4650 3747 4705 pro-

2233 4737 2402 4789 hibuit
2430 4735 2567 4788 unde
2597 4735 2778 4800 voluit,
2811 4745 2866 4789 et
2891 4751 2956 4789 ex
2984 4735 3171 4788 eodem
3201 4736 3336 4788 libro
3360 4737 3572 4803 docetur
3601 4749 3611 4782 :
3638 4727 3743 4782 Cum

2229 4825 2556 4894 jejunassent
2582 4837 2636 4878 et
2664 4819 2927 4889 orassent,
2959 4826 3146 4893 inquit,
3180 4827 3535 4893 imposuerunt
3562 4825 3629 4876 eis
3653 4831 3743 4870 aia-

2234 4933 2351 4981 nus,
2377 4927 2432 4971 et
2452 4919 2611 4986 A38
2638 4917 2952 4970 dimiserunt
2974 4931 3069 4970 eos
3089 4918 3227 4986 (Act.
3257 4932 3368 4979 stu,
3391 4917 3469 4984 3).
3500 4914 3592 4983 Ipsi
3618 4910 3744 4977 ἱεὶιιιτ

2235 4957 2351 4981 ....-,
2378 4957 2432 4971 υ.
2452 4957 2611 4986 m
2639 4957 2841 4970 ...........
2859 4957 2952 4970 ...η
2975 4957 3069 4970 ν...
3090 4957 3227 4986 νη..
3257 4957 3368 4979 -...,
3392 4957 3469 4984 -,.
3502 4957 3592 4983 ,ρ-
3619 4957 3668 4977 τ

2231 5009 2432 5062 dimissi
2475 5025 2500 5060 a
2529 5009 2726 5075 Spiritu
2758 5019 2942 5061 sancto
2968 5020 3222 5062 venerunt
3249 5007 3558 5063 Seleuciam.
3587 4998 3643 5055 Et
3665 5004 3740 5050 ite-
3823 4957 3825 5085 Ι

2233 5115 2349 5152 rum
2376 5117 2388 5150 :
2415 5099 2569 5151 Petro
2595 5109 2768 5152 autem
2795 5099 3058 5166 cogitante
3081 5098 3147 5151 de
3171 5099 3305 5161 visu,
3330 5097 3467 5150 dixit
3491 5097 3533 5148 ei
3556 5089 3741 5156 Spiritus

2232 5201 2446 5244 sanctus
2469 5205 2484 5242 :
2511 5188 2677 5257 Surge
2699 5200 2751 5242 et
2780 5189 2912 5243 vade
2936 5203 3056 5242 cum
3085 5189 3214 5250 illis,
3247 5188 3375 5241 nihil
3399 5187 3628 5241 dubitatis
3644 5175 3737 5244 qui:

2232 5295 2334 5347 ego
2358 5280 2474 5332 misi
2500 5295 2592 5333 eos
2614 5281 2751 5349 (Act.
2777 5297 2833 5345 x,
2861 5279 2974 5348 l9).
2999 5280 3148 5346 Quod
3169 5289 3349 5332 autem
3371 5290 3425 5332 et
3463 5267 3738 5346 prohibuerit

2234 5370 2305 5422 ita
2335 5371 2556 5423 docetur
2586 5388 2599 5422 :
2633 5370 2996 5423 Pervenerunt
3021 5380 3200 5422 autem
3227 5368 3527 5437 Phrygiam,
3552 5373 3597 5416 ct
3616 5357 3737 5412 Gali-

2233 5461 2318 5512 ti:c
2341 5461 2628 5528 regionem,
2654 5459 2902 5527 prohibiti
2930 5475 2959 5512 a
2981 5458 3182 5526 Spiritu
3203 5467 3388 5510 sancto
3411 5455 3542 5523 loqui
3562 5448 3733 5502 verbum

2230 5550 2284 5601 in
2318 5550 2436 5602 Asia
2464 5549 2600 5617 (Act.
2637 5565 2746 5608 ινι.
2775 5550 2854 5615 6).
2898 5549 3080 5600 Tanta:
3109 5547 3253 5601 enim
3278 5539 3646 5600 excellentiur’ts
3670 5545 3732 5596 Ρο-

2233 5641 2413 5692 tentia
2443 5653 2562 5692 esse
2606 5639 2856 5704 probatur
2886 5638 3115 5704 Spiritus
3156 5646 3403 5702 sanctus,
3446 5644 3500 5687 ut
3533 5623 3674 5692 inid"
3696 5626 3733 5668 ⁰¹

2237 5729 2562 5798 archangeli,
2601 5730 2689 5798 qui
2724 5729 2958 5798 quotidie
2995 5728 3049 5782 in
3084 5737 3373 5795 conspectu
3403 5725 3492 5780 Dei
3529 5714 3667 5772 Patris
3694 5713 3730 5759 cl

3811 5801 3819 6065 |
