3856 6222
78 273 211 332 865

1263 242 1531 303 CONTRA
1570 238 1970 295 VARIMADUM
2014 236 2137 291 Llil.
2178 234 2240 291 ll.

3258 222 3360 278 4οῧ

82 345 259 440 unici
298 381 427 437 Filii
457 378 541 434 sui
581 378 859 431 versantur
901 374 956 422 et
1000 371 1201 429 astant,
1231 363 1282 414 in
1331 362 1447 426 ipso
1491 365 1698 425 quoque
1726 348 1776 408 Δ
1801 350 2049 404 ostendit.
2104 350 2233 405 Nam
2267 346 2556 415 Scriptura:
2584 342 2773 400 divina:
2799 355 2913 396 mos
2952 348 3031 392 est
3076 352 3189 404 qum
3242 347 3363 389 sunt

85 473 347 542 Spiritu
386 466 677 524 secundum
720 456 1023 529 apostolica:
1063 449 1448 523 prmdicationis
1489 452 1701 499 senten-

90 535 287 625 tiam,
318 561 428 615 leni
457 566 587 611 nutu
613 563 667 607 et
687 550 915 612 furtivis,
942 555 1000 601 ut
1020 546 1091 599 ita
1121 544 1375 601 dicamus,
1406 535 1704 605 aspectibus

94 651 461 721 prospicere
478 642 874 708 concupiscant,
898 637 1050 690 Petro
1070 631 1306 701 apostolo
1326 626 1705 694 conﬁrmante:

100 711 201 796 ὗε»
245 711 374 807 qua
411 734 617 795 salute,
661 728 855 796 inquit,
913 723 1269 793 exquisiernnt
1309 716 1580 786 prophetae
1619 711 1708 780 qui

102 832 387 884 futuram
416 820 635 893 gratiam
668 820 719 872 in
750 816 905 870 nobis
932 811 1394 883 prophetaverunt,
1418 810 1712 859 scrutantes

104 924 176 976 in
210 920 465 989 qntbos,
492 913 573 966 vel
600 911 740 980 quali
774 918 1009 973 tempore
1047 903 1368 970 signiﬁcaret
1407 898 1458 950 in
1498 896 1573 949 eis
1602 892 1714 963 spi-

109 985 278 1065 lith
337 1007 464 1062 Jesu
500 1002 699 1058 Christi
729 997 781 1070 (ι
809 997 952 1049 Pw.
986 1008 1024 1063 ι,
1057 992 1167 1060 to).
1214 991 1277 1044 Et
1306 986 1439 1041 infra
1474 1003 1486 1038 ε
1520 985 1573 1038 In
1614 995 1719 1051 quo

108 1099 572 1165 concupiscunt,
601 1093 705 1157 ait,
746 1087 914 1157 angeli
944 1083 1249 1163 prospicere
1281 1079 1466 1151 (lbid.,
1500 1074 1607 1145 t2).
1640 1072 1725 1127 Tu

116 1191 321 1261 igitur
356 1186 489 1241 habe
523 1183 597 1239 illi
646 1179 1014 1241 revere:.tiam,
1048 1184 1102 1230 et
1129 1173 1330 1227 honora
1368 1178 1425 1223 ut
1452 1169 1636 1229 Deum,
1667 1172 1722 1220 et

118 1282 259 1338 noli
291 1296 424 1337 eum
450 1277 595 1333 ﬂatui
626 1274 886 1335 hominis,
916 1269 1000 1325 vel
1028 1264 1309 1336 cujuslibet
1338 1260 1548 1330 generis
1576 1270 1724 1311 com-

122 1386 377 1443 par-are,
420 1368 575 1438 cuius
618 1361 963 1433 aSpirationis
1000 1356 1229 1412 adventu
1275 1359 1456 1406 nostra
1500 1358 1723 1413 corpora

120 1464 434 1519 credimus
469 1436 523 1515 in
550 1456 842 1513 noviSsimo
868 1454 935 1509 de
964 1448 1212 1518 sepulcro
1240 1438 1568 1499 resuscitari.
1595 1436 1726 1491 Nam

125 1557 209 1621 si,
243 1552 403 1625 quod
432 1551 603 1613 absit,
629 1552 872 1601 creatura
904 1536 1119 1607 fuisset,
1147 1536 1332 1604 utique
1358 1531 1573 1595 Paulus,
1602 1528 1725 1581 dum

128 1618 427 1717 supernas
465 1651 625 1710 atque
666 1633 959 1692 invisibiles
1004 1626 1300 1693 'creatpras,
1342 1622 1396 1678 id
1425 1630 1509 1677 est
1550 1618 1726 1683 sedes,

1804 440 2083 493 novissima
2127 438 2372 507 primitus
2422 435 2726 495 nominare,
2773 438 2829 485 et
2868 444 2986 493 qua:
3032 426 3199 493 prima
3244 432 3369 478 sunt

1808 528 2094 581 novissime
2140 530 2441 588 recensere,
2472 522 2607 574 sicut
2636 520 2688 573 in
2717 518 2910 572 Genesi
2954 518 3209 580 scriptum
3252 522 3361 567 est:

1809 617 1918 684 Ego
1966 631 2079 670 sum
2110 615 2269 669 .Deus
2311 613 2453 664 Isaac
2498 616 2553 661 et
2591 606 2854 660 Abraham
2903 614 3107 671 patrum
3159 610 3368 653 tuorum

1814 706 1996 775 (Levit.
2026 720 2166 765 xxvi.
2197 700 2458 772 42).Nam
2488 706 2543 753 et
2567 696 2737 750 Lucas
2766 694 3082 763 evangelista
3118 688 3265 757 (Cap.
3291 687 3370 753 tu)

1814 798 2068 865 originem
2099 791 2306 847 Domini
2347 786 2638 846 Salvat--ris
2687 784 2873 848 nosni,
2907 781 2955 836 id
2986 792 3065 835 est
3094 778 3287 846 Joseph
3321 787 3373 830 et

1817 886 1991 951 Marias
2016 885 2203 936 matris
2234 882 2370 945 ejus,
2390 891 2597 933 sursum
2624 888 2811 929 versus
2832 887 2863 942 ᾳ
2888 871 3084 937 Ioseph
3116 872 3373 923 inchoatis

1819 989 1983 1044 usque
2014 973 2077 1027 ad
2106 973 2270 1026 Adam
2302 969 2530 1044 primum
2564 965 2857 1026 hominem,
2890 961 2978 1031 qui
3014 975 3044 1014 a
3070 961 3177 1015 Deo
3206 958 3378 1013 factus

1820 1075 1919 1127 est,
1960 1060 2288 1118 recensendo
2329 1056 2621 1121 contexuit,
2663 1063 2717 1109 et
2760 1052 2940 1119 utique
2984 1049 3156 1104 nullus
3198 1056 3279 1102 est
3320 1046 3373 1101 in

1821 1170 2017 1227 genere
2074 1154 2299 1207 humano
2353 1148 2584 1216 Joseph,
2643 1146 2733 1216 qui
2810 1143 3099 1198 secundum
3164 1154 3373 1193 carnem

1822 1245 1983 1317 440
2010 1251 2158 1314 pater
2183 1241 2381 1296 Christi
2418 1239 2739 1301 vocabatur,
2787 1233 2876 1302 qui
2906 1232 3034 1288 Adae
3076 1230 3243 1292 primo
3275 1230 3370 1281 ho-

1826 1316 1952 1388 mini
1995 1332 2157 1401 possit
2200 1329 2469 1399 praal‘erri,
2499 1326 2592 1381 sed
2624 1340 2722 1379 nos
2766 1332 2822 1377 ut
2863 1319 3247 1375 satisfaciamus
3294 1316 3375 1369 iu-

1825 1426 2053 1483 conditis
2082 1422 2527 1493 propositionibus
2555 1416 2768 1483 vestris,
2793 1414 2950 1471 etiam
2974 1409 3227 1481 Spiritum
3258 1424 3376 1461 san-

1829 1530 1969 1574 ctum
2007 1532 2035 1570 a
2061 1516 2216 1569 Patre
2252 1522 2305 1566 et
2330 1512 2467 1566 Filio
2494 1511 2666 1579 primo
2702 1508 2821 1562 loco
2853 1503 3183 1561 ostendimus
3213 1501 3376 1552 nomi<

1832 1621 2034 1673 uatum,
2074 1604 2326 1674 Apostolo
2368 1608 2671 1671 attestante,
2703 1598 2876 1653 Unum
2922 1601 3134 1662 Corpus,
3184 1593 3280 1657 ait,
3330 1601 3377 1646 ct

136 1682 584 1795 doginationes,
636 1725 963 1795 principatus
1009 1727 1064 1774 et
1109 1682 1399 1795 potestates
1442 1711 1494 1765 in
1539 1707 1726 1765 ordine
1754 1700 1803 1760 Β
1831 1713 1965 1755 unus
1985 1695 2234 1764 Spiritus,
2258 1693 2397 1748 sicut
2420 1690 2587 1746 vocati
2614 1687 2740 1743 estis
2766 1684 2820 1739 in
2850 1697 2951 1739 una
2972 1697 3065 1750 spe
3090 1682 3379 1736 vocationis

2236 1783 2272 1795 λ
2509 1793 2525 1795 _,
2568 1776 2693 1795 n1_-
2746 1789 2905 1795 ____--_..
2939 1770 3193 1795 luna-2...»...
3252 1784 3379 1795 ...ηιμ

134 1830 511 1886 reccnseret,
542 1819 713 1888 ipsum
740 1825 949 1885 quoque
987 1806 1347 1880 principaliter
1377 1801 1720 1858 nominasset.

783 1942 1005 2002 CAPUT
1043 1942 1113 1997 X.

190 2067 308 2122 Ubi
338 2064 512 2118 dicunt
538 2058 734 2114 Filium
764 2057 854 2110 Dei
892 2065 938 2109 et
968 2054 1237 2109 Dominum
1272 2060 1446 2108 sancto
1475 2027 1690 2119 Spiritui

768 2134 1135 2193 comparatum.

230 2245 296 2299 Si
330 2243 429 2297 tibi
452 2240 685 2294 dixerint
718 2254 731 2290 ί
759 2236 907 2290 Sicut
936 2235 1090 2288 Pater
1121 2234 1256 2287 Deus
1283 2242 1334 2285 et
1368 2229 1618 2283 Dominus
1647 2234 1729 2281 est

156 2335 311 2389 Filio
336 2345 465 2396 suo,
507 2329 580 2383 ita
610 2326 771 2381 Filius
801 2324 1053 2377 Dominus
1100 2320 1333 2378 etDcus
1386 2328 1467 2375 est
1510 2314 1728 2387 Spiritui

157 2433 383 2479 sancto.
1388 2462 1393 2466 .

240 2517 551 2587 Responsio.
608 2513 839 2569 Plurima
865 2511 985 2581 .jam
1027 2509 1094 2563 de
1123 2506 1350 2573 Spiritus
1398 2502 1567 2559 sancti
1610 2517 1731 2570 per-

163 2621 330 2671 sona,
360 2604 502 2675 quod
533 2605 669 2657 Deus
694 2611 747 2657 et
770 2601 1021 2655 Dominus
1048 2605 1398 2663 nuncupetur,
1432 2591 1729 2648 testimonia

168 2716 183 2763 ι
203 2697 421 2752 osuisse
440 2692 796 2754 meminimus,
822 2697 880 2743 ut
898 2692 1003 2758 iam
1030 2686 1157 2741 nihil
1181 2684 1375 2737 addere
1395 2682 1730 2737 deberemus.

171 2786 287 2841 Sed
320 2799 386 2839 ne
414 2783 634 2856 ignavia:
660 2782 961 2851 deputetur,
988 2787 1078 2832 aut
1105 2775 1463 2843 subterfugere
1492 2787 1588 2826 nos
1616 2785 1735 2841 pro-

176 2878 465 2949 positionis
509 2887 699 2931 vestrte
744 2873 1093 2944 ponderosam
1141 2868 1398 2924 sarcinam
1441 2866 1733 2934 mstimetis,

177 2981 385 3038 quanta
435 2968 547 3037 ipse
596 2980 694 3035 pro
739 2964 820 3018 sui
864 2961 1173 3018 defensioue
1216 2957 1512 3021 donaverit,
1553 2956 1736 3011 dubias

183 3060 350 3129 539
376 3068 581 3112 mentes
602 3056 848 3111 deitatem
885 3062 938 3107 et
965 3051 1376 3106 dominationem
1412 3048 1485 3116 illi
1522 3062 1736 3103 natura-
1766 3053 1812 3115 C

188 3152 312 3203 liter
341 3148 549 3203 insitam
578 3163 691 3215 non,
710 3145 902 3200 nostris
932 3143 1123 3208 verbis,
1155 3141 1248 3196 sed
1278 3140 1470 3195 divinis
1500 3140 1614 3208 ipso
1636 3139 1741 3193 lar-

187 3243 367 3308 giente
397 3240 648 3296 docemus
699 3236 945 3299 oraculis,
1004 3234 1133 3287 lsaia
1185 3232 1436 3299 propheta
1489 3230 1736 3285 dicente:

190 3328 307 3385 Non
348 3329 551 3383 audivit
574 3326 737 3383 Jacob
764 3326 1063 3386 Dominum,
1103 3322 1189 3391 qui
1237 3320 1459 3375 redemit
1508 3335 1658 3383 eum,
1689 3327 1742 3372 et

192 3422 447 3490 suscepit,
476 3429 531 3475 et
557 3417 804 3477 eaaltavit
830 3431 952 3471 eum
982 3414 1135 3487 (Isai.
1168 3405 1313 3481 ιχιιιξ
1342 3412 1420 3480 9).
1470 3412 1532 3465 Et
1575 3412 1739 3464 infra:

196 3510 300 3566 Sed
346 3511 687 3564 irritavernnt
713 3505 963 3573 Spiritum
1000 3512 1260 3564 sanctum,
1290 3509 1345 3555 et
1385 3499 1642 3554 convertit
1686 3512 1744 3552 se

197 3600 301 3654 illis
328 3600 382 3653 in
409 3598 710 3651 scandalum
744 3594 928 3665 σῶά..
959 3596 1068 3665 10).
1100 3593 1164 3647 Et
1190 3592 1445 3646 Jeremias
1476 3607 1489 3643 :
1520 3588 1746 3659 Spiritus

200 3689 351 3744 taciei
399 3696 597 3742 nostra:
626 3687 865 3742 Christus
893 3685 1164 3749 Dominus,
1202 3683 1291 3753 qui
1333 3685 1747 3749 comprehensus

202 3779 355 3833 estin
385 3779 600 3831 interitu
626 3792 830 3840 eorum,
860 3776 958 3829 sub
978 3776 1129 3841 cujus
1156 3773 1337 3826 umbra
1366 3772 1587 3826 vivimus
1610 3772 1748 3825 inter

203 3878 382 3939 gentes
406 3867 619 3937 (Thren.
647 3882 720 3932 tv,
742 3858 860 3935 20).
905 3864 968 3918 Η
1006 3864 1192 3918 Petrus
1228 3862 1495 3931 apostolus
1534 3860 1748 3914 Ananite

206 3960 333 4014 dixit
356 3959 588 4019 :Nonne
616 3972 834 4011 manens
868 3956 958 4009 tibi
1004 3954 1267 4016 manebat,
1302 3962 1354 4008 et
1384 3951 1652 4007 venditum
1694 3950 1748 4004 in

209 4062 293 4103 tua
320 4058 431 4103 erat
460 4047 756 4115 potestate?
801 4045 974 4109 Quare
1014 4043 1221 4097 voluisti
1268 4052 1472 4096 tentare
1498 4040 1747 4109 Spiritum

209 4149 462 4200 sanctum.
498 4147 557 4193 ut
579 4138 917 4193 subtraheres
941 4138 1006 4190 de
1034 4137 1200 4202 pretio
1225 4136 1403 4204 praedii
1434 4137 1564 4205 (Act.
1595 4149 1648 4197 ν,
1669 4134 1750 4203 4).

214 4232 273 4281 l-lt
301 4229 431 4283 infra
460 4246 476 4283 :
508 4229 623 4282 Non
652 4242 709 4282 es
739 4229 993 4283 mentitus
1022 4226 1342 4288 hominibus,
1384 4224 1477 4279 sed
1508 4224 1637 4279 Deo.
1688 4225 1752 4279 Et

213 4321 252 4375 A
290 4319 532 4374 ostolustz
562 4316 693 4373 Cum
733 4328 905 4373 autem
944 4330 1230 4371 conversus
1270 4315 1431 4370 fuerit
1470 4314 1534 4369 ad
1562 4315 1750 4378 Deum,

214 4413 472 4465 auferetur
495 4410 755 4476 velamen,
802 4409 1052 4463 Dominus
1092 4418 1263 4461 autem
1307 4407 1521 4474 spiritus
1554 4414 1635 4460 est
1669 4372 1750 4475 (li
1781 4403 1831 4463 D
1854 4372 1909 4476 (,3)

216 4500 326 4553 Cor.
357 4516 430 4562 nt,
455 4499 562 4569 16).
592 4498 667 4552 Ex
698 4500 819 4563 hoc,
847 4500 1066 4566 perlide,
1095 4497 1259 4553 debes
1309 4512 1594 4564 agnoscere
1622 4511 1753 4561 quo-

218 4596 348 4644 niam
393 4591 481 4658 qui
516 4591 655 4644 Dens
683 4599 737 4643 et
768 4591 1019 4643 Dominus
1060 4590 1271 4655 dicitur,
1307 4591 1359 4641 in
1401 4590 1516 4657 ipso
1543 4588 1759 4644 deitatis

218 4680 462 4734 vocabulo
490 4677 632 4733 Patri
660 4689 711 4733 et
738 4678 872 4732 Filio
900 4688 1218 4746 coinquatur.

808 4793 1033 4850 CAPUT
1072 4796 1162 4850 XI.

225 4911 311 4967 Ubi
330 4912 498 4967 dicunt
519 4911 666 4985 tertio
688 4910 796 4964 loco
814 4910 1058 4991 Spiritum
1078 4922 1303 4964 sanctum
1328 4928 1357 4961 ιι
1382 4908 1535 4962 Patre
1557 4920 1600 4961 et
1622 4907 1758 4963 Filio

819 4991 1149 5034 nummatum.

285 5094 334 5150 Si
359 5093 453 5149 tibi
481 5090 711 5148 dixerint
735 5090 857 5161 quia
886 5090 942 5143 in
971 5103 1036 5144 eo
1082 5090 1255 5142 minor
1284 5098 1363 5142 est
1386 5087 1613 5157 Spiritus
1641 5104 1761 5143 san-

222 5197 343 5249 ctus,
372 5183 512 5252 quod
544 5182 698 5236 tertio
725 5180 840 5235 loco
864 5186 945 5233 est
970 5194 998 5232 a
1022 5179 1179 5233 Patre
1200 5189 1253 5233 et
1277 5178 1407 5233 Filio
1436 5180 1758 5234 nominatus.

290 5272 579 5341 Responsio.
606 5271 831 5337 Spiritus
858 5277 1092 5333 sanctus,
1126 5269 1375 5334 nonquia
1408 5267 1563 5321 tertio
1591 5271 1758 5321 nomi-

223 5373 357 5419 natus
396 5372 478 5415 est
521 5361 639 5415 loco
674 5360 813 5414 Patri
854 5367 907 5412 et
950 5357 1080 5412 Filio
1121 5358 1293 5409 minor
1331 5358 1466 5423 erit,
1506 5359 1755 5426 quoniam

221 5469 328 5509 cum
355 5467 571 5521 aquam,
613 5451 752 5504 sicut
791 5449 1031 5519 superius
1071 5448 1318 5510 diximus,
1351 5448 1759 5513 superioriloco

223 5566 249 5600 a
271 5546 454 5614 Spiritu
484 5549 673 5597 sancto
704 5542 951 5595 Dominus
981 5540 1330 5601 nominasset,
1363 5553 1547 5606 aquam
1583 5540 1761 5607 utique

221 5641 398 5708 Spintu
446 5644 669 5697 sancto,
714 5647 872 5700 quam
920 5632 1236 5701 praeposoit,
1286 5646 1385 5683 non
1434 5629 1761 5697 superiorem

1826 1798 2040 1851 vestrm,
2070 1798 2206 1839 unus
2236 1783 2397 1846 Deus,
2427 1793 2533 1835 una
2552 1776 2717 1840 ﬁdes,
2746 1789 2907 1829 unum
2939 1770 3219 1836 baptisma,
3252 1784 3381 1821 unus

1827 1879 1968 1934 Dens
1994 1884 2049 1932 et
2070 1874 2225 1928 Pater
2249 1872 2482 1927 omnium
2510 1867 2725 1939 (Ephes.
2750 1880 2824 1930 tv,
2848 1862 2919 1934 ι).
2955 1861 3180 1930 Spiritus
3211 1860 3383 1926 utique

1824 1979 2036 2023 sanctus
2065 1962 2205 2019 Patri
2235 1972 2290 2017 et
2324 1961 2458 2016 Filio
2485 1959 2704 2014 inferior
2734 1970 2840 2010 non
2869 1962 2981 2018 est,
3011 1952 3131 2020 quia
3160 1949 3387 2017 Spiritus

1825 2058 1996 2113 Patris
2022 2064 2075 2110 et
2104 2054 2221 2107 Filii
2251 2061 2354 2119 est,
2387 2060 2442 2107 et
2473 2065 2576 2104 non
2609 2062 2723 2117 pos:
2736 2056 2830 2101 unt
2861 2044 2929 2098 ob
2960 2042 3308 2096 substantiam
3338 2042 3388 2096 in

1826 2165 1885 2205 se
1914 2144 2298 2200 commanentis
2322 2140 2556 2210 Spiritus
2580 2139 2661 2193 sui
2688 2152 2750 2192 es
2776 2144 2925 2205 parte
2947 2133 3047 2188 dici
3077 2129 3314 2201 perfecti,
3338 2139 3388 2185 et

1828 2256 1892 2295 cx
1922 2247 2068 2307 parte
2096 2236 2161 2291 ad
2192 2232 2658 2304 imperfectionem
2699 2226 2897 2283 vocari.

2423 2342 2643 2400 CAPUT
2681 2341 2791 2395 XII.

1838 2466 1934 2522 Ubi
1962 2464 2130 2515 dicunt
2159 2459 2407 2527 Spiritum
2436 2462 2664 2534 sanctum
2688 2467 2787 2504 non
2822 2465 2927 2503 esse
2953 2446 3175 2519 genitum
3193 2486 3207 2510 ,
3236 2458 3391 2512 neque

1848 2554 1849 2557 η
2475 2532 2767 2594 ingenitum.

1904 2644 1961 2700 Si
1991 2640 2078 2697 tibi
2109 2638 2338 2707 dixerint
2370 2650 2385 2689 :
2414 2632 2648 2689 Ostende
2679 2628 2933 2706 Spiritum
2966 2633 3227 2687 sanctum,
3259 2622 3397 2676 unde

1836 2738 2011 2790 trahat
2036 2732 2323 2801 originem,
2354 2740 2509 2797 quem
2542 2738 2638 2778 nec
2669 2724 2959 2790 ingenitum
2996 2720 3131 2773 sicut
3159 2716 3394 2779 Patrem,

1838 2839 2006 2893 neque
2035 2824 2269 2890 genitum
2300 2819 2436 2871 sicut
2462 2814 2650 2869 Filium
2680 2811 2964 2882 profiteris.

1910 2915 2206 2986 Responsio.
2233 2912 2383 2967 Certa
2412 2916 2465 2963 et
2485 2905 2761 2961 manifesta
2788 2904 2936 2971 origo
2959 2901 3183 2969 Spiritus
3207 2898 3393 2961 sancti,

1839 3010 1995 3063 Pater
2015 3018 2064 3062 et
2085 3004 2269 3069 Filius,
2286 3002 2372 3072 qui
2396 3014 2489 3055 nec
2517 2998 2780 3068 ingenitus
2804 3010 2921 3049 cum
2947 2992 3198 3063 ingenito,
3226 3005 3397 3057 neque

1841 3084 2047 3170 genitus
2086 3112 2205 3151 cum
2247 3092 2517 3161 unigenito
2546 3103 2574 3142 a
2607 3087 2847 3141 ﬁdelibus
2874 3100 2945 3139 cri
2966 3082 3126 3147 ditur,
3159 3081 3251 3136 sed
3278 3080 3396 3147 Spi-

1843 3169 1977 3245 ritus
2020 3187 2188 3243 Patris
2240 3196 2359 3238 esse
2402 3179 2797 3247 Scripturarum
2854 3187 3127 3239 sacrarum
3172 3169 3397 3237 eloquiis

1840 3278 2233 3347 comprobatur.
2266 3269 2751 3326 Nabuchodonosor
2777 3276 2901 3333 rege
2941 3264 2993 3316 in
3023 3261 3236 3314 Daniele
3267 3273 3393 3327 pro-

1845 3345 1996 3438 pheta
2026 3368 2236 3422 dicente
2268 3382 2279 3415 :
2312 3360 2518 3424 Daniel,
2544 3359 2627 3414 cui
2659 3370 2852 3411 nomen
2880 3345 3176 3417 Balthasar,
3208 3364 3397 3405 secun-

1844 3460 1967 3513 dum
2002 3470 2190 3510 nomen
2217 3453 2307 3506 Dei
2338 3450 2464 3515 mei,
2488 3448 2738 3516 Spiritum
2766 3456 3005 3499 sanctum
3034 3443 3121 3496 Dei
3150 3441 3203 3495 in
3230 3455 3286 3493 se
3308 3439 3399 3492 ha-

1845 3553 1935 3607 bet
1958 3550 2114 3621 (Dan.
2145 3562 2216 3607 tv,
2249 3544 2327 3612 5).
2376 3543 2506 3597 ltem
2537 3541 2649 3609 ipse
2681 3558 2691 3593 ε
2736 3538 2930 3593 Omnes
2961 3535 3224 3602 sapientes
3252 3532 3401 3599 regni

1848 3644 1952 3699 mei
1983 3656 2086 3695 non
2117 3644 2400 3707 potuerunt
2428 3630 2913 3700 interpretationem
2945 3642 2983 3681 si
3010 3624 3132 3679 mnii
3164 3626 3263 3676 mei
3310 3623 3400 3674 dc~

1848 3736 2049 3788 rlirare
2079 3729 2207 3785 mihi
2238 3745 2249 3781 :
2284 3736 2335 3782 tu
2362 3735 2562 3790 autem,
2596 3722 2798 3783 Daniel,
2829 3728 2999 3788 potes,
3027 3718 3145 3785 quia
3177 3715 3403 3782 Sp'ritus

1850 3830 1939 3883 Dei
1969 3832 2184 3880 sanctus
2232 3823 2282 3875 in
2313 3827 2365 3873 te
2391 3827 2496 3873 est.
2545 3815 2671 3869 Item
2717 3814 2788 3867 ibi
2822 3829 2834 3864 :
2870 3811 3004 3864 Ecre
3045 3809 3126 3861 vir
3160 3807 3211 3859 in
3242 3821 3402 3873 regno

1850 3930 1957 3979 tuo,
1989 3918 2039 3969 in
2068 3927 2171 3983 quo
2190 3911 2417 3982 Spiritus
2446 3907 2535 3961 Dei
2564 3913 2665 3961 est.
2700 3905 2763 3957 Et
2795 3903 2846 3955 in
2872 3900 3118 3953 Zacharia
3146 3915 3155 3948 :
3186 3897 3402 3950 Verum-

1849 4018 2024 4062 tamen
2054 4004 2286 4075 legitima
2316 4015 2431 4055 mea
2462 3997 2683 4066 accipite
2702 4036 2717 4061 ,
2749 4004 2802 4050 et
2830 3995 2984 4048 verba
3015 4006 3130 4045 mea
3160 4004 3276 4058 quas
3303 4002 3403 4056 ego

1851 4098 2041 4153 mando
2070 4098 2120 4149 in
2147 4094 2331 4163 spiritu
2364 4105 2481 4146 meo
2507 4089 2673 4145 servis
2703 4087 2832 4141 meis
2864 4084 3134 4153 prophetis
3162 4081 3335 4149 (ΖαεΙι.
3367 4097 3402 4142 ι,

1851 4190 1926 4259 6).
1977 4188 2103 4242 Item
2134 4184 2202 4239 ibi
2246 4199 2261 4237 :
2303 4181 2418 4237 Non
2463 4181 2514 4235 in
2558 4176 2865 4233 fortitudine
2905 4187 3123 4242 magna,
3154 4185 3324 4238 neque
3348 4170 3405 4222 in

1853 4281 2065 4340 virtute,
2091 4275 2187 4333 sed
2215 4276 2266 4328 in
2292 4273 2479 4343 Spiritu
2509 4286 2645 4331 meo,
2671 4269 2796 4323 dicit
2826 4266 3075 4321 Dcininu‘s
3124 4261 3302 4333 (Zach.
3336 4277 3405 4326 Iv,

1919 4413 1931 4426 .
1965 4373 2028 4425 Et
2057 4368 2341 4440 Apostolus
2371 4365 2433 4420 ad
2467 4366 2730 4420 Romanos
2757 4378 2770 4415 :
2800 4362 2905 4415 Vos
2931 4370 3103 4414 autem
3137 4374 3240 4411 non
3273 4359 3402 4410 estis

1860 4465 1908 4518 in
1935 4479 2113 4527 carne,
2139 4461 2231 4515 sed
2258 4462 2309 4515 in
2334 4459 2542 4528 spiritu,
2571 4458 2613 4510 si
2643 4464 2812 4509 tamen
2839 4453 3063 4521 Spiritus
3089 4451 3178 4503 Dei
3211 4448 3410 4501 habitat

1860 4554 1910 4606 in
1944 4552 2088 4606 vobis
2112 4538 2283 4623 (Rom.
2307 4562 2417 4612 vni,
2441 4545 2517 4616 9).
2546 4545 2612 4599 Et
2635 4544 2698 4597 ad
2720 4542 2934 4596 Galatas
2960 4556 2973 4591 :
2997 4538 3253 4606 Quoniam
3282 4538 3410 4591 estis

1862 4642 1950 4694 lilii
1977 4638 2090 4703 Dei,
2125 4641 2265 4693 misit
2295 4638 2432 4691 Deus
2462 4634 2701 4703 spiritum
2727 4630 2843 4685 Filii
2872 4631 2951 4683 sui
2986 4632 3036 4682 in
3062 4627 3218 4698 [δή]
3249 4628 3409 4681 corda

1862 4743 2037 4786 nostra
2086 4732 2398 4783 clamantem
2444 4724 2587 4778 Abba
2622 4723 2775 4775 Pater
2818 4719 2959 4789 (Gal.
2992 4734 3064 4783 tv,
3093 4717 3184 4788 6).~
3238 4717 3302 4770 Et
3348 4718 3413 4769 ad

1866 4821 2122 4889 Ephesios
2151 4836 2163 4869 :
2196 4816 2367 4870 Nolite
2410 4812 2721 4868 contristare
2749 4811 3005 4879 Spiritum
3046 4805 3285 4863 sanctum
3318 4806 3411 4859 Dei

1860 4908 2072 4979 (Ephes.
2101 4922 2174 4967 IV,
2345 4902 2409 4955 Et
2437 4901 2498 4954 ad
2525 4900 2893 4969 Philippenses
2921 4918 2931 4951 :
2958 4898 3078 4953 Scin
3107 4898 3245 4950 enim
3272 4896 3410 4962 quod

1863 4999 1962 5051 hoc
1994 4995 2117 5049 mihi
2157 4992 2361 5058 prolicit
2388 4991 2438 5044 in
2471 4990 2694 5044 salutem
2725 5003 2819 5057 per
2845 4998 3049 5042 vestras
3089 4984 3411 5039 obsecratio-

1861 5102 1955 5141 nes
1981 5096 2032 5139 et
2053 5079 2565 5137 subministrationes
2591 5078 2808 5149 spiritus
2831 5078 2956 5133 ‘Jesu
2984 5076 3169 5139 Christ:
3191 5074 3410 5143 (Philip.

1862 5193 1898 5239 ι,
1927 5177 2032 5245 19).
2064 5175 2127 5227 Et
2151 5173 2337 5226 Petrus
2364 5169 2633 5238 apostolus
2665 5185 2678 5222 ε
2712 5170 2784 5222 De
2812 5184 2910 5233 qua
2958 5166 3126 5221 salute
3152 5165 3414 5241 exquisie-

1864 5276 1985 5321 runt
2027 5276 2183 5331 atque
2224 5263 2445 5315 scrutati
2475 5269 2597 5313 sunt
2627 5258 2915 5328 prephetm,
2948 5258 3032 5324 qui
3061 5240 3329 5308 venturam
3361 5252 3415 5307 in

1865 5360 2011 5413 vobis
2038 5357 2259 5425 gratiam
2291 5353 2756 5422 prophetaverunt,
2790 5357 3081 5404 scrutantes
3122 5348 3171 5399 in
3202 5347 3413 5412 quibus,

1866 5450 1947 5503 vel
1978 5448 2115 5516 quali
2148 5456 2391 5522 tempore,
2427 5442 2706 5511 signiﬁcari
2748 5440 2963 5493 haberet
3002 5438 3052 5489 in
3090 5437 3166 5491 eis
3200 5436 3417 5503 spiritus

1868 5540 1988 5592 Jesu
2018 5536 2210 5590 Christi
2241 5534 2291 5603 (1
2329 5532 2468 5585 Petr.
2498 5548 2536 5599 ι,
2570 5532 2676 5599 10).
2714 5532 2773 5582 Et
2806 5531 2854 5582 in
2887 5531 3017 5582 libro
3039 5528 3280 5582 iudicum
3313 5543 3325 5580 :
3356 5528 3420 5581 Et

1869 5633 2141 5690 venerunt,
2189 5634 2241 5678 ct
2284 5633 2455 5678 castra
2500 5628 2785 5690 posuerunt
2828 5618 2879 5674 in
2920 5618 3053 5673 valle
3091 5616 3313 5682 .lezrael,
3365 5624 3420 5669 et
