3812 6224
461 187 562 238 407

1735 177 1954 235 VIGILII
1993 174 2352 230 TAPSENSIS

3565 183 3669 237 ιοα

463 297 677 364 spiritus
707 297 912 349 Domini
934 295 1103 350 induit
1128 295 1341 351 Gedeon
1365 295 1556 366 (Judic.
1594 308 1664 355 vi,
1694 293 1804 356 53).
1838 290 2012 342 lnten-
2043 293 2091 349 Α
2119 286 2261 340 cedit
2287 287 2352 341 de
2384 289 2472 342 illo
2503 289 2715 356 spiritum
2749 264 3095 358 pietatis;,-’est
3119 301 3441 356 mansuetus,
3470 303 3526 349 et
3543 310 3668 364 pro-

465 387 596 453 dite,
624 384 820 449 miseri,
850 385 1096 452 quoniam
1128 384 1216 449 qui
1245 385 1405 449 priori
1431 385 1546 437 loco
1572 397 1603 434 a
1626 382 1784 434 Patre
1806 390 1856 433 et
1885 378 2014 430 Filo

467 475 766 528 nominatus
790 479 891 532 est,
909 477 959 521 et
973 468 1149 520 multis
1168 468 1459 536 Scriptura
1473 469 1660 541 divinae
1690 467 1817 518 locis
1841 463 2018 519 Patris

467 574 522 615 et
555 561 670 614 Filii
713 558 1025 626 appellatur,
1054 556 1208 612 Patre
1237 567 1287 611 et
1319 557 1452 611 Filio
1486 557 1702 609 inferior
1743 569 1845 607 non
1896 569 2017 622 pro-

470 653 643 706 batur.

913 729 919 732 '
1003 728 1008 734 '
1051 716 1274 773 CAPUT
1303 716 1431 770 XIII.

477 834 570 887 Ubi
594 834 764 886 dicunt
788 828 1035 899 Spiritum
1064 838 1298 899 sanciunt
1320 829 1473 899 vitam
1500 841 1530 877 a
1561 824 1712 877 Patre
1742 840 1840 876 non
1882 840 2022 877 acce-

1019 899 1149 968 pisse
1173 907 1225 950 ut
1251 895 1461 949 Filium.

541 1018 594 1072 Si
629 1017 719 1068 tibi
749 1013 980 1069 dixerint
1007 1031 1021 1067 :
1047 1013 1232 1067 Filium
1263 1026 1291 1064 a
1324 1010 1474 1063 Patre
1505 1006 1661 1060 vitam
1692 1005 1915 1074 legimus
1937 1019 2022 1058 ac-

471 1108 696 1171 cepisse,
737 1115 794 1158 ut
838 1104 915 1156 sic
953 1101 1286 1156 credentibus
1311 1097 1488 1150 daret:
1521 1094 1798 1160 deSpiritu
1839 1103 2023 1147 sancto

475 1197 567 1250 nih
593 1196 607 1249 l
637 1196 738 1248 tale
765 1194 1003 1262 legimus,
1036 1203 1088 1244 et
1123 1193 1175 1244 in
1201 1204 1263 1243 eo
1287 1202 1402 1241 eum
1433 1186 1688 1239 minorem
1715 1184 1847 1236 Filio
1885 1183 2023 1251 judi-

474 1301 679 1340 camus.

463 1397 466 1400 λ
544 1372 835 1442 Responsio.
855 1369 983 1438 Quia
1010 1369 1178 1424 Patris
1205 1377 1258 1421 ct
1285 1364 1638 1431 Filiispiritus
1673 1369 2021 1430 nuncupatur,

471 1461 684 1529 spiritus
713 1461 832 1514 vitae
857 1461 972 1513 sine
997 1459 1156 1514 dubio
1183 1472 1320 1521 esse,
1370 1456 1506 1509 sicut
1556 1454 1708 1508 Pater
1757 1462 1811 1506 et
1860 1450 2026 1505 Filius

471 1549 662 1604 divinis
693 1549 1030 1605 Lectionibus
1049 1547 1442 1616 comprobatur,
1472 1541 1748 1598 Ezechiele
1771 1541 2025 1611 propheta

2118 377 2260 431 cedit
2286 377 2352 432 de
2382 379 2470 431 illo
2498 379 2710 446 spiritus
2767 365 3214 444 mansuetudinis;
3245 393 3322 435 est
3352 383 3588 451 gladius,
3619 399 3670 439 et

2121 468 2356 534 procedit
2376 469 2442 523 de
2462 483 2526 522 eo
2558 469 2763 536 gladius
2807 470 3046 538 spiritus.
3079 472 3142 524 Et
3187 473 3346 524 multa
3400 471 3499 525 alia
3552 489 3671 538 qua

2121 557 2385 614 brevitatis
2405 572 2561 614 causa
2583 557 2878 624 omisimus,
2921 541 3148 614 scientes
3169 561 3304 628 quod
3330 563 3506 630 paucis
3527 562 3668 616 dicta

2119 647 2443 714 sapientibus
2467 647 2627 700 multa
2649 657 2768 700 sunt
2800 667 2813 701 :
2834 648 3200 715 insipientibus
3225 665 3350 703 vero
3375 651 3469 704 etsi
3501 650 3671 704 multa

2118 736 2376 801 dicantur,
2406 740 2533 816 satis
2563 737 2780 792 omnino
2808 753 2909 792 non
2939 740 3158 796 faciunt.
3180 743 3280 798 Sed
3316 758 3380 797 ne
3403 744 3671 800 consuetis

2119 829 2390 882 calumniis
2411 838 2465 882 et
2487 830 2903 885 cavillationibus
2923 833 3185 902 simplices
3211 838 3417 891 animos
3457 846 3670 905 pertur-

2122 917 2277 981 betis,
2304 932 2372 972 ex
2391 917 2585 972 divinis
2617 919 2905 988 Scripturis
2934 921 2999 976 de
3030 923 3094 977 iis
3117 940 3233 992 qure
3262 929 3504 995 superius
3533 927 3670 980 dicta

2119 1019 2238 1063 sunt
2265 1008 2576 1063 documenta
2604 1009 2715 1064 haec
2766 1012 3026 1067 curiosius
3055 1014 3349 1082 exigentes,
3400 1015 3465 1069 ad
3492 1016 3671 1071 omnis

2121 1113 2238 1153 cum
2260 1099 2466 1152 Domini
2493 1099 2754 1167 adjutorio
2781 1101 2956 1155 divina
2995 1105 3290 1159 testimonia
3338 1105 3492 1176 “3
3550 1119 3674 1162 eoa—

2123 1187 2398 1256 ptabimus,
2431 1200 2485 1242 ut
2514 1189 2744 1257 legentes
2771 1201 3056 1258 agnoscant
3105 1195 3543 1261 quemadmodum
3585 1212 3672 1251 ηε

2121 1287 2243 1332 strat
2269 1278 2506 1347 pravitati
2535 1278 2903 1347 respondeant.
2944 1279 3091 1347 Quod
3121 1265 3261 1335 enim
3289 1283 3511 1350 Spiritus
3539 1285 3672 1338 Deus

2121 1380 2203 1424 est
2233 1371 2284 1424 in
2307 1371 2758 1441 EvangelioFilius
2783 1371 2983 1436 docuit,
3014 1371 3196 1426 dicens
3228 1391 3240 1424 :
3273 1373 3498 1440 Spiritus
3525 1374 3666 1428 Deus

2122 1471 2202 1514 est
2225 1460 2401 1527 (Joon.
2431 1477 2508 1528 tv,
2562 1461 2676 1530 24).
2730 1462 2878 1527 Quod
2909 1471 3082 1516 autem
3118 1463 3451 1531 omnipowns
3471 1475 3573 1534 est,
3623 1465 3673 1518 in

2123 1548 2403 1605 Salomone
2417 1549 2564 1621 (Sap.
2585 1565 2674 1616 vn,
2690 1550 2781 1622 25)
2801 1537 3247 1614 ostenditur,dum
3263 1551 3483 1620 spiritus
3503 1553 3673 1606 omnia

471 1644 680 1697 dicente
713 1659 724 1692 :
758 1641 888 1694 Cum
916 1650 1089 1693 autem
1121 1639 1392 1691 elevarent
1418 1648 1476 1688 se
1502 1632 1746 1686 animalia
1776 1646 1805 1686 a
1833 1640 1972 1686 terra
1996 1673 2012 1698 ,
2048 1637 2092 1696 Β
2120 1650 2325 1709 potens,
2353 1649 2407 1694 et
2430 1642 2605 1696 omnia
2635 1643 2957 1710 prospiciens
2990 1643 3280 1697 intimatur,
3311 1643 3469 1710 Quod
3500 1652 3670 1700 angam

473 1733 786 1787 exsiliebant
815 1733 964 1792 rotae,
995 1739 1048 1784 et
1084 1729 1378 1795 ubicunque
1416 1724 1559 1778 ibant
1591 1723 1773 1782 nubes.
1800 1731 1854 1777 et
1872 1721 2019 1790 juxta

472 1823 599 1878 illud
624 1824 836 1892 spiritus
865 1830 991 1873 rota:
1012 1817 1491 1874 extol-lebaturcum
1513 1815 1609 1878 eis,
1634 1811 1879 1881 quoniam
1909 1809 2021 1878 spi-

473 1914 606 1966 ritus
630 1911 747 1963 vitze
769 1920 882 1984 erat
910 1910 960 1961 in
989 1907 1118 1961 rotis
1148 1903 1355 1974 (Ezech.
1385 1917 1422 1967 l,
1458 1903 1567 1970 I9).
1630 1901 1691 1954 Et
1738 1898 2023 1967 Apostolus

471 2003 537 2056 ad
562 2004 826 2054 Romanos
860 2018 870 2050 :
905 1999 1009 2052 Lex
1038 1998 1200 2061 enim,
1229 1995 1323 2059 ait,
1348 1993 1562 2061 spiritus
1586 1991 1709 2046 vita:
1732 1992 1783 2044 in
1812 1989 2024 2045 Christo

473 2092 598 2146 Jesu
628 2092 799 2163 (Rom.
823 2105 935 2154 vttt,
960 2088 1037 2157 Ξ).
1072 2087 1198 2142 Item
1223 2084 1293 2138 ibi
1328 2101 1341 2137 :
1367 2081 1648 2136 Prudentia
1675 2080 1856 2135 carnis
1883 2093 2025 2134 mors

473 2192 572 2246 est,
609 2180 878 2248 prudentia
902 2193 1026 2232 vero
1080 2177 1294 2243 spiritus
1347 2173 1451 2226 vita
1512 2181 1566 2226 et
1598 2186 1694 2239 pax
1727 2167 1914 2237 (Ibid.,
1944 2169 2022 2238 6).

481 2270 603 2322 Item
627 2268 695 2320 ibi
730 2267 961 2334 :Corpus
977 2264 1184 2334 quidem
1211 2271 1474 2315 mortuum
1504 2268 1583 2313 est
1607 2269 1818 2325 propter
1840 2250 2026 2325 pecca-
2049 2278 2059 2284 ο

478 2372 609 2424 tum,
640 2357 850 2426 spiritus
878 2363 1050 2408 autem
1079 2356 1181 2408 vita
1207 2363 1289 2409 est
1315 2363 1528 2422 propter
1560 2352 1817 2421 justitiam
1864 2349 2027 2421 (Ibid.

480 2450 588 2519 10).
622 2450 684 2503 Et
711 2449 774 2501 ad
803 2445 1103 2501 Corinthios
1136 2445 1359 2498 :Factus
1393 2450 1474 2497 est
1521 2441 1718 2510 primus
1767 2440 1932 2494 Adam
1975 2438 2028 2492 in

479 2545 705 2596 animam
735 2541 1014 2605 viventem,
1046 2536 1360 2591 novissimus
1396 2533 1562 2590 Adam
1603 2532 1654 2585 in
1683 2531 1921 2599 spiritum
1953 2530 2032 2584 vi-

482 2632 776 2684 vLIicantem
801 2626 853 2697 (Ι
885 2628 999 2681 Cor.
1020 2643 1107 2691 xv,
1134 2625 1245 2694 45).
1275 2625 1399 2678 Item
1434 2623 1487 2677 in
1529 2621 1757 2677 secunda
1791 2619 2029 2675 :Littera

480 2718 689 2784 occidit,
719 2697 931 2785 spiritus
956 2726 1124 2768 autem
1150 2715 1379 2767 viviiicat
1413 2711 1494 2782 (Il
1521 2709 1640 2765 Cor.
1669 2727 1747 2776 tu,
1779 2711 1855 2780 6).
1883 2710 1945 2764 Et
1978 2709 2029 2762 itt

481 2810 789 2882 Apocalypsi
822 2807 923 2867 {Et
954 2815 1071 2876 post
1096 2808 1304 2860 tertium
1345 2806 1481 2859 diem
1523 2812 1576 2857 et
1627 2802 1899 2857 dimidium
1924 2799 2031 2869 spi-

479 2881 610 2959 ritus
625 2881 977 2956 vitae—intravit
1005 2900 1053 2952 in
1082 2898 1158 2953 eis
1185 2914 1213 2952 a
1245 2896 1486 2965 Domino,
1518 2902 1572 2950 et
1591 2900 1852 2948 steterunt
1873 2890 2030 2962 442

2121 1728 2213 1782 lux
2240 1728 2309 1781 sit
2342 1729 2574 1796 spiritus,
2622 1730 2864 1784 Ezechiel
2916 1729 3067 1786 testis
3112 1739 3214 1798 est,
3260 1732 3383 1786 dum
3436 1733 3672 1801 spiritum

2128 1817 2333 1872 Domini
2362 1818 2496 1873 sicut
2524 1818 2606 1871 lux
2651 1818 2965 1888 praefulgens
3009 1819 3075 1874 ab
3129 1821 3386 1889 Aquilone
3441 1820 3495 1876 in
3535 1822 3670 1876 nube

2124 1906 2418 1961 venientem
2438 1908 2656 1961 astruxit
2699 1906 2903 1977 (Eucti.
2952 1924 2991 1975 ι,
3047 1911 3124 1979 4).
3167 1910 3315 1976 Quod
3363 1912 3526 1966 virtus
3575 1914 3660 1975 sit,

2125 1995 2405 2063 Apostolus
2430 1996 2585 2050 docet
2613 2011 2731 2050 cum
2756 1997 2882 2051 dicit
2913 2015 2926 2051 :
2957 1997 3012 2051 In
3038 2000 3340 2055 ostensione
3369 1995 3582 2068 spiritus
3624 2015 3673 2058 et

2125 2085 2328 2140 virtutis
2357 2084 2409 2156 (I
2435 2085 2552 2140 Cor.
2579 2103 2632 2151 Il,
2657 2086 2730 2155 4).
2764 2088 2913 2155 Quod
2968 2089 3094 2143 vero
3155 2090 3410 2157 sapientia
3440 2090 3664 2152 dicatur,

2125 2174 2284 2229 Isaias
2318 2178 2464 2231 testis
2488 2187 2589 2240 est,
2620 2193 2738 2233 cum
2782 2179 2986 2232 Domini
3027 2178 3215 2234 Fi‘ium
3254 2180 3438 2248 spiritu
3469 2183 3673 2248 sapien-

2130 2265 2214 2317 tite
2242 2265 2400 2318 fuisse
2441 2267 2694 2333 repfetum
2759 2267 2885 2321 dicit
2916 2267 3067 2338 (Isai.
3124 2269 3311 2338 xt,2).
3359 2270 3506 2336 Quod
3559 2287 3673 2325 vero

2129 2354 2405 2424 prudentia
2451 2356 2674 2423 dicatur,
2720 2358 2771 2411 in
2810 2359 2995 2415 eodem
3042 2362 3295 2429 propheta
3351 2363 3666 2416 ostenditur.

2127 2446 2276 2512 Quod
2294 2457 2465 2502 autem
2497 2450 2706 2518 spiritus
2730 2453 2932 2507 consilii
2977 2464 3033 2509 et
3080 2455 3399 2509 fortitudinis
3445 2455 3666 2519 dicatur,

2130 2535 2182 2589 in
2205 2534 2391 2589 eodem
2417 2537 2678 2594 volumine
2706 2540 3021 2596 declaratur.
3055 2543 3204 2610 Quod
3259 2561 3388 2600 vero
3435 2560 3532 2616 pax
3587 2546 3674 2610 sit,

2128 2623 2480 2691 apostolorum
2496 2623 2625 2680 Acta
2653 2633 2910 2684 testantur
2952 2630 3083 2703 (Act.
3107 2646 3178 2698 ιι,
3203 2632 3318 2701 51).
3340 2634 3486 2700 Quod
3508 2643 3675 2689 autem

2128 2713 2319 2768 caritas
2368 2715 2589 2785 dicatur,
2669 2722 2955 2786 apostolica
3036 2724 3298 2777 sententia
3350 2726 3671 2793 comprobat.

2129 2802 2278 2868 Quod
2308 2818 2431 2858 vero
2451 2808 2664 2873 spiritus
2691 2807 2960 2876 sapientiae
2981 2812 3296 2878 appelletur,
3313 2812 3458 2866 lsaILB
3478 2799 3670 2867 uinum

2133 2897 2349 2954 tiatione
2372 2900 2607 2972 docetur.
2634 2902 2780 2969 Quod
2801 2911 2974 2956 autem
3018 2903 3235 2972 spiritus
3264 2909 3386 2959 vitae
3426 2907 3510 2970 sit,
3545 2909 3675 2972 Apo-

479 3015 635 3069 super
688 2997 846 3066 pedes
875 2996 996 3048 {sos
1028 2995 1217 3066 (Apoc.
1271 3007 1318 3045 xt
1338 3033 1353 3055 ,
1385 2989 1503 3058 11).
1553 2985 1795 3042 Ezechiel
1849 2986 2029 3052 utique
2055 2980 2101 3044 C
2130 2991 2294 3042 stolus
2308 2990 2514 3054 edocet,
2535 2989 2658 3044 dum
2685 2991 3011 3059 prttdentiam
3034 2995 3247 3061 spiritus
3260 2997 3403 3062 vitae,
3427 3006 3478 3050 et
3498 3011 3671 3064 pacem

481 3092 663 3147 iisdem
712 3087 886 3143 verbis
933 3101 994 3139 ac
1037 3083 1249 3154 syllabis
1289 3082 1356 3138 de
1411 3079 1578 3135 aridis
1618 3078 1826 3134 ossibus
1884 3089 2027 3129 inor-

481 3194 686 3237 tuorum
714 3178 854 3248 paria
881 3185 1194 3245 protestatur
1235 3172 1444 3241 (Ezech.
1477 3184 1675 3248 xxxvtt,
1709 3169 1820 3235 10).
1858 3165 2031 3220 luteu-

483 3279 611 3339 dite,
633 3246 832 3343 qureso,
867 3270 1138 3332 intendite,
1161 3266 1408 3336 quoniam
1433 3246 1882 3328 inaniterspiritus
1912 3257 2033 3311 vitte

453 3403 458 3407 -
486 3384 587 3421 non
619 3366 764 3424 dixit,
794 3372 846 3415 et
872 3361 956 3427 qui
986 3359 1114 3410 vivis
1148 3368 1199 3410 et
1232 3354 1453 3408 mortuis
1491 3351 1773 3406 secundum
1805 3347 2030 3400 antelata

488 3453 778 3510 testimonia
798 3452 952 3501 vitam
977 3429 1209 3515 largitur,
1236 3444 1448 3498 inferior
1466 3458 1493 3494 a
1522 3442 1674 3494 Patre
1697 3450 1746 3491 ct
1770 3437 1900 3492 Filio
1917 3436 2057 3510 nul:

491 3551 689 3601 lateuus
714 3539 1103 3600 comprobatur.

1077 3646 1297 3700 CAPUT
1337 3644 1470 3698 XIV.

525 3745 616 3799 Ubi
647 3744 845 3796 dicunt:
873 3739 1088 3792 Ostende
1117 3736 1250 3805 quod
1279 3736 1338 3787 de
1366 3732 1523 3805 Patre
1552 3733 1772 3802 Spiritus
1800 3742 1998 3784 sanctus

1010 3803 1165 3875 possit
1193 3803 1476 3873 procedere.

552 3921 608 3977 Si
628 3921 728 3975 tibi
758 3919 985 3972 dixerint
1017 3931 1031 3970 :
1064 3900 1296 3969 Ostende
1324 3911 1462 3981 quod
1485 3903 1710 3982 Spiritus
1731 3918 1944 3965 sanctus
1968 3909 2034 3962 de

489 4017 640 4068 Patre
669 4012 747 4065 vel
777 4010 908 4064 Filio
928 4007 1211 4076 procedi-re
1240 4004 1424 4072 potuit.
1532 4010 1533 4014 ‘
1811 4019 1814 4023 ι

533 4104 852 4174 Responsio.
878 4102 930 4155 Si
961 4100 1119 4152 corda
1150 4108 1319 4151 vestra
1346 4095 1726 4151 incredulitatis
1757 4095 1863 4164 jam
1907 4091 2034 4145 vitio
2088 4089 2092 4094 ⁷

490 4196 737 4248 obdurato
761 4193 823 4245 ad
856 4190 1125 4244 mollitiem
1157 4197 1346 4240 nostra:
1367 4186 1689 4240 credulitatis
1714 4185 1917 4238 velletis
1937 4187 2033 4240 ad-

466 4287 700 4345 ducere,
725 4257 966 4334 facillime
994 4277 1346 4344 agnosceretis
1373 4277 1512 4344 quod
1548 4276 1774 4344 Spiritus
1825 4277 1893 4330 de
1929 4278 2032 4330 Deo

2131 3095 2250 3135 esse
2279 3081 2519 3150 praedixit
2546 3082 2719 3151 (Rom.
2753 3098 2864 3146 vttt,
2892 3083 2969 3151 6).
2996 3084 3146 3148 Quod
3189 3095 3365 3140 autem
3394 3081 3564 3142 rectus
3604 3088 3671 3140 di-

2131 3171 2284 3234 citur,
2312 3171 2522 3226 Davidis
2541 3173 2766 3227 oraculis
2793 3173 3108 3246 ostenditur,
3137 3173 3260 3229 dum
3285 3177 3338 3230 in
3385 3176 3490 3230 suis
3514 3177 3674 3230 visce-

2133 3263 2277 3316 ribus
2296 3262 2539 3330 spiritum
2556 3272 2755 3317 rectum
2779 3265 3013 3317 innovari
3046 3276 3291 3331 precatur
3311 3265 3479 3336 (Psal.
3498 3283 3546 3328 ι..
3576 3267 3674 3332 IS).

2131 3350 2278 3416 Quod
2306 3360 2476 3404 autem
2510 3353 2673 3405 bonus
2703 3351 2927 3415 dicatur,
2961 3353 3095 3406 idem
3123 3356 3375 3421 propheta
3431 3340 3674 3414 ostendit,

2133 3440 2219 3506 qui
2253 3454 2309 3494 se
2332 3454 2359 3491 a
2391 3440 2586 3508 Spiritu
2621 3452 2815 3495 sancto
2848 3442 2900 3495 in
2931 3441 3014 3495 via
3049 3452 3189 3496 recta
3245 3443 3432 3498 deduci
3479 3444 3675 3498 deside-

2133 3543 2254 3582 rans
2295 3529 2434 3582 canit
2477 3527 2645 3598 (Psal.
2687 3544 2828 3593 xxvi,
2876 3530 2985 3598 11).
3049 3529 3196 3594 Quod
3237 3540 3414 3586 autem
3465 3532 3674 3599 spiritus

2134 3621 2543 3677 mansuetudinis
2566 3631 2910 3691 nuncupetnr,
2941 3625 3219 3690 Apostolus
3249 3628 3400 3679 testis
3421 3636 3521 3688 est,
3549 3626 3664 3680 dum

2133 3709 2277 3772 dicit,
2311 3723 2368 3761 se
2389 3722 2489 3762 non
2519 3709 2568 3762 in
2598 3708 2762 3778 virga,
2791 3710 2883 3764 sed
2906 3710 2958 3764 in
2981 3711 3202 3767 caritate
3223 3713 3439 3780 spiritus
3461 3723 3513 3767 et
3541 3729 3674 3766 man-

2134 3797 2432 3876 suetudinis
2455 3797 2710 3854 advenire
2743 3797 2794 3867 (l
2826 3800 2942 3853 Cor.
2975 3816 3045 3862 tv,
3073 3798 3189 3868 21).
3229 3798 3377 3869 Quod
3427 3819 3549 3858 vero
3573 3819 3676 3870 per-

2137 3888 2310 3940 fectus
2339 3886 2565 3950 dicatur,
2595 3888 2734 3942 idem
2763 3889 2917 3944 docet
2944 3893 3233 3959 apostolus,
3264 3892 3386 3946 dum
3421 3895 3560 3946 illum
3598 3896 3672 3963 ju-

2133 3979 2300 4035 dicetn
2346 3979 2600 4048 omnium,
2651 3991 2702 4035 et
2745 3983 2984 4048 spiritum
3028 3984 3290 4052 jtlstorum
3348 3986 3569 4038 insinuat
3629 3994 3676 4037 ei

2137 4071 2482 4136 perfectorum
2518 4069 2699 4138 (Hebr.
2733 4087 2824 4133 xtt,
2892 4072 3017 4140 23).
3073 4073 3219 4140 Quod
3267 4087 3441 4139 autem
3481 4077 3669 4144 gladius

2137 4169 2498 4227 nuncupetur,
2520 4160 2655 4213 idem
2688 4162 2874 4228 probat
2906 4164 3196 4228 apostolus,
3257 4165 3380 4218 dum
3423 4182 3542 4220 eum
3573 4181 3677 4219 ver-

2138 4249 2263 4303 bum
2289 4251 2376 4304 Dei
2403 4253 2704 4320 pronuntiat
2731 4265 2849 4306 esse
2899 4252 3114 4320 (Ephes.
3161 4271 3230 4318 vn,
3283 4258 3392 4325 i7).
3441 4258 3496 4311 Si
3551 4258 3675 4311 enim

492 4373 642 4425 Patre
667 4370 830 4437 possit
855 4365 1138 4436 procedere
1169 4382 1181 4417 :
1206 4373 1286 4417 est
1308 4364 1446 4418 enim
1481 4365 1631 4418 Pater
1656 4366 1812 4430 Deus,
1841 4375 1893 4419 et
1916 4381 2034 4433 pro-
2065 4333 2112 4391 Β
2270 4342 2443 4437 olm-“3
2489 4357 2590 4437 If?"
2639 4343 2820 4433 “eis,
2842 4345 3107 4437 memmi“
3136 4346 3392 4437 ,κβίῗτθηι
3420 4388 3435 4411 ο
3472 4364 3566 4402 τ’θο
3612 4349 3670 4400 δέ

492 4464 628 4518 cedit
667 4462 732 4515 de
761 4460 845 4513 illo
875 4459 1098 4526 Spiritus
1119 4457 1242 4519 Dei;
1280 4465 1361 4509 est
1385 4456 1734 4522 omnipotens,
1766 4466 1818 4508 et
1847 4470 2031 4523 proce-

493 4553 567 4604 dit
594 4551 659 4604 de
685 4562 748 4604 eo
774 4547 1149 4612 omnipotentia
1193 4545 1437 4612 Spiritus;
1468 4554 1548 4597 est
1591 4543 1697 4605 lux,
1729 4555 1780 4597 et
1802 4545 2036 4612 procedit

493 4647 556 4698 de
586 4657 651 4697 eo
676 4642 889 4710 spiritus
912 4639 1069 4701 lucis;
1098 4649 1177 4692 est
1209 4638 1394 4698 virtus.
1413 4647 1464 4690 et
1486 4638 1721 4705 procedit
1745 4637 1810 4690 de
1839 4652 1902 4690 eo
1931 4637 2036 4704 spi-

493 4735 623 4788 ritus
651 4730 886 4792 virtutis;
915 4737 996 4783 est
1019 4728 1248 4796 sapiens,
1271 4738 1325 4781 et
1355 4727 1588 4794 procedit
1615 4720 1679 4780 de
1710 4727 1797 4779 illo
1830 4727 2038 4793 sapien-

496 4824 578 4877 tiae
598 4820 849 4890 spiritus;
877 4828 956 4872 est
1000 4818 1296 4886 prudentia,
1322 4827 1375 4870 et
1405 4815 1640 4884 procedit
1662 4817 1727 4870 de
1766 4817 1855 4870 illo
1911 4831 2035 4884 pru-

493 4913 680 4966 dentice
716 4908 959 4977 spiritus;
1017 4915 1099 4962 est
1135 4906 1433 4969 consilium,
1482 4915 1535 4960 et
1585 4906 1831 4972 procedit.
1861 4907 1926 4960 de
1974 4921 2038 4960 eo

493 5001 705 5069 spiritus
733 4998 967 5058 consilii;
996 5005 1075 5050 est
1109 4996 1375 5061 iortitudo,
1405 5006 1460 5049 et
1488 4996 1725 5064 procedit
1749 4996 1813 5069 de
1842 5010 1905 5050 eo
1933 4996 2040 5063 Spi-

497 5094 623 5144 ritus
655 5090 1000 5151 fortitudin's;
1025 5095 1106 5141 est
1134 5102 1253 5154 pax,
1282 5095 1336 5141 et
1366 5085 1681 5154 proceditde
1709 5085 1796 5140 illo
1826 5084 2039 5154 spiritus

499 5183 639 5249 paris
663 5203 677 5245 -,
706 5188 786 5233 est
814 5176 1025 5245 caritas,
1067 5188 1119 5233 et
1143 5176 1376 5247 procedit
1403 5178 1470 5231 de
1498 5178 1588 5230 illo
1609 5177 1825 5244 spiritus
1850 5178 2033 5231 carita-

499 5274 561 5324 tis
602 5281 682 5324 est
723 5270 963 5333 scientia,
996 5280 1055 5322 et-
1078 5268 1311 5336 procedit
1330 5267 1397 5322 de
1427 5267 1517 5320 illo
1538 5269 1749 5335 spiritus
1770 5269 2039 5332 scientiae;

498 5375 575 5414 est
599 5364 698 5415 vita
719 5403 732 5425 ,
756 5371 805 5414 et
834 5360 1068 5429 procedit
1091 5361 1157 5415 de
1188 5361 1277 5414 illo
1300 5360 1514 5428 spiritus
1556 5361 1707 5424 vitai;
1737 5369 1816 5416 est
1844 5372 2042 5426 rectus,

501 5462 550 5504 ct
574 5453 802 5516 procedit
830 5453 894 5505 de
925 5453 1011 5506 il'o
1033 5453 1246 5520 Spiritus
1288 5452 1644 5516 rectitudinis;
1671 5463 1750 5506 est
1774 5453 1960 5517 bonus,
1994 5465 2047 5508 et

506 5543 734 5608 ptocedit
771 5542 835 5597 de
865 5543 951 5596 illo
981 5543 1191 5611 spiritus
1221 5542 1592 5607 honitatis;es‘t
1623 5544 1802 5611 pietas,
1833 5555 1881 5601 et
1914 5561 2039 5611 pro-

2135 4428 2278 4481 Filio
2296 4428 2386 4481 Dei
2419 4430 2761 4498 ambigerem,
2788 4426 2985 4498 'neque
3032 4432 3098 4486 de
3131 4433 3359 4501 Spiritus
3405 4437 3568 4490 sancti
3598 4452 3676 4506 po-

2137 4519 2295 4577 tentia
2323 4517 2650 4573 dubitarent.

2737 4629 2958 4685 CAPUT
2992 4630 3103 4685 XV.

2145 4739 2240 4793 Ubi
2283 4741 2454 4793 dicunt
2492 4716 2735 4810 Spiritum
2783 4753 3009 4796 sanctum
3046 4745 3223 4816 ubique
3263 4765 3362 4802 non
3399 4767 3502 4804 esse
3535 4749 3673 4815 diis-

2860 4830 2985 4868 sum.
3222 4838 3239 4857 κ

2210 4918 2265 4975 Si
2307 4920 2399 4975 tibi
2431 4922 2655 4977 dixerint
2684 4924 2802 4991 quia
2843 4940 2946 4978 non
2977 4925 3167 4998 ubique
3203 4939 3285 4981 est
3324 4931 3534 4996 spiritus
3567 4945 3671 4982 san-

2139 5021 2255 5066 ctus
2283 5013 2422 5068 sicut
2450 5014 2604 5068 Pater
2626 5027 2680 5071 et
2702 5017 2880 5087 Filius,
2901 5018 2992 5072 sed
3018 5019 3254 5074 localiter
3274 5023 3374 5076 sibi
3403 5023 3668 5090 injunct.:m

2139 5102 2388 5169 adimplet
2419 5103 2671 5158 officium.

2211 5189 2370 5262 ω
2402 5190 2696 5261 Responsio.
2731 5194 2797 5249 Ut
2824 5206 2997 5252 autem
3028 5197 3287 5264 Spiritum
3333 5210 3562 5257 sanctam
3596 5198 3671 5254 do-

2143 5291 2356 5333 ceamus
2385 5280 2575 5351 ubique
2602 5283 2866 5342 diffusum.
2918 5287 3214 5340 Davidicum
3267 5288 3672 5360 investigsbitnns

2147 5368 2522 5437 testimonium,
2548 5387 2608 5425 ex
2639 5373 2787 5440 cujus
2810 5375 3079 5440 prophetia
3118 5373 3348 5440 Spiritus
3370 5387 3575 5431 sanctus
3599 5376 3672 5431 do-

2147 5468 2313 5518 cetur,
2357 5475 2459 5513 non
2488 5462 2632 5523 locis,
2662 5471 2717 5515 ut
2740 5478 2833 5515 Vos
2863 5465 2912 5517 in
2940 5478 3127 5517 somno
3154 5467 3303 5532 gravi
3335 5467 3546 5529 detenti.
3587 5465 3668 5519 sed

2158 5551 2387 5617 potentia
2422 5568 2533 5606 'sua
2570 5554 2707 5608 sicut
2756 5552 2910 5617 Pater
2941 5563 2992 5610 ct
3047 5554 3208 5610 Filius
3235 5557 3428 5628 ubique
3453 5551 3669 5613 diiiundi.
