3862 6222
99 298 200 353 100

1164 271 1167 274 ’
1223 287 1488 346 CONTRA
1530 285 1934 344 vanmsouu
1972 285 2098 343 LIB.
2140 287 2204 344 ll.

3226 284 3348 341 ιιοο

101 415 216 480 Ipse
269 413 509 482 denique
544 413 595 466 in
621 410 823 480 psalmo
867 420 1098 461 cxxsvtu
1141 404 1314 474 (Vm.
1339 404 1392 474 7)
1436 401 1575 459 canit
1623 411 1675 455 et
1701 406 1750 464 Α
1778 399 1972 464 David;
2000 415 2100 470 ego
2122 414 2238 454 sum
2262 399 2416 454 stella
2435 399 2706 468 Splend'da
2739 397 3190 470 matutina(lbid.,
3221 404 3357 471 l6).-

99 502 228 556 dicit
261 520 275 555 :
309 503 437 568 Quo
463 503 551 555 ibo
576 515 605 552 a
627 497 811 567 spiritu
834 506 958 549 tuo:
989 505 1043 551 et
1072 509 1099 548 a
1132 493 1266 548 facie
1304 503 1391 548 tua
1436 507 1542 562 quo
1595 491 1672 545 fu-

101 594 284 662 giam?
308 594 369 646 Si
396 591 689 645 ascendero
717 590 767 642 in
799 589 1011 652 calum,
1045 596 1097 638 ιιι
1126 586 1194 640 ibi
1212 600 1290 647 es.
1319 594 1371 638 et
1399 586 1440 638 si
1465 579 1678 637 descen-

103 685 308 736 deroin
339 680 802 746 iufernum,ades.
855 678 908 732 Si
960 690 1238 743 sumpsero
1291 689 1490 743 pennas
1534 686 1678 728 meas

107 775 156 825 in
186 765 1277 831 directum.ethabitaveroinnovissimo
1325 764 1508 828 maris,
1564 771 1680 816 ete-

105 863 216 916 nim
245 861 386 916 illuc
418 872 601 911 manus
622 868 704 910 tua
733 856 954 911 deducet
982 871 1065 910 me
1091 897 1104 917 .
1136 864 1190 909 et
1210 855 1411 909 tenebit
1439 868 1524 908 me
1553 852 1682 907 dex-

112 964 218 1006 tcra
245 962 362 1004 tua.
401 950 467 1003 Et
501 949 554 1002 in
578 948 863 1002 Salomone
894 946 1159 1016 :Spiritus
1203 945 1406 999 Domini
1460 943 1683 1012 replevit

111 1043 297 1095 orbem
335 1052 599 1094 terrarum
631 1039 780 1108 (Sap.
810 1054 841 1100 I,
873 1040 951 1107 7).
983 1038 1108 1090 Item
1159 1037 1228 1090 ibi
1261 1054 1272 1088 :
1305 1027 1378 1089 Ne
1403 1033 1619 1100 dixeris,
1652 1045 1684 1085 a

111 1130 316 1198 Spiritu
354 1127 450 1182 Dei
479 1129 796 1193 abscondor,
822 1137 874 1181 et
911 1127 977 1181 de
1003 1127 1258 1180 altissimo
1301 1125 1418 1194 quis
1441 1124 1543 1177 tnei
1575 1138 1685 1175 me-

114 1220 531 1274 morabituan
547 1219 739 1288 populo
761 1220 900 1273 enim
932 1234 1121 1286 magno
1150 1232 1254 1271 non
1266 1213 1684 1286 agnoscor.Quaa

113 1319 193 1363 est
221 1313 374 1363 enim
398 1308 700 1362 animamea
733 1309 784 1361 in
831 1316 936 1361 tam
982 1322 1167 1375 magna
1214 1301 1504 1360 creatura?
1547 1305 1687 1357 Ecce

116 1400 337 1464 coelum,
358 1411 416 1452 et
434 1398 625 1452 calum
641 1398 915 1460 caelorum,
931 1397 1147 1466 abyssus
1177 1404 1230 1448 et
1261 1395 1501 1447 universa
1520 1401 1682 1457 terra,

115 1501 166 1543 et
194 1506 316 1559 quae
340 1490 398 1542 in
428 1489 505 1544 eis
527 1498 668 1552 sunt,
699 1489 750 1541 In
772 1495 1056 1556 conspectu
1103 1486 1218 1552 ejus
1262 1490 1406 1537 sunt.
1455 1485 1496 1534 Α
1544 1481 1686 1534 vultu

117 1583 257 1636 illius
289 1584 650 1637 movebuntur
669 1589 873 1633 montes
925 1589 980 1632 et
1024 1576 1205 1639 colles,
1249 1583 1305 1628 et
1352 1574 1687 1626 fundamenta

117 1680 298 1738 terra,
358 1681 418 1726 et
470 1686 588 1727 cum
631 1666 977 1732 concusserit,
1029 1675 1260 1719 tremore
1319 1661 1690 1717 concutientur

116 1762 314 1830 (Eccli.
350 1777 461 1826 ινι,
491 1759 604 1828 16).
637 1760 700 1814 Et
729 1760 778 1812 in
803 1756 1072 1827 Apocalyp
1101 1755 1117 1810 i
1163 1771 1178 1810 :

119 1850 448 1904 candelabra
474 1853 684 1913 aurea,’
707 1856 761 1902 et
806 1855 1008 1914 septem
1062 1846 1302 1898 lucernas
1338 1842 1390 1896 in
1424 1842 1596 1911 rapite
1615 1855 1701 1896 se-

124 1950 262 2008 ptem
302 1939 745 1994 candelabrorum
801 1951 1104 2002 aureorum,
1136 1944 1189 1989 et
1216 1935 1322 1988 disi
1359 1933 1526 1999 τρυε
1577 1939 1702 1986 sunt

123 2034 241 2097 ista,
281 2032 556 2088 Domine?
585 2033 650 2086 Et
676 2031 809 2086 dixit
855 2031 982 2084 mihi
1017 2046 1030 2082 :
1061 2028 1275 2097 Septem
1313 2029 1566 2088 lucernae,
1614 2038 1699 2078 se-

126 2133 266 2190 ptem
298 2109 523 2190 spiritus
551 2131 692 2186 sunt,
719 2119 866 2174 missi
894 2134 988 2187 per
1018 2117 1322 2172 universum
1372 2114 1555 2170 orbem
1586 2124 1694 2170 ter-

126 2229 302 2269 rarum
335 2217 526 2286 (Apoc.
552 2229 589 2276 l,
625 2212 730 2280 l2).
764 2213 899 2266 Ecce
944 2211 1220 2265 docuimus
1263 2207 1519 2276 Spiritum
1574 2220 1698 2260 san-

127 2314 263 2358 ctum
291 2303 558 2366 noulocis
587 2301 832 2362 detineri.
881 2315 1056 2368 neque
1103 2298 1319 2367 regione
1364 2296 1538 2365 aliqua
1591 2305 1698 2349 ter-

131 2393 345 2460 minari,
379 2386 646 2462 quomodo
668 2402 721 2446 tu
748 2394 942 2446 astruis
969 2404 1089 2445 eum
1115 2389 1307 2456 ubique
1326 2402 1429 2440 non
1455 2401 1572 2440 esse
1595 2385 1696 2438 dif-

129 2488 298 2540 fusum
326 2485 514 2554 :cujus
535 2500 737 2549 vocem,
767 2483 1054 2537 secundum
1077 2479 1283 2534 Domini
1305 2477 1338 2532 d
1364 2492 1529 2542 ctum,
1553 2475 1698 2546 quis-

131 2578 244 2643 quis
270 2585 374 2640 est,
402 2569 586 2628 audire
613 2585 785 2627 tamen
838 2580 1030 2641 potest,
1077 2570 1172 2625 sed
1204 2570 1344 2623 unde
1390 2568 1588 2631 veniat,
1643 2576 1696 2620 et

135 2680 232 2733 quo
258 2665 441 2731 vadat,
474 2664 606 2720 nulli
637 2663 935 2716 mortalium
981 2661 1120 2715 scire
1147 2672 1458 2713 concessum
1502 2665 1604 2711 est.

730 2815 955 2872 CAPUT
977 2813 1114 2875 XV].

144 2947 234 3004 Ubi
257 2951 432 3005 dicunt
463 2949 712 3019 Spiritum
750 2959 977 3072 ungunt
1026 2947 1227 3021 prtpris
1257 2946 1465 3018 lucifero
1489 2961 1698 3019 compa.

817 3036 843 3072 r
899 3035 1002 3072 um.

817 3035 892 3072 rat
899 3035 1002 3073 um.

206 3155 258 3211 Si
286 3156 380 3212 tibi
411 3133 640 3210 dixerint
663 3172 676 3206 :
701 3154 927 3224 Spiritus
955 3159 1168 3208 sanctus
1207 3152 1425 3208 lucifero
1477 3166 1692 3222 compa-

145 3253 280 3301 ratus
297 3254 403 3312 est,
433 3255 554 3299 ante
585 3259 739 3313 quem
773 3245 924 3298 Pater
947 3243 1134 3297 Filium
1164 3245 1409 3312 genuisse
1449 3258 1508 3297 se
1533 3252 1692 3299 testa-

149 3343 223 3388 tus
248 3346 349 3401 est,
377 3334 603 3412 dicendo
628 3352 640 3385 :
665 3333 722 3386 In
745 3332 1113 3399 splendoribus
1134 3341 1433 3386 sanctorum
1455 3347 1518 3386 ex
1543 3341 1690 3388 utero

148 3437 256 3483 ante
281 3429 556 3484 luciferum
584 3427 739 3496 genui
771 3435 819 3479 te
841 3424 1012 3496 (Psal.
1034 3440 1141 3487 CIX.
1162 3423 1238 3492 5).
1291 3424 1384 3477 Vel
1402 3423 1528 3478 illud
1551 3440 1620 3493 qu
1658 3424 1690 3478 d

152 3517 318 3573 Petrus
347 3519 620 3588 apostolus
653 3518 782 3571 dixit
815 3535 828 3570 :
861 3517 1036 3569 Donec
1065 3515 1222 3587 445
1271 3515 1388 3569 dies
1439 3517 1688 3583 lucescat,

150 3621 196 3663 et
238 3612 424 3668 lucifer
479 3613 680 3666 oriatur
736 3609 789 3664 in
861 3607 1110 3663 cordibus
1163 3609 1352 3662 vestris
1384 3605 1479 3676 (II
1547 3605 1688 3660 Petr.

152 3715 195 3767 ι,
223 3703 326 3773 19).

212 3791 507 3864 Responsio.
536 3791 644 3846 Pet:
661 3805 722 3845 us
738 3790 1051 3858 Apostolus,
1076 3803 1192 3843 cum
1209 3803 1305 3858 pro
1322 3788 1560 3842 doctrina
1576 3803 1696 3842 crr-

153 3881 366 3939 dentium
400 3885 513 3938 haec
539 3884 589 3937 iu
617 3897 710 3936 sua
742 3881 969 3949 Epistola
995 3884 1278 3949 posuisset,
1298 3880 1550 3948 Spiritum
1574 3893 1696 3932 san-

154 3975 277 4025 ctu'm
305 3972 577 4029 luciferum
622 3973 831 4040 preprie
872 3971 1220 4034 nominatum,
1272 3985 1369 4023 uec
1416 3968 1565 4031 dixit,
1596 3982 1694 4022 nec

156 4061 332 4131 docuit,
358 4079 456 4120 nec
487 4063 724 4118 docenda
755 4063 1038 4116 mandavit.
1073 4060 1177 4115 Sed
1205 4069 1258 4113 et
1281 4075 1375 4113 nos
1397 4061 1482 4128 qui
1508 4062 1559 4113 in
1576 4059 1691 4112 Tri-

156 4152 300 4207 nitate
327 4169 491 4208 unum
515 4153 779 4206 credimus
811 4153 992 4216 Deum,
1020 4153 1176 4205 etiam
1219 4149 1386 4218 ipsum
1414 4149 1689 4203 Dominum

157 4251 199 4293 et
221 4229 538 4299 SalvatOrem
579 4253 811 4296 nostrum
837 4241 888 4296 in
922 4241 1084 4310 ﬁgura
1139 4242 1293 4310 hujus
1343 4239 1532 4304 stcllze,
1583 4255 1690 4294 non

158 4331 304 4387 solum
328 4350 357 4388 a
383 4333 675 4404 prophetis,
704 4348 881 4387 vetum
909 4333 1066 4386 etiam
1095 4332 1162 4385 ab
1207 4332 1464 4400 apostolis
1511 4340 1692 4386 osten-

158 4418 304 4476 dimus
333 4423 695 4491 praedicatum.
727 4421 779 4474 In
811 4421 1022 4475 Numeri
1080 4422 1237 4474 ctiam
1288 4422 1442 4483 libro.
1475 4438 1594 4475 cum
1658 4436 1686 4475 a

161 4508 324 4567 Balaac
352 4513 667 4581 impiissimo
719 4527 841 4582 rege
861 4522 914 4566 et
936 4513 1191 4581 sacrilego
1235 4510 1444 4566 Balaam
1475 4529 1688 4582 quoque

159 4603 592 4670 pseudOprOpheta
624 4601 686 4654 ad
713 4601 1129 4656 maledicendum
1152 4601 1242 4656 Dei
1273 4603 1520 4670 pupulum
1552 4618 1692 4657 mer-

161 4691 282 4744 cedis
308 4694 456 4746 titulo
485 4692 673 4746 fuis~et
702 4693 974 4755 adductus,
997 4695 1108 4748 haec
1125 4694 1346 4748 docetur
1366 4711 1466 4748 non
1484 4710 1579 4748 sua
1604 4710 1694 4750 vo-

162 4780 355 4852 luntate,
387 4787 481 4841 sed
506 4787 683 4839 divino
730 4787 950 4854 imperio
996 4786 1239 4842 intulisse
1269 4807 1280 4840 :
1312 4789 1544 4854 Orietur,
1597 4791 1691 4854 ait,

164 4875 292 4927 stella
313 4893 376 4931 cx
405 4876 592 4937 Jacob.
623 4885 674 4929 et
704 4877 955 4930 ascendet
985 4879 1130 4946 virga
1177 4893 1240 4931 ex
1279 4879 1458 4946 Israel,
1493 4889 1545 4933 et
1575 4894 1696 4949 per-

163 4967 294 5020 cutiet
319 4970 494 5023 omnia
518 4983 676 5035 regna
701 4978 853 5021 terra:
879 4968 1063 5039 (Num.
1095 4985 1239 5034 xxiv,
1275 4970 1381 5040 17).
1405 4971 1466 5024 Ει
1496 4974 1548 5025 in
1591 4973 1696 5024 alio

167 5050 289 5106 loco:
313 5058 584 5112 Columnae
605 5059 720 5110 caeli
746 5069 1181 5112 contremuerunt
1220 5060 1522 5121 Dominum.
1551 5072 1692 5114 astra

166 5151 309 5198 autem
337 5147 458 5201 caeli
490 5155 724 5199 metuent
751 5162 868 5199 cum
894 5145 1031 5216 (Job.
1089 5164 1234 5212 xxvr,
1270 5149 1375 5217 11).
1434 5151 1692 5216 Quoniam

169 5226 479 5303 hacest'pax
509 5243 562 5288 et
593 5235 757 5288 virtus
784 5237 918 5303 ejus,
942 5245 998 5288 ut
1019 5237 1296 5303 splendeat
1318 5240 1370 5292 in
1393 5241 1694 5294 caelostrlla

170 5317 276 5385 llius,
301 5326 363 5380 ad
397 5327 771 5381 illuminandos
789 5341 972 5380 omnes
995 5328 1273 5384 credentes
1296 5331 1347 5382 in
1397 5346 1540 5386 eum.
1575 5333 1696 5386 Iltec

170 5408 504 5486 luEvangelio
539 5436 551 5468 :
581 5417 840 5484 Vidimus,
905 5405 1166 5488 inquiunt,
1218 5423 1422 5474 stellam
1477 5426 1594 5484 eius
1642 5424 1693 5478 in

172 5500 358 5570 oriente,
389 5516 442 5561 et
473 5508 717 5561 venimus
757 5509 976 5564 adorare
1021 5525 1140 5563 eum
1185 5510 1402 5577 (Matth.
1438 5529 1490 5565 ιι.
1520 5513 1577 5577 ‘2)
1631 5515 1696 5567 Et

173 5588 212 5641 in
237 5593 532 5668 Apocalypsi
563 5598 782 5661 Joannis
831 5601 1051 5667 aposttdi
1087 5617 1098 5652 :
1138 5602 1246 5666 Ego
1271 5618 1385 5654 sum
1419 5606 1617 5668 primus
1641 5615 1694 5658 et

177 5687 448 5747 notissimus
473 5689 660 5760 (Apoc.
691 5705 823 5758 uti,
859 5693 964 5760 I5).
1000 5693 1107 5762 Ego
1137 5707 1251 5747 sum
1283 5695 1424 5749 radix
1469 5703 1522 5750 et
1546 5698 1691 5765 origo

1722 4419 1754 4434 οὔ

1776 489 1831 543 Si
1857 492 1996 542 enim
2024 492 2092 542 ob
2124 490 2277 557 hujus
2307 489 2473 544 stella:
2500 492 2837 555 vocabulum,
2863 501 2916 546 et
2960 491 3030 544 ab
3082 506 3148 546 eo
3194 494 3334 559 quod

1778 577 1989 632 Lucifer
2014 580 2311 647 appellatus
2337 587 2438 642 est,
2463 579 2715 648 Spiritum
2738 589 2976 635 sanctum
3010 580 3145 635 Filio
3167 581 3340 635 mino-

1779 683 1889 723 rem
1918 684 2034 723 esse
2067 670 2368 732 contendis,
2404 672 2635 739 nunquid
2666 681 2717 725 ut
2760 673 2972 739 Filium,
2997 688 3154 744 quem
3185 689 3341 743 supe—

1781 759 1890 811 rius
1916 759 1966 813 in
1998 767 2178 828 typum
2226 760 2393 814 stella:
2448 761 2610 828 ipsius
2653 762 2926 817 docuimus
2977 764 3339 833 praedicatum,

1780 849 1994 916 Spiritui
2025 862 2211 905 sancto
2239 851 2546 906 inferiorem
2572 867 2694 907 esse
2716 854 2985 909 ostendis?
3013 855 3182 920 Absit,
3214 871 3345 923 quo-

1781 941 1923 995 niam
1954 941 2091 997 sicut
2117 943 2282 996 Filius
2313 943 2364 996 in
2413 943 2578 1009 hujus.
2593 942 2760 998 stellae
2812 944 3036 1016 imagine
3069 947 3340 1000 nuntiatus

1739 1083 1749 1095 ,
1781 1029 1994 1108 Spiritui
2027 1043 2208 1086 sancto
2251 1047 2353 1085 non
2383 1039 2552 1100 potest
2581 1033 2684 1086 dici
2729 1027 2966 1101 inferior,
3016 1034 3085 1089 ita
3107 1035 3339 1104 Spiritus

1782 1126 1809 1171 s
1846 1133 2019 1181 nctus,
2046 1120 2088 1173 si
2121 1121 2330 1188 proprie
2361 1120 2548 1175 fuisset
2588 1120 2807 1178 lucifero
2854 1132 3208 1192 comparatus,
3242 1125 3342 1179 mi-

1786 1222 1882 1260 nor
1913 1204 2046 1260 Filio
2076 1221 2180 1261 non
2211 1218 2410 1276 poterat
2439 1224 2713 1279 apparere.

2369 1333 2592 1392 CAPUT
2632 1337 2788 1392 XVII.

1791 1469 1886 1525 Ubi
1908 1459 2175 1524 ca'holicos
2199 1468 2510 1545 detestantur
2558 1473 2692 1538 quod
2704 1489 2761 1545 _a
2811 1471 3007 1545 Spiritu
3045 1469 3218 1528 sancto
3239 1491 3352 1545 pec-

2050 1552 2274 1593 satorum
2302 1541 2494 1593 veniam
2545 1542 2803 1611 postulare
2831 1544 3090 1597 dicuntur.

1859 1672 1913 1724 Si
1937 1672 2026 1724 tibi
2057 1672 2398 1738 opposuerint
2415 1672 2650 1727 dicentes
2671 1673 2956 1728 catholicos
2977 1689 3002 1728 s
3020 1675 3233 1742 tcrile‘go
3261 1691 3355 1732 ore

1232 1754 1298 1808 Et
1346 1754 1451 1807 Vidi
1488 1762 1690 1820 septem
1725 1766 1767 1825 Β
1797 1759 2183 1828 blasphemare,
2222 1760 2362 1828 quod
2392 1770 2510 1828 post
2546 1761 2754 1815 Patrem
2796 1775 2848 1816 et
2883 1761 3069 1816 Filium
3094 1779 3122 1814 a
3157 1764 3356 1833 Spiritu

1799 1860 1984 1906 sancto
2012 1861 2366 1920 agnoscantur
2388 1862 2724 1920 peccatorum
2757 1855 2960 1910 veniam
2992 1855 3282 1922 postulare.

1867 1941 2030 2011 446
2073 1940 2364 2009 Responsio.
2412 1941 2663 2009 Spiritum
2712 1950 2951 1996 sanctum
2995 1942 3259 2011 judicem,
3303 1954 3358 1999 et

1799 2034 2100 2101 universum
2123 2031 2374 2104 munduom
2404 2031 2465 2084 de
2490 2040 2725 2096 peccato,
2755 2032 2820 2085 de
2840 2032 3064 2099 justitia,
3102 2040 3156 2087 et
3178 2032 3244 2086 de
3267 2032 3357 2099 jn-

1769 2105 1938 2174 ‘dlcio
1977 2136 2129 2188 posse
2159 2135 2402 2188 arguere,
2450 2117 2699 2174 Dominus
2729 2121 2781 2174 in
2827 2121 3111 2182 Evangelio
3148 2122 3350 2185 docuit,

1797 2210 1980 2264 dicens
2008 2226 2020 2261 :
2050 2208 2178 2263 Cum
2202 2219 2379 2262 autent
2401 2210 2602 2263 venerit
2633 2209 2861 2279 Spiritus
2894 2207 3130 2274 saucius.
3165 2213 3252 2265 ille
3272 2229 3356 2265 ar-

1795 2309 1920 2369 guet
1951 2300 2201 2352 mundum
2232 2300 2299 2352 tle
2327 2309 2562 2367 peccato,
2582 2310 2634 2354 et
2664 2300 2730 2355 de
2748 2301 2973 2378 justi/tia,
2998 2303 3133 2356 etde
3157 2303 3356 2371 judicio

1796 2387 1978 2455 (Joau.
2011 2403 2118 2449 xvi.
2148 2386 2221 2457 8).
2259 2390 2320 2440 Et
2349 2388 2507 2442 Isaias
2529 2407 2546 2441 :
2586 2391 2774 2446 Abluet
2802 2393 3072 2456 Dominus,
3107 2395 3202 2456 ait,
3233 2407 3350 2446 sor-

1797 2481 1891 2536 des
1919 2480 2142 2536 liliorum
2173 2490 2222 2534 et
2250 2481 2469 2534 filiarum
2508 2480 2634 2536 Sion
2665 2483 2850 2550 spiritu
2871 2484 3052 2552 judicii
3082 2485 3101 2556 (
3131 2483 3252 2537 Isai.
3280 2501 3351 2548 tv,

1795 2571 1828 2623 4
1851 2570 1891 2640 ).
1927 2570 1994 2623 Et
2036 2571 2088 2624 in
2125 2571 2411 2625 Salomone
2441 2589 2452 2623 :
2487 2570 2712 2638 Spiritus
2763 2572 2968 2627 Domini
3011 2586 3194 2628 contra
3242 2575 3357 2631 illus
3387 2592 3392 2596 ·

1793 2661 1989 2725 stabit,
2017 2669 2071 2718 et
2098 2669 2348 2727 tanquam
2380 2661 2531 2713 turbo
2564 2661 2705 2714 ventl
2736 2661 2934 2715 div'det
2963 2659 3082 2716 illos
3108 2662 3271 2730 (Sap.
3301 2678 3354 2727 v,

1792 2749 1907 2820 ΞΛ).
1929 2749 2066 2805 Item
2101 2752 2259 2804 Isaias
2288 2767 2302 2802 :
2336 2751 2468 2804 Ecce
2495 2766 2593 2819 ego
2623 2751 2671 2803 iu
2701 2752 2886 2819 spiritu
2919 2767 3036 2806 meo
3061 2752 3352 2821 faciojutli-

1792 2840 1928 2893 cium
1949 2879 1965 2903 ,
1998 2839 2124 2894 dicit
2148 2838 2399 2894 Dominus
2431 2841 2448 2909 (
2478 2839 2601 2892 lsoi.
2635 2856 2777 2905 Χινι,
2820 2842 2908 2907 9).
2941 2841 3220 2909 Curigitttt'
3247 2844 3358 2910 ipse

1792 2930 1983 2986 abnuis
2019 2940 2073 2984 ut
2101 2931 2456 3000 unusquisque
2489 2947 2514 2981 a
2539 2929 2717 3000 judice
2758 2945 2855 2984 suo
2903 2946 2996 3000 pec
3019 2942 3237 2986 atnrum
3268 2948 3358 2987 ve-
3432 3004 3440 3012 .

1793 3025 1932 3078 niam
1957 3041 2059 3078 non
2080 3026 2327 3093 postulet,
2350 3032 2404 3077 ut
2427 3025 2669 3077 mundior
2698 3039 2726 3076 a
2751 3025 2979 3089 peccatis
3009 3034 3061 3078 et
3085 3027 3356 3092 purgatior

1714 3125 1759 3185 ρ
1795 3112 1902 3176 liat,
1933 3126 2049 3166 cum
2070 3111 2383 3180 postulando
2415 3113 2603 3180 poterit
2627 3113 2883 3166 evadere?
2917 3113 2969 3166 Si
3008 3128 3112 3182 quo
3135 3113 3354 3168 forsitan

1794 3203 1953 3270 facto,
1985 3214 2072 3256 aut
2096 3206 2300 3257 incauta
2355 3203 2500 3256 verbi
2536 3203 2848 3270 prolatione,
2884 3220 3015 3256 noxa
3061 3205 3355 3260 incurrerat

1790 3295 1981 3361 culptr,
2014 3294 2166 3361 plane
2186 3304 2239 3348 et
2268 3308 2332 3347 co
2357 3294 2644 3347 .venientcr
2671 3309 2696 3344 a
2728 3294 2922 3361 Spiritu
2969 3303 3153 3349 sancto
3202 3298 3355 3350 venia

1792 3385 2153 3453 posmlabatur
2185 3386 2492 3452 Itt‘peccat'is
2517 3385 2878 3437 remissionem
2895 3395 2949 3438 et
2977 3386 3354 3455 indulgentiam

1783 3474 2007 3542 tribuat,
2038 3463 2122 3543 qui
2152 3490 2246 3542 pro
2281 3476 2430 3527 nobis
2455 3475 2658 3528 Patrem
2676 3475 2956 3542 gt-tttilibus
2984 3477 3355 3532 inenarrabili-

1792 3564 1890 3618 bus
1938 3565 2265 3632 interpellat.
2312 3564 2460 3628 Quod
2505 3575 2680 3618 autem
2723 3578 2818 3616 nos
2850 3565 3132 3633 sacrilegos
3177 3581 3354 3634 vincas,

1792 3655 1931 3720 quod
1973 3655 2261 3708 secundum
2310 3656 2590 3710 Trinitatis
2641 3657 3026 3712 confessionem
3081 3660 3244 3712 Deum
3297 3676 3357 3713 ac

1796 3743 2071 3800 Dominum
2099 3743 2348 3812 Spit-itum
2377 3756 2614 3797 sanctum
2643 3760 2761 3800 es~e
2787 3749 3128 3810 asseruimlts.
3156 3748 3274 3803 vide
3293 3764 3359 3803 ne

1795 3845 1848 3890 tu
1902 3835 2068 3905 magis
2122 3837 2233 3904 ipse
2280 3836 2469 3905 dignus
2499 3837 2573 3890 sis
2619 3836 2719 3891 huc
2762 3839 2976 3912 nomine
3027 3840 3354 3904 nuncupari,

1792 3926 1913 3979 dum
1945 3942 2046 3979 non
2079 3928 2156 3978 vis
2183 3927 2431 3994 Spiritum
2458 3936 2696 3980 sant-tum
2733 3921 3017 3989 confiteri,
3068 3943 3222 3995 quem
3255 3929 3358 3981 Do-

1792 4019 1964 4070 minus
1988 4033 2080 4088 per
2100 4018 2368 4084 apmtolos
2390 4033 2506 4070 cum
2555 4017 2708 4070 Patre
2732 4025 2785 4070 et
2840 4017 2972 4070 Filio
3019 4017 3356 4088 indiscretum

1791 4105 2233 4159 voluituniversis
2282 4107 2524 4174 gn-ntibus
2569 4105 2794 4160 intimari
2831 4124 2842 4157 :
2883 4106 2973 4171 Ite,
3026 4107 3216 4172 inquit,
3260 4107 3352 4161 ba-

1790 4197 1979 4264 ptizate
2005 4211 2191 4271 omnes
2212 4204 2416 4264 gentes.
2449 4196 2496 4248 iu
2531 4197 2741 4251 nomine
2786 4186 2954 4278 Patris
2977 4238 2990 4256 .
3022 4207 3074 4250 et
3105 4196 3222 4278 Filii
3248 4239 3263 4262 ,
3303 4206 3364 4256 et“

1792 4280 2017 4357 Spirit'u's
2043 4287 2210 4341 sancti
2241 4281 2449 4351 (Metili.
2486 4304 2668 4351 uvtlt,
2704 4287 2888 4356 I9).Si
2939 4288 3077 4341 cnim
3131 4288 3358 4355 Spiritus

1790 4391 2002 4433 sanetus
2031 4381 2080 4432 ili
2107 4379 2317 4435 deitalis
2346 4380 2638 4432 substantia
2671 4379 2807 4432 Patri
2838 4391 2888 4431 et
2918 4378 3050 4432 Filio
3082 4395 3184 4431 nun
3216 4395 3358 4434 cote-

1720 4469 1763 4526 D
1791 4480 2002 4538 quatur,
2030 4483 2123 4522 cur
2161 4471 2209 4521 in
2238 4466 2567 4522 sacramento
2596 4471 2728 4522 sacri
2749 4469 3074 4537 bap'ismatis
3091 4470 3218 4522 nihil
3240 4469 3358 4525 abs-

1794 4577 1894 4630 que
1924 4560 2358 4628 illoc0tnpletttr?

2351 4670 2574 4725 CAPUT
2617 4671 2793 4724 XVIII.

1805 4777 1902 4832 Ubi
1931 4779 2097 4830 dicunt
2130 4777 2373 4848 Spiritum
2395 4789 2619 4831 structum
2650 4795 2749 4848 gon
2787 4795 2930 4831 nosse
2979 4779 3181 4847 Patrem
3228 4780 3360 4836 sicut

2327 4849 2610 4917 unigeuilus
2636 4846 2824 4901 Filius.

1869 4977 1919 5032 Si
1954 4977 2040 5028 tibi
2069 4977 2290 5029 dixerint
2316 4994 2326 5030 :
2361 4977 2415 5030 In
2440 4992 2506 5032 eo
2539 4979 2708 5032 minor
2759 4990 2840 5033 est
2868 4981 3091 5047 Spiritus
3119 4993 3355 5044 sanctus,

1795 5071 1912 5136 quia
1944 5067 2106 5119 Filius
2135 5067 2496 5120 tantummodo
2520 5068 2584 5120 de
2626 5082 2683 5123 se
2711 5069 2836 5123 dicit
2867 5071 3074 5125 Patrem
3105 5084 3283 5135 nosse,
3303 5082 3356 5124 et

1798 5159 1994 5210 nullam
2014 5157 2077 5210 de
2093 5157 2284 5224 Spiritu
2313 5166 2497 5211 sancto
2511 5163 2832 5214 mentionem
2854 5161 3039 5216 I'eCisse
3077 5165 3151 5230 leg
3190 5161 3355 5232 fecit].

1870 5247 2160 5316 Responsio.
2185 5246 2334 5300 Sicut
2361 5249 2410 5300 in
2432 5247 2642 5302 Christo
2674 5249 2874 5304 habitat
2924 5251 3194 5319 plenitudo
3218 5251 3356 5304 divi-

1801 5339 2001 5403 nitatis,
2037 5339 2103 5390 ita
2130 5338 2180 5390 iu
2212 5337 2409 5402 Spiritu
2439 5352 2623 5393 sancto
2655 5341 2945 5395 manifestat
2968 5349 3093 5414 sunt
3119 5341 3358 5395 altitudi-

1803 5443 1894 5482 nes
1922 5427 2149 5481 deitatis.
2182 5426 2312 5480 Cum
2338 5429 2477 5483 enim
2500 5429 2655 5500 44⁸1
2684 5433 2714 5483 b
2733 5446 2793 5484 rc
2822 5432 3097 5497 Apostolus
3147 5432 3357 5487 uberius

1800 5528 1854 5573 et
1894 5520 2149 5573 satianter
2203 5520 2452 5584 allii-met,
2483 5536 2580 5575 cur
2611 5521 2824 5589 perfidia
2851 5533 3020 5575 vestra
3077 5523 3356 5580 veritatem

1801 5610 2085 5676 majestatis
2117 5611 2444 5677 interpellat?
2473 5611 2634 5664 Nemo
2679 5612 2841 5672 enim.
2894 5613 2988 5679 ait,
3040 5613 3137 5666 scit
3187 5613 3352 5668 homi-

1799 5713 1920 5752 num
1954 5715 2068 5767 ινιτ
2099 5710 2220 5756 sunt
2245 5701 2492 5768 hominis,
2526 5687 2622 5755 nisi
2664 5703 2874 5767 spiritus
2898 5702 3126 5758 hominis
3152 5706 3240 5766 ιιιιὶ
3270 5707 3350 5761 iu-
