3862 6222
518 207 619 260 411

1786 211 2005 282 'v'tctut
2041 222 2412 286 TAPSENSIS

3628 248 3751 303 Μ’

496 342 609 396 ipso
637 338 739 399 est,
769 331 845 387 sic
869 342 918 387 et
962 347 1077 401 qua:
1115 333 1166 386 in
1221 333 1328 388 Deo
1364 340 1485 388 sunt
1532 346 1686 389 nemo
1734 336 1900 401 novit,
1954 337 2054 390 nisi
2083 341 2126 397 Α
2163 337 2453 409 Unicuique
2498 347 2672 395 autem
2703 350 2937 397 nostrum
2959 346 3117 401 datur
3156 346 3470 405 illuminatio
3494 355 3749 423 Spiritus

493 419 724 489 Spiritus
750 424 839 475 Dei
869 421 923 492 (Ι
953 423 1069 475 Cor.
1095 438 1151 487 ιι,
1182 422 1290 492 11).

564 512 700 566 Ecce
718 512 827 579 jam
850 527 953 564 non
978 512 1123 565 solus
1152 514 1295 567 nwit
1324 514 1504 573 Filius.
1549 515 1687 584 quod
1722 516 1861 569 novit
1889 513 2047 570 etiam

490 599 718 665 Spiritus
744 610 957 655 sanctus
988 616 1001 653 :
1036 617 1139 655 non
1161 604 1281 672 quia
1312 605 1429 659 dum
1473 619 1711 672 personae
1761 616 1885 658 sunt
1931 605 2048 659 Filii

488 697 545 740 et
573 687 801 754 Spiritus
828 692 1017 753 sancti,
1053 691 1104 745 in
1146 694 1362 747 sciendo
1398 710 1525 763 qua:
1552 695 1639 749 Dei
1668 703 1790 748 sunt
1812 695 2046 764 aliquam

487 777 846 832 diversitatem
866 780 1088 849 inducit,
1118 782 1210 837 sed
1241 785 1459 838 unitatis
1512 774 1936 838 communionem
1988 786 2047 839 li-

488 866 1023 925 delitercredeotibus
1036 873 1314 931 intimavit.
1332 875 1384 928 ln
1400 875 1502 928 alio
1513 874 1669 928 etiam
1685 874 2048 943 locoscquitur

487 953 627 1009 idem
658 958 932 1022 apostolus
981 961 1163 1014 dicens
1194 977 1208 1013 :
1240 962 1465 1031 Spiritus
1496 970 1598 1026 est,
1645 963 1732 1031 qui
1783 973 2047 1036 scrutatur

483 1044 645 1097 etiam
688 1047 942 1111 profunda
980 1048 1069 1103 Dei
1114 1049 1164 1117 (Ι
1195 1050 1312 1103 Cur.
1343 1065 1401 1117 ιι,
1426 1050 1533 1119 10).
1571 1052 1633 1105 Et
1672 1053 1905 1107 iterum:
1938 1054 2048 1110 Nos

485 1144 661 1189 autem
688 1153 791 1190 non
819 1140 1060 1207 spiritum
1111 1141 1290 1194 mundi
1336 1140 1655 1209 accepimus,
1680 1144 1771 1197 sed
1803 1145 2044 1214 spiritum

482 1230 572 1297 qui
605 1244 666 1284 ex
693 1231 799 1285 Deo
829 1240 909 1285 est
936 1232 1119 1302 (Ibid.,
1146 1235 1255 1302 12).
1283 1234 1413 1288 Elin
1445 1234 1724 1306 Evangelia
1753 1237 1948 1293 Juilaais
1976 1239 2043 1294 de

488 1322 668 1389 sripso
690 1322 786 1376 Fili
808 1337 851 1376 ιε
886 1323 1050 1377 dicit:
1084 1324 1189 1379 Vos
1234 1336 1408 1381 autem
1440 1342 1543 1380 non
1578 1330 1743 1403 nostis
1770 1345 1922 1394 eum,
1946 1345 2043 1398 ego

480 1420 655 1463 autem
686 1412 803 1464 novi
834 1427 973 1476 eum,
1005 1413 1092 1481 qui
1117 1430 1182 1468 ex
1205 1414 1321 1482 ipso
1344 1430 1461 1470 sum
1488 1417 1664 1486 (Joan.
1699 1434 1808 1482 vui,
1842 1420 1954 1487 55).
1987 1420 2041 1475 Si

481 1496 548 1551 de
576 1498 681 1552 Deo
702 1509 781 1553 est
810 1501 1033 1567 Spiritus
1083 1513 1318 1567 sanctus,
1375 1506 1817 1574 quemadmodum
1843 1509 1909 1563 de
1937 1508 2043 1564 Deo

477 1594 561 1641 est
587 1586 768 1654 Filius,
797 1592 1062 1658 quomodo
1075 1594 1246 1647 minor
1270 1594 1392 1658 erit,
1414 1597 1501 1664 qui
1533 1596 1669 1665 quod
1695 1598 1747 1651 in
1780 1598 1935 1654 Patre
1957 1600 2042 1653 Fi-

2149 428 2395 501 adm
2425 431 3082 504 utilitatem:quibosdam
3128 440 3272 495 enim
3324 458 3418 509 per
3468 445 3750 514 Spiritus.

2147 520 2303 595 datur
2354 522 2569 588 spiritus
2617 523 2910 589 sapientiai,
2931 527 3018 582 alii
3046 544 3221 584 sermo
3251 534 3489 587 scientia:
3520 552 3747 592 secuno

2147 591 2270 661 dum
2292 611 2535 665 eumdem
2562 611 2839 679 Spiritum,
2868 616 2955 669 alii
2991 618 3123 673 lides
3168 622 3220 675 in
3253 622 3442 677 eodem
3489 624 3741 691 Spiritu,

2145 698 2232 752 alii
2281 700 2595 755 charismata
2626 703 2968 759 donationum
2998 708 3049 760 in
3080 725 3188 763 uno
3219 710 3440 779 Spiritu,
3472 714 3561 768 alii
3597 730 3746 782 ope-

2146 789 2279 844 ratio
2302 790 2573 858 virtutum,
2598 793 2684 845 alii
2716 794 3015 864 prophetia,
3046 798 3135 852 alii
3184 800 3437 857 discretio
3468 805 3741 871 spiritus,

2143 880 2229 934 alii
2266 896 2460 949 genera
2507 881 2826 953 linguirum,
2851 886 2940 939 alii
2997 888 3463 959 interpretationes
3501 896 3739 964 lingua-

2146 984 2277 1028 rum.
2292 974 2480 1030 Omnia
2492 986 2667 1033 autem
2684 978 2798 1034 hac
2811 990 3062 1047 cperatur
3079 999 3211 1039 unus
3224 994 3384 1055 atque
3397 988 3535 1042 idem
3552 991 3651 1057 Spi
3662 992 3742 1042 ri-

2144 1072 2227 1117 tns
2257 1063 2580 1122 distribuens
2607 1070 2817 1138 propria
2833 1060 3117 1140 unicuique
3133 1076 3405 1142 proutvult
3423 1078 3474 1147 (Ι
3492 1076 3619 1133 Cor.
3648 1093 3735 1145 xi,

2141 1154 2312 1224 7-H).
2337 1154 2404 1210 Ut
2433 1172 2559 1212 vero
2582 1158 2633 1210 in
2667 1162 2881 1215 nomine
2905 1160 3134 1230 Spiritus
3181 1166 3349 1220 sancti
3381 1167 3733 1236 baptizetur,

2140 1244 2279 1300 sicut
2297 1246 2349 1299 in
2374 1250 2583 1303 nomine
2607 1249 2778 1304 Patris
2800 1260 2859 1306 et
2892 1252 3045 1317 Filii,
3074 1264 3130 1309 et
3177 1255 3428 1311 Dominus
3456 1258 3511 1312 in
3542 1259 3736 1316 Evan-

2140 1322 2450 1404 geliotestis
2470 1351 2572 1403 est,
2594 1350 2648 1396 et
2678 1343 2869 1398 Paulus
2910 1346 3054 1415 paria
3084 1350 3407 1414 pronuntiat.
3444 1351 3733 1407 Dominus

2140 1428 2351 1496 quidem
2375 1446 2495 1485 cum
2524 1432 2681 1515 dicit:
2714 1436 2979 1500 Baptizate
3021 1447 3227 1506 gentes,
3259 1440 3309 1494 in
3334 1442 3551 1496 nomine
3617 1444 3730 1498 Pa-

2144 1517 2260 1581 tris,
2282 1527 2335 1573 et
2352 1519 2465 1574 Filii
2484 1530 2536 1576 et
2557 1522 2781 1591 Spiritus
2802 1527 2967 1581 sancti
2994 1527 3399 1597 (Hattltaxvm,
3431 1530 3539 1600 l9).
3568 1532 3731 1600 Apo-

2141 1602 2305 1661 sttﬂus
2330 1624 2452 1665 vero
2479 1625 2598 1666 cum
2617 1629 2800 1669 omnes
2830 1632 2925 1672 nos
2938 1618 3134 1685 Spiritu
3157 1620 3449 1691 baptizatos
3473 1623 3729 1677 insinuat

484 1676 584 1730 lius
605 1679 768 1740 novit.
812 1681 921 1749 ipse
951 1683 1250 1750 cognoscit?
1269 1684 1552 1739 Doeuimus
1568 1687 1759 1741 deinde
1779 1688 2034 1755 Spiritum
2067 1685 2113 1744 Β
2138 1704 2294 1765 atque
2320 1701 2597 1756 confirmat
2625 1722 2636 1756 :
2674 1705 2879 1761 Etenim
2904 1676 2999 1762 nos
3016 1676 3346 1775 omﬁesiait,
3373 1713 3426 1765 in
3454 1728 3561 1767 uno
3592 1714 3729 1783 Spi-

480 1776 717 1821 sanctum
748 1770 813 1824 de
852 1770 956 1826 Deo
987 1772 1141 1827 Patre
1167 1782 1223 1827 ut
1252 1775 1440 1856 Filium
1470 1776 1892 1833 inenarrabiliter
1918 1795 2040 1848 pro-

481 1856 781 1923 cedentem,
839 1862 958 1929 quia
1000 1877 1235 1918 connexa
1265 1864 1491 1921 Trinitas
1535 1867 1939 1935 inseparabilem
1987 1872 2038 1925 in

480 1960 540 2001 se
588 1950 819 2016 possidet
864 1953 1135 2007 unitatem.

1050 2064 1271 2119 CAPUT
1315 2066 1453 2119 XIX.
1504 2070 1519 2083 '

518 2146 618 2201 Ubi
647 2149 819 2200 dicunt
851 2165 949 2201 non
981 2152 1253 2229 baptisasse
1277 2156 1327 2229 in
1349 2158 1546 2229 nomine
1566 2158 1789 2227 Spiritus
1815 2164 1997 2229 sancti,

958 2220 1094 2271 sicut
1109 2222 1160 2273 in
1186 2225 1384 2277 nomine
1412 2224 1553 2279 Filii.

542 2330 596 2385 Si
626 2332 763 2386 enim
786 2334 1012 2389 dixerint
1042 2337 1131 2389 tibi
1168 2355 1179 2388 :
1206 2338 1330 2392 Ideo
1360 2341 1532 2394 minor
1557 2352 1637 2396 est
1663 2342 1890 2410 Spiritus
1918 2361 2039 2400 san-

475 2432 592 2476 ctus
614 2428 733 2492 qu'a
755 2426 803 2476 in
837 2427 1051 2481 nomine
1075 2427 1191 2496 ejus
1222 2445 1327 2483 non
1349 2430 1745 2500 baptizaveruat
1773 2437 2036 2507 discipuli,

474 2511 572 2565 sed
595 2514 647 2565 in
677 2517 890 2569 nomine
922 2515 1061 2568 Filii.

555 2602 855 2671 Responsio.
878 2605 989 2660 Non
1014 2609 1153 2661 enim
1186 2618 1264 2663 est
1293 2610 1341 2663 in
1381 2610 1638 2666 Trinitate
1664 2613 1958 2678 diversitas,
1985 2617 2035 2670 in

478 2707 580 2758 qua
605 2702 685 2747 est
716 2709 818 2746 non
842 2695 1012 2749 solum
1053 2700 1323 2765 patestatis
1348 2714 1409 2755 ac
1450 2701 1734 2756 voluntatis
1762 2703 2035 2762 individua

476 2783 691 2847 caritas,
724 2785 813 2836 sed
842 2787 998 2838 etiam
1027 2787 1239 2841 deitatis
1285 2796 1337 2843 et
1389 2790 1678 2859 majestatis
1717 2796 2028 2862 aequalitas:

475 2872 613 2938 quod
630 2873 768 2926 enim
786 2884 1114 2942 exspectatur
1140 2892 1169 2931 a
1196 2880 1367 2944 Patre,
1400 2879 1662 2937 invenitur
1703 2885 1753 2938 in
1803 2885 1955 2952 Filio,
1983 2897 2037 2943 et

474 2960 611 3026 quod
643 2959 904 3015 invenitur
926 2964 975 3015 in
1011 2966 1161 3028 Filio,
1196 2968 1439 3024 tribuitur
1486 2980 1539 3025 et
1585 2971 1799 3039 Spiritui
1826 2988 2031 3031 sancto.

2142 1787 2245 1841 ritu
2269 1790 2513 1855 baptizati
2544 1810 2746 1859 sumus,
2797 1799 2909 1853 sive
2957 1799 3145 1858 Judaei.
3201 1804 3313 1856 sivi
3356 1801 3729 1865 Grmci,’sive

2141 1878 2301 1941 servi,
2332 1880 2443 1934 sive
2465 1882 2636 1947 liberi,
2658 1892 2712 1936 et
2741 1887 3000 1957 amnesin
3051 1905 3155 1944 uno
3206 1890 3407 1958 Spiritu
3439 1894 3611 1958 potati
3635 1910 3727 1947 su-

2142 1981 2257 2021 mus
2282 1969 2331 2037 (l
2356 1971 2474 2024 Cor.
2514 1987 2609 2039 xu,
2638 1974 2751 2040 15).
2796 1974 2860 2029 Et
2884 1976 3071 2030 iterum
3120 1995 3133 2030 :
3178 1979 3235 2033 In
3283 1995 3389 2048 quo
3423 1980 3729 2037 credentes

2139 2055 2329 2123 signati
2358 2060 2488 2113 estis
2509 2060 2566 2115 in
2595 2061 2795 2131 Spiritu
2837 2073 3021 2119 sancto
3056 2066 3445 2135 promissionis,
3484 2070 3574 2138 qui
3628 2082 3725 2124 est

2139 2146 2327 2215 pignus
2356 2147 2678 2206 bmreditatis
2708 2162 2903 2207 nostra:
2923 2154 2974 2208 in
3016 2154 3435 2222 redemptionem
3458 2158 3719 2226 adoptio-

2140 2236 2223 2290 nis
2252 2236 2466 2306 (Epltes.
2497 2255 2534 2304 t,
2563 2240 2673 2310 13).
2700 2243 2762 2296 Et
2787 2244 2975 2298 iterum
3004 2262 3019 2297 :
3044 2245 3112 2300 Ut
3131 2245 3221 2301 det
3253 2249 3728 2303 vobissceun-lum

2140 2328 2350 2383 divitias
2368 2330 2551 2397 gloria:
2574 2346 2705 2395 sum,
2736 2336 2930 2392 virtute
2980 2337 3274 2391 confortari
3320 2355 3416 2407 per
3433 2339 3725 2400 Spiritum

2112 2428 2400 2481 'sanctum,
2432 2421 2483 2473 in
2508 2422 2810 2477 interiorem
2835 2424 3120 2491 hominem,
3172 2429 3411 2485 habitare
3433 2430 3720 2484 Christum

2140 2508 2192 2561 in
2215 2510 2458 2563 cordibus
2480 2514 2669 2566 vestris
2690 2512 2902 2583 (Ephes.
2946 2532 3022 2579 tu,
3058 2518 3167 2587 16).
3216 2518 3281 2575 Et
3313 2521 3506 2574 iterum
3534 2537 3549 2573 :
3580 2520 3726 2575 Nolo

2141 2612 2235 2651 vos
2264 2601 2524 2667 ignorare,
2557 2602 2771 2669 fratres,
2796 2606 2915 2670 quia
2951 2617 3126 2674 patres
3169 2612 3343 2666 vestri.
3376 2627 3568 2667 omnes
3617 2615 3726 2667 sub

2139 2691 2276 2743 nube
2295 2690 2529 2757 fuerunt,
2555 2705 2607 2747 et
2636 2710 2821 2750 omnes
2850 2700 2899 2751 in
2946 2699 3157 2768 Moysen
3207 2702 3455 2769 baptizati
3509 2715 3643 2759 sunt
3666 2707 3722 2760 in

2138 2780 2277 2833 nube
2300 2789 2354 2835 ot
2383 2782 2433 2835 in
2467 2785 2619 2849 mari,
2649 2794 2703 2839 et
2724 2800 2909 2842 omnes
2938 2789 3178 2845 eamdem
3206 2805 3383 2845 escam
3412 2792 3721 2860 spiritalem

2138 2869 2609 2938 manducaverunt,
2648 2883 2703 2929 et
2727 2890 2911 2932 omnes
2934 2880 3176 2935 eumdem
3212 2890 3391 2949 potum
3412 2883 3719 2951 spiritalem

2139 2960 2382 3015 biberunt
2410 2961 2463 3029 (Ι
2491 2963 2609 3017 Cor.
2640 2982 2693 3027 x,
2726 2968 2789 3033 l).
2822 2966 2877 3020 in
2912 2969 3029 3026 istis
3058 2971 3217 3040 igitur
3245 2975 3571 3029 testimooiis
3606 2975 3715 3030 boc

477 3051 531 3103 Si
562 3065 686 3104 vero
709 3052 1107 3129 distributiones
1142 3056 1366 3124 Spiritus
1384 3062 1550 3114 sancti
1577 3066 1785 3117 curioso
1812 3067 2032 3121 volueris

2140 3052 2472 3106 solummodo
2492 3053 2749 3110 divini'ati
2778 3056 3001 3126 Spiritus
3026 3034 3191 3117 sancti
3214 3063 3553 3130 deest,un
3586 3080 3717 3134 pa-

490 3140 760 3206 inqpirere
802 3142 1012 3208 animo,
1063 3148 1370 3211 Apostolum
1396 3149 1577 3204 audies
1623 3153 1993 3219 praedicantem
2025 3174 2046 3208 ει

473 3248 2654 3296 *ψῃ-Μ

2145 3142 2280 3196 lidim.
2304 3154 2496 3200 vestrae
2526 3148 2699 3201 minus
2726 3158 2830 3205 est.

2655 3287 3695 3313 Μ

1615 3363 1955 3449 LIBER
2009 3369 2560 3456 TERTIUS.

1252 3509 1335 3552 ΒΕ
1363 3510 1634 3554 UNITATE
1661 3513 1879 3556 PATRIS
1909 3507 1988 3558 ΕΤ
2016 3518 2193 3575 Ειιιι,
2230 3522 2308 3564 ΕΤ
2337 3524 2613 3566 ειηιιιτυε
2646 3525 2894 3575 SA‘NCTI.

541 3695 702 3767 449
728 3695 783 3749 1η
814 3695 896 3749 his
926 3696 1238 3751 testimoniis
1288 3697 1461 3752 unitas
1490 3698 1767 3755 Trinitatis
1795 3705 2032 3758 ostendi-

472 3796 577 3847 t-ir,
600 3787 722 3838 dum
756 3780 899 3853 quod
926 3784 1082 3839 Pater
1118 3798 1363 3848 voeatur,
1413 3782 1512 3841 vel
1552 3790 1710 3843 etiam
1764 3803 2030 3861 operatur,

472 3883 567 3933 hoc.
595 3880 757 3933 Filius
787 3888 838 3933 et
862 3879 1087 3948 Spiritus
1100 3890 1311 3935 sanctus
1328 3893 1713 3949 nuncupentur,
1740 3887 1818 3940 vel
1846 3886 2029 3941 eadem

979 4060 1019 4116 C
1034 4062 1205 4119 APUT
1235 4064 1514 4120 PRIMUM.

466 3988 499 4023 υ
537 3980 770 4025 ercntur.
1428 4014 1433 4021 .
1744 3963 1770 4081 ἓ

981 4060 1018 4081 Π
1037 4067 1052 4081 Α
1075 4062 1205 4081 Πίῒηο
1236 4064 1441 4081 nhil-I1
1454 4066 1494 4081 ιι

819 4146 894 4199 De
922 4150 1174 4199 communi
1188 4150 1388 4202 deitatis
1408 4150 1668 4205 vocabulo.

534 4237 674 4290 Deos
706 4236 881 4298 Pa'cr,
913 4236 1048 4289 Deos
1081 4237 1260 4299 Filius,
1282 4238 1424 4297 Deus
1451 4240 1677 4308 Spiritus
1693 4252 1927 4299 sanctus.
1954 4245 2029 4299 De

2140 3728 2263 3767 num
2287 3722 2432 3777 sunt,
2460 3714 2597 3769 idem
2634 3717 2744 3783 ipse
2770 3715 3022 3773 Dominus
3076 3717 3129 3787 (Ι
3162 3719 3279 3773 Cor.
3307 3734 3397 3784 xu,
3430 3718 3502 3790 5).
3566 3722 3705 3780 item

2137 3802 2244 3857 ilii:
2275 3804 2528 3860 Dominus
2559 3819 2736 3861 antem
2761 3806 2977 3874 s‘piritus
3004 3818 3107 3863 Osi.

2736 3895 2960 3952 CAPUT
3000 3898 3083 3954 111.

2383 3982 2457 4037 De
2489 3986 2740 4039 communi
2776 3990 3131 4055 omnipotentis
3160 3988 3439 4045 Trinitatis.

2202 4073 2363 4145 450
2389 4074 2731 4142 OmnipOtens
2746 4078 2922 4141 Pater,
2937 4081 3271 4149 omnipotens
3297 4082 3480 4144 Filius,
3508 4086 3701 4139 omni-

2134 4174 2320 4232 potens
2342 4165 2566 4234 Spiritus
2596 4178 2809 4223 sanctus
2840 4168 2928 4238 (II
2956 4171 3075 4225 Cor.
3101 4186 3179 4237 ιιι,
3210 4172 3316 4241 17).
3347 4174 3419 4228 De
3445 4174 3609 4230 Patre
3646 4178 3704 4233 in

2134 4255 2448 4310 Salomone:
2470 4257 2819 4327 Omnipotens
2847 4276 3023 4315 sermo
3055 4271 3174 4317 tuus
3195 4264 3440 4318 exsilieus
3464 4280 3491 4317 a
3536 4282 3706 4336 rega-

468 4327 620 4384 Patre
645 4327 695 4379 in
730 4326 982 4391 Apostolo
1014 4344 1025 4377 :
1063 4325 1206 4379 Unus
1230 4328 1367 4381 Deus
1392 4330 1565 4395 Pater,
1597 4346 1660 4385 ex
1710 4349 1812 4399 quo
1850 4322 2024 4389 omnia
2059 4332 2105 4391 D
2131 4345 2273 4400 libus
2302 4347 2516 4401 sedibus
2536 4322 2679 4403 venit
2700 4351 2852 4419 (Sap.
2885 4367 3030 4413 xviii,
3062 4355 3172 4419 15).
3208 4355 3279 4407 De
3323 4355 3457 4408 Filio
3488 4357 3581 4409 ubi
3604 4322 3701 4412 ξιι-

475 4417 524 4474 tl
551 4417 671 4469 Cor.
703 4433 814 4481 vni,
848 4418 924 4480 ϐ).
946 4418 1011 4469 Et
1038 4417 1226 4470 iterum
1260 4437 1271 4470 :
1299 4420 1409 4472 Non
1434 4432 1513 4475 cst
1548 4422 1685 4477 Deus
1738 4426 1834 4479 nisi
1890 4444 2026 4483 unus

470 4507 659 4577 (Ibid.,
693 4509 769 4570 Is).
800 4511 871 4561 De
894 4510 1027 4561 Filio
1059 4511 1107 4562 in
1138 4512 1339 4577 psalmo
1362 4528 1475 4565 xctx
1510 4514 1752 4585 (νει-ελ)
1788 4536 1800 4570 :
1829 4520 2025 4576 Scitote

374 4647 378 4652 ,
468 4602 714 4663 quoniam
748 4599 1002 4651 Dominus
1034 4599 1144 4666 ipso
1195 4612 1274 4655 est
1303 4601 1462 4667 Deus,
1506 4606 1617 4670 ipse
1652 4608 1773 4661 fecit
1822 4598 1938 4674 nos,
1972 4622 2025 4681 et

464 4703 567 4743 non
602 4689 697 4755 ipsi
722 4704 835 4741 nos.
874 4690 946 4743 De
972 4692 1165 4759 Spiritu
1196 4704 1379 4747 sancto
1407 4698 1722 4760 iuAtros'lolo
1750 4720 1765 4755 :
1799 4702 2024 4770 Spiritus

461 4787 541 4828 est
570 4777 702 4828 Deus
732 4776 816 4848 (ΙΙ
850 4778 965 4829 Cor.
1010 4796 1085 4844 Ill,
1131 4783 1234 4837 17).
1292 4782 1354 4836 Et
1404 4784 1456 4839 in
1517 4786 1841 4856 Evangelioz
1892 4791 2020 4856 Quia

464 4866 598 4918 licus
625 4868 731 4934 ipse
762 4877 840 4919 est
876 4866 1052 4935 (Joan.
1086 4885 1156 4932 tv,
1185 4871 1297 4937 :34).

1078 4978 1297 5035 CAPUT
1337 4983 1399 5036 11.

654 5068 751 5121 Ubi
777 5067 938 5120 omnis
964 5068 1184 5124 Trinitas
1218 5070 1464 5127 Dominus
1480 5088 1821 5142 nuncupatur.

527 5157 779 5211 Dominus
810 5157 965 5212 Pater
990 5160 1205 5225 dicitur,
1255 5161 1509 5218 Dominus
1540 5166 1723 5233 Filius,
1762 5169 2015 5225 Dominus

455 5250 677 5314 Spiritus
703 5264 939 5303 sanctus.
966 5252 1039 5305 De
1071 5250 1222 5305 Patre
1246 5251 1297 5306 in
1329 5253 1591 5310 Levitico:
1621 5258 1731 5327 Ego
1757 5275 1873 5313 sum
1904 5262 2018 5316 Do-

457 5354 627 5389 minus
659 5340 794 5391 [lens
832 5350 1026 5403 vester,
1056 5341 1383 5414 quiliberavi
1417 5362 1509 5397 vos
1538 5347 1606 5398 de
1639 5358 1774 5399 terra
1803 5351 2012 5419 Aigypti

457 5426 635 5493 (vait.
664 5446 766 5491 xix,
800 5431 906 5497 56).
947 5432 1017 5483 De
1051 5432 1179 5483 Filio
1218 5434 1266 5484 in
1300 5436 1501 5501 psalmo
1544 5454 1636 5489 xcv
1673 5438 1847 5507 (Vera.
1882 5442 1969 5508 10)
1998 5461 2008 5495 :

461 5519 617 5572 Itiulc
648 5521 695 5571 in
726 5526 1041 5587 nationibus,
1096 5526 1350 5578 Dominus
1384 5534 1619 5596 regnavit
1665 5548 1690 5583 a
1736 5534 1898 5600 ligno.
1942 5537 2015 5589 De

460 5606 650 5673 Spitiiu
681 5623 860 5667 sancto
890 5614 939 5666 in
974 5620 1225 5683 Apostolo
1260 5634 1271 5669 :
1320 5618 1610 5684 Divisioucs
1669 5624 2012 5681 ministratio-

2128 4449 2247 4502 pra:
2280 4435 2429 4490 Unus
2457 4440 2596 4491 enim
2634 4440 2925 4493 altissimus
2954 4452 3161 4496 creator
3211 4446 3565 4511 omnipotens,
3595 4462 3699 4503 rex
3792 4444 3797 4451 ’

2126 4534 2311 4590 potens
2339 4534 2391 4579 et
2430 4528 2744 4581 metuendus
2774 4529 2931 4583 nimis
2964 4530 3149 4591 (Eccli.
3186 4550 3219 4598 ι,
3250 4534 3324 4602 8).
3358 4535 3428 4588 De
3475 4536 3699 4603 Spiritu

2124 4622 2308 4666 sant-to
2339 4616 2427 4667 ubi
2453 4630 2644 4683 supra:
2677 4617 2765 4669 Est
2796 4620 2935 4672 enim
2966 4621 3016 4673 in
3072 4624 3327 4689 sapientia
3354 4626 3569 4692 spiritus
3604 4627 3698 4681 iu-

2126 4702 2431 4769 telligentize
2482 4714 2719 4771 sanctus,
2768 4708 2951 4765 unicus
2982 4710 3136 4782 (Sap.
3168 4729 3257 4778 vn,
3278 4714 3389 4785 Ἠ),
3438 4726 3493 4770 et
3519 4716 3696 4786 infra,

2125 4792 2299 4846 omnia
2328 4804 2512 4863 potens
2540 4794 2723 4861 (lbid.,
2753 4796 2870 4865 27).

2730 4908 2955 4965 CAPUT
2986 4910 3071 4965 IV.

2433 4994 2511 5050 De
2532 5002 2786 5052 communi
2824 5003 3046 5070 potentia
3072 5003 3353 5060 Trinitatis.

2192 5084 2387 5140 Potens
2412 5088 2586 5154 Pater,
2611 5100 2799 5156 potens
2811 5093 2990 5159 Filius,
3010 5096 3688 5163 potensSpiritussanctns.

2121 5172 2196 5227 De
2221 5175 2374 5228 Patre
2385 5175 2786 5234 adCorinthios:
2809 5183 2997 5237 Potens
3011 5194 3092 5237 est
3104 5196 3278 5239 autem
3299 5186 3337 5237 D
3357 5202 3432 5240 ius
3460 5204 3689 5248 omnem

2122 5263 2345 5329 gratiam
2369 5266 2639 5323 abundare
2686 5270 2859 5325 facere
2882 5273 2933 5325 in
2954 5273 3191 5343 vobis“!
3212 5276 3328 5332 Cor.
3358 5295 3429 5339 ιι,
3451 5281 3526 5347 8).
3545 5283 3687 5336 Item

2123 5355 2189 5406 ibi
2219 5374 2229 5406 :
2259 5355 2321 5409 Ut
2353 5357 2480 5409 [idos
2502 5370 2673 5412 vestra
2694 5379 2797 5415 non
2819 5367 2880 5416 sit
2911 5364 2961 5417 in
2988 5368 3246 5433 sapientia
3267 5371 3554 5435 hominum,
3579 5377 3685 5427 sed

2121 5448 2172 5500 in
2204 5450 2431 5511 putentia
2458 5451 2549 5504 Dei
2576 5450 2757 5522 (ICor.
2791 5456 2935 5525 II.5).
2964 5459 3031 5510 Do
3050 5461 3181 5515 Filio
3210 5464 3295 5515 ubi
3326 5482 3510 5534 supra:
3530 5469 3685 5521 Con-

2120 5541 2343 5606 grogatis
2370 5542 2535 5605 Vobis,
2564 5553 2614 5594 et
2639 5560 2755 5596 meo
2785 5549 2968 5611 spiritu
2997 5565 3115 5603 cum
3160 5558 3538 5623 omnipotentin
3572 5558 3683 5611 Dn-

2120 5631 2244 5681 tniui
2276 5632 2571 5687 nostiiJoSu
2587 5633 2777 5688 Christi
2802 5634 2977 5703 (ICor.
2997 5656 3045 5705 ν,
3073 5642 3146 5710 ὁ).
3168 5648 3293 5701 item
3328 5647 3379 5699 in
3409 5648 3676 5707 secunda:
