3862 6222
159 248 281 308 (οιὸ
1315 255 1573 312 ῦῗιΝῒῐὶΑ
1620 255 1773 311 VARI

1885 256 2021 313 DUM
2063 258 2184 313 HD.
2231 258 2314 313 ΙΙΙ.
3312 266 3369 320 ιι
3390 267 3415 320 ι

163 365 250 455 An
276 360 739 455 experimentum
778 363 1013 455 qumritis
1040 364 1157 455 eius
1180 366 1266 433 qui
1323 367 1372 418 in
1404 381 1486 420 me
1536 355 1767 433 loquitur
1796 372 1839 428 A
1871 374 2122 440 operibus
2147 375 2255 425 suis
2284 369 2435 439 (ιεαὶ.
2468 387 2648 437 mm,
2679 372 2794 441 22).
2826 372 2892 426 Ει
2931 372 2983 455 in
3010 373 3247 442 psalmo:
3280 376 3417 432 Deus

163 443 476 508 αλιι-ἰδιυεῖ
500 456 591 524 qui
617 456 672 509 in
698 455 847 509 vobis
878 470 980 509 non
1001 453 1316 520 infirmatur,
1334 457 1425 510 sed
1452 466 1638 524 potens
1685 466 1767 511 est
1866 471 2039 516 autem
2067 478 2156 527 rex
2184 471 2362 515 noster
2389 472 2510 516 ante
2536 457 2724 517 saecula
2742 443 2990 532 operatus
3007 475 3099 527 est
3123 467 3343 521 salutem
3366 470 3418 522 in

165 542 260 613 (11
294 545 435 598 Cor.
474 561 597 609 xm,
621 546 704 614 5).
724 545 801 599 De
820 545 1023 611 Spiritu
1058 554 1241 600 sancto
1269 545 1356 599 ubi
1409 562 1565 607 supra
1591 563 1604 598 :
1650 546 1765 601 Non
1866 552 2044 606 medio
2074 550 2421 621 tt-rrai'(Psal.
2447 565 2626 618 Lxxm,
2645 553 3047 621 i2).DeFilioin
3076 555 3420 626 Apocalypsi:

165 637 322 688 enim
346 635 546 688 audeo
567 635 763 703 aliquid
786 634 971 707 borum
999 634 1165 705 loqui,
1195 651 1313 704 quae
1341 650 1443 689 non
1487 635 1766 704 perfecerit
1866 640 1931 694 Et
1960 642 2222 694 exercitus
2245 641 2489 695 cmlestis'
2512 644 2829 710 sequebatur
2847 661 2966 699 eum
3006 646 3057 699 in
3086 648 3236 713 equis
3263 646 3419 713 albis,

124 747 131 751 -
168 725 433 791 Spiritus
470 739 571 791 per
604 738 690 779 me
718 725 771 778 in
798 724 1151 779 obedientiam
1199 727 1453 795 gentium,
1512 726 1670 780 verbo
1714 737 1767 781 et

175 813 365 877 iactis,
394 816 459 865 in
496 822 760 881 potestate
777 814 1046 889 signorum
1077 825 1127 885 et
1187 815 1563 883 prodigiorum,
1595 817 1645 869 in
1671 832 1767 886 pu-

174 904 349 958 tentia
384 904 633 972 Spiritus
656 903 829 971 (Rom.
850 922 935 970 xv,
967 905 1075 974 18).
1103 904 1171 960 Ει
1193 907 1408 960 iterum:
1444 906 1579 962 Deus
1593 918 1765 962 autem

174 995 298 1059 spei
326 994 558 1061 repleat
586 1010 683 1049 vos
707 996 850 1049 omni
870 996 1062 1065 gaudio
1078 1006 1134 1051 et
1158 1008 1284 1064 pace
1315 996 1367 1050 in
1395 997 1681 1061 credendo.
1714 1005 1770 1052 ut

178 1085 499 1153 atrundetis
523 1100 621 1154 spe
642 1085 954 1156 et‘potentia
995 1087 1223 1157 Spiritus
1249 1080 1417 1144 sancti
1448 1087 1631 1161 (Ibid.,
1657 1089 1765 1159 15).

828 1174 1053 1235 CAPUT
1091 1176 1159 1234 ν.

538 1266 619 1324 De
643 1270 894 1343 (muni
912 1271 1224 1338 patentitatia
1252 1271 1507 1325 uocabulo.

255 1356 437 1413 Pater
462 1358 632 1424 Deus.
670 1359 829 1415 Pater
876 1352 1059 1425 Filius,
1083 1360 1242 1416 Pater
1284 1362 1513 1429 Spiritus
1532 1368 1769 1415 sanctus.

189 1448 269 1503 De
292 1448 471 1504 Patre
500 1446 816 1519 Apostulus:
841 1450 993 1507 Unus
1021 1452 1162 1507 Deus
1180 1450 1353 1517 Pater,
1386 1467 1449 1505 ex
1472 1468 1574 1520 quo
1597 1452 1770 1504 omnia

188 1535 243 1604 (I
256 1536 536 1606 Coram,
555 1540 949 1607 6).Etiterutn:
981 1541 1121 1594 Deus
1143 1552 1195 1595 et
1211 1542 1360 1594 Pater
1376 1540 1580 1594 Domini
1608 1540 1772 1594 nostri

192 1628 331 1683 Iesu
347 1628 573 1697 Christi
588 1631 711 1695 scit,
726 1629 921 1699 quivest
932 1629 1241 1685 benedictus
1266 1632 1317 1683 in
1339 1630 1561 1700 smcula(
1572 1627 1626 1682 ιι
1653 1619 1770 1683 Cor:

1870 731 2039 784 induti
2077 731 2345 801 byssiuum
2378 731 2628 785 mundum
2653 732 2838 799 (Apoc.
2868 750 2977 799 xix,
3008 732 3117 801 14).
3145 735 3211 787 Et
3238 734 3370 788 infra
3403 752 3430 804 :p

1870 821 1931 876 Et
1960 821 2118 875 habet
2146 822 2200 874 in
2223 822 2543 894 vestimento
2568 831 2619 875 et
2643 823 2695 875 in
2720 820 2919 880 {erupre
2938 838 3035 877 suo
3068 840 3261 879 nomen
3287 825 3421 879 scri-

1869 922 2041 979 ptum:
2073 912 2184 965 Rex
2208 911 2430 980 Regum,
2462 922 2513 965 et
2545 911 2797 965 Dominus
2819 912 3200 968 dornirrant‘um
3230 914 3419 984 (Ibid,

1871 1004 1977 1071 16).
2007 1005 2077 1058 De
2103 986 2298 1072 Spiritu
2325 1004 2508 1058 sancta
2532 1005 2583 1059 in
2601 1003 2732 1058 Isaia
2757 1021 2777 1058 ε¹
2796 1004 2911 1057 Vidi
2936 1005 3214 1061 Dominum
3240 1021 3419 1076 regem

1869 1092 2100 1149 Sabaoth
2128 1092 2292 1147 oculis
2316 1093 2447 1147 meis
2470 1092 2624 1163 (lsai.
2656 1108 2731 1157 γι,
2763 1091 2844 1160 5).
2900 1093 2963 1146 Et
3002 1094 3183 1163 audivi,
3233 1110 3417 1150 vocem

1870 1181 2133 1235 dicentem
2164 1182 2325 1237 mihi:
2358 1183 2520 1250 Ωιι-ἰιι
2537 1182 2763 1245 mittam,
2792 1192 2846 1237 et
2891 1184 3007 1251 quis
3037 1184 3133 1237 ibit
3161 1184 3225 1238 ad
3259 1201 3422 1253 pupu-

1872 1273 1980 1326 lum
2004 1270 2187 1326 istum?
2219 1272 2282 1326 Et
2306 1272 2449 1327 dixi:
2474 1272 2609 1327 Ecce
2633 1286 2732 1340 ego
2761 1274 3067 1347 sum,mitte
3094 1289 3199 1327 me.
3217 1274 3426 1328 Etdixit

1872 1361 1936 1414 ad
1968 1376 2086 1415 me:
2114 1360 2276 1429 Vade,
2303 1369 2356 1416 et
2376 1361 2461 1416 dic
2490 1362 2680 1429 popqu
2696 1361 2994 1416 liuic:Aure
3007 1363 3233 1417 audietis
3252 1370 3424 1418 etnon

1873 1450 2194 1519 intelligetis,
2243 1457 2299 1513 et
2326 1449 2566 1505 videntes
2610 1450 2873 1515 videbitis,
2919 1458 2972 1505 et
3018 1465 3121 1504 non
3180 1450 3425 1508 videbitis

1873 1538 2056 1607 (Ibid,
2088 1540 2168 1606 8).
2190 1538 2258 1595 Ut
2279 1538 2532 1608 Spiritum
2558 1550 2796 1594 sanctum
2821 1540 2981 1595 fuisse
3006 1542 3270 1602 advertas,
3290 1541 3425 1595 Pau-

1884 1632 1987 1685 lum
2018 1620 2366 1693 audiludazos
2392 1631 2445 1683 in
2473 1631 2689 1684 Actibus
2716 1631 3074 1698 increpantem
3100 1649 3115 1685 :
3147 1632 3308 1694 Bene,
3340 1632 3422 1685 in-

195 1733 256 1779 ιι,
284 1716 411 1787 51).
436 1717 675 1773 DeFilio
694 1718 746 1772 in
774 1719 978 1773 cantico
1006 1717 1448 1772 Deuteronomio:
1473 1716 1659 1773 Nonne
1685 1719 1770 1775 hic
1803 1724 1846 1782 Β
1870 1720 2005 1789 quit,
2035 1720 2261 1787 Spiritus
2286 1725 2497 1780 sanctus
2513 1706 2827 1780 locutusjest
2869 1720 2933 1772 ad
2963 1728 3141 1787 patres
3166 1729 3374 1773 vestros
3402 1740 3435 1779 ε,
3465 1726 3476 1739 ³

194 1803 362 1888 ᾤει
396 1818 559 1876 pater
578 1816 700 1863 tuus
731 1809 967 1880 possedit
995 1817 1066 1873 te,
1098 1818 1152 1865 et
1178 1808 1322 1875 fecit,
1352 1818 1404 1864 et
1430 1808 1700 1864 constituit
1728 1819 1780 1864 te
1880 1814 2021 1865 Aure
2041 1810 2287 1873 audietis,
2314 1818 2366 1864 et
2401 1823 2506 1863 non
2534 1809 2858 1878 intelligetis,
2886 1816 2940 1863 et
2966 1809 3205 1865 videntes
3229 1810 3430 1865 videbi-

197 1893 388 1962 (Deut.
416 1912 615 1962 xxxvi,
636 1896 719 1962 6)?
740 1897 807 1950 Et
829 1898 1021 1952 Isaias:
1054 1898 1189 1983 Puer
1219 1909 1369 1952 natus
1414 1908 1494 1953 est
1523 1900 1697 1983 nobis,
1720 1899 1779 1953 fi-

198 1988 303 2041 lius
321 1990 501 2042 datus
519 1998 604 2043 est
629 1989 791 2043 nobis
812 1987 938 2042 lsai.
966 2006 1038 2054 Ix,
1057 1988 1134 2058 6).
1157 1981 1221 2044 Et
1241 1990 1329 2044 inf:
1346 2005 1401 2043 a:
1438 1991 1575 2044 Deus
1605 1981 1774 2057 furtis,

202 2089 355 2146 pater
377 2080 552 2134 futuri
579 2081 777 2146 sectili,
807 2080 1049 2150 princeps
1073 2082 1236 2150 pacis.
1265 2081 1341 2136 De
1367 2081 1563 2150 Spiritu
1593 2091 1777 2152 sancto

198 2170 268 2223 ad
300 2170 601 2225 Hebreis:
628 2172 880 2227 Homines
903 2158 1112 2238 quidem
1136 2182 1337 2227 nostra
1354 2172 1528 2226 carnis
1551 2172 1776 2231 habeba-

205 2275 327 2315 mus
353 2272 724 2331 correptores,
749 2272 802 2317 et
820 2250 1136 2317 verebamur
1160 2265 1211 2316 in
1234 2266 1335 2327 eis,
1379 2271 1578 2332 quanto
1606 2265 1777 2332 magis

204 2351 568 2418 subiiciantur
596 2351 737 2405 Patri
764 2352 1013 2419 spiritus,
1051 2362 1106 2406 et
1132 2335 1441 2406 obediemus
1470 2351 1516 2405 ei
1544 2358 1601 2405 ut
1636 2351 1780 2405 viva-

209 2440 365 2494 mus?
394 2440 480 2493 Illi
512 2436 726 2511 quidem
754 2442 936 2510 paucis
977 2436 1165 2495 d.ebus
1204 2454 1300 2510 pro
1342 2440 1613 2493 voluntate
1660 2455 1776 2504 sua,

209 2530 515 2600 sictttipsis
549 2532 847 2595 videbatur,
900 2532 1226 2599 disciplinam
1272 2527 1505 2591 dabant:
1562 2531 1779 2598 spiritus

213 2629 387 2672 mrtem
408 2620 478 2674 ad
507 2621 784 2673 utilitatem
811 2620 1167 2687 accipiendam
1200 2618 1632 2676 sanctificationis
1663 2633 1774 2673 sm

216 2709 398 2777 (Hebr.
420 2725 522 2777 xu,
543 2710 622 2781 9).
817 2776 1042 2834 CAPUT
1094 2776 1182 2830 VL

452 2885 560 2943 Ubi
577 2897 785 2943 sanctus
802 2888 965 2941 omnis
990 2884 1210 2940 Trinitas
1239 2885 1541 2953 appellatur.

284 2998 522 3055 Sanetus
563 3000 751 3063 Pater,
788 3008 1005 3053 sanctus
1055 2996 1236 3061 Filius,
1295 3005 1507 3050 sanctus
1549 2994 1774 3063 Spiritus

223 3101 453 3146 sanctus.
480 3092 560 3146 De
583 3091 738 3145 Patre
758 3076 814 3143 in
838 3089 1037 3142 Esdra:
1070 3087 1325 3153 Quoniam
1362 3094 1578 3157 sanctus
1635 3085 1772 3139 Deus
1798 3070 1852 3133 Ο

222 3193 298 3237 ιιι
319 3184 547 3237 veritas.
578 3182 996 3235 EtiuLevitico:
1030 3175 1207 3235 Sancti
1229 3188 1421 3243 estote,
1451 3178 1696 3245 quoniam
1723 3189 1776 3232 et

224 3284 315 3336 ego
337 3279 561 3324 sanctus
582 3285 708 3325 sum:
728 3270 982 3323 Dominus
1005 3268 1144 3322 De‘us
1167 3276 1341 3320 vester
1362 3264 1547 3334 (Leuit.
1570 3281 1641 3329 xl,
1660 3267 1774 3334 M).

226 3356 298 3411 De
324 3358 463 3412 Filio
492 3360 551 3412 in
576 3358 891 3425 Evangelia:
920 3357 1042 3409 Scio
1063 3364 1114 3409 te
1142 3354 1232 3421 qui
1250 3356 1324 3408 sis
1369 3365 1420 3406 tu
1450 3364 1662 3409 sanctus
1687 3355 1777 3407 Dei

229 3444 407 3510 (Μαι.
438 3446 610 3515 1,24).
642 3446 769 3500 Item
783 3446 881 3499 ibi:
909 3444 1059 3511 Quod
1091 3451 1406 3496 nasceturex
1438 3450 1487 3495 te
1516 3450 1775 3506 sanctum,

230 3536 495 3591 vocabitur
526 3537 692 3590 Filius
721 3535 811 3588 Dei
840 3535 988 3603 (Luc.
1016 3549 1053 3594 ι,
1082 3532 1195 3598 55).
1228 3530 1301 3583 De
1349 3530 1545 3597 Spiritu
1598 3545 1703 3583 san:
1728 3538 1779 3583 ιο

234 3628 279 3679 ιιι
304 3624 590 3680 Salomone
612 3642 630 3679 :
657 3628 881 3693 Sanctus
897 3625 1036 3677 enim
1068 3620 1295 3687 Spiritus
1335 3620 1623 3688 disciplina:
1645 3619 1779 3673 cliu-

230 3716 331 3783 giet
353 3716 557 3782 iit-tutu,
588 3725 640 3770 et
665 3717 866 3768 auferet
905 3729 963 3771 se
986 3727 1015 3766 a
1042 3709 1447 3781 cogitationibus
1486 3704 1623 3778 quae
1657 3717 1781 3763 sunt

234 3804 343 3860 sine
370 3804 643 3861 intellectu
667 3804 821 3876 (Sep.
840 3820 889 3861 ·ι.
918 3803 996 3869 5).

817 3912 1044 3968 CAPUT
1084 3911 1188 3965 VII.

500 4007 582 4061 Ds
604 4008 857 4065 “muni
881 4005 1167 4073 principatu
1198 4003 1480 4057 Trinitatis.

298 4112 552 4187 PrinCeps
572 4117 746 4183 Pater,
770 4106 1015 4186 princeps
1065 4115 1251 4179 Filius,
1284 4116 1527 4183 princeps
1556 4114 1783 4184 Spiritus

241 4214 460 4260 sanctus.
487 4207 569 4261 De
594 4206 748 4262 Patre
770 4206 825 4260 in
850 4205 1092 4259 Jutlicum
1118 4222 1130 4257 :
1163 4204 1303 4257 Dixit
1328 4205 1392 4257 ad
1420 4220 1512 4258 eos
1537 4204 1780 4259 Gedeon:

240 4291 344 4347 Nu
386 4295 727 4362 principabo‘r
756 4310 856 4362 ego
884 4296 1064 4361 vestri,
1113 4310 1281 4363 neque
1310 4293 1442 4347 filius
1472 4309 1639 4353 meus,
1689 4292 1781 4346 sed

244 4378 371 4434 Dens
398 4385 650 4453 princeps
680 4393 765 4438 est
778 4384 829 4438 In
850 4384 1001 4439 vobis
1028 4383 1219 4453 (Judic.
1246 4398 1355 4448 vm,
1386 4384 1497 4449 25).
1524 4383 1589 4435 Et
1608 4384 1658 4434 iu
1678 4382 1785 4436 Nu-

239 4470 392 4524 Iteris
414 4490 428 4525 :
454 4472 574 4527 Non
593 4475 691 4527 erit
708 4473 858 4527 labor
882 4473 1131 4535 intacob,
1148 4486 1316 4539 neque
1341 4472 1605 4525 videbitur
1633 4472 1782 4524 labor

245 4555 292 4609 iu
304 4558 480 4628 Israel,
508 4564 757 4630 quoniam
771 4563 1021 4617 Domitius
1042 4562 1180 4616 Deus
1202 4565 1315 4627 ejus
1338 4576 1456 4614 cum
1484 4575 1568 4623 eo,
1588 4572 1638 4614 ct
1668 4563 1783 4619 izse

248 4636 516 4711 [tractares
562 4655 949 4725 princepscum
994 4650 1305 4723 ipso(Num.
1340 4668 1498 4715 χχιιι,
1542 4653 1655 4717 21).
1710 4653 1781 4705 De

250 4736 370 4793 Filio
389 4744 441 4796 in
472 4744 705 4811 Epistula
732 4743 921 4799 Petrus
972 4742 1239 4809 apostolus
1273 4757 1285 4795 :
1321 4742 1523 4794 Pascite
1566 4756 1779 4809 gregem

250 4826 353 4894 Dei.
376 4834 461 4901 qui
490 4841 576 4886 est
602 4833 655 4885 ita
681 4832 856 4899 vobis,
888 4846 992 4885 non
1018 4833 1164 4899 quasi
1186 4832 1375 4893 coacti,
1409 4831 1500 4883 scd
1542 4831 1782 4883 volunta-

251 4918 325 4973 rie
348 4936 408 4975 ex
428 4924 629 4988 animo,
660 4930 720 4976 ut
736 4937 856 4976 cum
884 4922 1182 4990 apparuerit
1220 4920 1462 4987 princeps
1512 4930 1778 4987 pastorum

254 5013 501 5080 accipiatis
530 5013 1019 5075 immarcessibilem
1036 5026 1286 5066 coronam
1316 5012 1363 5075 (1
1398 5011 1530 5064 Petr.
1548 5028 1598 5075 v,
1623 5012 1675 5073 2,
1699 5010 1774 5077 ⁸5).

254 5096 523 5168 DeSpiritu
545 5112 759 5169 sancto,
800 5102 1001 5171 psalmo
1027 5118 1057 5155 ι.
1077 5102 1247 5171 (Vera.
1280 5103 1370 5169 Η)
1400 5120 1410 5153 :
1437 5102 1616 5156 Redde
1651 5103 1779 5155 milli

255 5184 463 5249 Letitiatn
486 5194 737 5250 salutaris
766 5195 875 5259 tui,
902 5201 958 5247 et
999 5190 1197 5260 Spiritu
1228 5193 1497 5260 principali
1527 5192 1779 5247 conﬁrma

255 5287 348 5330 lle.

806 5348 1031 5405 CAPUT
1054 5349 1200 5403 'VllI.

347 5456 484 5524 Quod
508 5461 642 5530 regis
660 5462 905 5515 uocabulo
928 5463 1088 5514 omnis
1119 5460 1336 5513 Trinitas
1363 5460 1668 5527 appellatur.

321 5566 461 5643 652
490 5576 601 5628 Rex
623 5572 805 5635 Pater,
825 5586 920 5625 rex
953 5572 1136 5635 Filius,
1168 5587 1254 5625 rex
1286 5572 1512 5635 Spiritus
1542 5582 1775 5624 sanctus.

258 5654 327 5713 De
352 5660 491 5721 Patre
510 5667 562 5721 iu
594 5664 749 5730 Isaia,
779 5662 1034 5718 Dominus
1064 5679 1160 5718 rex
1210 5677 1447 5733 magnus,
1475 5671 1529 5718 et
1557 5662 1698 5718 dives
1726 5662 1781 5718 iu

1880 1907 1966 1974 tis,
1998 1913 2175 1960 etnon
2202 1902 2447 1958 videbitis
2472 1903 2609 1971 (Act.
2638 1917 2824 1968 xxvm,
2850 1902 2965 1973 26).

2472 1991 2694 2046 CAPUT
2743 1991 2831 2045 IX.

1952 2078 2049 2137 Ubi
2070 2082 2230 2137 omnis
2258 2080 2481 2135 Trinitas
2504 2082 2705 2137 Iudicis
2743 2081 2984 2135 vorabqu
3017 2092 3359 2151 nuncupatur.

1945 2165 2108 2227 .ludex
2135 2180 2305 2242 pater,
2333 2172 2490 2240 iudex
2524 2168 2706 2231 Filius.
2730 2167 2889 2239 iudex
2923 2169 3154 2238 Spiritus
3192 2155 3429 2227 sanctus.

1880 2260 1952 2316 De
1982 2262 2209 2317 Patreln
2236 2262 2438 2331 psalmo
2466 2277 2582 2315 xm
2614 2258 2790 2331 (Vera.
2822 2260 2909 2331 6):
2944 2256 3009 2315 Et
3042 2254 3429 2317 aniiuutiabunt

1877 2352 1996 2407 caeli
2023 2351 2277 2421 justitiam
2300 2349 2433 2419 ejus,
2475 2352 2717 2418 quoniam
2764 2351 2905 2408 Deus
2928 2351 3086 2419 judex
3130 2360 3230 2405 est.
3281 2348 3347 2405 Et
3376 2352 3428 2404 in

1879 2443 2103 2509 septimo
2126 2440 2297 2511 (Vera.
2327 2439 2443 2510 Ii):
2475 2440 2612 2493 ῡιιιιε
2637 2439 2794 2509 judex
2818 2441 3015 2506 justus,
3037 2437 3188 2493 fortis
3222 2449 3279 2493 et
3324 2450 3419 2505 pa-

1873 2531 2035 2585 tir-ns.
2072 2530 2143 2585 De
2169 2528 2306 2584 Filio
2335 2530 2385 2583 in
2436 2520 2745 2584 Canonicis:
2791 2530 2924 2583 Ecce
2951 2520 3089 2583 enim
3114 2522 3273 2597 iudex
3298 2536 3419 2582 ante

1873 2622 2087 2690 januaui
2115 2620 2314 2675 assistit
2363 2619 2501 2688 (Jac.
2532 2637 2583 2691 v,
2612 2618 2691 2690 9).
2743 2621 2814 2677 De
2864 2620 3060 2687 Spiritu
3117 2629 3330 2673 sancto:
3365 2621 3430 2673 Et

1877 2727 2015 2764 nunc
2059 2711 2374 2765 revelabitur
2421 2710 2579 2763 homo
2627 2710 2857 2778 peccati,
2913 2708 3049 2763 ﬁlius
3094 2706 3429 2779 perditionis,

1876 2816 2029 2869 quem
2055 2801 2330 2853 interiit-iet
2371 2800 2624 2853 Dominus
2644 2800 2964 2865 spiritu'oris
3010 2800 3086 2852 sui
3116 2797 3219 2867 (11
3254 2797 3427 2850 Thess.

1880 2908 1936 2958 ιι,
1966 2892 2022 2956 5,
2046 2890 2119 2961 8).
2156 2891 2217 2944 Ει
2237 2891 2287 2943 in
2314 2890 2469 2942 Isaia:
2504 2888 2639 2943 Ecce
2686 2902 2786 2954 ego
2814 2888 2865 2941 iu
2919 2888 3251 2954 spirituiueo
3294 2887 3430 2939 iacio

1873 2982 2150 3053 judicium.
2174 2982 2297 3035 dicit
2322 2980 2575 3034 Dominus
2604 2979 2762 3032 Deus.
3223 2982 3226 2985 ’

2484 3087 2704 3144 CAPUT
2744 3086 2811 3139 Χ.

2295 3181 2371 3235 De
2408 3182 2658 3235 communi
2687 3180 3007 3247 perfectione.

1944 3271 2109 3345 453
2127 3272 2399 3327 Perfectus
2423 3272 2603 3336 Pater,
2660 3270 2924 3340 perfectus
2955 3268 3136 3333 Filius,
3165 3267 3430 3337 perfectus

1875 3363 2102 3431 Spiritus
2121 3371 2351 3417 sanctus.
2386 3361 2645 3416 De'Patre
2667 3362 2717 3413 in
2754 3359 3068 3428 Evangelia:
3102 3360 3281 3412 Estute
3304 3375 3432 3427 ergo

1881 3454 2135 3526 perfecti,
2184 3455 2319 3507 sicut
2360 3453 2513 3506 Pater
2539 3460 2714 3505 vester
2756 3450 2989 3503 caelestis
3034 3449 3298 3517 perfectura
3351 3458 3431 3500 cst

1880 3546 2086 3616 (Matth.
2112 3556 2164 3607 v,
2193 3543 2306 3610 48).
2334 3543 2405 3595 De
2425 3541 2560 3595 Filio
2605 3542 2669 3609 ad
2711 3540 2959 3593 llebtaeos
2984 3555 2997 3590 :
3050 3539 3123 3593 Ex
3152 3538 3235 3591 bis
3288 3540 3430 3591 enim

1881 3650 1997 3703 quae
2028 3648 2213 3701 passus
2235 3642 2315 3685 est
2343 3632 2528 3686 didicit
2553 3630 2803 3683 obediens
2835 3630 2970 3695 ﬁeri,
3002 3630 3266 3698 quietiam
3317 3642 3431 3695 pcr-

1882 3726 2047 3779 fectus
2079 3721 2245 3776 fictus
2272 3720 3009 3777 estomniimsobcdientibus
3035 3719 3134 3773 sibi
3167 3712 3347 3787 (Hebr.
3378 3734 3433 3783 v,

1884 3816 1955 3883 8).
1982 3814 2057 3867 De
2079 3812 2281 3880 Spiritu
2312 3820 2495 3865 sancte
2519 3812 2607 3863 ubi
2635 3825 2790 3878 supra
2836 3826 2848 3861 :
2906 3807 3010 3863 Sed
3048 3807 3341 3862 accessistis
3370 3810 3433 3859 ad

1882 3918 2115 3960 montem
2157 3905 2305 3967 Sion,
2352 3913 2405 3957 et
2446 3902 2509 3955 ad
2560 3903 2827 3956 civitatem
2869 3900 3091 3954 viventis
3148 3898 3433 3952 Jerusalem

1882 3996 2067 4067 (Hebr.
2094 4009 2190 4056 xit,
2218 3993 2335 4060 22).
2369 3993 2430 4046 Ει
2477 3990 2649 4045 infra:
2686 3992 2750 4045 Et
2793 3991 2857 4043 ad
2887 3991 3126 4057 spiritui
3168 3989 3438 4057 justnrum

1886 4088 2233 4159 perfecturum
2266 4085 2447 4155 (lbid.,
2464 4083 2578 4150 9:5).

2478 4189 2700 4246 CAPUT
2740 4190 2828 4242 XI.

2368 4281 2442 4334 De
2467 4281 2717 4333 communi
2739 4281 2962 4332 veritate.

1957 4373 2125 4431 Verus
2152 4374 2330 4439 Pater,
2352 4388 2512 4427 verus
2538 4373 2721 4435 Filius,
2748 4382 2902 4424 verus
2939 4370 3165 4440 Spiritus
3203 4366 3438 4426 sanctus.

1813 4444 1861 4505 υ
1888 4465 1961 4520 De
1983 4465 2135 4520 Patre
2160 4466 2210 4519 in
2241 4466 2551 4520 Salomone:
2592 4465 2729 4519 Deus
2772 4473 2953 4517 noster
3000 4464 3174 4516 suavis
3202 4471 3257 4516 et
3286 4470 3439 4515 verus

1884 4565 1964 4610 est
1989 4572 2001 4609 :
2034 4568 2191 4610 nosse
2220 4567 2393 4609 autem
2420 4564 2471 4610 te
2496 4555 2883 4609 consummatio
2924 4552 3142 4619 justitia:
3172 4561 3253 4605 est
3284 4552 3437 4621 (Sap.

1885 4663 1976 4710 xv,
2012 4649 2062 4713 l,
2092 4650 2168 4713 5).
2197 4649 2267 4701 De
2298 4647 2435 4701 Filio
2456 4648 2508 4699 in
2533 4646 2734 4699 Joanne
2760 4662 2773 4696 :
2811 4645 2874 4696 Ut
2896 4645 3059 4695 simus
3082 4643 3133 4695 in
3161 4656 3286 4695 vero
3307 4643 3439 4695 Filio

1884 4740 1997 4803 ejus
2017 4737 2139 4792 .lesu
2158 4738 2383 4802 Christo,
2411 4739 2494 4791 hic
2520 4747 2602 4791 est
2630 4738 2767 4789 Deus
2794 4742 2976 4797 verus,
3028 4744 3081 4788 ct
3111 4732 3218 4787 vita
3243 4743 3439 4787 atterna

1886 4827 1940 4899 (Ι
1969 4828 2121 4880 Joan.
2146 4843 2197 4891 v,
2228 4828 2338 4903 20).
2370 4827 2663 4893 ῡε-δρίΐίιιι
2686 4835 2870 4878 saneto
2894 4826 2944 4877 in
2972 4824 3437 4894 Evangelio:Cum

1887 4920 2087 4973 venerit
2117 4918 2419 4972 Paracletus
2449 4918 2538 4998 ipe
2558 4918 2773 4984 spiritus
2799 4918 3063 4983 veritatis,
3106 4916 3317 4972 docebit
3345 4931 3441 4969 vos

1886 5024 2093 5064 omnem
2121 5008 2391 5062 veritatem
2415 5006 2590 5077 (Joan.
2624 5023 2737 5072 xvi,
2768 5006 2873 5077 15).

2476 5118 2701 5175 CAPUT
2743 5120 2852 5174 XII.

2336 5207 2410 5263 De
2428 5212 2560 5281 justi
2592 5214 2985 5279 comparatione.

1955 5298 2134 5354 Justus
2162 5298 2337 5361 Pater,
2357 5299 2531 5368 justus
2558 5300 2740 5366 Filius,
2769 5300 2941 5369 justus
2960 5299 3182 5367 Spiritus
3202 5309 3438 5355 sanctus.

1885 5389 1959 5444 De
1986 5390 2140 5442 Patre
2163 5392 2211 5441 in
2238 5388 2447 5444 Exodo:
2481 5390 2698 5444 Vocavit
2718 5401 2893 5445 autem
2919 5390 3122 5443 Pharao
3148 5389 3363 5461 Moysen
3386 5398 3441 5445 et

1887 5485 2079 5544 Aaron,
2108 5488 2162 5534 ct
2190 5480 2321 5533 dixit
2346 5480 2456 5535 eis:
2490 5480 2709 5536 Peccavi
2741 5494 2899 5542 nunc,
2926 5493 3044 5530 nam
3093 5479 3233 5532 Deus
3261 5482 3436 5547 justus

1884 5582 1982 5636 est,
2011 5586 2107 5641 ego
2136 5583 2308 5626 autem
2335 5582 2388 5626 et
2413 5574 2632 5641 pOptIIttS
2659 5587 2807 5626 meus
2831 5570 2971 5637 impii
3002 5570 3198 5643 (Exod.
3226 5588 3296 5633 nt,
3320 5572 3435 5633 27).

1898 5662 1967 5718 De
2000 5662 2134 5718 Filio
2156 5665 2209 5719 in
2236 5661 2538 5733 Supbouia:
2574 5662 2821 5732 Dominus
2848 5661 3019 5730 justus
3044 5664 3096 5719 in
3142 5662 3449 5729 medium,-
