  <div class='ocr_page' id='page_1' title='image "/cluster/home/n/w/nwhite01/storage/ocr_20150623/61-62/uva.x000827102/795.png"; bbox 0 0 3862 6222; ppageno 0'>
   <div class='ocr_carea' id='block_1_1' title="bbox 438 273 540 329">
    <p class='ocr_par' dir='ltr' id='par_1_1' title="bbox 438 273 540 329">
     <span class='ocr_line' id='line_1_1' title="bbox 438 273 540 329; baseline 0 -1"><span class='ocrx_word' id='word_1_1' title='bbox 438 273 540 329; x_wconf 75' lang='lat' dir='ltr'><strong>M5</strong></span> 
     </span>
    </p>
   </div>
   <div class='ocr_carea' id='block_1_2' title="bbox 1730 267 2357 326">
    <p class='ocr_par' dir='ltr' id='par_1_2' title="bbox 1730 267 2357 326">
     <span class='ocr_line' id='line_1_2' title="bbox 1730 267 2357 326; baseline 0.003 -2"><span class='ocrx_word' id='word_1_2' title='bbox 1730 267 1946 325; x_wconf 80' lang='lat' dir='ltr'><strong>VIGILII</strong></span> <span class='ocrx_word' id='word_1_3' title='bbox 1983 268 2357 326; x_wconf 70' lang='lat' dir='ltr'><strong>TAPSKNSIS</strong></span> 
     </span>
    </p>
   </div>
   <div class='ocr_carea' id='block_1_3' title="bbox 3554 263 3660 320">
    <p class='ocr_par' dir='ltr' id='par_1_3' title="bbox 3554 263 3660 320">
     <span class='ocr_line' id='line_1_3' title="bbox 3554 263 3660 320; baseline 0.019 -2"><span class='ocrx_word' id='word_1_4' title='bbox 3554 263 3660 320; x_wconf 68' lang='lat' dir='ltr'><strong>Ilii</strong></span> 
     </span>
    </p>
   </div>
   <div class='ocr_carea' id='block_1_4' title="bbox 439 361 3660 458">
    <p class='ocr_par' dir='ltr' id='par_1_4' title="bbox 439 361 3660 458">
     <span class='ocr_line' id='line_1_4' title="bbox 439 361 3660 458; baseline -0.002 -23"><span class='ocrx_word' id='word_1_5' title='bbox 439 361 541 439; x_wconf 76' lang='lat' dir='ltr'><strong>non</strong></span> <span class='ocrx_word' id='word_1_6' title='bbox 565 384 720 442; x_wconf 74' lang='lat' dir='ltr'><strong>[acies</strong></span> <span class='ocrx_word' id='word_1_7' title='bbox 747 385 935 454; x_wconf 64' lang='lat' dir='ltr'><strong>IIIJIISIt}</strong></span> <span class='ocrx_word' id='word_1_8' title='bbox 957 386 1149 458; x_wconf 71' lang='lat' dir='ltr'><strong>(Soph.</strong></span> <span class='ocrx_word' id='word_1_9' title='bbox 1177 399 1258 451; x_wconf 87' lang='grc' dir='ltr'><strong>ιιι,</strong></span> <span class='ocrx_word' id='word_1_10' title='bbox 1289 385 1364 452; x_wconf 89' lang='lat'><strong>5).</strong></span> <span class='ocrx_word' id='word_1_11' title='bbox 1398 383 1462 437; x_wconf 84' lang='lat' dir='ltr'><strong>Et</strong></span> <span class='ocrx_word' id='word_1_12' title='bbox 1490 382 1542 436; x_wconf 91' lang='lat' dir='ltr'><strong>in</strong></span> <span class='ocrx_word' id='word_1_13' title='bbox 1563 379 1782 448; x_wconf 85' lang='lat' dir='ltr'><strong>epistola</strong></span> <span class='ocrx_word' id='word_1_14' title='bbox 1825 377 1983 432; x_wconf 80' lang='lat' dir='ltr'><strong>Joan-</strong></span> <span class='ocrx_word' id='word_1_15' title='bbox 2012 381 2060 438; x_wconf 86' lang='grc' dir='ltr'><strong>Δ</strong></span> <span class='ocrx_word' id='word_1_16' title='bbox 2089 381 2329 450; x_wconf 74' lang='lat' dir='ltr'><strong>seditque</strong></span> <span class='ocrx_word' id='word_1_17' title='bbox 2369 393 2528 448; x_wconf 86' lang='lat' dir='ltr'><strong>super</strong></span> <span class='ocrx_word' id='word_1_18' title='bbox 2554 392 2974 449; x_wconf 82' lang='lat' dir='ltr'><strong>unumquemque</strong></span> <span class='ocrx_word' id='word_1_19' title='bbox 2995 392 3201 444; x_wconf 87' lang='lat' dir='ltr'><strong>eorum,</strong></span> <span class='ocrx_word' id='word_1_20' title='bbox 3231 385 3288 433; x_wconf 86' lang='lat' dir='ltr'><strong>et</strong></span> <span class='ocrx_word' id='word_1_21' title='bbox 3309 377 3500 446; x_wconf 84' lang='lat' dir='ltr'><strong>repleti</strong></span> <span class='ocrx_word' id='word_1_22' title='bbox 3528 388 3660 431; x_wconf 77' lang='lat' dir='ltr'><strong>sunt</strong></span> 
     </span>
    </p>
   </div>
   <div class='ocr_carea' id='block_1_5' title="bbox 441 465 1976 540">
    <p class='ocr_par' dir='ltr' id='par_1_5' title="bbox 441 465 1976 540">
     <span class='ocr_line' id='line_1_5' title="bbox 441 465 1976 540; baseline -0.006 -12"><span class='ocrx_word' id='word_1_23' title='bbox 441 479 553 528; x_wconf 83' lang='lat' dir='ltr'><strong>uis:</strong></span> <span class='ocrx_word' id='word_1_24' title='bbox 585 477 732 531; x_wconf 93' lang='lat' dir='ltr'><strong>Sicut</strong></span> <span class='ocrx_word' id='word_1_25' title='bbox 760 475 937 531; x_wconf 88' lang='lat' dir='ltr'><strong>docuit</strong></span> <span class='ocrx_word' id='word_1_26' title='bbox 962 489 1056 529; x_wconf 82' lang='lat' dir='ltr'><strong>vos</strong></span> <span class='ocrx_word' id='word_1_27' title='bbox 1086 489 1303 528; x_wconf 89' lang='lat' dir='ltr'><strong>manere</strong></span> <span class='ocrx_word' id='word_1_28' title='bbox 1333 473 1384 527; x_wconf 90' lang='lat' dir='ltr'><strong>in</strong></span> <span class='ocrx_word' id='word_1_29' title='bbox 1415 487 1480 528; x_wconf 91' lang='lat' dir='ltr'><strong>co</strong></span> <span class='ocrx_word' id='word_1_30' title='bbox 1506 469 1558 540; x_wconf 85' lang='grc' dir='ltr'><strong>(ι</strong></span> <span class='ocrx_word' id='word_1_31' title='bbox 1585 468 1740 522; x_wconf 81' lang='lat' dir='ltr'><strong>Joan.</strong></span> <span class='ocrx_word' id='word_1_32' title='bbox 1772 482 1832 532; x_wconf 85' lang='grc' dir='ltr'><strong>ιι,</strong></span> <span class='ocrx_word' id='word_1_33' title='bbox 1856 465 1976 536; x_wconf 75' lang='lat'><strong>27).</strong></span> 
     </span>
    </p>
   </div>
   <div class='ocr_carea' id='block_1_6' title="bbox 443 555 1984 633">
    <p class='ocr_par' dir='ltr' id='par_1_6' title="bbox 443 555 1984 633">
     <span class='ocr_line' id='line_1_6' title="bbox 443 555 1984 633; baseline -0.006 -13"><span class='ocrx_word' id='word_1_34' title='bbox 443 568 505 620; x_wconf 77' lang='lat' dir='ltr'><strong>Et</strong></span> <span class='ocrx_word' id='word_1_35' title='bbox 534 567 694 622; x_wconf 88' lang='lat' dir='ltr'><strong>infra:</strong></span> <span class='ocrx_word' id='word_1_36' title='bbox 721 567 866 632; x_wconf 84' lang='lat' dir='ltr'><strong>Quod</strong></span> <span class='ocrx_word' id='word_1_37' title='bbox 896 568 938 620; x_wconf 86' lang='lat' dir='ltr'><strong>si</strong></span> <span class='ocrx_word' id='word_1_38' title='bbox 973 566 1121 630; x_wconf 81' lang='lat' dir='ltr'><strong>scitis</strong></span> <span class='ocrx_word' id='word_1_39' title='bbox 1163 566 1283 632; x_wconf 88' lang='lat' dir='ltr'><strong>quia</strong></span> <span class='ocrx_word' id='word_1_40' title='bbox 1310 555 1483 633; x_wconf 82' lang='lat' dir='ltr'><strong>justus</strong></span> <span class='ocrx_word' id='word_1_41' title='bbox 1511 569 1612 622; x_wconf 87' lang='lat' dir='ltr'><strong>est.</strong></span> <span class='ocrx_word' id='word_1_42' title='bbox 1664 557 1814 612; x_wconf 82' lang='lat' dir='ltr'><strong>scitis</strong></span> <span class='ocrx_word' id='word_1_43' title='bbox 1865 557 1984 625; x_wconf 93' lang='lat' dir='ltr'><strong>quia</strong></span> 
     </span>
    </p>
   </div>
   <div class='ocr_carea' id='block_1_7' title="bbox 433 637 1988 722">
    <p class='ocr_par' dir='ltr' id='par_1_7' title="bbox 433 637 1988 722">
     <span class='ocr_line' id='line_1_7' title="bbox 433 637 1988 722; baseline -0.003 -18"><span class='ocrx_word' id='word_1_44' title='bbox 433 658 610 709; x_wconf 71' lang='grc' dir='ltr'><strong>..ιηηίε</strong></span> <span class='ocrx_word' id='word_1_45' title='bbox 631 637 716 722; x_wconf 87' lang='lat' dir='ltr'><strong>qui</strong></span> <span class='ocrx_word' id='word_1_46' title='bbox 747 653 869 707; x_wconf 82' lang='lat' dir='ltr'><strong>facit</strong></span> <span class='ocrx_word' id='word_1_47' title='bbox 896 653 1176 722; x_wconf 84' lang='lat' dir='ltr'><strong>justitiam,</strong></span> <span class='ocrx_word' id='word_1_48' title='bbox 1199 651 1268 712; x_wconf 66' lang='lat' dir='ltr'><strong>ex</strong></span> <span class='ocrx_word' id='word_1_49' title='bbox 1296 653 1410 720; x_wconf 87' lang='lat' dir='ltr'><strong>ipso</strong></span> <span class='ocrx_word' id='word_1_50' title='bbox 1447 659 1528 704; x_wconf 89' lang='lat' dir='ltr'><strong>est</strong></span> <span class='ocrx_word' id='word_1_51' title='bbox 1556 646 1742 718; x_wconf 62' lang='lat'><strong>(1554.,</strong></span> <span class='ocrx_word' id='word_1_52' title='bbox 1771 644 1884 714; x_wconf 72' lang='lat'><strong>29).</strong></span> <span class='ocrx_word' id='word_1_53' title='bbox 1913 645 1988 699; x_wconf 88' lang='lat' dir='ltr'><strong>De</strong></span> 
     </span>
    </p>
   </div>
   <div class='ocr_carea' id='block_1_8' title="bbox 438 733 1988 811">
    <p class='ocr_par' dir='ltr' id='par_1_8' title="bbox 438 733 1988 811">
     <span class='ocr_line' id='line_1_8' title="bbox 438 733 1988 811; baseline -0.01 -15"><span class='ocrx_word' id='word_1_54' title='bbox 438 745 631 810; x_wconf 79' lang='lat' dir='ltr'><strong>Spiritu</strong></span> <span class='ocrx_word' id='word_1_55' title='bbox 653 753 832 796; x_wconf 86' lang='lat' dir='ltr'><strong>sancto</strong></span> <span class='ocrx_word' id='word_1_56' title='bbox 855 743 903 796; x_wconf 91' lang='lat' dir='ltr'><strong>in</strong></span> <span class='ocrx_word' id='word_1_57' title='bbox 954 734 1238 811; x_wconf 86' lang='lat' dir='ltr'><strong>Apostolo:</strong></span> <span class='ocrx_word' id='word_1_58' title='bbox 1267 741 1505 809; x_wconf 78' lang='lat' dir='ltr'><strong>Magnum</strong></span> <span class='ocrx_word' id='word_1_59' title='bbox 1555 733 1764 805; x_wconf 83' lang='lat' dir='ltr'><strong>pietatis</strong></span> <span class='ocrx_word' id='word_1_60' title='bbox 1812 746 1988 786; x_wconf 75' lang='lat' dir='ltr'><strong>sacra-</strong></span> 
     </span>
    </p>
   </div>
   <div class='ocr_carea' id='block_1_9' title="bbox 441 823 1988 900">
    <p class='ocr_par' dir='ltr' id='par_1_9' title="bbox 441 823 1988 900">
     <span class='ocr_line' id='line_1_9' title="bbox 441 823 1988 900; baseline -0.007 -15"><span class='ocrx_word' id='word_1_61' title='bbox 441 843 692 900; x_wconf 86' lang='lat' dir='ltr'><strong>mentum,</strong></span> <span class='ocrx_word' id='word_1_62' title='bbox 716 833 853 900; x_wconf 88' lang='lat' dir='ltr'><strong>quod</strong></span> <span class='ocrx_word' id='word_1_63' title='bbox 875 832 1262 887; x_wconf 75' lang='lat' dir='ltr'><strong>manifestatum</strong></span> <span class='ocrx_word' id='word_1_64' title='bbox 1285 831 1433 886; x_wconf 90' lang='lat' dir='ltr'><strong>estin</strong></span> <span class='ocrx_word' id='word_1_65' title='bbox 1455 823 1988 894; x_wconf 82' lang='lat' dir='ltr'><strong>earne,justilicatum</strong></span> 
     </span>
    </p>
   </div>
   <div class='ocr_carea' id='block_1_10' title="bbox 438 921 1292 993">
    <p class='ocr_par' dir='ltr' id='par_1_10' title="bbox 438 921 1292 993">
     <span class='ocr_line' id='line_1_10' title="bbox 438 921 1292 993; baseline -0.002 -16"><span class='ocrx_word' id='word_1_66' title='bbox 438 935 518 977; x_wconf 84' lang='lat' dir='ltr'><strong>est</strong></span> <span class='ocrx_word' id='word_1_67' title='bbox 544 924 598 977; x_wconf 88' lang='lat' dir='ltr'><strong>in</strong></span> <span class='ocrx_word' id='word_1_68' title='bbox 629 923 815 990; x_wconf 86' lang='lat' dir='ltr'><strong>spiritu</strong></span> <span class='ocrx_word' id='word_1_69' title='bbox 841 921 895 993; x_wconf 83' lang='lat' dir='ltr'><strong>(I</strong></span> <span class='ocrx_word' id='word_1_70' title='bbox 921 922 1056 989; x_wconf 83' lang='lat' dir='ltr'><strong>Tim,</strong></span> <span class='ocrx_word' id='word_1_71' title='bbox 1092 923 1292 990; x_wconf 86' lang='grc' dir='ltr'><strong>ιιι,1ϐ).</strong></span> 
     </span>
    </p>
   </div>
   <div class='ocr_carea' id='block_1_11' title="bbox 1017 1010 1417 1068">
    <p class='ocr_par' dir='ltr' id='par_1_11' title="bbox 1017 1010 1417 1068">
     <span class='ocr_line' id='line_1_11' title="bbox 1017 1010 1417 1068; baseline -0.01 0"><span class='ocrx_word' id='word_1_72' title='bbox 1017 1013 1241 1068; x_wconf 87' lang='lat' dir='ltr'><strong>CAPUT</strong></span> <span class='ocrx_word' id='word_1_73' title='bbox 1280 1010 1417 1066; x_wconf 75' lang='lat' dir='ltr'><strong>XIII.</strong></span> 
     </span>
    </p>
   </div>
   <div class='ocr_carea' id='block_1_12' title="bbox 875 1098 1558 1170">
    <p class='ocr_par' dir='ltr' id='par_1_12' title="bbox 875 1098 1558 1170">
     <span class='ocr_line' id='line_1_12' title="bbox 875 1098 1558 1170; baseline -0.006 -16"><span class='ocrx_word' id='word_1_74' title='bbox 875 1102 950 1156; x_wconf 86' lang='lat' dir='ltr'><strong>De</strong></span> <span class='ocrx_word' id='word_1_75' title='bbox 965 1103 1217 1156; x_wconf 74' lang='lat' dir='ltr'><strong>communi</strong></span> <span class='ocrx_word' id='word_1_76' title='bbox 1247 1098 1558 1170; x_wconf 66' lang='lat' dir='ltr'><strong>fortitudine.</strong></span> 
     </span>
    </p>
   </div>
   <div class='ocr_carea' id='block_1_13' title="bbox 508 1183 1993 1263">
    <p class='ocr_par' dir='ltr' id='par_1_13' title="bbox 508 1183 1993 1263">
     <span class='ocr_line' id='line_1_13' title="bbox 508 1183 1993 1263; baseline -0.009 -15"><span class='ocrx_word' id='word_1_77' title='bbox 508 1190 670 1262; x_wconf 60' lang='grc'><strong>454</strong></span> <span class='ocrx_word' id='word_1_78' title='bbox 696 1191 868 1246; x_wconf 79' lang='lat' dir='ltr'><strong>Fortis</strong></span> <span class='ocrx_word' id='word_1_79' title='bbox 908 1194 1081 1256; x_wconf 86' lang='lat' dir='ltr'><strong>Pater,</strong></span> <span class='ocrx_word' id='word_1_80' title='bbox 1109 1191 1280 1263; x_wconf 33' lang='lat' dir='ltr'><strong>‘furtis</strong></span> <span class='ocrx_word' id='word_1_81' title='bbox 1326 1189 1510 1252; x_wconf 74' lang='lat' dir='ltr'><strong>Filius,</strong></span> <span class='ocrx_word' id='word_1_82' title='bbox 1568 1187 1719 1252; x_wconf 76' lang='lat' dir='ltr'><strong>fortis</strong></span> <span class='ocrx_word' id='word_1_83' title='bbox 1763 1183 1993 1251; x_wconf 73' lang='lat' dir='ltr'><strong>Spiritus</strong></span> 
     </span>
    </p>
   </div>
   <div class='ocr_carea' id='block_1_14' title="bbox 2089 472 2859 542">
    <p class='ocr_par' dir='ltr' id='par_1_14' title="bbox 2089 472 2859 542">
     <span class='ocr_line' id='line_1_14' title="bbox 2089 472 2859 542; baseline -0.004 -14"><span class='ocrx_word' id='word_1_84' title='bbox 2089 472 2284 542; x_wconf 82' lang='lat' dir='ltr'><strong>Spiritu</strong></span> <span class='ocrx_word' id='word_1_85' title='bbox 2314 481 2497 528; x_wconf 82' lang='lat' dir='ltr'><strong>sancto</strong></span> <span class='ocrx_word' id='word_1_86' title='bbox 2522 472 2655 541; x_wconf 77' lang='lat' dir='ltr'><strong>(Act.</strong></span> <span class='ocrx_word' id='word_1_87' title='bbox 2691 488 2748 538; x_wconf 85' lang='grc' dir='ltr'><strong>ιι,</strong></span> <span class='ocrx_word' id='word_1_88' title='bbox 2781 472 2859 540; x_wconf 75' lang='lat'><strong>5).</strong></span> 
     </span>
    </p>
   </div>
   <div class='ocr_carea' id='block_1_15' title="bbox 2643 580 3084 636">
    <p class='ocr_par' dir='ltr' id='par_1_15' title="bbox 2643 580 3084 636">
     <span class='ocr_line' id='line_1_15' title="bbox 2643 580 3084 636; baseline -0.005 0"><span class='ocrx_word' id='word_1_89' title='bbox 2643 581 2863 636; x_wconf 85' lang='lat' dir='ltr'><strong>CAPUT</strong></span> <span class='ocrx_word' id='word_1_90' title='bbox 2903 580 3084 635; x_wconf 73' lang='lat' dir='ltr'><strong>XVIII.</strong></span> 
     </span>
    </p>
   </div>
   <div class='ocr_carea' id='block_1_16' title="bbox 2301 666 3348 736">
    <p class='ocr_par' dir='ltr' id='par_1_16' title="bbox 2301 666 3348 736">
     <span class='ocr_line' id='line_1_16' title="bbox 2301 666 3348 736; baseline -0.008 -11"><span class='ocrx_word' id='word_1_91' title='bbox 2301 687 2305 691; x_wconf 87' lang='lat'>‘</span> <span class='ocrx_word' id='word_1_92' title='bbox 2385 666 2648 736; x_wconf 40' lang='lat' dir='ltr'><strong>Quod&#39;lux</strong></span> <span class='ocrx_word' id='word_1_93' title='bbox 2673 672 2831 722; x_wconf 77' lang='lat' dir='ltr'><strong>omnis</strong></span> <span class='ocrx_word' id='word_1_94' title='bbox 2859 670 3083 726; x_wconf 75' lang='lat' dir='ltr'><strong>Trinitas</strong></span> <span class='ocrx_word' id='word_1_95' title='bbox 3122 670 3348 722; x_wconf 79' lang='lat' dir='ltr'><strong>dicatur.</strong></span> 
     </span>
    </p>
   </div>
   <div class='ocr_carea' id='block_1_17' title="bbox 2164 757 3660 827">
    <p class='ocr_par' dir='ltr' id='par_1_17' title="bbox 2164 757 3660 827">
     <span class='ocr_line' id='line_1_17' title="bbox 2164 757 3660 827; baseline -0.003 -16"><span class='ocrx_word' id='word_1_96' title='bbox 2164 758 2270 811; x_wconf 87' lang='lat' dir='ltr'><strong>Lux</strong></span> <span class='ocrx_word' id='word_1_97' title='bbox 2303 760 2475 823; x_wconf 85' lang='lat' dir='ltr'><strong>Pater,</strong></span> <span class='ocrx_word' id='word_1_98' title='bbox 2500 761 2584 814; x_wconf 86' lang='lat' dir='ltr'><strong>lux</strong></span> <span class='ocrx_word' id='word_1_99' title='bbox 2615 759 2800 824; x_wconf 77' lang='lat' dir='ltr'><strong>Filius,</strong></span> <span class='ocrx_word' id='word_1_100' title='bbox 2830 761 2914 813; x_wconf 89' lang='lat' dir='ltr'><strong>lux</strong></span> <span class='ocrx_word' id='word_1_101' title='bbox 2944 761 3174 827; x_wconf 79' lang='lat' dir='ltr'><strong>Spiritus</strong></span> <span class='ocrx_word' id='word_1_102' title='bbox 3189 770 3424 814; x_wconf 85' lang='lat' dir='ltr'><strong>sanctus.</strong></span> <span class='ocrx_word' id='word_1_103' title='bbox 3457 759 3536 811; x_wconf 83' lang='lat' dir='ltr'><strong>De</strong></span> <span class='ocrx_word' id='word_1_104' title='bbox 3560 757 3660 809; x_wconf 78' lang='lat' dir='ltr'><strong>Pa-</strong></span> 
     </span>
    </p>
   </div>
   <div class='ocr_carea' id='block_1_18' title="bbox 2092 847 3660 918">
    <p class='ocr_par' dir='ltr' id='par_1_18' title="bbox 2092 847 3660 918">
     <span class='ocr_line' id='line_1_18' title="bbox 2092 847 3660 918; baseline -0.001 -17"><span class='ocrx_word' id='word_1_105' title='bbox 2092 856 2171 902; x_wconf 86' lang='lat' dir='ltr'><strong>tre</strong></span> <span class='ocrx_word' id='word_1_106' title='bbox 2194 848 2242 901; x_wconf 90' lang='lat' dir='ltr'><strong>in</strong></span> <span class='ocrx_word' id='word_1_107' title='bbox 2269 847 2488 902; x_wconf 83' lang='lat' dir='ltr'><strong>Joannis</strong></span> <span class='ocrx_word' id='word_1_108' title='bbox 2521 850 2791 918; x_wconf 10' lang='lat' dir='ltr'><strong>Epistolas:</strong></span> <span class='ocrx_word' id='word_1_109' title='bbox 2827 851 2962 905; x_wconf 83' lang='lat' dir='ltr'><strong>Deus</strong></span> <span class='ocrx_word' id='word_1_110' title='bbox 2992 852 3078 904; x_wconf 84' lang='lat' dir='ltr'><strong>lux</strong></span> <span class='ocrx_word' id='word_1_111' title='bbox 3119 860 3217 913; x_wconf 85' lang='lat' dir='ltr'><strong>est,</strong></span> <span class='ocrx_word' id='word_1_112' title='bbox 3257 861 3310 904; x_wconf 90' lang='lat' dir='ltr'><strong>et</strong></span> <span class='ocrx_word' id='word_1_113' title='bbox 3341 850 3583 904; x_wconf 72' lang='lat' dir='ltr'><strong>tenebrae</strong></span> <span class='ocrx_word' id='word_1_114' title='bbox 3609 851 3660 900; x_wconf 89' lang='lat' dir='ltr'><strong>in</strong></span> 
     </span>
    </p>
   </div>
   <div class='ocr_carea' id='block_1_19' title="bbox 2089 938 3657 1010">
    <p class='ocr_par' dir='ltr' id='par_1_19' title="bbox 2089 938 3657 1010">
     <span class='ocr_line' id='line_1_19' title="bbox 2089 938 3657 1010; baseline 0 -18"><span class='ocrx_word' id='word_1_115' title='bbox 2089 953 2154 992; x_wconf 90' lang='lat' dir='ltr'><strong>eo</strong></span> <span class='ocrx_word' id='word_1_116' title='bbox 2191 952 2292 990; x_wconf 83' lang='lat' dir='ltr'><strong>neu</strong></span> <span class='ocrx_word' id='word_1_117' title='bbox 2319 949 2444 992; x_wconf 86' lang='lat' dir='ltr'><strong>sunt</strong></span> <span class='ocrx_word' id='word_1_118' title='bbox 2475 941 2592 994; x_wconf 69' lang='lat' dir='ltr'><strong>ulla:</strong></span> <span class='ocrx_word' id='word_1_119' title='bbox 2615 938 2666 1009; x_wconf 92' lang='grc'><strong>(1</strong></span> <span class='ocrx_word' id='word_1_120' title='bbox 2695 939 2848 993; x_wconf 83' lang='lat' dir='ltr'><strong>Joan.</strong></span> <span class='ocrx_word' id='word_1_121' title='bbox 2878 956 2917 1005; x_wconf 85' lang='grc' dir='ltr'><strong>ι.</strong></span> <span class='ocrx_word' id='word_1_122' title='bbox 2945 943 3024 1010; x_wconf 81' lang='lat'><strong>5).</strong></span> <span class='ocrx_word' id='word_1_123' title='bbox 3054 941 3128 996; x_wconf 90' lang='lat' dir='ltr'><strong>De</strong></span> <span class='ocrx_word' id='word_1_124' title='bbox 3153 941 3284 996; x_wconf 78' lang='lat' dir='ltr'><strong>Filio</strong></span> <span class='ocrx_word' id='word_1_125' title='bbox 3326 941 3379 994; x_wconf 91' lang='lat' dir='ltr'><strong>in</strong></span> <span class='ocrx_word' id='word_1_126' title='bbox 3407 942 3657 1008; x_wconf 76' lang='lat' dir='ltr'><strong>Evange-</strong></span> 
     </span>
    </p>
   </div>
   <div class='ocr_carea' id='block_1_20' title="bbox 2092 1029 3659 1102">
    <p class='ocr_par' dir='ltr' id='par_1_20' title="bbox 2092 1029 3659 1102">
     <span class='ocr_line' id='line_1_20' title="bbox 2092 1029 3659 1102; baseline -0.002 -16"><span class='ocrx_word' id='word_1_127' title='bbox 2092 1032 2190 1086; x_wconf 90' lang='lat' dir='ltr'><strong>lio:</strong></span> <span class='ocrx_word' id='word_1_128' title='bbox 2224 1029 2332 1097; x_wconf 83' lang='lat' dir='ltr'><strong>Ego</strong></span> <span class='ocrx_word' id='word_1_129' title='bbox 2355 1044 2469 1082; x_wconf 87' lang='lat' dir='ltr'><strong>sum</strong></span> <span class='ocrx_word' id='word_1_130' title='bbox 2498 1030 2584 1083; x_wconf 86' lang='lat' dir='ltr'><strong>lux</strong></span> <span class='ocrx_word' id='word_1_131' title='bbox 2616 1029 2770 1098; x_wconf 82' lang='lat' dir='ltr'><strong>hujus</strong></span> <span class='ocrx_word' id='word_1_132' title='bbox 2796 1031 2977 1086; x_wconf 89' lang='lat' dir='ltr'><strong>mundi</strong></span> <span class='ocrx_word' id='word_1_133' title='bbox 3001 1049 3016 1085; x_wconf 90' lang='lat'><strong>:</strong></span> <span class='ocrx_word' id='word_1_134' title='bbox 3055 1032 3146 1102; x_wconf 87' lang='lat' dir='ltr'><strong>qui</strong></span> <span class='ocrx_word' id='word_1_135' title='bbox 3174 1032 3513 1100; x_wconf 75' lang='lat' dir='ltr'><strong>persequitur</strong></span> <span class='ocrx_word' id='word_1_136' title='bbox 3542 1046 3659 1094; x_wconf 78' lang='lat' dir='ltr'><strong>me,</strong></span> 
     </span>
    </p>
   </div>
   <div class='ocr_carea' id='block_1_21' title="bbox 2094 1114 3658 1184">
    <p class='ocr_par' dir='ltr' id='par_1_21' title="bbox 2094 1114 3658 1184">
     <span class='ocr_line' id='line_1_21' title="bbox 2094 1114 3658 1184; baseline -0.001 -11"><span class='ocrx_word' id='word_1_137' title='bbox 2094 1114 2197 1173; x_wconf 79' lang='lat' dir='ltr'><strong>non</strong></span> <span class='ocrx_word' id='word_1_138' title='bbox 2219 1118 2453 1174; x_wconf 88' lang='lat' dir='ltr'><strong>ambulat</strong></span> <span class='ocrx_word' id='word_1_139' title='bbox 2489 1118 2543 1172; x_wconf 92' lang='lat' dir='ltr'><strong>in</strong></span> <span class='ocrx_word' id='word_1_140' title='bbox 2597 1119 2849 1184; x_wconf 81' lang='lat' dir='ltr'><strong>tenebris,</strong></span> <span class='ocrx_word' id='word_1_141' title='bbox 2903 1120 2996 1176; x_wconf 88' lang='lat' dir='ltr'><strong>sed</strong></span> <span class='ocrx_word' id='word_1_142' title='bbox 3045 1120 3260 1176; x_wconf 84' lang='lat' dir='ltr'><strong>habebit</strong></span> <span class='ocrx_word' id='word_1_143' title='bbox 3299 1121 3481 1174; x_wconf 86' lang='lat' dir='ltr'><strong>lumen</strong></span> <span class='ocrx_word' id='word_1_144' title='bbox 3532 1122 3658 1172; x_wconf 69' lang='lat' dir='ltr'><strong>vita</strong></span> 
     </span>
    </p>
   </div>
   <div class='ocr_carea' id='block_1_22' title="bbox 2094 1207 3659 1278">
    <p class='ocr_par' dir='ltr' id='par_1_22' title="bbox 2094 1207 3659 1278">
     <span class='ocr_line' id='line_1_22' title="bbox 2094 1207 3659 1278; baseline 0.003 -19"><span class='ocrx_word' id='word_1_145' title='bbox 2094 1207 2273 1275; x_wconf 85' lang='lat' dir='ltr'><strong>(Joan.</strong></span> <span class='ocrx_word' id='word_1_146' title='bbox 2300 1222 2412 1271; x_wconf 83' lang='lat' dir='ltr'><strong>vui,</strong></span> <span class='ocrx_word' id='word_1_147' title='bbox 2441 1208 2552 1276; x_wconf 79' lang='lat' dir='ltr'><strong>I2).</strong></span> <span class='ocrx_word' id='word_1_148' title='bbox 2579 1208 2650 1263; x_wconf 91' lang='lat' dir='ltr'><strong>De</strong></span> <span class='ocrx_word' id='word_1_149' title='bbox 2669 1207 2867 1278; x_wconf 86' lang='lat' dir='ltr'><strong>Spiritu</strong></span> <span class='ocrx_word' id='word_1_150' title='bbox 2893 1217 3076 1264; x_wconf 83' lang='lat' dir='ltr'><strong>sancto</strong></span> <span class='ocrx_word' id='word_1_151' title='bbox 3100 1211 3151 1264; x_wconf 94' lang='lat' dir='ltr'><strong>in</strong></span> <span class='ocrx_word' id='word_1_152' title='bbox 3171 1209 3492 1264; x_wconf 79' lang='lat' dir='ltr'><strong>Ezechiele:</strong></span> <span class='ocrx_word' id='word_1_153' title='bbox 3515 1211 3659 1264; x_wconf 77' lang='lat' dir='ltr'><strong>Ecce</strong></span> 
     </span>
    </p>
   </div>
   <div class='ocr_carea' id='block_1_23' title="bbox 440 1277 2003 1370">
    <p class='ocr_par' dir='ltr' id='par_1_23' title="bbox 440 1277 1990 1341">
     <span class='ocr_line' id='line_1_23' title="bbox 440 1277 1990 1341; baseline 0.001 -9"><span class='ocrx_word' id='word_1_154' title='bbox 440 1292 672 1334; x_wconf 85' lang='lat' dir='ltr'><strong>sanctus.</strong></span> <span class='ocrx_word' id='word_1_155' title='bbox 695 1281 771 1334; x_wconf 82' lang='lat' dir='ltr'><strong>De</strong></span> <span class='ocrx_word' id='word_1_156' title='bbox 798 1281 950 1334; x_wconf 83' lang='lat' dir='ltr'><strong>Patre</strong></span> <span class='ocrx_word' id='word_1_157' title='bbox 987 1283 1037 1333; x_wconf 87' lang='lat' dir='ltr'><strong>in</strong></span> <span class='ocrx_word' id='word_1_158' title='bbox 1094 1280 1265 1333; x_wconf 84' lang='lat' dir='ltr'><strong>Isaia:</strong></span> <span class='ocrx_word' id='word_1_159' title='bbox 1308 1281 1441 1332; x_wconf 76' lang='lat' dir='ltr'><strong>Dcu~</strong></span> <span class='ocrx_word' id='word_1_160' title='bbox 1494 1277 1643 1331; x_wconf 81' lang='lat' dir='ltr'><strong>fortis</strong></span> <span class='ocrx_word' id='word_1_161' title='bbox 1687 1285 1740 1327; x_wconf 89' lang='lat' dir='ltr'><strong>et</strong></span> <span class='ocrx_word' id='word_1_162' title='bbox 1786 1283 1990 1341; x_wconf 77' lang='lat' dir='ltr'><strong>potens.</strong></span> 
     </span>
    </p>
   </div>
   <div class='ocr_carea' id='block_1_24' title="bbox 2117 1277 3657 1370">
    <p class='ocr_par' dir='ltr' id='par_1_24' title="bbox 2117 1277 3657 1370">
     <span class='ocr_line' id='line_1_24' title="bbox 2117 1277 3657 1370; baseline 0.003 -20"><span class='ocrx_word' id='word_1_163' title='bbox 2117 1299 2310 1366; x_wconf 68' lang='grc' dir='ltr'><strong>ινὶτίιιιε</strong></span> <span class='ocrx_word' id='word_1_164' title='bbox 2331 1299 2535 1352; x_wconf 88' lang='lat' dir='ltr'><strong>Domini</strong></span> <span class='ocrx_word' id='word_1_165' title='bbox 2555 1277 2773 1367; x_wconf 88' lang='lat' dir='ltr'><strong>surgens</strong></span> <span class='ocrx_word' id='word_1_166' title='bbox 2801 1299 3046 1355; x_wconf 77' lang='lat' dir='ltr'><strong>veniebat</strong></span> <span class='ocrx_word' id='word_1_167' title='bbox 3071 1301 3142 1355; x_wconf 88' lang='lat' dir='ltr'><strong>ab</strong></span> <span class='ocrx_word' id='word_1_168' title='bbox 3171 1301 3439 1370; x_wconf 91' lang='lat' dir='ltr'><strong>aquilone,</strong></span> <span class='ocrx_word' id='word_1_169' title='bbox 3490 1312 3550 1357; x_wconf 88' lang='lat' dir='ltr'><strong>et</strong></span> <span class='ocrx_word' id='word_1_170' title='bbox 3607 1303 3657 1355; x_wconf 87' lang='lat' dir='ltr'><strong>in</strong></span> 
     </span>
    </p>
   </div>
   <div class='ocr_carea' id='block_1_25' title="bbox 443 1342 3270 1461">
    <p class='ocr_par' dir='ltr' id='par_1_25' title="bbox 443 1342 3270 1461">
     <span class='ocr_line' id='line_1_25' title="bbox 443 1342 3270 1461; baseline -0.001 -39"><span class='ocrx_word' id='word_1_171' title='bbox 919 1371 1134 1461; x_wconf 55' lang='lat' dir='ltr'><strong>non...</strong></span> <span class='ocrx_word' id='word_1_172' title='bbox 1157 1369 1307 1461; x_wconf 69' lang='grc' dir='ltr'><strong>(ιε...</strong></span> <span class='ocrx_word' id='word_1_173' title='bbox 1344 1368 1641 1461; x_wconf 67' lang='grc' dir='ltr'><strong>ει).</strong></span> <span class='ocrx_word' id='word_1_174' title='bbox 1675 1366 1750 1461; x_wconf 65' lang='grc' dir='ltr'><strong>υ.</strong></span> <span class='ocrx_word' id='word_1_175' title='bbox 1783 1365 1915 1418; x_wconf 84' lang='lat' dir='ltr'><strong>Filio</strong></span> <span class='ocrx_word' id='word_1_176' title='bbox 1943 1342 2036 1418; x_wconf 59' lang='lat' dir='ltr'><strong>in‘</strong></span> <span class='ocrx_word' id='word_1_177' title='bbox 2095 1342 3270 1461; x_wconf 44' lang='lat' dir='ltr'><strong>;;,:,;;,‘;;,$5,;;;,;,;.;;,;;;g;;;,j;,7,:</strong></span> 
     </span>
    </p>
   </div>
   <div class='ocr_carea' id='block_1_26' title="bbox 444 1451 2000 1525">
    <p class='ocr_par' dir='ltr' id='par_1_26' title="bbox 444 1451 2000 1525">
     <span class='ocr_line' id='line_1_26' title="bbox 444 1451 2000 1525; baseline -0.001 -15"><span class='ocrx_word' id='word_1_178' title='bbox 444 1451 644 1525; x_wconf 75' lang='lat' dir='ltr'><strong>psalmo</strong></span> <span class='ocrx_word' id='word_1_179' title='bbox 671 1460 959 1512; x_wconf 81' lang='lat' dir='ltr'><strong>centesimo</strong></span> <span class='ocrx_word' id='word_1_180' title='bbox 991 1460 1216 1524; x_wconf 86' lang='lat' dir='ltr'><strong>septimo</strong></span> <span class='ocrx_word' id='word_1_181' title='bbox 1233 1458 1468 1514; x_wconf 83' lang='lat' dir='ltr'><strong>decimo:</strong></span> <span class='ocrx_word' id='word_1_182' title='bbox 1503 1456 1777 1509; x_wconf 74' lang='lat' dir='ltr'><strong>Fortitudo</strong></span> <span class='ocrx_word' id='word_1_183' title='bbox 1805 1468 1921 1508; x_wconf 87' lang='lat' dir='ltr'><strong>mea</strong></span> <span class='ocrx_word' id='word_1_184' title='bbox 1944 1463 2000 1507; x_wconf 79' lang='lat' dir='ltr'><strong>et</strong></span> 
     </span>
    </p>
   </div>
   <div class='ocr_carea' id='block_1_27' title="bbox 442 1546 1998 1619">
    <p class='ocr_par' dir='ltr' id='par_1_27' title="bbox 442 1546 1998 1619">
     <span class='ocr_line' id='line_1_27' title="bbox 442 1546 1998 1619; baseline 0.001 -19"><span class='ocrx_word' id='word_1_185' title='bbox 442 1547 670 1601; x_wconf 76' lang='lat' dir='ltr'><strong>laudatio</strong></span> <span class='ocrx_word' id='word_1_186' title='bbox 701 1564 814 1602; x_wconf 87' lang='lat' dir='ltr'><strong>mea</strong></span> <span class='ocrx_word' id='word_1_187' title='bbox 856 1549 1106 1603; x_wconf 85' lang='lat' dir='ltr'><strong>Dominus</strong></span> <span class='ocrx_word' id='word_1_188' title='bbox 1135 1550 1306 1619; x_wconf 79' lang='lat' dir='ltr'><strong>(Vera.</strong></span> <span class='ocrx_word' id='word_1_189' title='bbox 1327 1550 1436 1617; x_wconf 65' lang='grc'><strong>14).</strong></span> <span class='ocrx_word' id='word_1_190' title='bbox 1476 1549 1549 1603; x_wconf 89' lang='lat' dir='ltr'><strong>De</strong></span> <span class='ocrx_word' id='word_1_191' title='bbox 1586 1546 1787 1610; x_wconf 77' lang='lat' dir='ltr'><strong>Spiritu</strong></span> <span class='ocrx_word' id='word_1_192' title='bbox 1814 1555 1998 1600; x_wconf 83' lang='lat' dir='ltr'><strong>sancto</strong></span> 
     </span>
    </p>
   </div>
   <div class='ocr_carea' id='block_1_28' title="bbox 439 1634 2000 1706">
    <p class='ocr_par' dir='ltr' id='par_1_28' title="bbox 439 1634 2000 1706">
     <span class='ocr_line' id='line_1_28' title="bbox 439 1634 2000 1706; baseline -0.001 -18"><span class='ocrx_word' id='word_1_193' title='bbox 439 1636 492 1688; x_wconf 88' lang='lat' dir='ltr'><strong>iu</strong></span> <span class='ocrx_word' id='word_1_194' title='bbox 518 1635 827 1693; x_wconf 79' lang='lat' dir='ltr'><strong>Salomone:</strong></span> <span class='ocrx_word' id='word_1_195' title='bbox 861 1637 914 1690; x_wconf 90' lang='lat' dir='ltr'><strong>In</strong></span> <span class='ocrx_word' id='word_1_196' title='bbox 942 1640 1130 1694; x_wconf 85' lang='lat' dir='ltr'><strong>timore</strong></span> <span class='ocrx_word' id='word_1_197' title='bbox 1157 1638 1250 1692; x_wconf 85' lang='lat' dir='ltr'><strong>Dei</strong></span> <span class='ocrx_word' id='word_1_198' title='bbox 1287 1639 1512 1706; x_wconf 87' lang='lat' dir='ltr'><strong>Spiritus</strong></span> <span class='ocrx_word' id='word_1_199' title='bbox 1566 1634 1916 1702; x_wconf 80' lang='lat' dir='ltr'><strong>fortitudinis,</strong></span> <span class='ocrx_word' id='word_1_200' title='bbox 1946 1641 2000 1690; x_wconf 86' lang='lat' dir='ltr'><strong>ct</strong></span> 
     </span>
    </p>
   </div>
   <div class='ocr_carea' id='block_1_29' title="bbox 441 1725 1795 1796">
    <p class='ocr_par' dir='ltr' id='par_1_29' title="bbox 441 1725 1795 1796">
     <span class='ocr_line' id='line_1_29' title="bbox 441 1725 1795 1796; baseline 0.003 -20"><span class='ocrx_word' id='word_1_201' title='bbox 441 1725 490 1777; x_wconf 91' lang='lat' dir='ltr'><strong>iu</strong></span> <span class='ocrx_word' id='word_1_202' title='bbox 517 1727 612 1780; x_wconf 74' lang='lat' dir='ltr'><strong>viis</strong></span> <span class='ocrx_word' id='word_1_203' title='bbox 632 1725 744 1795; x_wconf 83' lang='lat' dir='ltr'><strong>ejus</strong></span> <span class='ocrx_word' id='word_1_204' title='bbox 775 1741 875 1796; x_wconf 88' lang='lat' dir='ltr'><strong>pax</strong></span> <span class='ocrx_word' id='word_1_205' title='bbox 897 1741 950 1783; x_wconf 88' lang='lat' dir='ltr'><strong>et</strong></span> <span class='ocrx_word' id='word_1_206' title='bbox 974 1730 1077 1780; x_wconf 88' lang='lat' dir='ltr'><strong>vita</strong></span> <span class='ocrx_word' id='word_1_207' title='bbox 1107 1737 1306 1781; x_wconf 79' lang='lat' dir='ltr'><strong>:etcrna</strong></span> <span class='ocrx_word' id='word_1_208' title='bbox 1328 1726 1508 1796; x_wconf 78' lang='lat' dir='ltr'><strong>(Prov.</strong></span> <span class='ocrx_word' id='word_1_209' title='bbox 1544 1741 1651 1791; x_wconf 80' lang='lat' dir='ltr'><strong>xiv,</strong></span> <span class='ocrx_word' id='word_1_210' title='bbox 1677 1725 1795 1794; x_wconf 72' lang='lat'><strong>26).</strong></span> 
     </span>
    </p>
   </div>
   <div class='ocr_carea' id='block_1_30' title="bbox 1018 1816 1418 1873">
    <p class='ocr_par' dir='ltr' id='par_1_30' title="bbox 1018 1816 1418 1873">
     <span class='ocr_line' id='line_1_30' title="bbox 1018 1816 1418 1873; baseline 0.003 -1"><span class='ocrx_word' id='word_1_211' title='bbox 1018 1816 1241 1873; x_wconf 82' lang='lat' dir='ltr'><strong>CAPUT</strong></span> <span class='ocrx_word' id='word_1_212' title='bbox 1281 1817 1418 1873; x_wconf 85' lang='lat' dir='ltr'><strong>XIV.</strong></span> 
     </span>
    </p>
   </div>
   <div class='ocr_carea' id='block_1_31' title="bbox 895 1920 1519 1998">
    <p class='ocr_par' dir='ltr' id='par_1_31' title="bbox 895 1920 1519 1998">
     <span class='ocr_line' id='line_1_31' title="bbox 895 1920 1519 1998; baseline 0.006 -18"><span class='ocrx_word' id='word_1_213' title='bbox 895 1920 898 1925; x_wconf 73' lang='grc'><em>’</em></span> <span class='ocrx_word' id='word_1_214' title='bbox 923 1925 1003 1980; x_wconf 85' lang='lat' dir='ltr'><strong>De</strong></span> <span class='ocrx_word' id='word_1_215' title='bbox 1026 1930 1278 1982; x_wconf 85' lang='lat' dir='ltr'><strong>communi</strong></span> <span class='ocrx_word' id='word_1_216' title='bbox 1297 1929 1519 1998; x_wconf 85' lang='lat' dir='ltr'><strong>judicio.</strong></span> 
     </span>
    </p>
   </div>
   <div class='ocr_carea' id='block_1_32' title="bbox 514 2033 1998 2106">
    <p class='ocr_par' dir='ltr' id='par_1_32' title="bbox 514 2033 1998 2106">
     <span class='ocr_line' id='line_1_32' title="bbox 514 2033 1998 2106; baseline 0 -19"><span class='ocrx_word' id='word_1_217' title='bbox 514 2033 720 2088; x_wconf 80' lang='lat' dir='ltr'><strong>Iudicat</strong></span> <span class='ocrx_word' id='word_1_218' title='bbox 749 2034 925 2103; x_wconf 85' lang='lat' dir='ltr'><strong>Pater,</strong></span> <span class='ocrx_word' id='word_1_219' title='bbox 951 2036 1156 2106; x_wconf 85' lang='lat' dir='ltr'><strong>judicat</strong></span> <span class='ocrx_word' id='word_1_220' title='bbox 1186 2038 1366 2092; x_wconf 85' lang='lat' dir='ltr'><strong>Filius.</strong></span> <span class='ocrx_word' id='word_1_221' title='bbox 1387 2037 1592 2106; x_wconf 86' lang='lat' dir='ltr'><strong>judicat</strong></span> <span class='ocrx_word' id='word_1_222' title='bbox 1621 2035 1850 2104; x_wconf 87' lang='lat' dir='ltr'><strong>Spiritus</strong></span> <span class='ocrx_word' id='word_1_223' title='bbox 1875 2047 1998 2088; x_wconf 79' lang='lat' dir='ltr'><strong>san-</strong></span> 
     </span>
    </p>
   </div>
   <div class='ocr_carea' id='block_1_33' title="bbox 443 2122 1997 2196">
    <p class='ocr_par' dir='ltr' id='par_1_33' title="bbox 443 2122 1997 2196">
     <span class='ocr_line' id='line_1_33' title="bbox 443 2122 1997 2196; baseline 0.004 -24"><span class='ocrx_word' id='word_1_224' title='bbox 443 2129 581 2175; x_wconf 84' lang='lat' dir='ltr'><strong>ctus.</strong></span> <span class='ocrx_word' id='word_1_225' title='bbox 611 2122 688 2177; x_wconf 90' lang='lat' dir='ltr'><strong>De</strong></span> <span class='ocrx_word' id='word_1_226' title='bbox 715 2122 870 2179; x_wconf 88' lang='lat' dir='ltr'><strong>Patre</strong></span> <span class='ocrx_word' id='word_1_227' title='bbox 895 2124 949 2178; x_wconf 91' lang='lat' dir='ltr'><strong>in</strong></span> <span class='ocrx_word' id='word_1_228' title='bbox 971 2124 1173 2194; x_wconf 86' lang='lat' dir='ltr'><strong>psalmo</strong></span> <span class='ocrx_word' id='word_1_229' title='bbox 1199 2126 1510 2196; x_wconf 79' lang='lat' dir='ltr'><strong>xut&#39;(Vers.</strong></span> <span class='ocrx_word' id='word_1_230' title='bbox 1545 2125 1631 2195; x_wconf 84' lang='lat' dir='ltr'><strong>I):</strong></span> <span class='ocrx_word' id='word_1_231' title='bbox 1681 2124 1861 2180; x_wconf 80' lang='lat' dir='ltr'><strong>Judica</strong></span> <span class='ocrx_word' id='word_1_232' title='bbox 1891 2139 1997 2188; x_wconf 88' lang='lat' dir='ltr'><strong>me,</strong></span> 
     </span>
    </p>
   </div>
   <div class='ocr_carea' id='block_1_34' title="bbox 447 2211 2000 2282">
    <p class='ocr_par' dir='ltr' id='par_1_34' title="bbox 447 2211 2000 2282">
     <span class='ocr_line' id='line_1_34' title="bbox 447 2211 2000 2282; baseline 0.002 -19"><span class='ocrx_word' id='word_1_233' title='bbox 447 2211 605 2276; x_wconf 85' lang='lat' dir='ltr'><strong>Deus,</strong></span> <span class='ocrx_word' id='word_1_234' title='bbox 629 2221 683 2265; x_wconf 92' lang='lat' dir='ltr'><strong>et</strong></span> <span class='ocrx_word' id='word_1_235' title='bbox 715 2211 962 2268; x_wconf 89' lang='lat' dir='ltr'><strong>discerne</strong></span> <span class='ocrx_word' id='word_1_236' title='bbox 981 2228 1189 2268; x_wconf 84' lang='lat' dir='ltr'><strong>causam</strong></span> <span class='ocrx_word' id='word_1_237' title='bbox 1214 2230 1406 2269; x_wconf 90' lang='lat' dir='ltr'><strong>meam.</strong></span> <span class='ocrx_word' id='word_1_238' title='bbox 1434 2215 1505 2270; x_wconf 89' lang='lat' dir='ltr'><strong>De</strong></span> <span class='ocrx_word' id='word_1_239' title='bbox 1549 2215 1683 2268; x_wconf 88' lang='lat' dir='ltr'><strong>Filio</strong></span> <span class='ocrx_word' id='word_1_240' title='bbox 1722 2214 1772 2267; x_wconf 89' lang='lat' dir='ltr'><strong>in</strong></span> <span class='ocrx_word' id='word_1_241' title='bbox 1798 2212 2000 2282; x_wconf 80' lang='lat' dir='ltr'><strong>psalmo</strong></span> 
     </span>
    </p>
   </div>
   <div class='ocr_carea' id='block_1_35' title="bbox 452 2298 1998 2373">
    <p class='ocr_par' dir='ltr' id='par_1_35' title="bbox 452 2298 1998 2373">
     <span class='ocr_line' id='line_1_35' title="bbox 452 2298 1998 2373; baseline 0.004 -24"><span class='ocrx_word' id='word_1_242' title='bbox 452 2313 498 2350; x_wconf 74' lang='grc' dir='ltr'><strong>ιι</strong></span> <span class='ocrx_word' id='word_1_243' title='bbox 530 2298 704 2367; x_wconf 83' lang='lat' dir='ltr'><strong>(Vers.</strong></span> <span class='ocrx_word' id='word_1_244' title='bbox 729 2300 817 2368; x_wconf 84' lang='lat'><strong>9):</strong></span> <span class='ocrx_word' id='word_1_245' title='bbox 851 2300 1170 2371; x_wconf 63' lang='lat' dir='ltr'><strong>Prmparavit</strong></span> <span class='ocrx_word' id='word_1_246' title='bbox 1194 2303 1244 2356; x_wconf 94' lang='lat' dir='ltr'><strong>in</strong></span> <span class='ocrx_word' id='word_1_247' title='bbox 1297 2303 1499 2373; x_wconf 85' lang='lat' dir='ltr'><strong>judicio</strong></span> <span class='ocrx_word' id='word_1_248' title='bbox 1540 2302 1788 2356; x_wconf 88' lang='lat' dir='ltr'><strong>thronum</strong></span> <span class='ocrx_word' id='word_1_249' title='bbox 1818 2316 1998 2365; x_wconf 90' lang='lat' dir='ltr'><strong>suum,</strong></span> 
     </span>
    </p>
   </div>
   <div class='ocr_carea' id='block_1_36' title="bbox 439 2387 1997 2459">
    <p class='ocr_par' dir='ltr' id='par_1_36' title="bbox 439 2387 1997 2459">
     <span class='ocr_line' id='line_1_36' title="bbox 439 2387 1997 2459; baseline 0.002 -21"><span class='ocrx_word' id='word_1_250' title='bbox 439 2393 496 2439; x_wconf 88' lang='lat' dir='ltr'><strong>et</strong></span> <span class='ocrx_word' id='word_1_251' title='bbox 525 2388 635 2455; x_wconf 88' lang='lat' dir='ltr'><strong>ipse</strong></span> <span class='ocrx_word' id='word_1_252' title='bbox 659 2387 917 2456; x_wconf 72' lang='lat' dir='ltr'><strong>iudicabit</strong></span> <span class='ocrx_word' id='word_1_253' title='bbox 940 2391 1125 2445; x_wconf 90' lang='lat' dir='ltr'><strong>orbem</strong></span> <span class='ocrx_word' id='word_1_254' title='bbox 1160 2401 1315 2446; x_wconf 80' lang='lat' dir='ltr'><strong>teme</strong></span> <span class='ocrx_word' id='word_1_255' title='bbox 1347 2393 1397 2446; x_wconf 94' lang='lat' dir='ltr'><strong>in</strong></span> <span class='ocrx_word' id='word_1_256' title='bbox 1446 2391 1715 2459; x_wconf 69' lang='lat' dir='ltr'><strong>aequitate.</strong></span> <span class='ocrx_word' id='word_1_257' title='bbox 1773 2390 1847 2444; x_wconf 89' lang='lat' dir='ltr'><strong>Dc</strong></span> <span class='ocrx_word' id='word_1_258' title='bbox 1876 2388 1997 2456; x_wconf 87' lang='lat' dir='ltr'><strong>Spi-</strong></span> 
     </span>
    </p>
   </div>
   <div class='ocr_carea' id='block_1_37' title="bbox 442 2479 2003 2546">
    <p class='ocr_par' dir='ltr' id='par_1_37' title="bbox 442 2479 2003 2546">
     <span class='ocr_line' id='line_1_37' title="bbox 442 2479 2003 2546; baseline 0.002 -17"><span class='ocrx_word' id='word_1_259' title='bbox 442 2481 544 2531; x_wconf 86' lang='lat' dir='ltr'><strong>ritu</strong></span> <span class='ocrx_word' id='word_1_260' title='bbox 575 2489 759 2546; x_wconf 77' lang='lat' dir='ltr'><strong>sancto</strong></span> <span class='ocrx_word' id='word_1_261' title='bbox 786 2481 836 2533; x_wconf 93' lang='lat' dir='ltr'><strong>in</strong></span> <span class='ocrx_word' id='word_1_262' title='bbox 863 2479 1033 2535; x_wconf 87' lang='lat' dir='ltr'><strong>Isaia:</strong></span> <span class='ocrx_word' id='word_1_263' title='bbox 1061 2481 1126 2535; x_wconf 83' lang='lat' dir='ltr'><strong>Et</strong></span> <span class='ocrx_word' id='word_1_264' title='bbox 1147 2482 1324 2535; x_wconf 85' lang='lat' dir='ltr'><strong>abluet</strong></span> <span class='ocrx_word' id='word_1_265' title='bbox 1356 2483 1607 2534; x_wconf 84' lang='lat' dir='ltr'><strong>Dominus</strong></span> <span class='ocrx_word' id='word_1_266' title='bbox 1647 2480 1833 2533; x_wconf 90' lang='lat' dir='ltr'><strong>sordes</strong></span> <span class='ocrx_word' id='word_1_267' title='bbox 1866 2479 2003 2532; x_wconf 81' lang='lat' dir='ltr'><strong>lilio-</strong></span> 
     </span>
    </p>
   </div>
   <div class='ocr_carea' id='block_1_38' title="bbox 446 2567 2003 2640">
    <p class='ocr_par' dir='ltr' id='par_1_38' title="bbox 446 2567 2003 2640">
     <span class='ocr_line' id='line_1_38' title="bbox 446 2567 2003 2640; baseline 0.001 -21"><span class='ocrx_word' id='word_1_268' title='bbox 446 2582 560 2619; x_wconf 79' lang='lat' dir='ltr'><strong>tum</strong></span> <span class='ocrx_word' id='word_1_269' title='bbox 578 2577 631 2621; x_wconf 90' lang='lat' dir='ltr'><strong>et</strong></span> <span class='ocrx_word' id='word_1_270' title='bbox 652 2569 873 2623; x_wconf 83' lang='lat' dir='ltr'><strong>filiarum</strong></span> <span class='ocrx_word' id='word_1_271' title='bbox 897 2570 1048 2636; x_wconf 87' lang='lat' dir='ltr'><strong>Sion,</strong></span> <span class='ocrx_word' id='word_1_272' title='bbox 1071 2581 1124 2626; x_wconf 84' lang='lat' dir='ltr'><strong>et</strong></span> <span class='ocrx_word' id='word_1_273' title='bbox 1145 2573 1452 2640; x_wconf 85' lang='lat' dir='ltr'><strong>sanguinem</strong></span> <span class='ocrx_word' id='word_1_274' title='bbox 1477 2570 1718 2639; x_wconf 88' lang='lat' dir='ltr'><strong>purgabit</strong></span> <span class='ocrx_word' id='word_1_275' title='bbox 1739 2568 1804 2623; x_wconf 85' lang='lat' dir='ltr'><strong>de</strong></span> <span class='ocrx_word' id='word_1_276' title='bbox 1827 2567 2003 2622; x_wconf 85' lang='lat' dir='ltr'><strong>medio</strong></span> 
     </span>
    </p>
   </div>
   <div class='ocr_carea' id='block_1_39' title="bbox 444 2657 1437 2731">
    <p class='ocr_par' dir='ltr' id='par_1_39' title="bbox 444 2657 1437 2731">
     <span class='ocr_line' id='line_1_39' title="bbox 444 2657 1437 2731; baseline 0 -19"><span class='ocrx_word' id='word_1_277' title='bbox 444 2673 628 2712; x_wconf 82' lang='lat' dir='ltr'><strong>eorum</strong></span> <span class='ocrx_word' id='word_1_278' title='bbox 651 2657 850 2729; x_wconf 86' lang='lat' dir='ltr'><strong>Spiritu</strong></span> <span class='ocrx_word' id='word_1_279' title='bbox 875 2662 1055 2729; x_wconf 86' lang='lat' dir='ltr'><strong>jndicii</strong></span> <span class='ocrx_word' id='word_1_280' title='bbox 1079 2659 1230 2731; x_wconf 84' lang='lat' dir='ltr'><strong>(Isai.</strong></span> <span class='ocrx_word' id='word_1_281' title='bbox 1263 2676 1332 2726; x_wconf 86' lang='lat' dir='ltr'><strong>iv,</strong></span> <span class='ocrx_word' id='word_1_282' title='bbox 1358 2661 1437 2727; x_wconf 69' lang='lat'><strong>4).</strong></span> 
     </span>
    </p>
   </div>
   <div class='ocr_carea' id='block_1_40' title="bbox 1038 2772 1414 2828">
    <p class='ocr_par' dir='ltr' id='par_1_40' title="bbox 1038 2772 1414 2828">
     <span class='ocr_line' id='line_1_40' title="bbox 1038 2772 1414 2828; baseline 0 -1"><span class='ocrx_word' id='word_1_283' title='bbox 1038 2773 1261 2828; x_wconf 82' lang='lat' dir='ltr'><strong>CAPUT</strong></span> <span class='ocrx_word' id='word_1_284' title='bbox 1300 2772 1414 2827; x_wconf 87' lang='lat' dir='ltr'><strong>XV.</strong></span> 
     </span>
    </p>
   </div>
   <div class='ocr_carea' id='block_1_41' title="bbox 811 2886 1643 2958">
    <p class='ocr_par' dir='ltr' id='par_1_41' title="bbox 811 2886 1643 2958">
     <span class='ocr_line' id='line_1_41' title="bbox 811 2886 1643 2958; baseline 0.004 -18"><span class='ocrx_word' id='word_1_285' title='bbox 811 2886 888 2941; x_wconf 89' lang='lat' dir='ltr'><strong>De</strong></span> <span class='ocrx_word' id='word_1_286' title='bbox 907 2891 1161 2942; x_wconf 86' lang='lat' dir='ltr'><strong>communi</strong></span> <span class='ocrx_word' id='word_1_287' title='bbox 1179 2904 1326 2958; x_wconf 83' lang='lat' dir='ltr'><strong>apere</strong></span> <span class='ocrx_word' id='word_1_288' title='bbox 1354 2889 1643 2944; x_wconf 80' lang='lat' dir='ltr'><strong>Trinitatis.</strong></span> 
     </span>
    </p>
   </div>
   <div class='ocr_carea' id='block_1_42' title="bbox 514 2965 1999 3072">
    <p class='ocr_par' dir='ltr' id='par_1_42' title="bbox 514 2965 1999 3072">
     <span class='ocr_line' id='line_1_42' title="bbox 514 2965 1999 3072; baseline 0.003 -23"><span class='ocrx_word' id='word_1_289' title='bbox 514 2965 775 3065; x_wconf 71' lang='lat' dir='ltr'><strong>Operatnr</strong></span> <span class='ocrx_word' id='word_1_290' title='bbox 792 2999 966 3065; x_wconf 84' lang='lat' dir='ltr'><strong>Pater,</strong></span> <span class='ocrx_word' id='word_1_291' title='bbox 997 3009 1244 3069; x_wconf 85' lang='lat' dir='ltr'><strong>operatur</strong></span> <span class='ocrx_word' id='word_1_292' title='bbox 1270 3001 1370 3056; x_wconf 82' lang='lat' dir='ltr'><strong>Fili</strong></span> <span class='ocrx_word' id='word_1_293' title='bbox 1394 3019 1456 3069; x_wconf 85' lang='lat' dir='ltr'><strong>is,</strong></span> <span class='ocrx_word' id='word_1_294' title='bbox 1490 3010 1742 3072; x_wconf 85' lang='lat' dir='ltr'><strong>operatur</strong></span> <span class='ocrx_word' id='word_1_295' title='bbox 1765 3000 1999 3072; x_wconf 87' lang='lat' dir='ltr'><strong>Spiritus</strong></span> 
     </span>
    </p>
   </div>
   <div class='ocr_carea' id='block_1_43' title="bbox 2665 1480 3069 1566">
    <p class='ocr_par' dir='ltr' id='par_1_43' title="bbox 2665 1480 3069 1566">
     <span class='ocr_line' id='line_1_43' title="bbox 2665 1480 3069 1566; baseline 0.002 -31"><span class='ocrx_word' id='word_1_296' title='bbox 2665 1480 2888 1536; x_wconf 76' lang='lat' dir='ltr'><strong>CAPUT</strong></span> <span class='ocrx_word' id='word_1_297' title='bbox 2927 1481 3069 1566; x_wconf 81' lang='lat' dir='ltr'><strong>xix.</strong></span> 
     </span>
    </p>
   </div>
   <div class='ocr_carea' id='block_1_44' title="bbox 2360 1569 3604 1639">
    <p class='ocr_par' dir='ltr' id='par_1_44' title="bbox 2360 1569 3604 1639">
     <span class='ocr_line' id='line_1_44' title="bbox 2360 1569 3604 1639; baseline 0.004 -19"><span class='ocrx_word' id='word_1_298' title='bbox 2360 1617 2362 1620; x_wconf 77' lang='grc'>,</span> <span class='ocrx_word' id='word_1_299' title='bbox 2430 1569 2505 1624; x_wconf 79' lang='lat' dir='ltr'><strong>De</strong></span> <span class='ocrx_word' id='word_1_300' title='bbox 2531 1572 2777 1624; x_wconf 83' lang='lat' dir='ltr'><strong>communi</strong></span> <span class='ocrx_word' id='word_1_301' title='bbox 2797 1570 3016 1624; x_wconf 81' lang='lat' dir='ltr'><strong>bonitate</strong></span> <span class='ocrx_word' id='word_1_302' title='bbox 3039 1569 3319 1625; x_wconf 75' lang='lat' dir='ltr'><strong>Trinitatis.</strong></span> <span class='ocrx_word' id='word_1_303' title='bbox 3586 1631 3604 1639; x_wconf 36' lang='grc' dir='ltr'><strong>ι</strong></span> 
     </span>
    </p>
   </div>
   <div class='ocr_carea' id='block_1_45' title="bbox 2175 1659 3656 1731">
    <p class='ocr_par' dir='ltr' id='par_1_45' title="bbox 2175 1659 3656 1731">
     <span class='ocr_line' id='line_1_45' title="bbox 2175 1659 3656 1731; baseline 0.003 -17"><span class='ocrx_word' id='word_1_304' title='bbox 2175 1659 2348 1716; x_wconf 87' lang='lat' dir='ltr'><strong>Bonus</strong></span> <span class='ocrx_word' id='word_1_305' title='bbox 2375 1659 2548 1725; x_wconf 84' lang='lat' dir='ltr'><strong>Pater,</strong></span> <span class='ocrx_word' id='word_1_306' title='bbox 2573 1661 2738 1716; x_wconf 88' lang='lat' dir='ltr'><strong>bonus</strong></span> <span class='ocrx_word' id='word_1_307' title='bbox 2759 1661 2946 1725; x_wconf 82' lang='lat' dir='ltr'><strong>Filius,</strong></span> <span class='ocrx_word' id='word_1_308' title='bbox 2977 1661 3146 1716; x_wconf 86' lang='lat' dir='ltr'><strong>bonus</strong></span> <span class='ocrx_word' id='word_1_309' title='bbox 3170 1661 3656 1731; x_wconf 84' lang='lat' dir='ltr'><strong>Spiritnssanctns.</strong></span> 
     </span>
    </p>
   </div>
   <div class='ocr_carea' id='block_1_46' title="bbox 2032 1727 3657 1823">
    <p class='ocr_par' dir='ltr' id='par_1_46' title="bbox 2032 1727 3657 1823">
     <span class='ocr_line' id='line_1_46' title="bbox 2032 1727 3657 1823; baseline 0.002 -21"><span class='ocrx_word' id='word_1_310' title='bbox 2032 1727 2074 1785; x_wconf 70' lang='grc' dir='ltr'><strong>Β</strong></span> <span class='ocrx_word' id='word_1_311' title='bbox 2105 1750 2176 1804; x_wconf 88' lang='lat' dir='ltr'><strong>Do</strong></span> <span class='ocrx_word' id='word_1_312' title='bbox 2208 1749 2359 1806; x_wconf 87' lang='lat' dir='ltr'><strong>Patre</strong></span> <span class='ocrx_word' id='word_1_313' title='bbox 2391 1750 2442 1804; x_wconf 92' lang='lat' dir='ltr'><strong>in</strong></span> <span class='ocrx_word' id='word_1_314' title='bbox 2465 1749 2664 1820; x_wconf 83' lang='lat' dir='ltr'><strong>psalmo</strong></span> <span class='ocrx_word' id='word_1_315' title='bbox 2715 1766 2854 1806; x_wconf 79' lang='lat' dir='ltr'><strong>Lxxu</strong></span> <span class='ocrx_word' id='word_1_316' title='bbox 2900 1751 3074 1820; x_wconf 78' lang='lat' dir='ltr'><strong>(Vera.</strong></span> <span class='ocrx_word' id='word_1_317' title='bbox 3119 1727 3228 1823; x_wconf 24' lang='lat'><strong>1):-</strong></span> <span class='ocrx_word' id='word_1_318' title='bbox 3249 1751 3418 1819; x_wconf 88' lang='lat' dir='ltr'><strong>Quam</strong></span> <span class='ocrx_word' id='word_1_319' title='bbox 3476 1753 3657 1807; x_wconf 82' lang='lat' dir='ltr'><strong>bonus</strong></span> 
     </span>
    </p>
   </div>
   <div class='ocr_carea' id='block_1_47' title="bbox 2100 1838 3655 1914">
    <p class='ocr_par' dir='ltr' id='par_1_47' title="bbox 2100 1838 3655 1914">
     <span class='ocr_line' id='line_1_47' title="bbox 2100 1838 3655 1914; baseline 0.003 -24"><span class='ocrx_word' id='word_1_320' title='bbox 2100 1840 2240 1905; x_wconf 84' lang='lat' dir='ltr'><strong>Dens</strong></span> <span class='ocrx_word' id='word_1_321' title='bbox 2273 1839 2430 1893; x_wconf 89' lang='lat' dir='ltr'><strong>Israel</strong></span> <span class='ocrx_word' id='word_1_322' title='bbox 2449 1840 2604 1894; x_wconf 89' lang='lat' dir='ltr'><strong>rectis</strong></span> <span class='ocrx_word' id='word_1_323' title='bbox 2627 1838 2803 1894; x_wconf 87' lang='lat' dir='ltr'><strong>corde.</strong></span> <span class='ocrx_word' id='word_1_324' title='bbox 2833 1840 2905 1895; x_wconf 92' lang='lat' dir='ltr'><strong>De</strong></span> <span class='ocrx_word' id='word_1_325' title='bbox 2930 1839 3101 1914; x_wconf 85' lang='lat' dir='ltr'><strong>Filio:</strong></span> <span class='ocrx_word' id='word_1_326' title='bbox 3134 1839 3246 1909; x_wconf 79' lang='lat' dir='ltr'><strong>Ego</strong></span> <span class='ocrx_word' id='word_1_327' title='bbox 3293 1856 3412 1896; x_wconf 87' lang='lat' dir='ltr'><strong>sum</strong></span> <span class='ocrx_word' id='word_1_328' title='bbox 3467 1851 3655 1908; x_wconf 85' lang='lat' dir='ltr'><strong>pastor</strong></span> 
     </span>
    </p>
   </div>
   <div class='ocr_carea' id='block_1_48' title="bbox 2098 1929 3653 2000">
    <p class='ocr_par' dir='ltr' id='par_1_48' title="bbox 2098 1929 3653 2000">
     <span class='ocr_line' id='line_1_48' title="bbox 2098 1929 3653 2000; baseline -0.002 -17"><span class='ocrx_word' id='word_1_329' title='bbox 2098 1929 2269 1984; x_wconf 90' lang='lat' dir='ltr'><strong>bonus</strong></span> <span class='ocrx_word' id='word_1_330' title='bbox 2290 1929 2466 1999; x_wconf 84' lang='lat' dir='ltr'><strong>(Joan.</strong></span> <span class='ocrx_word' id='word_1_331' title='bbox 2491 1945 2544 1996; x_wconf 76' lang='grc' dir='ltr'><strong>ι,</strong></span> <span class='ocrx_word' id='word_1_332' title='bbox 2570 1929 2675 1998; x_wconf 85' lang='lat' dir='ltr'><strong>Il).</strong></span> <span class='ocrx_word' id='word_1_333' title='bbox 2711 1929 2793 1996; x_wconf 81' lang='lat' dir='ltr'><strong>Et,</strong></span> <span class='ocrx_word' id='word_1_334' title='bbox 2817 1929 3058 1998; x_wconf 78' lang='lat' dir='ltr'><strong>Magister</strong></span> <span class='ocrx_word' id='word_1_335' title='bbox 3084 1932 3240 1997; x_wconf 89' lang='lat' dir='ltr'><strong>bone,</strong></span> <span class='ocrx_word' id='word_1_336' title='bbox 3263 1931 3387 2000; x_wconf 90' lang='lat' dir='ltr'><strong>quid</strong></span> <span class='ocrx_word' id='word_1_337' title='bbox 3420 1931 3547 1985; x_wconf 89' lang='lat' dir='ltr'><strong>boni</strong></span> <span class='ocrx_word' id='word_1_338' title='bbox 3571 1929 3653 1982; x_wconf 74' lang='lat' dir='ltr'><strong>Ia-</strong></span> 
     </span>
    </p>
   </div>
   <div class='ocr_carea' id='block_1_49' title="bbox 2099 2017 3659 2087">
    <p class='ocr_par' dir='ltr' id='par_1_49' title="bbox 2099 2017 3659 2087">
     <span class='ocr_line' id='line_1_49' title="bbox 2099 2017 3659 2087; baseline 0 -15"><span class='ocrx_word' id='word_1_339' title='bbox 2099 2018 2236 2072; x_wconf 89' lang='lat' dir='ltr'><strong>ciam</strong></span> <span class='ocrx_word' id='word_1_340' title='bbox 2260 2031 2314 2072; x_wconf 89' lang='lat' dir='ltr'><strong>ut</strong></span> <span class='ocrx_word' id='word_1_341' title='bbox 2337 2017 2556 2072; x_wconf 81' lang='lat' dir='ltr'><strong>habeam</strong></span> <span class='ocrx_word' id='word_1_342' title='bbox 2584 2020 2740 2072; x_wconf 90' lang='lat' dir='ltr'><strong>vitam</strong></span> <span class='ocrx_word' id='word_1_343' title='bbox 2783 2027 3031 2072; x_wconf 74' lang='lat' dir='ltr'><strong>aeternam</strong></span> <span class='ocrx_word' id='word_1_344' title='bbox 3077 2018 3419 2086; x_wconf 62' lang='lat' dir='ltr'><strong>(Matt/usta,</strong></span> <span class='ocrx_word' id='word_1_345' title='bbox 3447 2019 3564 2087; x_wconf 72' lang='lat'><strong>16)?</strong></span> <span class='ocrx_word' id='word_1_346' title='bbox 3591 2021 3659 2072; x_wconf 82' lang='lat' dir='ltr'><strong>Da</strong></span> 
     </span>
    </p>
   </div>
   <div class='ocr_carea' id='block_1_50' title="bbox 2097 2108 3658 2182">
    <p class='ocr_par' dir='ltr' id='par_1_50' title="bbox 2097 2108 3658 2182">
     <span class='ocr_line' id='line_1_50' title="bbox 2097 2108 3658 2182; baseline 0 -20"><span class='ocrx_word' id='word_1_347' title='bbox 2097 2108 2295 2176; x_wconf 89' lang='lat' dir='ltr'><strong>Spiritu</strong></span> <span class='ocrx_word' id='word_1_348' title='bbox 2320 2117 2504 2164; x_wconf 87' lang='lat' dir='ltr'><strong>sancto</strong></span> <span class='ocrx_word' id='word_1_349' title='bbox 2523 2108 2683 2182; x_wconf 58' lang='lat'><strong>5,56</strong></span> <span class='ocrx_word' id='word_1_350' title='bbox 2705 2112 2756 2165; x_wconf 91' lang='lat' dir='ltr'><strong>in</strong></span> <span class='ocrx_word' id='word_1_351' title='bbox 2789 2111 2979 2165; x_wconf 87' lang='lat' dir='ltr'><strong>Esdra:</strong></span> <span class='ocrx_word' id='word_1_352' title='bbox 3008 2110 3258 2180; x_wconf 90' lang='lat' dir='ltr'><strong>Spiritum</strong></span> <span class='ocrx_word' id='word_1_353' title='bbox 3281 2121 3432 2165; x_wconf 88' lang='lat' dir='ltr'><strong>tuum</strong></span> <span class='ocrx_word' id='word_1_354' title='bbox 3463 2110 3658 2164; x_wconf 88' lang='lat' dir='ltr'><strong>bonum</strong></span> 
     </span>
    </p>
   </div>
   <div class='ocr_carea' id='block_1_51' title="bbox 2097 2199 3659 2271">
    <p class='ocr_par' dir='ltr' id='par_1_51' title="bbox 2097 2199 3659 2271">
     <span class='ocr_line' id='line_1_51' title="bbox 2097 2199 3659 2271; baseline 0.001 -17"><span class='ocrx_word' id='word_1_355' title='bbox 2097 2199 2288 2255; x_wconf 85' lang='lat' dir='ltr'><strong>dedisti</strong></span> <span class='ocrx_word' id='word_1_356' title='bbox 2313 2203 2391 2255; x_wconf 85' lang='lat' dir='ltr'><strong>eis</strong></span> <span class='ocrx_word' id='word_1_357' title='bbox 2418 2199 2505 2271; x_wconf 89' lang='grc'><strong>(11</strong></span> <span class='ocrx_word' id='word_1_358' title='bbox 2538 2200 2691 2256; x_wconf 82' lang='lat' dir='ltr'><strong>Esdr.</strong></span> <span class='ocrx_word' id='word_1_359' title='bbox 2725 2219 2799 2270; x_wconf 81' lang='lat' dir='ltr'><strong>ix,</strong></span> <span class='ocrx_word' id='word_1_360' title='bbox 2820 2203 2933 2271; x_wconf 75' lang='lat'><strong>20).</strong></span> <span class='ocrx_word' id='word_1_361' title='bbox 2967 2201 3030 2256; x_wconf 85' lang='lat' dir='ltr'><strong>Et</strong></span> <span class='ocrx_word' id='word_1_362' title='bbox 3058 2203 3110 2257; x_wconf 92' lang='lat' dir='ltr'><strong>in</strong></span> <span class='ocrx_word' id='word_1_363' title='bbox 3141 2201 3659 2259; x_wconf 80' lang='lat' dir='ltr'><strong>SalomonezBonus</strong></span> 
     </span>
    </p>
   </div>
   <div class='ocr_carea' id='block_1_52' title="bbox 2101 2291 3218 2364">
    <p class='ocr_par' dir='ltr' id='par_1_52' title="bbox 2101 2291 3218 2364">
     <span class='ocr_line' id='line_1_52' title="bbox 2101 2291 3218 2364; baseline 0.002 -18"><span class='ocrx_word' id='word_1_364' title='bbox 2101 2291 2328 2361; x_wconf 85' lang='lat' dir='ltr'><strong>Spiritus</strong></span> <span class='ocrx_word' id='word_1_365' title='bbox 2351 2301 2472 2347; x_wconf 90' lang='lat' dir='ltr'><strong>tuus</strong></span> <span class='ocrx_word' id='word_1_366' title='bbox 2494 2291 2546 2347; x_wconf 91' lang='lat' dir='ltr'><strong>in</strong></span> <span class='ocrx_word' id='word_1_367' title='bbox 2572 2295 2814 2349; x_wconf 89' lang='lat' dir='ltr'><strong>omnibus</strong></span> <span class='ocrx_word' id='word_1_368' title='bbox 2835 2293 2988 2364; x_wconf 78' lang='lat' dir='ltr'><strong>(Sep.</strong></span> <span class='ocrx_word' id='word_1_369' title='bbox 3015 2311 3111 2361; x_wconf 85' lang='lat' dir='ltr'><strong>xu,</strong></span> <span class='ocrx_word' id='word_1_370' title='bbox 3144 2295 3218 2363; x_wconf 86' lang='lat' dir='ltr'><strong>I).</strong></span> 
     </span>
    </p>
   </div>
   <div class='ocr_carea' id='block_1_53' title="bbox 2687 2382 3067 2440">
    <p class='ocr_par' dir='ltr' id='par_1_53' title="bbox 2687 2382 3067 2440">
     <span class='ocr_line' id='line_1_53' title="bbox 2687 2382 3067 2440; baseline -0.005 -2"><span class='ocrx_word' id='word_1_371' title='bbox 2687 2382 2908 2440; x_wconf 81' lang='lat' dir='ltr'><strong>CAPUT</strong></span> <span class='ocrx_word' id='word_1_372' title='bbox 2949 2384 3067 2438; x_wconf 83' lang='lat' dir='ltr'><strong>XX.</strong></span> 
     </span>
    </p>
   </div>
   <div class='ocr_carea' id='block_1_54' title="bbox 2273 2473 3402 2545">
    <p class='ocr_par' dir='ltr' id='par_1_54' title="bbox 2273 2473 3402 2545">
     <span class='ocr_line' id='line_1_54' title="bbox 2273 2473 3402 2545; baseline -0.002 -16"><span class='ocrx_word' id='word_1_373' title='bbox 2273 2537 2277 2542; x_wconf 22' lang='lat' dir='ltr'><strong>I</strong></span> <span class='ocrx_word' id='word_1_374' title='bbox 2348 2473 2428 2529; x_wconf 85' lang='lat' dir='ltr'><strong>De</strong></span> <span class='ocrx_word' id='word_1_375' title='bbox 2461 2476 2712 2528; x_wconf 85' lang='lat' dir='ltr'><strong>communi</strong></span> <span class='ocrx_word' id='word_1_376' title='bbox 2741 2475 3082 2545; x_wconf 72' lang='lat' dir='ltr'><strong>magnitudine</strong></span> <span class='ocrx_word' id='word_1_377' title='bbox 3118 2474 3402 2539; x_wconf 81' lang='lat' dir='ltr'><strong>Trinitatis.</strong></span> 
     </span>
    </p>
   </div>
   <div class='ocr_carea' id='block_1_55' title="bbox 2172 2564 3657 2635">
    <p class='ocr_par' dir='ltr' id='par_1_55' title="bbox 2172 2564 3657 2635">
     <span class='ocr_line' id='line_1_55' title="bbox 2172 2564 3657 2635; baseline -0.003 -16"><span class='ocrx_word' id='word_1_378' title='bbox 2172 2565 2388 2634; x_wconf 75' lang='lat' dir='ltr'><strong>Magnus</strong></span> <span class='ocrx_word' id='word_1_379' title='bbox 2412 2566 2588 2626; x_wconf 83' lang='lat' dir='ltr'><strong>Pater,</strong></span> <span class='ocrx_word' id='word_1_380' title='bbox 2604 2581 2831 2635; x_wconf 85' lang='lat' dir='ltr'><strong>magnus</strong></span> <span class='ocrx_word' id='word_1_381' title='bbox 2852 2565 3032 2629; x_wconf 84' lang='lat' dir='ltr'><strong>Filius,</strong></span> <span class='ocrx_word' id='word_1_382' title='bbox 3051 2580 3270 2634; x_wconf 89' lang='lat' dir='ltr'><strong>magnus</strong></span> <span class='ocrx_word' id='word_1_383' title='bbox 3287 2564 3516 2633; x_wconf 89' lang='lat' dir='ltr'><strong>Spiritus</strong></span> <span class='ocrx_word' id='word_1_384' title='bbox 3540 2578 3657 2616; x_wconf 62' lang='lat' dir='ltr'><strong>san.</strong></span> 
     </span>
    </p>
   </div>
   <div class='ocr_carea' id='block_1_56' title="bbox 2099 2655 3657 2725">
    <p class='ocr_par' dir='ltr' id='par_1_56' title="bbox 2099 2655 3657 2725">
     <span class='ocr_line' id='line_1_56' title="bbox 2099 2655 3657 2725; baseline -0.003 -13"><span class='ocrx_word' id='word_1_385' title='bbox 2099 2667 2238 2712; x_wconf 89' lang='lat' dir='ltr'><strong>ctus.</strong></span> <span class='ocrx_word' id='word_1_386' title='bbox 2275 2657 2524 2712; x_wconf 76' lang='lat' dir='ltr'><strong>Del’atre</strong></span> <span class='ocrx_word' id='word_1_387' title='bbox 2565 2657 2616 2710; x_wconf 91' lang='lat' dir='ltr'><strong>in</strong></span> <span class='ocrx_word' id='word_1_388' title='bbox 2659 2655 2879 2711; x_wconf 83' lang='lat' dir='ltr'><strong>Exodo:</strong></span> <span class='ocrx_word' id='word_1_389' title='bbox 2911 2657 3058 2710; x_wconf 83' lang='lat' dir='ltr'><strong>Nunc</strong></span> <span class='ocrx_word' id='word_1_390' title='bbox 3114 2657 3352 2710; x_wconf 79' lang='lat' dir='ltr'><strong>intellexi</strong></span> <span class='ocrx_word' id='word_1_391' title='bbox 3401 2656 3657 2725; x_wconf 86' lang='lat' dir='ltr'><strong>quoniam</strong></span> 
     </span>
    </p>
   </div>
   <div class='ocr_carea' id='block_1_57' title="bbox 2101 2745 3659 2817">
    <p class='ocr_par' dir='ltr' id='par_1_57' title="bbox 2101 2745 3659 2817">
     <span class='ocr_line' id='line_1_57' title="bbox 2101 2745 3659 2817; baseline -0.004 -15"><span class='ocrx_word' id='word_1_392' title='bbox 2101 2761 2321 2816; x_wconf 84' lang='lat' dir='ltr'><strong>magnus</strong></span> <span class='ocrx_word' id='word_1_393' title='bbox 2369 2757 2451 2802; x_wconf 79' lang='lat' dir='ltr'><strong>est</strong></span> <span class='ocrx_word' id='word_1_394' title='bbox 2480 2746 2617 2801; x_wconf 78' lang='lat' dir='ltr'><strong>Deus</strong></span> <span class='ocrx_word' id='word_1_395' title='bbox 2657 2746 2848 2817; x_wconf 75' lang='lat' dir='ltr'><strong>(Exod.</strong></span> <span class='ocrx_word' id='word_1_396' title='bbox 2886 2761 3039 2812; x_wconf 80' lang='lat' dir='ltr'><strong>xvut,</strong></span> <span class='ocrx_word' id='word_1_397' title='bbox 3092 2745 3200 2815; x_wconf 87' lang='lat' dir='ltr'><strong>II).</strong></span> <span class='ocrx_word' id='word_1_398' title='bbox 3238 2745 3302 2799; x_wconf 87' lang='lat' dir='ltr'><strong>Et</strong></span> <span class='ocrx_word' id='word_1_399' title='bbox 3343 2747 3395 2799; x_wconf 90' lang='lat' dir='ltr'><strong>in</strong></span> <span class='ocrx_word' id='word_1_400' title='bbox 3456 2745 3659 2812; x_wconf 83' lang='lat' dir='ltr'><strong>psalmo</strong></span> 
     </span>
    </p>
   </div>
   <div class='ocr_carea' id='block_1_58' title="bbox 2099 2835 3659 2908">
    <p class='ocr_par' dir='ltr' id='par_1_58' title="bbox 2099 2835 3659 2908">
     <span class='ocr_line' id='line_1_58' title="bbox 2099 2835 3659 2908; baseline -0.004 -15"><span class='ocrx_word' id='word_1_401' title='bbox 2099 2840 2461 2904; x_wconf 64' lang='lat' dir='ltr'><strong>octuagesimo</strong></span> <span class='ocrx_word' id='word_1_402' title='bbox 2485 2839 2665 2907; x_wconf 83' lang='lat' dir='ltr'><strong>quinto</strong></span> <span class='ocrx_word' id='word_1_403' title='bbox 2703 2836 2876 2908; x_wconf 84' lang='lat' dir='ltr'><strong>(Vm.</strong></span> <span class='ocrx_word' id='word_1_404' title='bbox 2926 2837 3013 2906; x_wconf 87' lang='lat' dir='ltr'><strong>I0)</strong></span> <span class='ocrx_word' id='word_1_405' title='bbox 3046 2855 3059 2891; x_wconf 88' lang='lat'><strong>:</strong></span> <span class='ocrx_word' id='word_1_406' title='bbox 3089 2837 3168 2891; x_wconf 84' lang='lat' dir='ltr'><strong>‘I‘u</strong></span> <span class='ocrx_word' id='word_1_407' title='bbox 3218 2851 3278 2891; x_wconf 90' lang='lat' dir='ltr'><strong>es</strong></span> <span class='ocrx_word' id='word_1_408' title='bbox 3326 2836 3466 2890; x_wconf 89' lang='lat' dir='ltr'><strong>Deus</strong></span> <span class='ocrx_word' id='word_1_409' title='bbox 3515 2835 3659 2888; x_wconf 89' lang='lat' dir='ltr'><strong>solus</strong></span> 
     </span>
    </p>
   </div>
   <div class='ocr_carea' id='block_1_59' title="bbox 2105 2925 3658 2998">
    <p class='ocr_par' dir='ltr' id='par_1_59' title="bbox 2105 2925 3658 2998">
     <span class='ocr_line' id='line_1_59' title="bbox 2105 2925 3658 2998; baseline -0.005 -16"><span class='ocrx_word' id='word_1_410' title='bbox 2105 2943 2347 2998; x_wconf 84' lang='lat' dir='ltr'><strong>magnus.</strong></span> <span class='ocrx_word' id='word_1_411' title='bbox 2372 2927 2446 2981; x_wconf 85' lang='lat' dir='ltr'><strong>De</strong></span> <span class='ocrx_word' id='word_1_412' title='bbox 2492 2927 2626 2980; x_wconf 86' lang='lat' dir='ltr'><strong>Filio</strong></span> <span class='ocrx_word' id='word_1_413' title='bbox 2663 2926 2727 2980; x_wconf 88' lang='lat' dir='ltr'><strong>ad</strong></span> <span class='ocrx_word' id='word_1_414' title='bbox 2763 2925 2972 2980; x_wconf 86' lang='lat' dir='ltr'><strong>Titum:</strong></span> <span class='ocrx_word' id='word_1_415' title='bbox 3022 2925 3402 2993; x_wconf 80' lang='lat' dir='ltr'><strong>Exspectantcs</strong></span> <span class='ocrx_word' id='word_1_416' title='bbox 3453 2925 3658 2978; x_wconf 82' lang='lat' dir='ltr'><strong>beatam</strong></span> 
     </span>
    </p>
   </div>
   <div class='ocr_carea' id='block_1_60' title="bbox 2106 3013 3662 3086">
    <p class='ocr_par' dir='ltr' id='par_1_60' title="bbox 2106 3013 3662 3086">
     <span class='ocr_line' id='line_1_60' title="bbox 2106 3013 3662 3086; baseline -0.003 -16"><span class='ocrx_word' id='word_1_417' title='bbox 2106 3032 2277 3085; x_wconf 76' lang='lat' dir='ltr'><strong>Spem,</strong></span> <span class='ocrx_word' id='word_1_418' title='bbox 2309 3027 2362 3072; x_wconf 90' lang='lat' dir='ltr'><strong>et</strong></span> <span class='ocrx_word' id='word_1_419' title='bbox 2386 3017 2666 3070; x_wconf 79' lang='lat' dir='ltr'><strong>adventum</strong></span> <span class='ocrx_word' id='word_1_420' title='bbox 2704 3016 2887 3086; x_wconf 66' lang='lat' dir='ltr'><strong>gloriae</strong></span> <span class='ocrx_word' id='word_1_421' title='bbox 2924 3017 3097 3086; x_wconf 88' lang='lat' dir='ltr'><strong>magni</strong></span> <span class='ocrx_word' id='word_1_422' title='bbox 3141 3015 3255 3078; x_wconf 92' lang='lat' dir='ltr'><strong>Dei,</strong></span> <span class='ocrx_word' id='word_1_423' title='bbox 3282 3025 3334 3068; x_wconf 85' lang='lat' dir='ltr'><strong>et</strong></span> <span class='ocrx_word' id='word_1_424' title='bbox 3369 3013 3662 3068; x_wconf 84' lang='lat' dir='ltr'><strong>Salvatoris</strong></span> 
     </span>
    </p>
   </div>
   <div class='ocr_carea' id='block_1_61' title="bbox 445 3068 2003 3176">
    <p class='ocr_par' dir='ltr' id='par_1_61' title="bbox 445 3068 2002 3163">
     <span class='ocr_line' id='line_1_61' title="bbox 445 3068 2002 3163; baseline 0.004 -24"><span class='ocrx_word' id='word_1_425' title='bbox 445 3100 679 3144; x_wconf 83' lang='lat' dir='ltr'><strong>sanctus.</strong></span> <span class='ocrx_word' id='word_1_426' title='bbox 710 3090 781 3145; x_wconf 89' lang='lat' dir='ltr'><strong>De</strong></span> <span class='ocrx_word' id='word_1_427' title='bbox 805 3092 955 3146; x_wconf 82' lang='lat' dir='ltr'><strong>Patre</strong></span> <span class='ocrx_word' id='word_1_428' title='bbox 974 3068 1044 3146; x_wconf 87' lang='lat' dir='ltr'><strong>ad</strong></span> <span class='ocrx_word' id='word_1_429' title='bbox 1063 3091 1427 3161; x_wconf 86' lang='lat' dir='ltr'><strong>Philippenses</strong></span> <span class='ocrx_word' id='word_1_430' title='bbox 1444 3068 1469 3146; x_wconf 10' lang='lat'><strong>7:</strong></span> <span class='ocrx_word' id='word_1_431' title='bbox 1499 3068 1633 3148; x_wconf 80' lang='lat' dir='ltr'><strong>Deus</strong></span> <span class='ocrx_word' id='word_1_432' title='bbox 1658 3103 1740 3148; x_wconf 89' lang='lat' dir='ltr'><strong>est</strong></span> <span class='ocrx_word' id='word_1_433' title='bbox 1765 3068 1854 3162; x_wconf 80' lang='lat' dir='ltr'><strong>qui</strong></span> <span class='ocrx_word' id='word_1_434' title='bbox 1876 3107 2002 3163; x_wconf 82' lang='lat' dir='ltr'><strong>ppe-</strong></span> 
     </span>
    </p>
   </div>
   <div class='ocr_carea' id='block_1_62' title="bbox 2117 3068 3658 3176">
    <p class='ocr_par' dir='ltr' id='par_1_62' title="bbox 2117 3068 3658 3176">
     <span class='ocr_line' id='line_1_62' title="bbox 2117 3068 3658 3176; baseline -0.003 -13"><span class='ocrx_word' id='word_1_435' title='bbox 2298 3068 2880 3176; x_wconf 28' lang='lat' dir='ltr'><strong>J‘esuWChristHTitlt—t,</strong></span> <span class='ocrx_word' id='word_1_436' title='bbox 2911 3068 3039 3176; x_wconf 69' lang='lat' dir='ltr'><strong>I5).u</strong></span> <span class='ocrx_word' id='word_1_437' title='bbox 3060 3068 3132 3163; x_wconf 88' lang='lat' dir='ltr'><strong>De</strong></span> <span class='ocrx_word' id='word_1_438' title='bbox 3159 3068 3358 3176; x_wconf 82' lang='lat' dir='ltr'><strong>Spiritu</strong></span> <span class='ocrx_word' id='word_1_439' title='bbox 3385 3118 3576 3160; x_wconf 86' lang='lat' dir='ltr'><strong>sancto</strong></span> <span class='ocrx_word' id='word_1_440' title='bbox 3608 3107 3658 3159; x_wconf 90' lang='lat' dir='ltr'><strong>in</strong></span> 
     </span>
    </p>
   </div>
   <div class='ocr_carea' id='block_1_63' title="bbox 450 3180 1999 3250">
    <p class='ocr_par' dir='ltr' id='par_1_63' title="bbox 450 3180 1999 3250">
     <span class='ocr_line' id='line_1_63' title="bbox 450 3180 1999 3250; baseline 0.005 -22"><span class='ocrx_word' id='word_1_441' title='bbox 450 3189 598 3234; x_wconf 88' lang='lat' dir='ltr'><strong>ratur</strong></span> <span class='ocrx_word' id='word_1_442' title='bbox 622 3181 673 3234; x_wconf 93' lang='lat' dir='ltr'><strong>in</strong></span> <span class='ocrx_word' id='word_1_443' title='bbox 702 3180 850 3235; x_wconf 80' lang='lat' dir='ltr'><strong>vobis</strong></span> <span class='ocrx_word' id='word_1_444' title='bbox 881 3191 931 3236; x_wconf 92' lang='lat' dir='ltr'><strong>et</strong></span> <span class='ocrx_word' id='word_1_445' title='bbox 974 3183 1114 3236; x_wconf 81' lang='lat' dir='ltr'><strong>vclle</strong></span> <span class='ocrx_word' id='word_1_446' title='bbox 1144 3181 1367 3250; x_wconf 84' lang='lat' dir='ltr'><strong>(Philip.</strong></span> <span class='ocrx_word' id='word_1_447' title='bbox 1413 3198 1469 3250; x_wconf 88' lang='grc' dir='ltr'><strong>ιι,</strong></span> <span class='ocrx_word' id='word_1_448' title='bbox 1517 3183 1627 3250; x_wconf 79' lang='grc'><strong>13).</strong></span> <span class='ocrx_word' id='word_1_449' title='bbox 1663 3183 1736 3236; x_wconf 88' lang='lat' dir='ltr'><strong>De</strong></span> <span class='ocrx_word' id='word_1_450' title='bbox 1767 3183 1899 3236; x_wconf 86' lang='lat' dir='ltr'><strong>Filio</strong></span> <span class='ocrx_word' id='word_1_451' title='bbox 1949 3182 1999 3235; x_wconf 91' lang='lat' dir='ltr'><strong>in</strong></span> 
     </span>
    </p>
   </div>
   <div class='ocr_carea' id='block_1_64' title="bbox 451 3271 2005 3344">
    <p class='ocr_par' dir='ltr' id='par_1_64' title="bbox 451 3271 2005 3344">
     <span class='ocr_line' id='line_1_64' title="bbox 451 3271 2005 3344; baseline 0.001 -17"><span class='ocrx_word' id='word_1_452' title='bbox 451 3271 764 3340; x_wconf 84' lang='lat' dir='ltr'><strong>Evangelio:</strong></span> <span class='ocrx_word' id='word_1_453' title='bbox 791 3272 873 3327; x_wconf 83' lang='lat' dir='ltr'><strong>Me</strong></span> <span class='ocrx_word' id='word_1_454' title='bbox 901 3280 1109 3342; x_wconf 82' lang='lat' dir='ltr'><strong>Oportet</strong></span> <span class='ocrx_word' id='word_1_455' title='bbox 1138 3275 1345 3343; x_wconf 89' lang='lat' dir='ltr'><strong>operari</strong></span> <span class='ocrx_word' id='word_1_456' title='bbox 1372 3289 1531 3342; x_wconf 83' lang='lat' dir='ltr'><strong>Opera</strong></span> <span class='ocrx_word' id='word_1_457' title='bbox 1559 3275 1676 3343; x_wconf 85' lang='lat' dir='ltr'><strong>ejus</strong></span> <span class='ocrx_word' id='word_1_458' title='bbox 1729 3274 1818 3344; x_wconf 89' lang='lat' dir='ltr'><strong>qui</strong></span> <span class='ocrx_word' id='word_1_459' title='bbox 1858 3275 2005 3329; x_wconf 88' lang='lat' dir='ltr'><strong>misit</strong></span> 
     </span>
    </p>
   </div>
   <div class='ocr_carea' id='block_1_65' title="bbox 447 3361 1998 3434">
    <p class='ocr_par' dir='ltr' id='par_1_65' title="bbox 447 3361 1998 3434">
     <span class='ocr_line' id='line_1_65' title="bbox 447 3361 1998 3434; baseline 0 -18"><span class='ocrx_word' id='word_1_460' title='bbox 447 3378 552 3426; x_wconf 72' lang='lat' dir='ltr'><strong>me,</strong></span> <span class='ocrx_word' id='word_1_461' title='bbox 577 3362 748 3416; x_wconf 91' lang='lat' dir='ltr'><strong>donec</strong></span> <span class='ocrx_word' id='word_1_462' title='bbox 777 3361 889 3417; x_wconf 88' lang='lat' dir='ltr'><strong>dies</strong></span> <span class='ocrx_word' id='word_1_463' title='bbox 915 3371 996 3418; x_wconf 90' lang='lat' dir='ltr'><strong>est</strong></span> <span class='ocrx_word' id='word_1_464' title='bbox 1027 3362 1201 3432; x_wconf 85' lang='lat' dir='ltr'><strong>(Joan.</strong></span> <span class='ocrx_word' id='word_1_465' title='bbox 1231 3379 1303 3428; x_wconf 84' lang='lat' dir='ltr'><strong>ix,</strong></span> <span class='ocrx_word' id='word_1_466' title='bbox 1335 3364 1409 3433; x_wconf 74' lang='grc'><strong>1).</strong></span> <span class='ocrx_word' id='word_1_467' title='bbox 1443 3366 1515 3419; x_wconf 86' lang='lat' dir='ltr'><strong>De</strong></span> <span class='ocrx_word' id='word_1_468' title='bbox 1557 3365 1755 3434; x_wconf 85' lang='lat' dir='ltr'><strong>Spiritu</strong></span> <span class='ocrx_word' id='word_1_469' title='bbox 1810 3375 1998 3419; x_wconf 85' lang='lat' dir='ltr'><strong>saneto</strong></span> 
     </span>
    </p>
   </div>
   <div class='ocr_carea' id='block_1_66' title="bbox 447 3453 2002 3525">
    <p class='ocr_par' dir='ltr' id='par_1_66' title="bbox 447 3453 2002 3525">
     <span class='ocr_line' id='line_1_66' title="bbox 447 3453 2002 3525; baseline 0.001 -19"><span class='ocrx_word' id='word_1_470' title='bbox 447 3455 499 3506; x_wconf 90' lang='lat' dir='ltr'><strong>in</strong></span> <span class='ocrx_word' id='word_1_471' title='bbox 530 3453 816 3523; x_wconf 86' lang='lat' dir='ltr'><strong>Apostolo:</strong></span> <span class='ocrx_word' id='word_1_472' title='bbox 841 3453 1099 3523; x_wconf 86' lang='lat' dir='ltr'><strong>Operatur</strong></span> <span class='ocrx_word' id='word_1_473' title='bbox 1118 3463 1291 3508; x_wconf 70' lang='lat' dir='ltr'><strong>autem</strong></span> <span class='ocrx_word' id='word_1_474' title='bbox 1319 3470 1454 3510; x_wconf 89' lang='lat' dir='ltr'><strong>unus</strong></span> <span class='ocrx_word' id='word_1_475' title='bbox 1484 3467 1642 3525; x_wconf 85' lang='lat' dir='ltr'><strong>atque</strong></span> <span class='ocrx_word' id='word_1_476' title='bbox 1681 3456 1818 3510; x_wconf 91' lang='lat' dir='ltr'><strong>idem</strong></span> <span class='ocrx_word' id='word_1_477' title='bbox 1846 3456 2002 3524; x_wconf 89' lang='lat' dir='ltr'><strong>spiri-</strong></span> 
     </span>
    </p>
   </div>
   <div class='ocr_carea' id='block_1_67' title="bbox 448 3543 2004 3618">
    <p class='ocr_par' dir='ltr' id='par_1_67' title="bbox 448 3543 2004 3618">
     <span class='ocr_line' id='line_1_67' title="bbox 448 3543 2004 3618; baseline 0.002 -20"><span class='ocrx_word' id='word_1_478' title='bbox 448 3554 554 3608; x_wconf 86' lang='lat' dir='ltr'><strong>tus,</strong></span> <span class='ocrx_word' id='word_1_479' title='bbox 587 3543 826 3600; x_wconf 88' lang='lat' dir='ltr'><strong>dividens</strong></span> <span class='ocrx_word' id='word_1_480' title='bbox 877 3545 1097 3616; x_wconf 78' lang='lat' dir='ltr'><strong>singulis</strong></span> <span class='ocrx_word' id='word_1_481' title='bbox 1146 3547 1352 3616; x_wconf 89' lang='lat' dir='ltr'><strong>propria</strong></span> <span class='ocrx_word' id='word_1_482' title='bbox 1403 3561 1558 3617; x_wconf 86' lang='lat' dir='ltr'><strong>prout</strong></span> <span class='ocrx_word' id='word_1_483' title='bbox 1595 3550 1704 3603; x_wconf 90' lang='lat' dir='ltr'><strong>vult</strong></span> <span class='ocrx_word' id='word_1_484' title='bbox 1747 3549 1765 3618; x_wconf 97' lang='lat'><strong>(</strong></span> <span class='ocrx_word' id='word_1_485' title='bbox 1798 3547 1825 3600; x_wconf 90' lang='grc'><strong>1</strong></span> <span class='ocrx_word' id='word_1_486' title='bbox 1857 3545 2004 3618; x_wconf 81' lang='lat' dir='ltr'><strong>Cor.,</strong></span> 
     </span>
    </p>
   </div>
   <div class='ocr_carea' id='block_1_68' title="bbox 450 3635 1426 3762">
    <p class='ocr_par' dir='ltr' id='par_1_68' title="bbox 450 3635 1426 3762">
     <span class='ocr_line' id='line_1_68' title="bbox 450 3635 1426 3762; baseline -0.001 -2"><span class='ocrx_word' id='word_1_487' title='bbox 450 3650 544 3702; x_wconf 60' lang='grc' dir='ltr'><strong>ω’</strong></span> <span class='ocrx_word' id='word_1_488' title='bbox 581 3635 689 3703; x_wconf 61' lang='grc' dir='ltr'><strong>ω’</strong></span> <span class='ocrx_word' id='word_1_489' title='bbox 1027 3706 1250 3762; x_wconf 83' lang='lat' dir='ltr'><strong>CAPUT</strong></span> <span class='ocrx_word' id='word_1_490' title='bbox 1288 3663 1426 3761; x_wconf 83' lang='lat' dir='ltr'><strong>va.</strong></span> 
     </span>
    </p>
   </div>
   <div class='ocr_carea' id='block_1_69' title="bbox 600 3791 1896 3856">
    <p class='ocr_par' dir='ltr' id='par_1_69' title="bbox 600 3791 1896 3856">
     <span class='ocr_line' id='line_1_69' title="bbox 600 3791 1896 3856; baseline 0.002 -12"><span class='ocrx_word' id='word_1_491' title='bbox 600 3792 749 3856; x_wconf 83' lang='lat' dir='ltr'><strong>Quod</strong></span> <span class='ocrx_word' id='word_1_492' title='bbox 769 3807 946 3845; x_wconf 81' lang='lat' dir='ltr'><strong>nomen</strong></span> <span class='ocrx_word' id='word_1_493' title='bbox 970 3791 1174 3848; x_wconf 69' lang='grc' dir='ltr'><strong>Επειθὶ</strong></span> <span class='ocrx_word' id='word_1_494' title='bbox 1195 3797 1355 3848; x_wconf 83' lang='lat' dir='ltr'><strong>omnis</strong></span> <span class='ocrx_word' id='word_1_495' title='bbox 1385 3793 1609 3848; x_wconf 85' lang='lat' dir='ltr'><strong>Trinitas</strong></span> <span class='ocrx_word' id='word_1_496' title='bbox 1637 3794 1896 3848; x_wconf 83' lang='lat' dir='ltr'><strong>sortiatur.</strong></span> 
     </span>
    </p>
   </div>
   <div class='ocr_carea' id='block_1_70' title="bbox 526 3903 2011 3974">
    <p class='ocr_par' dir='ltr' id='par_1_70' title="bbox 526 3903 2011 3974">
     <span class='ocr_line' id='line_1_70' title="bbox 526 3903 2011 3974; baseline 0.003 -18"><span class='ocrx_word' id='word_1_497' title='bbox 526 3903 780 3959; x_wconf 86' lang='lat' dir='ltr'><strong>Excelsus</strong></span> <span class='ocrx_word' id='word_1_498' title='bbox 812 3905 984 3969; x_wconf 87' lang='lat' dir='ltr'><strong>Pater,</strong></span> <span class='ocrx_word' id='word_1_499' title='bbox 1007 3908 1247 3960; x_wconf 80' lang='lat' dir='ltr'><strong>excelsus</strong></span> <span class='ocrx_word' id='word_1_500' title='bbox 1271 3906 1455 3970; x_wconf 84' lang='lat' dir='ltr'><strong>Filius,</strong></span> <span class='ocrx_word' id='word_1_501' title='bbox 1483 3907 1729 3961; x_wconf 87' lang='lat' dir='ltr'><strong>excelsus</strong></span> <span class='ocrx_word' id='word_1_502' title='bbox 1782 3905 2011 3974; x_wconf 88' lang='lat' dir='ltr'><strong>Spiritus</strong></span> 
     </span>
    </p>
   </div>
   <div class='ocr_carea' id='block_1_71' title="bbox 451 3996 2009 4068">
    <p class='ocr_par' dir='ltr' id='par_1_71' title="bbox 451 3996 2009 4068">
     <span class='ocr_line' id='line_1_71' title="bbox 451 3996 2009 4068; baseline 0.003 -20"><span class='ocrx_word' id='word_1_503' title='bbox 451 4004 683 4050; x_wconf 80' lang='lat' dir='ltr'><strong>sanctus.</strong></span> <span class='ocrx_word' id='word_1_504' title='bbox 710 3996 784 4050; x_wconf 90' lang='lat' dir='ltr'><strong>De</strong></span> <span class='ocrx_word' id='word_1_505' title='bbox 811 3996 964 4052; x_wconf 86' lang='lat' dir='ltr'><strong>Patre</strong></span> <span class='ocrx_word' id='word_1_506' title='bbox 987 3997 1038 4050; x_wconf 90' lang='lat' dir='ltr'><strong>in</strong></span> <span class='ocrx_word' id='word_1_507' title='bbox 1070 3999 1313 4052; x_wconf 87' lang='lat' dir='ltr'><strong>Dauiele:</strong></span> <span class='ocrx_word' id='word_1_508' title='bbox 1349 3999 1510 4068; x_wconf 86' lang='lat' dir='ltr'><strong>Signa</strong></span> <span class='ocrx_word' id='word_1_509' title='bbox 1540 4008 1594 4053; x_wconf 91' lang='lat' dir='ltr'><strong>et</strong></span> <span class='ocrx_word' id='word_1_510' title='bbox 1619 3999 1857 4068; x_wconf 82' lang='lat' dir='ltr'><strong>prodigia</strong></span> <span class='ocrx_word' id='word_1_511' title='bbox 1890 4013 2009 4066; x_wconf 64' lang='lat' dir='ltr'><strong>qua</strong></span> 
     </span>
    </p>
   </div>
   <div class='ocr_carea' id='block_1_72' title="bbox 384 4084 2010 4157">
    <p class='ocr_par' dir='ltr' id='par_1_72' title="bbox 384 4084 2010 4157">
     <span class='ocr_line' id='line_1_72' title="bbox 384 4084 2010 4157; baseline 0.002 -21"><span class='ocrx_word' id='word_1_512' title='bbox 384 4123 387 4126; x_wconf 78' lang='lat'><strong>.</strong></span> <span class='ocrx_word' id='word_1_513' title='bbox 453 4084 795 4140; x_wconf 84' lang='lat' dir='ltr'><strong>fecitmecum</strong></span> <span class='ocrx_word' id='word_1_514' title='bbox 826 4085 962 4141; x_wconf 89' lang='lat' dir='ltr'><strong>Deus</strong></span> <span class='ocrx_word' id='word_1_515' title='bbox 983 4088 1230 4142; x_wconf 87' lang='lat' dir='ltr'><strong>excelsus</strong></span> <span class='ocrx_word' id='word_1_516' title='bbox 1254 4087 1413 4157; x_wconf 89' lang='lat' dir='ltr'><strong>(Dan.</strong></span> <span class='ocrx_word' id='word_1_517' title='bbox 1437 4103 1514 4154; x_wconf 85' lang='grc' dir='ltr'><strong>ιιι,</strong></span> <span class='ocrx_word' id='word_1_518' title='bbox 1543 4087 1656 4157; x_wconf 87' lang='lat'><strong>99).</strong></span> <span class='ocrx_word' id='word_1_519' title='bbox 1694 4089 1757 4142; x_wconf 87' lang='lat' dir='ltr'><strong>Et</strong></span> <span class='ocrx_word' id='word_1_520' title='bbox 1786 4090 1833 4141; x_wconf 91' lang='lat' dir='ltr'><strong>in</strong></span> <span class='ocrx_word' id='word_1_521' title='bbox 1869 4087 2010 4155; x_wconf 88' lang='lat' dir='ltr'><strong>psal-</strong></span> 
     </span>
    </p>
   </div>
   <div class='ocr_carea' id='block_1_73' title="bbox 451 4165 2010 4246">
    <p class='ocr_par' dir='ltr' id='par_1_73' title="bbox 451 4165 2010 4246">
     <span class='ocr_line' id='line_1_73' title="bbox 451 4165 2010 4246; baseline 0.002 -18"><span class='ocrx_word' id='word_1_522' title='bbox 451 4189 540 4228; x_wconf 88' lang='lat' dir='ltr'><strong>mo</strong></span> <span class='ocrx_word' id='word_1_523' title='bbox 587 4188 760 4228; x_wconf 82' lang='lat' dir='ltr'><strong>Lxxvn</strong></span> <span class='ocrx_word' id='word_1_524' title='bbox 794 4165 981 4244; x_wconf 53' lang='lat' dir='ltr'><strong>(Vera.</strong></span> <span class='ocrx_word' id='word_1_525' title='bbox 1037 4176 1172 4246; x_wconf 71' lang='lat'><strong>35&#39;):</strong></span> <span class='ocrx_word' id='word_1_526' title='bbox 1226 4177 1365 4232; x_wconf 90' lang='lat' dir='ltr'><strong>Deus</strong></span> <span class='ocrx_word' id='word_1_527' title='bbox 1420 4178 1661 4234; x_wconf 84' lang='lat' dir='ltr'><strong>excelsus</strong></span> <span class='ocrx_word' id='word_1_528' title='bbox 1704 4178 2010 4245; x_wconf 86' lang='lat' dir='ltr'><strong>redemptor</strong></span> 
     </span>
    </p>
   </div>
   <div class='ocr_carea' id='block_1_74' title="bbox 453 4262 2007 4337">
    <p class='ocr_par' dir='ltr' id='par_1_74' title="bbox 453 4262 2007 4337">
     <span class='ocr_line' id='line_1_74' title="bbox 453 4262 2007 4337; baseline 0.001 -18"><span class='ocrx_word' id='word_1_529' title='bbox 453 4263 610 4335; x_wconf 58' lang='lat'><strong>5.55</strong></span> <span class='ocrx_word' id='word_1_530' title='bbox 631 4279 814 4318; x_wconf 90' lang='lat' dir='ltr'><strong>eorum</strong></span> <span class='ocrx_word' id='word_1_531' title='bbox 843 4262 943 4321; x_wconf 70' lang='lat' dir='ltr'><strong>eat.</strong></span> <span class='ocrx_word' id='word_1_532' title='bbox 967 4265 1041 4320; x_wconf 90' lang='lat' dir='ltr'><strong>De</strong></span> <span class='ocrx_word' id='word_1_533' title='bbox 1073 4266 1206 4321; x_wconf 84' lang='lat' dir='ltr'><strong>Filio</strong></span> <span class='ocrx_word' id='word_1_534' title='bbox 1229 4267 1280 4321; x_wconf 92' lang='lat' dir='ltr'><strong>in</strong></span> <span class='ocrx_word' id='word_1_535' title='bbox 1305 4267 1510 4337; x_wconf 89' lang='lat' dir='ltr'><strong>psalmo</strong></span> <span class='ocrx_word' id='word_1_536' title='bbox 1557 4269 1849 4322; x_wconf 89' lang='lat' dir='ltr'><strong>centesimo</strong></span> <span class='ocrx_word' id='word_1_537' title='bbox 1874 4268 2007 4320; x_wconf 82' lang='lat' dir='ltr'><strong>duo-</strong></span> 
     </span>
    </p>
   </div>
   <div class='ocr_carea' id='block_1_75' title="bbox 453 4352 2003 4424">
    <p class='ocr_par' dir='ltr' id='par_1_75' title="bbox 453 4352 2003 4424">
     <span class='ocr_line' id='line_1_75' title="bbox 453 4352 2003 4424; baseline 0.001 -18"><span class='ocrx_word' id='word_1_538' title='bbox 453 4352 658 4406; x_wconf 87' lang='lat' dir='ltr'><strong>decimo</strong></span> <span class='ocrx_word' id='word_1_539' title='bbox 686 4352 860 4423; x_wconf 77' lang='lat' dir='ltr'><strong>(Verr.</strong></span> <span class='ocrx_word' id='word_1_540' title='bbox 883 4353 936 4422; x_wconf 75' lang='grc'><strong>1)</strong></span> <span class='ocrx_word' id='word_1_541' title='bbox 966 4355 1258 4410; x_wconf 85' lang='lat' dir='ltr'><strong>:Excclsus</strong></span> <span class='ocrx_word' id='word_1_542' title='bbox 1277 4369 1437 4424; x_wconf 89' lang='lat' dir='ltr'><strong>super</strong></span> <span class='ocrx_word' id='word_1_543' title='bbox 1464 4371 1650 4411; x_wconf 87' lang='lat' dir='ltr'><strong>omnes</strong></span> <span class='ocrx_word' id='word_1_544' title='bbox 1692 4366 1874 4423; x_wconf 87' lang='lat' dir='ltr'><strong>gentes</strong></span> <span class='ocrx_word' id='word_1_545' title='bbox 1902 4357 2003 4408; x_wconf 87' lang='lat' dir='ltr'><strong>Do-</strong></span> 
     </span>
    </p>
   </div>
   <div class='ocr_carea' id='block_1_76' title="bbox 453 4425 2089 4516">
    <p class='ocr_par' dir='ltr' id='par_1_76' title="bbox 453 4425 2089 4516">
     <span class='ocr_line' id='line_1_76' title="bbox 453 4425 2089 4516; baseline 0.002 -19"><span class='ocrx_word' id='word_1_546' title='bbox 453 4444 648 4509; x_wconf 88' lang='lat' dir='ltr'><strong>minus,</strong></span> <span class='ocrx_word' id='word_1_547' title='bbox 676 4453 729 4498; x_wconf 90' lang='lat' dir='ltr'><strong>et</strong></span> <span class='ocrx_word' id='word_1_548' title='bbox 756 4459 913 4512; x_wconf 90' lang='lat' dir='ltr'><strong>super</strong></span> <span class='ocrx_word' id='word_1_549' title='bbox 929 4446 1092 4500; x_wconf 69' lang='lat' dir='ltr'><strong>coalos</strong></span> <span class='ocrx_word' id='word_1_550' title='bbox 1113 4445 1281 4515; x_wconf 87' lang='lat' dir='ltr'><strong>gloria</strong></span> <span class='ocrx_word' id='word_1_551' title='bbox 1305 4449 1444 4514; x_wconf 88' lang='lat' dir='ltr'><strong>ejus.</strong></span> <span class='ocrx_word' id='word_1_552' title='bbox 1474 4446 1547 4502; x_wconf 88' lang='lat' dir='ltr'><strong>De</strong></span> <span class='ocrx_word' id='word_1_553' title='bbox 1575 4447 1777 4516; x_wconf 83' lang='lat' dir='ltr'><strong>Spiritu</strong></span> <span class='ocrx_word' id='word_1_554' title='bbox 1825 4457 2008 4500; x_wconf 87' lang='lat' dir='ltr'><strong>sancto</strong></span> <span class='ocrx_word' id='word_1_555' title='bbox 2037 4425 2089 4485; x_wconf 78' lang='lat' dir='ltr'><strong>D</strong></span> 
     </span>
    </p>
   </div>
   <div class='ocr_carea' id='block_1_77' title="bbox 456 4534 2008 4603">
    <p class='ocr_par' dir='ltr' id='par_1_77' title="bbox 456 4534 2008 4603">
     <span class='ocr_line' id='line_1_77' title="bbox 456 4534 2008 4603; baseline 0.003 -16"><span class='ocrx_word' id='word_1_556' title='bbox 456 4535 507 4587; x_wconf 90' lang='lat' dir='ltr'><strong>in</strong></span> <span class='ocrx_word' id='word_1_557' title='bbox 532 4534 660 4588; x_wconf 87' lang='lat' dir='ltr'><strong>Isaia</strong></span> <span class='ocrx_word' id='word_1_558' title='bbox 690 4552 705 4590; x_wconf 88' lang='lat'><strong>:</strong></span> <span class='ocrx_word' id='word_1_559' title='bbox 733 4535 856 4590; x_wconf 69' lang='grc' dir='ltr'><strong>ιιωα</strong></span> <span class='ocrx_word' id='word_1_560' title='bbox 880 4535 1005 4591; x_wconf 88' lang='lat' dir='ltr'><strong>dicit</strong></span> <span class='ocrx_word' id='word_1_561' title='bbox 1029 4537 1298 4603; x_wconf 84' lang='lat' dir='ltr'><strong>Excelsus,</strong></span> <span class='ocrx_word' id='word_1_562' title='bbox 1322 4538 1374 4592; x_wconf 92' lang='lat' dir='ltr'><strong>in</strong></span> <span class='ocrx_word' id='word_1_563' title='bbox 1405 4539 1631 4594; x_wconf 83' lang='lat' dir='ltr'><strong>excelsis</strong></span> <span class='ocrx_word' id='word_1_564' title='bbox 1681 4539 1926 4592; x_wconf 84' lang='lat' dir='ltr'><strong>habitans</strong></span> <span class='ocrx_word' id='word_1_565' title='bbox 1957 4541 2008 4592; x_wconf 92' lang='lat' dir='ltr'><strong>in</strong></span> 
     </span>
    </p>
   </div>
   <div class='ocr_carea' id='block_1_78' title="bbox 457 4626 2012 4691">
    <p class='ocr_par' dir='ltr' id='par_1_78' title="bbox 457 4626 2012 4691">
     <span class='ocr_line' id='line_1_78' title="bbox 457 4626 2012 4691; baseline 0.004 -13"><span class='ocrx_word' id='word_1_566' title='bbox 457 4635 734 4689; x_wconf 58' lang='lat' dir='ltr'><strong>aeternum,</strong></span> <span class='ocrx_word' id='word_1_567' title='bbox 758 4626 982 4681; x_wconf 89' lang='lat' dir='ltr'><strong>Sanctus</strong></span> <span class='ocrx_word' id='word_1_568' title='bbox 1004 4628 1054 4680; x_wconf 89' lang='lat' dir='ltr'><strong>in</strong></span> <span class='ocrx_word' id='word_1_569' title='bbox 1075 4628 1292 4691; x_wconf 89' lang='lat' dir='ltr'><strong>sanctis,</strong></span> <span class='ocrx_word' id='word_1_570' title='bbox 1322 4629 1571 4682; x_wconf 84' lang='lat' dir='ltr'><strong>Dominus</strong></span> <span class='ocrx_word' id='word_1_571' title='bbox 1622 4632 1862 4684; x_wconf 83' lang='lat' dir='ltr'><strong>exce&#39;sus</strong></span> <span class='ocrx_word' id='word_1_572' title='bbox 1914 4643 2012 4684; x_wconf 91' lang='lat' dir='ltr'><strong>no-</strong></span> 
     </span>
    </p>
   </div>
   <div class='ocr_carea' id='block_1_79' title="bbox 458 4715 1810 4789">
    <p class='ocr_par' dir='ltr' id='par_1_79' title="bbox 458 4715 1810 4789">
     <span class='ocr_line' id='line_1_79' title="bbox 458 4715 1810 4789; baseline 0.001 -19"><span class='ocrx_word' id='word_1_573' title='bbox 458 4730 578 4770; x_wconf 85' lang='lat' dir='ltr'><strong>meo</strong></span> <span class='ocrx_word' id='word_1_574' title='bbox 596 4715 666 4782; x_wconf 91' lang='lat' dir='ltr'><strong>ei,</strong></span> <span class='ocrx_word' id='word_1_575' title='bbox 701 4715 751 4770; x_wconf 92' lang='lat' dir='ltr'><strong>in</strong></span> <span class='ocrx_word' id='word_1_576' title='bbox 777 4715 970 4771; x_wconf 86' lang='lat' dir='ltr'><strong>sanctis</strong></span> <span class='ocrx_word' id='word_1_577' title='bbox 999 4718 1339 4785; x_wconf 88' lang='lat' dir='ltr'><strong>requiescens</strong></span> <span class='ocrx_word' id='word_1_578' title='bbox 1364 4719 1515 4786; x_wconf 84' lang='lat' dir='ltr'><strong>(lsai.</strong></span> <span class='ocrx_word' id='word_1_579' title='bbox 1545 4735 1668 4782; x_wconf 83' lang='lat' dir='ltr'><strong>LVII,</strong></span> <span class='ocrx_word' id='word_1_580' title='bbox 1699 4721 1810 4789; x_wconf 77' lang='grc'><strong>15).</strong></span> 
     </span>
    </p>
   </div>
   <div class='ocr_carea' id='block_1_80' title="bbox 1015 4827 1456 4885">
    <p class='ocr_par' dir='ltr' id='par_1_80' title="bbox 1015 4827 1456 4885">
     <span class='ocr_line' id='line_1_80' title="bbox 1015 4827 1456 4885; baseline 0.002 -3"><span class='ocrx_word' id='word_1_581' title='bbox 1015 4827 1242 4885; x_wconf 83' lang='lat' dir='ltr'><strong>CAPUT</strong></span> <span class='ocrx_word' id='word_1_582' title='bbox 1291 4829 1456 4884; x_wconf 83' lang='lat' dir='ltr'><strong>XVII.</strong></span> 
     </span>
    </p>
   </div>
   <div class='ocr_carea' id='block_1_81' title="bbox 703 4917 1882 4990">
    <p class='ocr_par' dir='ltr' id='par_1_81' title="bbox 703 4917 1882 4990">
     <span class='ocr_line' id='line_1_81' title="bbox 703 4917 1882 4990; baseline 0 -18"><span class='ocrx_word' id='word_1_583' title='bbox 703 4918 851 4985; x_wconf 82' lang='lat' dir='ltr'><strong>Quod</strong></span> <span class='ocrx_word' id='word_1_584' title='bbox 871 4919 1002 4990; x_wconf 89' lang='lat' dir='ltr'><strong>ignis</strong></span> <span class='ocrx_word' id='word_1_585' title='bbox 1028 4921 1187 4974; x_wconf 82' lang='lat' dir='ltr'><strong>omnis</strong></span> <span class='ocrx_word' id='word_1_586' title='bbox 1211 4920 1438 4974; x_wconf 85' lang='lat' dir='ltr'><strong>Trinitas</strong></span> <span class='ocrx_word' id='word_1_587' title='bbox 1459 4920 1767 4989; x_wconf 83' lang='lat' dir='ltr'><strong>appellatur.</strong></span> <span class='ocrx_word' id='word_1_588' title='bbox 1877 4917 1882 4925; x_wconf 87' lang='grc'><em>’</em></span> 
     </span>
    </p>
   </div>
   <div class='ocr_carea' id='block_1_82' title="bbox 509 4995 2017 5087">
    <p class='ocr_par' dir='ltr' id='par_1_82' title="bbox 509 4995 2017 5087">
     <span class='ocr_line' id='line_1_82' title="bbox 509 4995 2017 5087; baseline 0.005 -27"><span class='ocrx_word' id='word_1_589' title='bbox 509 4995 667 5076; x_wconf 75' lang='lat' dir='ltr'><strong>ignis</strong></span> <span class='ocrx_word' id='word_1_590' title='bbox 697 5008 872 5074; x_wconf 82' lang='lat' dir='ltr'><strong>Pater,</strong></span> <span class='ocrx_word' id='word_1_591' title='bbox 899 5009 1034 5078; x_wconf 84' lang='lat' dir='ltr'><strong>ignis</strong></span> <span class='ocrx_word' id='word_1_592' title='bbox 1065 5010 1247 5076; x_wconf 87' lang='lat' dir='ltr'><strong>Filius,</strong></span> <span class='ocrx_word' id='word_1_593' title='bbox 1277 5011 1412 5080; x_wconf 86' lang='lat' dir='ltr'><strong>ignis</strong></span> <span class='ocrx_word' id='word_1_594' title='bbox 1442 5011 1920 5087; x_wconf 75' lang='lat' dir='ltr'><strong>Spiritussanctus.</strong></span> <span class='ocrx_word' id='word_1_595' title='bbox 1943 5011 2017 5068; x_wconf 84' lang='lat' dir='ltr'><strong>De</strong></span> 
     </span>
    </p>
   </div>
   <div class='ocr_carea' id='block_1_83' title="bbox 460 5097 2018 5158">
    <p class='ocr_par' dir='ltr' id='par_1_83' title="bbox 460 5097 2018 5158">
     <span class='ocr_line' id='line_1_83' title="bbox 460 5097 2018 5158; baseline 0.003 -6"><span class='ocrx_word' id='word_1_596' title='bbox 460 5097 614 5153; x_wconf 73' lang='lat' dir='ltr'><strong>Patre</strong></span> <span class='ocrx_word' id='word_1_597' title='bbox 643 5100 693 5151; x_wconf 92' lang='lat' dir='ltr'><strong>in</strong></span> <span class='ocrx_word' id='word_1_598' title='bbox 716 5097 1156 5155; x_wconf 89' lang='lat' dir='ltr'><strong>Deuteronomio:</strong></span> <span class='ocrx_word' id='word_1_599' title='bbox 1186 5102 1478 5156; x_wconf 82' lang='lat' dir='ltr'><strong>Dbservate</strong></span> <span class='ocrx_word' id='word_1_600' title='bbox 1525 5116 1593 5156; x_wconf 92' lang='lat' dir='ltr'><strong>ne</strong></span> <span class='ocrx_word' id='word_1_601' title='bbox 1635 5100 1843 5158; x_wconf 87' lang='lat' dir='ltr'><strong>faciatis</strong></span> <span class='ocrx_word' id='word_1_602' title='bbox 1869 5103 2018 5157; x_wconf 82' lang='lat' dir='ltr'><strong>vobis</strong></span> 
     </span>
    </p>
   </div>
   <div class='ocr_carea' id='block_1_84' title="bbox 459 5189 2018 5261">
    <p class='ocr_par' dir='ltr' id='par_1_84' title="bbox 459 5189 2018 5261">
     <span class='ocr_line' id='line_1_84' title="bbox 459 5189 2018 5261; baseline 0.002 -18"><span class='ocrx_word' id='word_1_603' title='bbox 459 5189 598 5257; x_wconf 50' lang='lat' dir='ltr'><strong>ipsis,</strong></span> <span class='ocrx_word' id='word_1_604' title='bbox 621 5189 702 5244; x_wconf 91' lang='lat' dir='ltr'><strong>vel</strong></span> <span class='ocrx_word' id='word_1_605' title='bbox 725 5189 1063 5245; x_wconf 88' lang='lat' dir='ltr'><strong>simulacrum</strong></span> <span class='ocrx_word' id='word_1_606' title='bbox 1089 5193 1323 5246; x_wconf 76' lang='lat' dir='ltr'><strong>omnium</strong></span> <span class='ocrx_word' id='word_1_607' title='bbox 1345 5190 1412 5246; x_wconf 90' lang='lat' dir='ltr'><strong>de</strong></span> <span class='ocrx_word' id='word_1_608' title='bbox 1430 5192 1621 5261; x_wconf 88' lang='lat' dir='ltr'><strong>quibus</strong></span> <span class='ocrx_word' id='word_1_609' title='bbox 1645 5194 1895 5261; x_wconf 68' lang='lat' dir='ltr'><strong>praecepit</strong></span> <span class='ocrx_word' id='word_1_610' title='bbox 1927 5193 2018 5247; x_wconf 91' lang='lat' dir='ltr'><strong>tibi</strong></span> 
     </span>
    </p>
   </div>
   <div class='ocr_carea' id='block_1_85' title="bbox 460 5279 2020 5351">
    <p class='ocr_par' dir='ltr' id='par_1_85' title="bbox 460 5279 2020 5351">
     <span class='ocr_line' id='line_1_85' title="bbox 460 5279 2020 5351; baseline 0.002 -17"><span class='ocrx_word' id='word_1_611' title='bbox 460 5279 622 5345; x_wconf 85' lang='lat' dir='ltr'><strong>Deus,</strong></span> <span class='ocrx_word' id='word_1_612' title='bbox 645 5281 894 5350; x_wconf 88' lang='lat' dir='ltr'><strong>quoniam</strong></span> <span class='ocrx_word' id='word_1_613' title='bbox 924 5280 1173 5335; x_wconf 90' lang='lat' dir='ltr'><strong>Dominus</strong></span> <span class='ocrx_word' id='word_1_614' title='bbox 1199 5280 1337 5336; x_wconf 85' lang='lat' dir='ltr'><strong>Deus</strong></span> <span class='ocrx_word' id='word_1_615' title='bbox 1363 5291 1482 5336; x_wconf 90' lang='lat' dir='ltr'><strong>tuus</strong></span> <span class='ocrx_word' id='word_1_616' title='bbox 1512 5282 1649 5351; x_wconf 83' lang='lat' dir='ltr'><strong>ignis</strong></span> <span class='ocrx_word' id='word_1_617' title='bbox 1697 5297 2020 5338; x_wconf 83' lang='lat' dir='ltr'><strong>consumens</strong></span> 
     </span>
    </p>
   </div>
   <div class='ocr_carea' id='block_1_86' title="bbox 458 5371 2019 5444">
    <p class='ocr_par' dir='ltr' id='par_1_86' title="bbox 458 5371 2019 5444">
     <span class='ocr_line' id='line_1_86' title="bbox 458 5371 2019 5444; baseline 0.003 -19"><span class='ocrx_word' id='word_1_618' title='bbox 458 5373 730 5435; x_wconf 68' lang='lat' dir='ltr'><strong>rsttlleut.</strong></span> <span class='ocrx_word' id='word_1_619' title='bbox 761 5386 838 5436; x_wconf 77' lang='lat' dir='ltr'><strong>tv,</strong></span> <span class='ocrx_word' id='word_1_620' title='bbox 863 5373 977 5427; x_wconf 69' lang='lat'><strong>25).</strong></span> <span class='ocrx_word' id='word_1_621' title='bbox 1009 5373 1079 5428; x_wconf 77' lang='lat' dir='ltr'><strong>De</strong></span> <span class='ocrx_word' id='word_1_622' title='bbox 1110 5371 1241 5427; x_wconf 82' lang='lat' dir='ltr'><strong>Filio</strong></span> <span class='ocrx_word' id='word_1_623' title='bbox 1285 5373 1338 5427; x_wconf 90' lang='lat' dir='ltr'><strong>in</strong></span> <span class='ocrx_word' id='word_1_624' title='bbox 1367 5374 1569 5444; x_wconf 86' lang='lat' dir='ltr'><strong>psalmo</strong></span> <span class='ocrx_word' id='word_1_625' title='bbox 1598 5374 1888 5429; x_wconf 83' lang='lat' dir='ltr'><strong>centesimo</strong></span> <span class='ocrx_word' id='word_1_626' title='bbox 1921 5373 2019 5429; x_wconf 85' lang='lat' dir='ltr'><strong>de-</strong></span> 
     </span>
    </p>
   </div>
   <div class='ocr_carea' id='block_1_87' title="bbox 456 5459 2021 5532">
    <p class='ocr_par' dir='ltr' id='par_1_87' title="bbox 456 5459 2021 5532">
     <span class='ocr_line' id='line_1_87' title="bbox 456 5459 2021 5532; baseline 0 -18"><span class='ocrx_word' id='word_1_627' title='bbox 456 5478 599 5514; x_wconf 71' lang='lat' dir='ltr'><strong>cimo</strong></span> <span class='ocrx_word' id='word_1_628' title='bbox 618 5471 803 5516; x_wconf 86' lang='lat' dir='ltr'><strong>octavo</strong></span> <span class='ocrx_word' id='word_1_629' title='bbox 829 5459 1002 5532; x_wconf 71' lang='lat' dir='ltr'><strong>(Veis.</strong></span> <span class='ocrx_word' id='word_1_630' title='bbox 1024 5460 1175 5530; x_wconf 67' lang='lat' dir='ltr'><strong>Ilii):</strong></span> <span class='ocrx_word' id='word_1_631' title='bbox 1201 5461 1420 5531; x_wconf 90' lang='lat' dir='ltr'><strong>Ignitum</strong></span> <span class='ocrx_word' id='word_1_632' title='bbox 1435 5462 1654 5517; x_wconf 71' lang='lat' dir='ltr'><strong>verbum</strong></span> <span class='ocrx_word' id='word_1_633' title='bbox 1679 5472 1826 5518; x_wconf 88' lang='lat' dir='ltr'><strong>tuum</strong></span> <span class='ocrx_word' id='word_1_634' title='bbox 1841 5462 2021 5527; x_wconf 82' lang='lat' dir='ltr'><strong>nimis,</strong></span> 
     </span>
    </p>
   </div>
   <div class='ocr_carea' id='block_1_88' title="bbox 464 5551 2023 5619">
    <p class='ocr_par' dir='ltr' id='par_1_88' title="bbox 464 5551 2023 5619">
     <span class='ocr_line' id='line_1_88' title="bbox 464 5551 2023 5619; baseline 0.002 -17"><span class='ocrx_word' id='word_1_635' title='bbox 464 5562 515 5602; x_wconf 81' lang='lat' dir='ltr'><strong>et</strong></span> <span class='ocrx_word' id='word_1_636' title='bbox 540 5565 724 5603; x_wconf 75' lang='lat' dir='ltr'><strong>servus</strong></span> <span class='ocrx_word' id='word_1_637' title='bbox 749 5561 867 5605; x_wconf 90' lang='lat' dir='ltr'><strong>tuus</strong></span> <span class='ocrx_word' id='word_1_638' title='bbox 882 5552 1070 5607; x_wconf 83' lang='lat' dir='ltr'><strong>dilexit</strong></span> <span class='ocrx_word' id='word_1_639' title='bbox 1099 5552 1241 5605; x_wconf 88' lang='lat' dir='ltr'><strong>illud.</strong></span> <span class='ocrx_word' id='word_1_640' title='bbox 1271 5553 1343 5607; x_wconf 86' lang='lat' dir='ltr'><strong>De</strong></span> <span class='ocrx_word' id='word_1_641' title='bbox 1362 5553 1560 5619; x_wconf 87' lang='lat' dir='ltr'><strong>Spiritu</strong></span> <span class='ocrx_word' id='word_1_642' title='bbox 1588 5562 1773 5608; x_wconf 89' lang='lat' dir='ltr'><strong>sancto</strong></span> <span class='ocrx_word' id='word_1_643' title='bbox 1799 5553 1849 5606; x_wconf 89' lang='lat' dir='ltr'><strong>in</strong></span> <span class='ocrx_word' id='word_1_644' title='bbox 1879 5551 2023 5607; x_wconf 84' lang='lat' dir='ltr'><strong>Acti-</strong></span> 
     </span>
    </p>
   </div>
   <div class='ocr_carea' id='block_1_89' title="bbox 469 5638 2019 5715">
    <p class='ocr_par' dir='ltr' id='par_1_89' title="bbox 469 5638 2019 5715">
     <span class='ocr_line' id='line_1_89' title="bbox 469 5638 2019 5715; baseline 0.003 -22"><span class='ocrx_word' id='word_1_645' title='bbox 469 5638 562 5693; x_wconf 77' lang='lat' dir='ltr'><strong>hns</strong></span> <span class='ocrx_word' id='word_1_646' title='bbox 594 5657 604 5694; x_wconf 91' lang='lat'><strong>:</strong></span> <span class='ocrx_word' id='word_1_647' title='bbox 637 5641 701 5697; x_wconf 73' lang='lat' dir='ltr'><strong>Et</strong></span> <span class='ocrx_word' id='word_1_648' title='bbox 720 5643 844 5698; x_wconf 67' lang='lat' dir='ltr'><strong>visa:</strong></span> <span class='ocrx_word' id='word_1_649' title='bbox 871 5651 992 5697; x_wconf 89' lang='lat' dir='ltr'><strong>sunt</strong></span> <span class='ocrx_word' id='word_1_650' title='bbox 1018 5642 1120 5698; x_wconf 89' lang='lat' dir='ltr'><strong>illis</strong></span> <span class='ocrx_word' id='word_1_651' title='bbox 1148 5641 1330 5698; x_wconf 80' lang='lat' dir='ltr'><strong>divisa:</strong></span> <span class='ocrx_word' id='word_1_652' title='bbox 1360 5644 1551 5713; x_wconf 71' lang='lat' dir='ltr'><strong>lingua:</strong></span> <span class='ocrx_word' id='word_1_653' title='bbox 1575 5653 1825 5715; x_wconf 86' lang='lat' dir='ltr'><strong>tanquam</strong></span> <span class='ocrx_word' id='word_1_654' title='bbox 1858 5641 2019 5714; x_wconf 84' lang='lat' dir='ltr'><strong>ignis,</strong></span> 
     </span>
    </p>
   </div>
   <div class='ocr_carea' id='block_1_90' title="bbox 2107 3196 3661 3268">
    <p class='ocr_par' dir='ltr' id='par_1_90' title="bbox 2107 3196 3661 3268">
     <span class='ocr_line' id='line_1_90' title="bbox 2107 3196 3661 3268; baseline -0.002 -15"><span class='ocrx_word' id='word_1_655' title='bbox 2107 3200 2428 3268; x_wconf 74' lang='lat' dir='ltr'><strong>Regnorum,</strong></span> <span class='ocrx_word' id='word_1_656' title='bbox 2452 3200 2524 3252; x_wconf 84' lang='lat' dir='ltr'><strong>ait</strong></span> <span class='ocrx_word' id='word_1_657' title='bbox 2557 3198 2802 3252; x_wconf 85' lang='lat' dir='ltr'><strong>Dominus</strong></span> <span class='ocrx_word' id='word_1_658' title='bbox 2826 3198 2891 3251; x_wconf 89' lang='lat' dir='ltr'><strong>ad</strong></span> <span class='ocrx_word' id='word_1_659' title='bbox 2939 3197 3140 3251; x_wconf 85' lang='lat' dir='ltr'><strong>Eliam:</strong></span> <span class='ocrx_word' id='word_1_660' title='bbox 3175 3196 3436 3265; x_wconf 79' lang='lat' dir='ltr'><strong>Egredere</strong></span> <span class='ocrx_word' id='word_1_661' title='bbox 3464 3238 3480 3260; x_wconf 89' lang='lat'><strong>,</strong></span> <span class='ocrx_word' id='word_1_662' title='bbox 3511 3206 3562 3249; x_wconf 87' lang='lat' dir='ltr'><strong>et</strong></span> <span class='ocrx_word' id='word_1_663' title='bbox 3585 3205 3661 3250; x_wconf 84' lang='lat' dir='ltr'><strong>sta</strong></span> 
     </span>
    </p>
   </div>
   <div class='ocr_carea' id='block_1_91' title="bbox 2109 3286 3660 3352">
    <p class='ocr_par' dir='ltr' id='par_1_91' title="bbox 2109 3286 3660 3352">
     <span class='ocr_line' id='line_1_91' title="bbox 2109 3286 3660 3352; baseline -0.001 -11"><span class='ocrx_word' id='word_1_664' title='bbox 2109 3291 2158 3341; x_wconf 90' lang='lat' dir='ltr'><strong>in</strong></span> <span class='ocrx_word' id='word_1_665' title='bbox 2189 3299 2366 3342; x_wconf 85' lang='lat' dir='ltr'><strong>monte</strong></span> <span class='ocrx_word' id='word_1_666' title='bbox 2383 3303 2562 3341; x_wconf 89' lang='lat' dir='ltr'><strong>coram</strong></span> <span class='ocrx_word' id='word_1_667' title='bbox 2591 3302 2691 3350; x_wconf 91' lang='lat' dir='ltr'><strong>me,</strong></span> <span class='ocrx_word' id='word_1_668' title='bbox 2717 3297 2769 3342; x_wconf 91' lang='lat' dir='ltr'><strong>et</strong></span> <span class='ocrx_word' id='word_1_669' title='bbox 2793 3301 2918 3342; x_wconf 85' lang='lat' dir='ltr'><strong>ecce</strong></span> <span class='ocrx_word' id='word_1_670' title='bbox 2967 3287 3219 3342; x_wconf 90' lang='lat' dir='ltr'><strong>Dominus</strong></span> <span class='ocrx_word' id='word_1_671' title='bbox 3249 3287 3435 3340; x_wconf 87' lang='lat' dir='ltr'><strong>transit</strong></span> <span class='ocrx_word' id='word_1_672' title='bbox 3478 3294 3533 3339; x_wconf 86' lang='lat' dir='ltr'><strong>et</strong></span> <span class='ocrx_word' id='word_1_673' title='bbox 3559 3286 3660 3352; x_wconf 59' lang='lat' dir='ltr'><strong>spic</strong></span> 
     </span>
    </p>
   </div>
   <div class='ocr_carea' id='block_1_92' title="bbox 2105 3377 3662 3446">
    <p class='ocr_par' dir='ltr' id='par_1_92' title="bbox 2105 3377 3662 3446">
     <span class='ocr_line' id='line_1_92' title="bbox 2105 3377 3662 3446; baseline -0.001 -14"><span class='ocrx_word' id='word_1_674' title='bbox 2105 3379 2235 3432; x_wconf 88' lang='lat' dir='ltr'><strong>ritus</strong></span> <span class='ocrx_word' id='word_1_675' title='bbox 2257 3391 2487 3446; x_wconf 76' lang='lat' dir='ltr'><strong>magnus</strong></span> <span class='ocrx_word' id='word_1_676' title='bbox 2509 3386 2562 3431; x_wconf 85' lang='lat' dir='ltr'><strong>et</strong></span> <span class='ocrx_word' id='word_1_677' title='bbox 2589 3377 2756 3437; x_wconf 88' lang='lat' dir='ltr'><strong>fortis,</strong></span> <span class='ocrx_word' id='word_1_678' title='bbox 2785 3377 3118 3440; x_wconf 78' lang='lat' dir='ltr'><strong>subvertens,</strong></span> <span class='ocrx_word' id='word_1_679' title='bbox 3162 3388 3215 3431; x_wconf 90' lang='lat' dir='ltr'><strong>et</strong></span> <span class='ocrx_word' id='word_1_680' title='bbox 3258 3388 3543 3432; x_wconf 85' lang='lat' dir='ltr'><strong>conterens</strong></span> <span class='ocrx_word' id='word_1_681' title='bbox 3573 3390 3662 3445; x_wconf 83' lang='lat' dir='ltr'><strong>pe-</strong></span> 
     </span>
    </p>
   </div>
   <div class='ocr_carea' id='block_1_93' title="bbox 2108 3454 3268 3539">
    <p class='ocr_par' dir='ltr' id='par_1_93' title="bbox 2108 3454 3268 3539">
     <span class='ocr_line' id='line_1_93' title="bbox 2108 3454 3268 3539; baseline -0.001 -18"><span class='ocrx_word' id='word_1_682' title='bbox 2108 3477 2239 3522; x_wconf 76' lang='lat' dir='ltr'><strong>tram</strong></span> <span class='ocrx_word' id='word_1_683' title='bbox 2271 3477 2392 3524; x_wconf 84' lang='lat' dir='ltr'><strong>ante</strong></span> <span class='ocrx_word' id='word_1_684' title='bbox 2417 3467 2689 3523; x_wconf 83' lang='lat' dir='ltr'><strong>Dominum</strong></span> <span class='ocrx_word' id='word_1_685' title='bbox 2723 3465 2840 3537; x_wconf 87' lang='lat' dir='ltr'><strong>(III</strong></span> <span class='ocrx_word' id='word_1_686' title='bbox 2873 3467 2994 3539; x_wconf 80' lang='lat' dir='ltr'><strong>Reg.</strong></span> <span class='ocrx_word' id='word_1_687' title='bbox 3015 3454 3127 3531; x_wconf 70' lang='lat' dir='ltr'><strong>iis,</strong></span> <span class='ocrx_word' id='word_1_688' title='bbox 3159 3467 3268 3536; x_wconf 82' lang='lat' dir='ltr'><strong>ll).</strong></span> 
     </span>
    </p>
   </div>
   <div class='ocr_carea' id='block_1_94' title="bbox 2687 3558 3088 3614">
    <p class='ocr_par' dir='ltr' id='par_1_94' title="bbox 2687 3558 3088 3614">
     <span class='ocr_line' id='line_1_94' title="bbox 2687 3558 3088 3614; baseline 0.002 -2"><span class='ocrx_word' id='word_1_689' title='bbox 2687 3558 2908 3614; x_wconf 86' lang='lat' dir='ltr'><strong>CAPUT</strong></span> <span class='ocrx_word' id='word_1_690' title='bbox 2949 3558 3088 3613; x_wconf 79' lang='lat' dir='ltr'><strong>XXI.</strong></span> 
     </span>
    </p>
   </div>
   <div class='ocr_carea' id='block_1_95' title="bbox 2464 3649 3313 3705">
    <p class='ocr_par' dir='ltr' id='par_1_95' title="bbox 2464 3649 3313 3705">
     <span class='ocr_line' id='line_1_95' title="bbox 2464 3649 3313 3705; baseline -0.005 0"><span class='ocrx_word' id='word_1_691' title='bbox 2464 3651 2539 3705; x_wconf 89' lang='lat' dir='ltr'><strong>De</strong></span> <span class='ocrx_word' id='word_1_692' title='bbox 2565 3652 2810 3705; x_wconf 87' lang='lat' dir='ltr'><strong>communi</strong></span> <span class='ocrx_word' id='word_1_693' title='bbox 2826 3651 3004 3704; x_wconf 86' lang='lat' dir='ltr'><strong>virtute</strong></span> <span class='ocrx_word' id='word_1_694' title='bbox 3033 3649 3313 3703; x_wconf 80' lang='lat' dir='ltr'><strong>Trinitatis.</strong></span> 
     </span>
    </p>
   </div>
   <div class='ocr_carea' id='block_1_96' title="bbox 2185 3737 3664 3805">
    <p class='ocr_par' dir='ltr' id='par_1_96' title="bbox 2185 3737 3664 3805">
     <span class='ocr_line' id='line_1_96' title="bbox 2185 3737 3664 3805; baseline -0.001 -14"><span class='ocrx_word' id='word_1_695' title='bbox 2185 3740 2356 3794; x_wconf 77' lang='lat' dir='ltr'><strong>Virtus</strong></span> <span class='ocrx_word' id='word_1_696' title='bbox 2388 3739 2575 3805; x_wconf 83' lang='lat' dir='ltr'><strong>Patris,</strong></span> <span class='ocrx_word' id='word_1_697' title='bbox 2608 3740 2773 3793; x_wconf 87' lang='lat' dir='ltr'><strong>virtus</strong></span> <span class='ocrx_word' id='word_1_698' title='bbox 2793 3738 2930 3802; x_wconf 82' lang='lat' dir='ltr'><strong>Filii,</strong></span> <span class='ocrx_word' id='word_1_699' title='bbox 2958 3741 3125 3793; x_wconf 82' lang='lat' dir='ltr'><strong>virtus</strong></span> <span class='ocrx_word' id='word_1_700' title='bbox 3150 3740 3374 3802; x_wconf 82' lang='lat' dir='ltr'><strong>Spiritus</strong></span> <span class='ocrx_word' id='word_1_701' title='bbox 3386 3738 3574 3791; x_wconf 78' lang='lat' dir='ltr'><strong>sancti.</strong></span> <span class='ocrx_word' id='word_1_702' title='bbox 3595 3737 3664 3790; x_wconf 86' lang='lat' dir='ltr'><strong>De</strong></span> 
     </span>
    </p>
   </div>
   <div class='ocr_carea' id='block_1_97' title="bbox 2110 3827 3660 3884">
    <p class='ocr_par' dir='ltr' id='par_1_97' title="bbox 2110 3827 3660 3884">
     <span class='ocr_line' id='line_1_97' title="bbox 2110 3827 3660 3884; baseline -0.003 -2"><span class='ocrx_word' id='word_1_703' title='bbox 2110 3829 2265 3882; x_wconf 84' lang='lat' dir='ltr'><strong>Patre</strong></span> <span class='ocrx_word' id='word_1_704' title='bbox 2295 3829 2359 3881; x_wconf 88' lang='lat' dir='ltr'><strong>ad</strong></span> <span class='ocrx_word' id='word_1_705' title='bbox 2391 3829 2685 3883; x_wconf 79' lang='lat' dir='ltr'><strong>Romanos:</strong></span> <span class='ocrx_word' id='word_1_706' title='bbox 2725 3829 3009 3883; x_wconf 81' lang='lat' dir='ltr'><strong>Non&#39;euiin</strong></span> <span class='ocrx_word' id='word_1_707' title='bbox 3055 3828 3350 3884; x_wconf 88' lang='lat' dir='ltr'><strong>confundor</strong></span> <span class='ocrx_word' id='word_1_708' title='bbox 3377 3827 3445 3882; x_wconf 88' lang='lat' dir='ltr'><strong>de</strong></span> <span class='ocrx_word' id='word_1_709' title='bbox 3495 3827 3660 3880; x_wconf 83' lang='lat' dir='ltr'><strong>Evan-</strong></span> 
     </span>
    </p>
   </div>
   <div class='ocr_carea' id='block_1_98' title="bbox 2111 3918 3660 3988">
    <p class='ocr_par' dir='ltr' id='par_1_98' title="bbox 2111 3918 3660 3988">
     <span class='ocr_line' id='line_1_98' title="bbox 2111 3918 3660 3988; baseline -0.004 -16"><span class='ocrx_word' id='word_1_710' title='bbox 2111 3923 2277 3988; x_wconf 85' lang='lat' dir='ltr'><strong>gelio:</strong></span> <span class='ocrx_word' id='word_1_711' title='bbox 2310 3919 2484 3972; x_wconf 86' lang='lat' dir='ltr'><strong>Virtus</strong></span> <span class='ocrx_word' id='word_1_712' title='bbox 2503 3921 2639 3973; x_wconf 83' lang='lat' dir='ltr'><strong>enim</strong></span> <span class='ocrx_word' id='word_1_713' title='bbox 2659 3929 2740 3974; x_wconf 80' lang='lat' dir='ltr'><strong>est</strong></span> <span class='ocrx_word' id='word_1_714' title='bbox 2762 3920 2811 3972; x_wconf 91' lang='lat' dir='ltr'><strong>in</strong></span> <span class='ocrx_word' id='word_1_715' title='bbox 2825 3920 3050 3974; x_wconf 82' lang='lat' dir='ltr'><strong>salutem</strong></span> <span class='ocrx_word' id='word_1_716' title='bbox 3073 3918 3460 3972; x_wconf 85' lang='lat' dir='ltr'><strong>omnicredenti</strong></span> <span class='ocrx_word' id='word_1_717' title='bbox 3487 3918 3660 3986; x_wconf 83' lang='lat' dir='ltr'><strong>(Rom.</strong></span> 
     </span>
    </p>
   </div>
   <div class='ocr_carea' id='block_1_99' title="bbox 2113 4008 3663 4076">
    <p class='ocr_par' dir='ltr' id='par_1_99' title="bbox 2113 4008 3663 4076">
     <span class='ocr_line' id='line_1_99' title="bbox 2113 4008 3663 4076; baseline -0.004 -14"><span class='ocrx_word' id='word_1_718' title='bbox 2113 4011 2286 4076; x_wconf 80' lang='grc' dir='ltr'><strong>Ι,16).</strong></span> <span class='ocrx_word' id='word_1_719' title='bbox 2320 4010 2392 4062; x_wconf 84' lang='lat' dir='ltr'><strong>De</strong></span> <span class='ocrx_word' id='word_1_720' title='bbox 2425 4009 2557 4062; x_wconf 81' lang='lat' dir='ltr'><strong>Filio</strong></span> <span class='ocrx_word' id='word_1_721' title='bbox 2597 4009 2660 4062; x_wconf 90' lang='lat' dir='ltr'><strong>ad</strong></span> <span class='ocrx_word' id='word_1_722' title='bbox 2712 4008 3040 4063; x_wconf 85' lang='lat' dir='ltr'><strong>Corinthios:</strong></span> <span class='ocrx_word' id='word_1_723' title='bbox 3097 4008 3469 4062; x_wconf 82' lang='lat' dir='ltr'><strong>Libentissime</strong></span> <span class='ocrx_word' id='word_1_724' title='bbox 3511 4008 3663 4075; x_wconf 77' lang='lat' dir='ltr'><strong>igitur</strong></span> 
     </span>
    </p>
   </div>
   <div class='ocr_carea' id='block_1_100' title="bbox 2111 4097 3664 4167">
    <p class='ocr_par' dir='ltr' id='par_1_100' title="bbox 2111 4097 3664 4167">
     <span class='ocr_line' id='line_1_100' title="bbox 2111 4097 3664 4167; baseline -0.003 -15"><span class='ocrx_word' id='word_1_725' title='bbox 2111 4100 2378 4167; x_wconf 79' lang='lat' dir='ltr'><strong>gloriabor</strong></span> <span class='ocrx_word' id='word_1_726' title='bbox 2405 4100 2456 4153; x_wconf 91' lang='lat' dir='ltr'><strong>in</strong></span> <span class='ocrx_word' id='word_1_727' title='bbox 2485 4098 2876 4152; x_wconf 88' lang='lat' dir='ltr'><strong>infirmitatibus</strong></span> <span class='ocrx_word' id='word_1_728' title='bbox 2908 4100 3062 4164; x_wconf 90' lang='lat' dir='ltr'><strong>meis,</strong></span> <span class='ocrx_word' id='word_1_729' title='bbox 3090 4107 3145 4152; x_wconf 91' lang='lat' dir='ltr'><strong>ut</strong></span> <span class='ocrx_word' id='word_1_730' title='bbox 3197 4097 3459 4152; x_wconf 69' lang='lat' dir='ltr'><strong>inhabitet</strong></span> <span class='ocrx_word' id='word_1_731' title='bbox 3504 4097 3664 4150; x_wconf 82' lang='lat' dir='ltr'><strong>virtus</strong></span> 
     </span>
    </p>
   </div>
   <div class='ocr_carea' id='block_1_101' title="bbox 2110 4185 3662 4259">
    <p class='ocr_par' dir='ltr' id='par_1_101' title="bbox 2110 4185 3662 4259">
     <span class='ocr_line' id='line_1_101' title="bbox 2110 4185 3662 4259; baseline -0.005 -15"><span class='ocrx_word' id='word_1_732' title='bbox 2110 4188 2303 4244; x_wconf 89' lang='lat' dir='ltr'><strong>Christi</strong></span> <span class='ocrx_word' id='word_1_733' title='bbox 2337 4190 2387 4242; x_wconf 93' lang='lat' dir='ltr'><strong>in</strong></span> <span class='ocrx_word' id='word_1_734' title='bbox 2416 4204 2500 4243; x_wconf 90' lang='lat' dir='ltr'><strong>me</strong></span> <span class='ocrx_word' id='word_1_735' title='bbox 2526 4185 2612 4259; x_wconf 86' lang='lat' dir='ltr'><strong>(II</strong></span> <span class='ocrx_word' id='word_1_736' title='bbox 2638 4186 2755 4241; x_wconf 89' lang='lat' dir='ltr'><strong>Cor.</strong></span> <span class='ocrx_word' id='word_1_737' title='bbox 2796 4205 2890 4254; x_wconf 84' lang='lat' dir='ltr'><strong>xu,</strong></span> <span class='ocrx_word' id='word_1_738' title='bbox 2913 4189 2988 4254; x_wconf 89' lang='lat'><strong>9).</strong></span> <span class='ocrx_word' id='word_1_739' title='bbox 3011 4188 3074 4242; x_wconf 84' lang='lat' dir='ltr'><strong>Et</strong></span> <span class='ocrx_word' id='word_1_740' title='bbox 3101 4189 3166 4243; x_wconf 91' lang='lat' dir='ltr'><strong>de</strong></span> <span class='ocrx_word' id='word_1_741' title='bbox 3190 4189 3382 4257; x_wconf 88' lang='lat' dir='ltr'><strong>Spiritu</strong></span> <span class='ocrx_word' id='word_1_742' title='bbox 3405 4186 3662 4241; x_wconf 86' lang='lat' dir='ltr'><strong>sanctoad</strong></span> 
     </span>
    </p>
   </div>
   <div class='ocr_carea' id='block_1_102' title="bbox 2111 4278 3658 4343">
    <p class='ocr_par' dir='ltr' id='par_1_102' title="bbox 2111 4278 3658 4343">
     <span class='ocr_line' id='line_1_102' title="bbox 2111 4278 3658 4343; baseline -0.001 -11"><span class='ocrx_word' id='word_1_743' title='bbox 2111 4278 2648 4334; x_wconf 71' lang='lat' dir='ltr'><strong>Thessalonicenses:</strong></span> <span class='ocrx_word' id='word_1_744' title='bbox 2707 4278 2971 4343; x_wconf 89' lang='lat' dir='ltr'><strong>Scientcs,</strong></span> <span class='ocrx_word' id='word_1_745' title='bbox 3027 4278 3237 4342; x_wconf 82' lang='lat' dir='ltr'><strong>fratres,</strong></span> <span class='ocrx_word' id='word_1_746' title='bbox 3284 4279 3437 4333; x_wconf 90' lang='lat' dir='ltr'><strong>electi</strong></span> <span class='ocrx_word' id='word_1_747' title='bbox 3468 4294 3497 4331; x_wconf 89' lang='lat' dir='ltr'><strong>a</strong></span> <span class='ocrx_word' id='word_1_748' title='bbox 3539 4278 3658 4342; x_wconf 85' lang='lat' dir='ltr'><strong>Deo,</strong></span> 
     </span>
    </p>
   </div>
   <div class='ocr_carea' id='block_1_103' title="bbox 2113 4370 3662 4447">
    <p class='ocr_par' dir='ltr' id='par_1_103' title="bbox 2113 4370 3662 4447">
     <span class='ocr_line' id='line_1_103' title="bbox 2113 4370 3662 4447; baseline -0.001 -23"><span class='ocrx_word' id='word_1_749' title='bbox 2113 4371 2448 4447; x_wconf 81' lang='lat' dir='ltr'><strong>dilectionem</strong></span> <span class='ocrx_word' id='word_1_750' title='bbox 2477 4379 2726 4434; x_wconf 54' lang='lat' dir='ltr'><strong>veatram,</strong></span> <span class='ocrx_word' id='word_1_751' title='bbox 2760 4371 2879 4439; x_wconf 87' lang='lat' dir='ltr'><strong>quia</strong></span> <span class='ocrx_word' id='word_1_752' title='bbox 2908 4370 3252 4441; x_wconf 83' lang='lat' dir='ltr'><strong>Evangelium</strong></span> <span class='ocrx_word' id='word_1_753' title='bbox 3303 4379 3540 4425; x_wconf 91' lang='lat' dir='ltr'><strong>nostrum</strong></span> <span class='ocrx_word' id='word_1_754' title='bbox 3565 4374 3662 4422; x_wconf 76' lang='lat' dir='ltr'><strong>n’uu</strong></span> 
     </span>
    </p>
   </div>
   <div class='ocr_carea' id='block_1_104' title="bbox 2117 4459 3662 4532">
    <p class='ocr_par' dir='ltr' id='par_1_104' title="bbox 2117 4459 3662 4532">
     <span class='ocr_line' id='line_1_104' title="bbox 2117 4459 3662 4532; baseline 0.001 -18"><span class='ocrx_word' id='word_1_755' title='bbox 2117 4461 2212 4514; x_wconf 89' lang='lat' dir='ltr'><strong>fuit</strong></span> <span class='ocrx_word' id='word_1_756' title='bbox 2239 4461 2373 4527; x_wconf 82' lang='lat' dir='ltr'><strong>apud</strong></span> <span class='ocrx_word' id='word_1_757' title='bbox 2405 4476 2497 4514; x_wconf 86' lang='lat' dir='ltr'><strong>vos</strong></span> <span class='ocrx_word' id='word_1_758' title='bbox 2529 4459 2578 4513; x_wconf 90' lang='lat' dir='ltr'><strong>in</strong></span> <span class='ocrx_word' id='word_1_759' title='bbox 2609 4461 2769 4513; x_wconf 84' lang='lat' dir='ltr'><strong>verbo</strong></span> <span class='ocrx_word' id='word_1_760' title='bbox 2798 4468 3024 4526; x_wconf 87' lang='lat' dir='ltr'><strong>tantum,</strong></span> <span class='ocrx_word' id='word_1_761' title='bbox 3059 4461 3152 4516; x_wconf 85' lang='lat' dir='ltr'><strong>sed</strong></span> <span class='ocrx_word' id='word_1_762' title='bbox 3181 4461 3234 4516; x_wconf 90' lang='lat' dir='ltr'><strong>in</strong></span> <span class='ocrx_word' id='word_1_763' title='bbox 3263 4463 3459 4518; x_wconf 83' lang='lat' dir='ltr'><strong>virtute</strong></span> <span class='ocrx_word' id='word_1_764' title='bbox 3503 4461 3662 4532; x_wconf 84' lang='lat' dir='ltr'><strong>Spiri-</strong></span> 
     </span>
    </p>
   </div>
   <div class='ocr_carea' id='block_1_105' title="bbox 2116 4551 2816 4625">
    <p class='ocr_par' dir='ltr' id='par_1_105' title="bbox 2116 4551 2816 4625">
     <span class='ocr_line' id='line_1_105' title="bbox 2116 4551 2816 4625; baseline -0.003 -17"><span class='ocrx_word' id='word_1_765' title='bbox 2116 4562 2199 4608; x_wconf 90' lang='lat' dir='ltr'><strong>tus</strong></span> <span class='ocrx_word' id='word_1_766' title='bbox 2219 4554 2388 4609; x_wconf 84' lang='lat' dir='ltr'><strong>sancti</strong></span> <span class='ocrx_word' id='word_1_767' title='bbox 2415 4552 2464 4625; x_wconf 89' lang='grc' dir='ltr'><strong>(ι</strong></span> <span class='ocrx_word' id='word_1_768' title='bbox 2497 4553 2642 4608; x_wconf 84' lang='lat' dir='ltr'><strong>Thes.</strong></span> <span class='ocrx_word' id='word_1_769' title='bbox 2671 4568 2706 4619; x_wconf 89' lang='grc' dir='ltr'><strong>ι,</strong></span> <span class='ocrx_word' id='word_1_770' title='bbox 2741 4551 2816 4619; x_wconf 71' lang='grc'><strong>4).</strong></span> 
     </span>
    </p>
   </div>
   <div class='ocr_carea' id='block_1_106' title="bbox 2675 4645 3100 4702">
    <p class='ocr_par' dir='ltr' id='par_1_106' title="bbox 2675 4645 3100 4702">
     <span class='ocr_line' id='line_1_106' title="bbox 2675 4645 3100 4702; baseline -0.005 -2"><span class='ocrx_word' id='word_1_771' title='bbox 2675 4646 2897 4702; x_wconf 80' lang='lat' dir='ltr'><strong>CAPUT</strong></span> <span class='ocrx_word' id='word_1_772' title='bbox 2938 4645 3100 4700; x_wconf 83' lang='lat' dir='ltr'><strong>XXII.</strong></span> 
     </span>
    </p>
   </div>
   <div class='ocr_carea' id='block_1_107' title="bbox 2445 4727 3342 4804">
    <p class='ocr_par' dir='ltr' id='par_1_107' title="bbox 2445 4727 3342 4804">
     <span class='ocr_line' id='line_1_107' title="bbox 2445 4727 3342 4804; baseline 0 -16"><span class='ocrx_word' id='word_1_773' title='bbox 2445 4735 2542 4788; x_wconf 85' lang='lat' dir='ltr'><strong>Ubi</strong></span> <span class='ocrx_word' id='word_1_774' title='bbox 2564 4736 2677 4804; x_wconf 78' lang='lat' dir='ltr'><strong>[om</strong></span> <span class='ocrx_word' id='word_1_775' title='bbox 2698 4727 2858 4789; x_wconf 79' lang='lat' dir='ltr'><strong>omnis</strong></span> <span class='ocrx_word' id='word_1_776' title='bbox 2884 4735 3106 4789; x_wconf 87' lang='lat' dir='ltr'><strong>Trinitas</strong></span> <span class='ocrx_word' id='word_1_777' title='bbox 3135 4737 3342 4790; x_wconf 77' lang='lat' dir='ltr'><strong>dicitur.</strong></span> 
     </span>
    </p>
   </div>
   <div class='ocr_carea' id='block_1_108' title="bbox 2195 4825 3666 4896">
    <p class='ocr_par' dir='ltr' id='par_1_108' title="bbox 2195 4825 3666 4896">
     <span class='ocr_line' id='line_1_108' title="bbox 2195 4825 3666 4896; baseline 0 -14"><span class='ocrx_word' id='word_1_778' title='bbox 2195 4826 2332 4882; x_wconf 79' lang='lat' dir='ltr'><strong>Fons</strong></span> <span class='ocrx_word' id='word_1_779' title='bbox 2355 4826 2532 4889; x_wconf 83' lang='lat' dir='ltr'><strong>Pater,</strong></span> <span class='ocrx_word' id='word_1_780' title='bbox 2558 4826 2675 4881; x_wconf 91' lang='lat' dir='ltr'><strong>fous</strong></span> <span class='ocrx_word' id='word_1_781' title='bbox 2710 4826 2893 4893; x_wconf 84' lang='lat' dir='ltr'><strong>Filius,</strong></span> <span class='ocrx_word' id='word_1_782' title='bbox 2927 4825 3042 4882; x_wconf 77' lang='lat' dir='ltr'><strong>fons</strong></span> <span class='ocrx_word' id='word_1_783' title='bbox 3070 4827 3315 4896; x_wconf 78' lang='lat' dir='ltr'><strong>Spiritus</strong></span> <span class='ocrx_word' id='word_1_784' title='bbox 3339 4837 3572 4884; x_wconf 86' lang='lat' dir='ltr'><strong>sanctus.</strong></span> <span class='ocrx_word' id='word_1_785' title='bbox 3598 4827 3666 4882; x_wconf 80' lang='lat' dir='ltr'><strong>De</strong></span> 
     </span>
    </p>
   </div>
   <div class='ocr_carea' id='block_1_109' title="bbox 2122 4917 3666 4974">
    <p class='ocr_par' dir='ltr' id='par_1_109' title="bbox 2122 4917 3666 4974">
     <span class='ocr_line' id='line_1_109' title="bbox 2122 4917 3666 4974; baseline -0.003 -2"><span class='ocrx_word' id='word_1_786' title='bbox 2122 4918 2276 4972; x_wconf 84' lang='lat' dir='ltr'><strong>Patre</strong></span> <span class='ocrx_word' id='word_1_787' title='bbox 2307 4919 2356 4971; x_wconf 89' lang='lat' dir='ltr'><strong>in</strong></span> <span class='ocrx_word' id='word_1_788' title='bbox 2387 4917 2648 4972; x_wconf 85' lang='lat' dir='ltr'><strong>.Icremia:</strong></span> <span class='ocrx_word' id='word_1_789' title='bbox 2685 4917 2804 4971; x_wconf 73' lang='lat' dir='ltr'><strong>Hzec</strong></span> <span class='ocrx_word' id='word_1_790' title='bbox 2826 4917 2956 4972; x_wconf 87' lang='lat' dir='ltr'><strong>dicit</strong></span> <span class='ocrx_word' id='word_1_791' title='bbox 2985 4917 3239 4973; x_wconf 89' lang='lat' dir='ltr'><strong>Dominus</strong></span> <span class='ocrx_word' id='word_1_792' title='bbox 3287 4919 3424 4974; x_wconf 85' lang='lat' dir='ltr'><strong>Deus</strong></span> <span class='ocrx_word' id='word_1_793' title='bbox 3475 4918 3628 4972; x_wconf 86' lang='lat' dir='ltr'><strong>Israel</strong></span> <span class='ocrx_word' id='word_1_794' title='bbox 3655 4933 3666 4969; x_wconf 89' lang='lat'>:</span> 
     </span>
    </p>
   </div>
   <div class='ocr_carea' id='block_1_110' title="bbox 2125 5009 3664 5078">
    <p class='ocr_par' dir='ltr' id='par_1_110' title="bbox 2125 5009 3664 5078">
     <span class='ocr_line' id='line_1_110' title="bbox 2125 5009 3664 5078; baseline -0.001 -15"><span class='ocrx_word' id='word_1_795' title='bbox 2125 5009 2238 5064; x_wconf 92' lang='lat' dir='ltr'><strong>Duo</strong></span> <span class='ocrx_word' id='word_1_796' title='bbox 2263 5009 2398 5062; x_wconf 90' lang='lat' dir='ltr'><strong>mala</strong></span> <span class='ocrx_word' id='word_1_797' title='bbox 2426 5009 2546 5063; x_wconf 85' lang='lat' dir='ltr'><strong>fecit</strong></span> <span class='ocrx_word' id='word_1_798' title='bbox 2572 5009 2793 5078; x_wconf 88' lang='lat' dir='ltr'><strong>populus</strong></span> <span class='ocrx_word' id='word_1_799' title='bbox 2818 5024 2986 5075; x_wconf 87' lang='lat' dir='ltr'><strong>meus,</strong></span> <span class='ocrx_word' id='word_1_800' title='bbox 3029 5025 3114 5064; x_wconf 91' lang='lat' dir='ltr'><strong>me</strong></span> <span class='ocrx_word' id='word_1_801' title='bbox 3137 5010 3664 5077; x_wconf 84' lang='lat' dir='ltr'><strong>reliqueruntfontein</strong></span> 
     </span>
    </p>
   </div>
   <div class='ocr_carea' id='block_1_111' title="bbox 2125 5097 3666 5168">
    <p class='ocr_par' dir='ltr' id='par_1_111' title="bbox 2125 5097 3666 5168">
     <span class='ocr_line' id='line_1_111' title="bbox 2125 5097 3666 5168; baseline -0.001 -17"><span class='ocrx_word' id='word_1_802' title='bbox 2125 5113 2273 5167; x_wconf 67' lang='lat' dir='ltr'><strong>aqua:</strong></span> <span class='ocrx_word' id='word_1_803' title='bbox 2299 5099 2442 5160; x_wconf 70' lang='lat' dir='ltr'><strong>vitae,</strong></span> <span class='ocrx_word' id='word_1_804' title='bbox 2476 5107 2527 5152; x_wconf 89' lang='lat' dir='ltr'><strong>et</strong></span> <span class='ocrx_word' id='word_1_805' title='bbox 2550 5097 2794 5161; x_wconf 80' lang='lat' dir='ltr'><strong>foderunt</strong></span> <span class='ocrx_word' id='word_1_806' title='bbox 2813 5098 2908 5153; x_wconf 90' lang='lat' dir='ltr'><strong>sibi</strong></span> <span class='ocrx_word' id='word_1_807' title='bbox 2935 5099 3080 5153; x_wconf 85' lang='lat' dir='ltr'><strong>lacus</strong></span> <span class='ocrx_word' id='word_1_808' title='bbox 3102 5100 3347 5161; x_wconf 84' lang='lat' dir='ltr'><strong>detritus,</strong></span> <span class='ocrx_word' id='word_1_809' title='bbox 3372 5099 3462 5168; x_wconf 90' lang='lat' dir='ltr'><strong>qui</strong></span> <span class='ocrx_word' id='word_1_810' title='bbox 3489 5111 3666 5165; x_wconf 84' lang='lat' dir='ltr'><strong>aquam</strong></span> 
     </span>
    </p>
   </div>
   <div class='ocr_carea' id='block_1_112' title="bbox 2127 5187 3666 5259">
    <p class='ocr_par' dir='ltr' id='par_1_112' title="bbox 2127 5187 3666 5259">
     <span class='ocr_line' id='line_1_112' title="bbox 2127 5187 3666 5259; baseline -0.002 -16"><span class='ocrx_word' id='word_1_811' title='bbox 2127 5204 2230 5243; x_wconf 89' lang='lat' dir='ltr'><strong>non</strong></span> <span class='ocrx_word' id='word_1_812' title='bbox 2254 5197 2474 5259; x_wconf 89' lang='lat' dir='ltr'><strong>possunt</strong></span> <span class='ocrx_word' id='word_1_813' title='bbox 2494 5190 2766 5244; x_wconf 90' lang='lat' dir='ltr'><strong>continere</strong></span> <span class='ocrx_word' id='word_1_814' title='bbox 2787 5187 2921 5257; x_wconf 83' lang='lat' dir='ltr'><strong>(Jer.</strong></span> <span class='ocrx_word' id='word_1_815' title='bbox 2954 5205 3010 5253; x_wconf 88' lang='grc' dir='ltr'><strong>ιι,</strong></span> <span class='ocrx_word' id='word_1_816' title='bbox 3038 5189 3148 5256; x_wconf 75' lang='grc'><strong>13)-</strong></span> <span class='ocrx_word' id='word_1_817' title='bbox 3179 5189 3334 5259; x_wconf 65' lang='grc'><strong>457</strong></span> <span class='ocrx_word' id='word_1_818' title='bbox 3374 5189 3448 5244; x_wconf 90' lang='lat' dir='ltr'><strong>De</strong></span> <span class='ocrx_word' id='word_1_819' title='bbox 3474 5190 3600 5243; x_wconf 88' lang='lat' dir='ltr'><strong>Filio</strong></span> <span class='ocrx_word' id='word_1_820' title='bbox 3619 5188 3666 5241; x_wconf 90' lang='lat' dir='ltr'><strong>in</strong></span> 
     </span>
    </p>
   </div>
   <div class='ocr_carea' id='block_1_113' title="bbox 2131 5281 3668 5350">
    <p class='ocr_par' dir='ltr' id='par_1_113' title="bbox 2131 5281 3668 5350">
     <span class='ocr_line' id='line_1_113' title="bbox 2131 5281 3668 5350; baseline -0.004 -12"><span class='ocrx_word' id='word_1_821' title='bbox 2131 5283 2446 5339; x_wconf 90' lang='lat' dir='ltr'><strong>Salomone:</strong></span> <span class='ocrx_word' id='word_1_822' title='bbox 2477 5281 2614 5338; x_wconf 66' lang='lat' dir='ltr'><strong>I’ons</strong></span> <span class='ocrx_word' id='word_1_823' title='bbox 2659 5285 2929 5350; x_wconf 69' lang='lat' dir='ltr'><strong>sapientiae</strong></span> <span class='ocrx_word' id='word_1_824' title='bbox 2977 5285 3193 5338; x_wconf 89' lang='lat' dir='ltr'><strong>verbum</strong></span> <span class='ocrx_word' id='word_1_825' title='bbox 3228 5283 3317 5337; x_wconf 86' lang='lat' dir='ltr'><strong>Dei</strong></span> <span class='ocrx_word' id='word_1_826' title='bbox 3373 5283 3423 5337; x_wconf 91' lang='lat' dir='ltr'><strong>in</strong></span> <span class='ocrx_word' id='word_1_827' title='bbox 3459 5281 3668 5338; x_wconf 86' lang='lat' dir='ltr'><strong>excelsis</strong></span> 
     </span>
    </p>
   </div>
   <div class='ocr_carea' id='block_1_114' title="bbox 2129 5372 3664 5442">
    <p class='ocr_par' dir='ltr' id='par_1_114' title="bbox 2129 5372 3664 5442">
     <span class='ocr_line' id='line_1_114' title="bbox 2129 5372 3664 5442; baseline -0.003 -17"><span class='ocrx_word' id='word_1_828' title='bbox 2129 5372 2313 5442; x_wconf 84' lang='lat' dir='ltr'><strong>(Eccli.</strong></span> <span class='ocrx_word' id='word_1_829' title='bbox 2344 5389 2381 5438; x_wconf 84' lang='grc' dir='ltr'><strong>ι,</strong></span> <span class='ocrx_word' id='word_1_830' title='bbox 2413 5373 2489 5440; x_wconf 86' lang='grc'><strong>5).</strong></span> <span class='ocrx_word' id='word_1_831' title='bbox 2521 5373 2596 5428; x_wconf 89' lang='lat' dir='ltr'><strong>De</strong></span> <span class='ocrx_word' id='word_1_832' title='bbox 2621 5372 2816 5442; x_wconf 90' lang='lat' dir='ltr'><strong>Spiritu</strong></span> <span class='ocrx_word' id='word_1_833' title='bbox 2839 5387 3022 5428; x_wconf 87' lang='lat' dir='ltr'><strong>sanc&#39;o</strong></span> <span class='ocrx_word' id='word_1_834' title='bbox 3054 5373 3104 5426; x_wconf 94' lang='lat' dir='ltr'><strong>in</strong></span> <span class='ocrx_word' id='word_1_835' title='bbox 3127 5373 3290 5426; x_wconf 86' lang='lat' dir='ltr'><strong>Isaia:</strong></span> <span class='ocrx_word' id='word_1_836' title='bbox 3324 5373 3459 5428; x_wconf 83' lang='lat' dir='ltr'><strong>Ecce</strong></span> <span class='ocrx_word' id='word_1_837' title='bbox 3488 5384 3664 5426; x_wconf 86' lang='lat' dir='ltr'><strong>nomen</strong></span> 
     </span>
    </p>
   </div>
   <div class='ocr_carea' id='block_1_115' title="bbox 2128 5462 3667 5532">
    <p class='ocr_par' dir='ltr' id='par_1_115' title="bbox 2128 5462 3667 5532">
     <span class='ocr_line' id='line_1_115' title="bbox 2128 5462 3667 5532; baseline -0.004 -16"><span class='ocrx_word' id='word_1_838' title='bbox 2128 5462 2218 5517; x_wconf 91' lang='lat' dir='ltr'><strong>Dci</strong></span> <span class='ocrx_word' id='word_1_839' title='bbox 2249 5474 2364 5531; x_wconf 91' lang='lat' dir='ltr'><strong>post</strong></span> <span class='ocrx_word' id='word_1_840' title='bbox 2387 5462 2606 5516; x_wconf 88' lang='lat' dir='ltr'><strong>multum</strong></span> <span class='ocrx_word' id='word_1_841' title='bbox 2629 5471 2834 5532; x_wconf 89' lang='lat' dir='ltr'><strong>tempus</strong></span> <span class='ocrx_word' id='word_1_842' title='bbox 2862 5464 3026 5527; x_wconf 90' lang='lat' dir='ltr'><strong>venit,</strong></span> <span class='ocrx_word' id='word_1_843' title='bbox 3048 5463 3241 5517; x_wconf 86' lang='lat' dir='ltr'><strong>ardens</strong></span> <span class='ocrx_word' id='word_1_844' title='bbox 3267 5465 3319 5517; x_wconf 92' lang='lat' dir='ltr'><strong>in</strong></span> <span class='ocrx_word' id='word_1_845' title='bbox 3347 5464 3420 5516; x_wconf 89' lang='lat' dir='ltr'><strong>ira</strong></span> <span class='ocrx_word' id='word_1_846' title='bbox 3448 5463 3667 5528; x_wconf 78' lang='lat' dir='ltr'><strong>indigna-</strong></span> 
     </span>
    </p>
   </div>
   <div class='ocr_carea' id='block_1_116' title="bbox 2127 5549 3665 5622">
    <p class='ocr_par' dir='ltr' id='par_1_116' title="bbox 2127 5549 3665 5622">
     <span class='ocr_line' id='line_1_116' title="bbox 2127 5549 3665 5622; baseline 0.001 -17"><span class='ocrx_word' id='word_1_847' title='bbox 2127 5550 2279 5605; x_wconf 89' lang='lat' dir='ltr'><strong>tionis</strong></span> <span class='ocrx_word' id='word_1_848' title='bbox 2307 5552 2510 5603; x_wconf 87' lang='lat' dir='ltr'><strong>voravit</strong></span> <span class='ocrx_word' id='word_1_849' title='bbox 2537 5562 2743 5620; x_wconf 81' lang='lat' dir='ltr'><strong>gcntes,</strong></span> <span class='ocrx_word' id='word_1_850' title='bbox 2784 5559 2838 5606; x_wconf 89' lang='lat' dir='ltr'><strong>et</strong></span> <span class='ocrx_word' id='word_1_851' title='bbox 2867 5552 3081 5620; x_wconf 83' lang='lat' dir='ltr'><strong>spiritus</strong></span> <span class='ocrx_word' id='word_1_852' title='bbox 3130 5553 3277 5609; x_wconf 86' lang='lat' dir='ltr'><strong>velut</strong></span> <span class='ocrx_word' id='word_1_853' title='bbox 3307 5552 3430 5608; x_wconf 76' lang='lat' dir='ltr'><strong>I’ons</strong></span> <span class='ocrx_word' id='word_1_854' title='bbox 3457 5567 3597 5622; x_wconf 76' lang='lat' dir='ltr'><strong>aqlu:</strong></span> <span class='ocrx_word' id='word_1_855' title='bbox 3618 5549 3665 5600; x_wconf 82' lang='lat' dir='ltr'><strong>in</strong></span> 
     </span>
    </p>
   </div>
   <div class='ocr_carea' id='block_1_117' title="bbox 2133 5637 2972 5707">
    <p class='ocr_par' dir='ltr' id='par_1_117' title="bbox 2133 5637 2972 5707">
     <span class='ocr_line' id='line_1_117' title="bbox 2133 5637 2972 5707; baseline 0.004 -11"><span class='ocrx_word' id='word_1_856' title='bbox 2133 5637 2266 5697; x_wconf 79' lang='lat' dir='ltr'><strong>valle</strong></span> <span class='ocrx_word' id='word_1_857' title='bbox 2290 5641 2503 5697; x_wconf 80' lang='lat' dir='ltr'><strong>trahens</strong></span> <span class='ocrx_word' id='word_1_858' title='bbox 2524 5639 2675 5700; x_wconf 80' lang='lat' dir='ltr'><strong>(Isai.</strong></span> <span class='ocrx_word' id='word_1_859' title='bbox 2703 5657 2827 5707; x_wconf 80' lang='lat' dir='ltr'><strong>xxx,</strong></span> <span class='ocrx_word' id='word_1_860' title='bbox 2860 5643 2972 5706; x_wconf 77' lang='lat'><strong>27).</strong></span> 
     </span>
    </p>
   </div>
  </div>
