3862 6222
150 315 258 371 ιιτ

727 426 948 482 CAPUT
975 426 1153 482 XXIII.

452 522 547 574 Ubi
574 519 758 586 ﬂuvius
779 533 938 570 omnis
974 515 1190 570 Trinitas
1218 520 1426 572 dicitur.

221 609 448 663 Fluvius
476 609 654 669 Pater.
688 606 874 660 ﬂuvius
905 604 1086 668 Filius,
1119 606 1305 660 ﬂuvius
1331 606 1559 674 Spiritus
1573 617 1714 660 ‘san-

147 706 293 752 ctus.
332 697 411 748 De
434 696 588 748 Patre
611 694 662 748 in
692 693 1006 748 Salomone:
1029 693 1327 749 Benedictio
1350 695 1441 749 Dei
1466 704 1712 764 tanquam

149 789 356 842 ﬂuvius
411 787 674 841 inundans
733 782 914 855 (Eccli.
971 801 1148 851 xxxix,
1188 788 1304 857 21),
1346 788 1478 842 etin
1510 788 1715 856 psalmo

149 897 272 938 utv
309 878 490 961 (Vers.
524 879 646 948 I0):
682 878 890 932 Fluvios
932 878 1024 932 Dei
1052 881 1280 947 repletus
1319 890 1402 935 est
1449 895 1603 950 aqua.
1639 880 1713 935 De

154 970 368 1039 Filioin
399 969 528 1022 Isaia
571 985 586 1022 :
630 967 751 1022 Ilaec
780 966 908 1022 dicit
938 967 1192 1024 Dominus
1229 986 1243 1022 :
1277 969 1388 1039 Ego
1429 969 1711 1024 declinabo

150 1061 203 1116 in
229 1061 315 1116 eis
348 1070 410 1116 ut
448 1061 636 1114 ﬂuvius
681 1061 843 1130 pacis,
875 1069 929 1115 et
974 1069 1033 1116 ut
1059 1072 1264 1116 torrens
1312 1053 1573 1118 inundans
1597 1063 1712 1132 glo-

150 1154 288 1209 riam
310 1155 553 1224 gentium
580 1153 732 1224 (Isai.
762 1171 900 1216 uvt,
924 1154 1030 1222 ιξ).
1056 1154 1185 1209 Item
1217 1157 1322 1212 ibi:
1352 1156 1416 1210 Et
1439 1155 1714 1224 apparebit

151 1245 205 1298 in
231 1244 370 1299 Sion
401 1245 540 1299 sicut
567 1244 754 1301 ﬂuvius
801 1244 1087 1298 decurrens
1113 1283 1130 1308 ,
1179 1255 1233 1299 et
1277 1246 1450 1299 clarus
1477 1246 1528 1298 in
1573 1255 1712 1297 terra

153 1334 360 1387 sitienti
386 1331 540 1401 (Isai.
572 1350 675 1401 ιιι,
705 1335 817 1404 20).
849 1335 920 1390 De
947 1337 1145 1403 Spiritu
1175 1345 1355 1389 sancto
1397 1335 1450 1387 in
1477 1334 1716 1404 Evange-

153 1421 261 1475 lio:
294 1422 350 1475 In
382 1422 472 1476 die
501 1422 634 1477 feato
657 1438 844 1491 magno
872 1424 1042 1476 stabat
1062 1424 1232 1487 lusus,
1265 1431 1317 1476 et
1340 1423 1598 1476 clamabat
1633 1423 1712 1476 di-

155 1530 283 1569 cens
309 1533 322 1567 :
354 1517 607 1584 Quisquis
635 1515 805 1570 credit
837 1517 888 1568 in
917 1530 1024 1580 me,
1053 1517 1187 1569 sicut
1232 1515 1361 1569 dicit
1408 1514 1712 1582 Scriptura,

147 1603 376 1657 ﬂumina
410 1604 479 1658 de
503 1612 686 1657 ventre
710 1602 823 1671 ejus
852 1603 1010 1657 ﬂuent
1031 1616 1181 1671 aqua:
1211 1603 1367 1656 vivm.
1401 1602 1509 1656 Hoc
1537 1612 1712 1657 autem

158 1692 369 1748 dicebat
396 1692 466 1747 de
485 1685 704 1760 Spiritu,
725 1706 880 1758 quem
904 1691 1166 1761 accepturi
1187 1699 1337 1747 erant
1363 1692 1641 1747 credentes
1661 1693 1712 1747 in

158 1797 276 1836 cum
306 1781 492 1852 (loan.
523 1795 612 1844 vn,
635 1781 747 1849 37).

733 1890 954 1948 CAPUT
981 1891 1164 1946 XXIV.

232 2003 332 2057 Ubi
363 2003 588 2057 Verbum
620 2002 841 2070 Spiritus
863 2011 1064 2056 sanctus
1093 2001 1277 2054 dicitur
1301 2001 1428 2054 sicut
1458 1996 1505 2050 F
1508 1999 1644 2052 ilius.

232 2118 474 2172 Verbum
521 2116 615 2172 Dei
657 2118 825 2172 Patris
876 2117 1073 2186 Filius,.
1102 2117 1332 2172 Verbum
1363 2118 1456 2172 Dei
1490 2118 1713 2187 Spiritus

167 2218 410 2263 sanctus.
463 2209 536 2261 De
569 2208 701 2261 Filio
752 2208 801 2260 in
853 2206 1174 2273 Evangelio:
1222 2205 1278 2259 In
1310 2207 1714 2275 principio-erat

172 2296 418 2359 Verbum,
454 2305 507 2349 et
535 2295 764 2349 Verbum
788 2305 904 2369 erat
933 2300 1067 2364 apud
1090 2295 1274 2362 Deum,
1319 2304 1374 2350 et
1422 2296 1559 2349 Deus
1601 2304 1716 2350 erat

171 2387 398 2441 Verbum
435 2386 614 2455 (Joan.
641 2402 680 2452 ι,
707 2387 778 2458 1).
813 2387 875 2440 Et
901 2386 952 2440 in
982 2384 1327 2456 Apocalypsi:
1358 2384 1424 2438 Et
1466 2395 1579 2440 erat
1621 2401 1714 2441 co-

173 2484 386 2542 opertus
437 2474 808 2529 vestimentum
840 2488 1108 2542 aspersum
1156 2473 1428 2542 sanguine,
1459 2482 1512 2527 et
1561 2487 1717 2527 voca-

173 2562 536 2617 bitur‘nomen
579 2564 694 2630 ejus
729 2562 950 2616 Verbum
984 2562 1076 2615 Dei
1118 2562 1295 2631 (Apoc.
1343 2578 1454 2626 ιιι,
1483 2557 1590 2633 15).
1639 2563 1715 2618 De

177 2648 370 2716 Spiritu
401 2656 588 2704 sancto
617 2648 681 2701 ad
709 2647 991 2717 Ephesios:
1024 2647 1076 2701 In
1097 2641 1339 2702 omnibus
1381 2643 1714 2705 assumentes

174 2745 370 2792 scutum
413 2737 559 2804 ﬁdei,
604 2737 655 2791 in
692 2751 796 2806 quo
823 2737 1032 2806 possitis
1058 2740 1249 2796 omnia
1294 2737 1466 2807 jacnla
1497 2739 1712 2806 nequis-

176 2826 285 2878 simi
312 2827 595 2881 candentia
625 2827 973 2894 exstinguere,
1004 2834 1058 2880 et
1085 2827 1282 2895 galeam
1304 2825 1508 2890 salutis,
1530 2834 1584 2879 et
1603 2827 1712 2894 gla-

177 2914 310 2969 dium
330 2916 575 2985 spiritus,
604 2916 743 2986 quod
764 2926 847 2970 est
869 2915 1097 2971 Verbum
1139 2916 1229 2971 Dei
1259 2913 1473 2986 (Ephes.
1501 2917 1709 2986 vncla).

731 3025 952 3082 CAPUT
983 3025 1073 3080 XX
1085 3026 1144 3085 ν.

387 3138 542 3204 Quod
567 3138 750 3193 caritas
780 3139 937 3192 omnis
953 3137 1176 3193 Trinitas
1203 3138 1502 3209 appelletur.

242 3247 399 3318 ἣδε
425 3248 631 3303 Caritas
653 3249 824 3312 Pater,
855 3251 1044 3304 caritas
1072 3248 1248 3312 Filius,
1273 3250 1463 3304 caritas
1490 3250 1714 3321 Spiritus

180 3345 400 3391 sanctus.
430 3337 505 3392 De
536 3337 687 3392 Patre
716 3340 766 3391 in
806 3337 1027 3393 Joannis
1069 3339 1322 3407 Epistola:
1350 3339 1542 3407 Filioli,
1564 3341 1714 3398 .Dcus

179 3425 354 3479 caritas
381 3435 488 3490 est,
518 3433 571 3479 et
601 3425 686 3494 qui
711 3423 888 3480 manet
916 3427 965 3480 in
990 3428 1231 3491 caritate,
1257 3427 1311 3482 in
1359 3427 1469 3483 Deo
1514 3439 1710 3496 manet,

182 3520 228 3563 et
246 3510 375 3567 Deus
395 3514 446 3567 in
469 3528 536 3568 eo
558 3515 606 3581 (Ι
635 3513 888 3591 learn-iv,
918 3514 1025 3585 16).
1053 3515 1124 3570 De
1145 3513 1274 3570 Filio
1296 3515 1360 3569 ad
1377 3513 1710 3584 Corinthios:

182 3600 288 3656 Sive
309 3606 449 3658 enim
481 3618 658 3660 mente
678 3606 1001 3659 excessimus
1032 3607 1138 3660 Deo
1162 3622 1177 3671 ;
1200 3606 1307 3659 sive
1329 3606 1491 3660 sobrii
1509 3622 1710 3672 sumus,

185 3692 342 3757 vobis;
369 3694 566 3748 caritas
589 3695 728 3748 enim
748 3694 938 3750 Christi
966 3705 1112 3765 urget
1143 3708 1238 3748 nos
1260 3692 1345 3764 (II
1367 3691 1492 3747 Cor.
1517 3709 1582 3758 v,
1599 3696 1709 3765 15).

185 3777 457 3850 DeSpiritu
489 3791 676 3836 sancto
699 3783 763 3836 ad
811 3783 1073 3837 Botnanos
1097 3799 1112 3839 :
1139 3783 1372 3837 Obsecro
1396 3782 1570 3851 itaque
1596 3799 1710 3847 vox,

187 3865 377 3935 fratres,
406 3887 503 3941 per
534 3871 810 3926 Dominum
855 3881 1087 3928 nostrum
1113 3873 1289 3941 lesum
1330 3870 1620 3938 Christum,
1655 3882 1708 3927 et

186 3967 265 4018 per
287 3960 557 4013 caritatem
583 3959 806 4026 Spiritus
837 3960 1002 4014 sancti
1050 3959 1224 4028 (Rom.
1272 3973 1364 4021 xv,
1397 3957 1510 4026 30).
1544 3959 1605 4012 Et
1645 3958 1709 4012 ad

189 4040 403 4099 Galatas:
439 4047 497 4101 In
537 4048 776 4101 libertate
805 4049 971 4101 vocati
993 4049 1121 4102 estis
1143 4046 1281 4115 (Gul.
1307 4061 1360 4112 v,
1393 4046 1502 4114 l3).
1537 4046 1601 4100 Et
1631 4049 1712 4101 in-

187 4125 284 4181 tra:
313 4134 402 4185 sed
432 4145 528 4201 per
550 4134 819 4187 caritatem
841 4133 1058 4202 spiritus
1079 4134 1270 4188 servite
1292 4132 1340 4186 in
1371 4133 1613 4188 invicem.
1647 4134 1711 4188 Et

188 4217 242 4270 ad
263 4217 559 4277 Corinthios
588 4224 785 4292 inquit:
819 4224 983 4278 Vultis
1014 4223 1219 4279 veniam
1246 4223 1312 4279 ad
1345 4237 1439 4280 vos
1470 4225 1522 4280 in
1543 4225 1707 4294 virga,

189 4319 243 4360 au
271 4309 318 4363 iu
341 4315 560 4368 caritate
585 4314 798 4384 spiritus
828 4312 881 4384 (Ι
905 4312 1024 4368 Cor.
1053 4311 1264 4383 ιν,21)ἳ

727 4425 948 4482 CAPUT
977 4425 1163 4481 XXVI.

285 4511 424 4576 Quod
449 4518 603 4569 vitam
634 4527 873 4570 internum
913 4519 1072 4570 omnis
1094 4516 1313 4571 Trinitas
1339 4519 1603 4588 largiatur.

253 4615 412 4674 Vitam
438 4633 694 4683 mternam
725 4625 813 4678 dat
843 4624 1015 4692 Pater,
1042 4626 1175 4680 banc
1200 4624 1379 4690 Filius,
1424 4626 1556 4679 hanc
1593 4628 1711 4696 Spi-

191 4700 306 4756 ritus
330 4719 561 4764 sauctus.
594 4712 666 4767 De
690 4714 842 4768 Patre
868 4716 918 4768 in
946 4716 1163 4770 Joannis
1192 4716 1418 4784 Epistola
1450 4733 1463 4769 :
1491 4717 1585 4781 Qui
1605 4732 1707 4771 non

192 4793 339 4848 credit
367 4797 486 4861 Deo,
516 4802 817 4855 mendacem
850 4802 974 4858 facit
994 4819 1132 4867 eum,
1161 4805 1277 4873 quia
1302 4821 1404 4858 non
1432 4805 1604 4859 credit
1633 4815 1710 4859 te-

195 4883 418 4943 stimonio
461 4892 603 4960 quod
636 4899 854 4947 testatus
883 4904 963 4949 est
986 4895 1052 4948 de
1078 4895 1210 4949 Filio
1247 4909 1374 4949 suo:
1407 4904 1462 4949 et
1504 4896 1603 4949 hoc
1627 4905 1722 4964 est,

195 4973 542 5048 testimonium,
571 4983 817 5048 quoniam
865 4984 1022 5036 vitam
1071 4994 1319 5038 :eternam
1362 4984 1506 5038 dedit
1557 4985 1706 5037 nobis

197 5056 315 5114 Deus
337 5063 610 5133 (IJoan.v,
635 5069 744 5138 l0).
767 5071 838 5124 De
861 5071 992 5126 Filio
1014 5073 1062 5126 in
1081 5073 1363 5142 Evangelia
1381 5091 1394 5125 :
1412 5073 1548 5127 Oves
1576 5088 1706 5126 mea:

196 5159 356 5206 Vocem
391 5172 554 5213 meam
576 5160 812 5226 audiunt,
840 5169 891 5214 et
916 5173 1204 5228 sequuntur
1224 5177 1327 5223 me,
1353 5170 1408 5216 et
1427 5175 1524 5231 ego
1546 5162 1702 5214 vitam

197 5239 417 5291 aeternam
443 5243 508 5296 do
531 5245 611 5297 eis
641 5243 660 5313 (
690 5243 842 5297 Idan.
865 5260 918 5305 x,
942 5245 1012 5296 27
1043 5247 1079 5313 ).
1116 5247 1178 5298 Et
1207 5247 1255 5298 in
1288 5245 1521 5312 Epistola
1547 5243 1700 5298 Joan-

198 5317 404 5391 niszQui
424 5330 577 5388 habet
606 5334 812 5398 Filium,
844 5315 996 5389 habet
1025 5336 1176 5387 vitam
1199 5346 1449 5388 aeternam
1471 5333 1523 5403 (ι
1548 5336 1701 5386 Joan.

201 5419 244 5469 νο
270 5410 364 5482 ¹ε).
387 5417 457 5474 De
482 5424 680 5492 Spiritu
709 5435 890 5479 sancto
911 5425 975 5477 ad
1003 5423 1210 5477 Galatas
1234 5440 1248 5477 :
1279 5424 1374 5489 Qui
1396 5425 1619 5477 seminat
1651 5424 1702 5475 in

201 5509 336 5556 carne
358 5521 467 5576 sua,
495 5515 562 5569 de
589 5530 745 5571 carne
763 5525 816 5570 et
845 5524 1006 5571 metet
1041 5516 1429 5583 corruptionem
1459 5531 1472 5568 :
1500 5515 1586 5581 qui
1613 5530 1704 5566 au-

205 5593 289 5642 ινηι
331 5600 540 5656 seminat
577 5602 627 5656 in
673 5606 880 5674 spiritu,
910 5605 977 5661 de
1024 5607 1208 5671 spiritu
1245 5613 1404 5661 metet
1430 5605 1588 5659 vitam
1626 5619 1699 5657 tc-

205 5681 377 5739 lernam
405 5687 536 5747 (Gal.
569 5709 635 5750 vt.
655 5692 735 5762 8).
1022 5716 1028 5728 ‘
1057 5689 1064 5695 ’

1272 317 1536 373 CONTRA
1583 317 1980 376 VARIMAliUM
2022 321 2147 377 LIB.
2190 321 2276 375 III.

1744 432 1791 490 Δ

1744 1786 1792 1845 Β

3260 329 3361 384 418

2369 430 2585 486 CAPUT
2612 432 2812 488 XXVII.

2058 521 2208 586 Quod
2251 535 2425 586 pacem
2473 524 2631 575 omnis
2660 522 2880 575 Trinitas
2912 523 3114 576 tribuat.

1885 607 2072 663 Pacem
2102 610 2192 663 dat
2232 609 2408 672 Pater,
2453 623 2635 676 pacem
2681 611 2772 664 dat
2827 610 3011 675 Filius,
3063 625 3245 680 pacem
3274 612 3365 666 dat

1815 700 2039 767 Spiritus
2061 711 2294 755 sanctus.
2327 699 2454 753 Item
2483 700 2553 753 ibi
2595 719 2607 752 :
2653 700 2789 754 Deus
2843 712 3042 767 noster,
3089 717 3270 772 pacem
3297 704 3363 755 da

1817 791 1966 845 nobis
1998 788 2136 863 (Gal.
2164 805 2204 856 ι,
2233 791 2310 858 5).
2342 789 2408 843 Et
2451 788 2736 856 Apostolus
2778 806 2794 845 :
2826 791 2963 845 Deus
3014 802 3189 847 autem
3220 794 3365 862 pacis

1813 879 1904 934 det
1930 879 2082 933 vobis
2108 894 2292 948 pacem
2319 876 2406 949 (Il
2439 877 2618 932 Thess.
2641 894 2716 943 Ill,
2737 879 2847 948 16).
2876 880 2938 934 Ει
2964 882 3150 935 iterum
3179 898 3192 934 :
3223 881 3364 936 Deus

1813 978 1989 1022 autem
2017 967 2176 1040 559
2200 969 2314 1036 spei
2336 967 2624 1037 adimpleat
2640 983 2732 1022 vos
2757 969 2900 1027 omni
2926 971 3114 1039 gaudio
3135 980 3190 1026 et
3214 986 3360 1040 pace,
3431 986 3434 990 λ

1816 1064 1872 1110 ut
1890 1056 2168 1111 abundetis
2188 1067 2239 1112 et
2259 1056 2566 1127 gloriﬂcetis
2588 1057 2793 1111 Patrem
2823 1058 3028 1111 Domini
3051 1060 3216 1112 nostri
3237 1059 3361 1112 Jesu

1814 1147 2010 1201 Christi
2041 1148 2216 1218 (Rom.
2253 1164 2355 1213 .xv,
2390 1147 2501 1217 15).
2561 1148 2635 1201 De
2659 1148 2792 1202 Filio
2821 1148 2873 1202 in
2921 1150 3163 1203 Nutneris
3195 1167 3207 1200 :
3241 1150 3364 1202 Haec

1814 1235 1940 1289 dicit
1967 1235 2238 1302 Dominus,
2260 1238 2347 1305 qui
2381 1236 2504 1291 fecit
2542 1236 2705 1290 Israel
2735 1254 2747 1289 :
2777 1237 2913 1292 Ecce
2941 1251 3038 1305 ego
3063 1238 3132 1292 do
3159 1239 3262 1292 illis
3287 1248 3365 1292 te-

1815 1335 2135 1380 stamentum
2185 1328 2350 1395 pacis,
2403 1336 2457 1380 et
2508 1328 2658 1381 eritis
2684 1343 2801 1381 cum
2829 1343 2915 1394 eo,
2943 1338 2996 1381 et
3022 1343 3142 1382 cum
3163 1329 3364 1382 semine

1813 1413 1928 1482 ejus
1959 1423 2070 1482 post
2097 1417 2264 1482 ipsum
2294 1416 2480 1486 (Num.
2516 1432 2639 1480 xxv,
2671 1414 2776 1486 15).
2829 1417 2898 1470 De
2941 1416 3139 1486 Spiritu
3181 1428 3364 1471 sancto

1812 1505 2129 1573 Apostolus:
2161 1506 2440 1560 Prudentia
2464 1507 2605 1560 enim
2636 1508 2810 1560 carnis
2833 1522 2974 1562 mors
2999 1516 3101 1576 est,
3134 1510 3362 1578 pruden-

1815 1596 1884 1649 tia
1914 1605 2088 1650 autem
2122 1597 2342 1664 spiritus
2369 1597 2477 1649 vita
2514 1607 2566 1650 et
2589 1612 2684 1663 pax
2715 1606 2799 1651 est
2827 1598 3000 1666 (Rom.
3035 1615 3147 1664 vm,
3177 1599 3251 1667 6).

2351 1687 2572 1743 CAPUT
2596 1688 2827 1742 XXVIII.

2223 1775 2298 1830 De
2321 1777 2572 1830 communi
2595 1777 2954 1833 consolatione.

1885 1866 2203 1922 Consolatur
2248 1865 2436 1933 Pater,
2489 1867 2792 1921 consolatur
2823 1866 2861 1920 F
2866 1867 3018 1934 ibus,
3061 1868 3362 1922 consolatur

1817 1957 2044 2026 Spiritus
2094 1967 2328 2012 sanctus.
2380 1957 2455 2011 De
2482 1958 2636 2012 Patre
2663 1957 2729 2012 ad
2769 1957 3066 2013 Corinthius
3096 1976 3110 2014 :
3142 1959 3363 2014 Benedi-

1813 2058 1928 2102 ctus
1959 2048 2096 2102 Deus
2117 2047 2272 2102 Pater
2312 2047 2520 2102 Domini
2564 2048 2728 2103 nostri
2783 2047 2910 2104 Jesu
2957 2049 3175 2114 Christi,
3215 2059 3363 2119 pater

1814 2137 2293 2192 misericordiarum
2338 2147 2393 2192 et
2444 2137 2585 2192 Deus
2636 2139 2795 2192 totius
2845 2140 3219 2202 consolationis
3270 2141 3359 2209 qui

1813 2231 2115 2285 consolatur
2144 2245 2240 2285 nos
2265 2229 2346 2299 (Il
2379 2229 2499 2286 Car.
2552 2247 2589 2295 ι,
2621 2231 2698 2302 δ).
2745 2233 2819 2288 De
2854 2233 2988 2287 Filio
3018 2235 3104 2288 ubi
3149 2250 3310 2303 supra
3342 2254 3355 2288 :

1815 2321 2074 2392 Quoniam
2105 2321 2242 2375 sicut
2272 2322 2541 2376 abundant
2570 2324 2840 2390 passiones
2869 2325 3065 2380 Christi
3102 2328 3150 2380 iu
3184 2327 3360 2391 nobis,

1815 2410 1883 2463 ita
1909 2419 1964 2464 et
1984 2425 2077 2479 per
2097 2410 2366 2464 Christum
2395 2411 2622 2466 abundat
2648 2413 2938 2468 consolatio
2966 2424 3144 2468 nostra
3173 2414 3361 2482 μένεα..

1815 2500 1889 2570 5).
1913 2499 1990 2555 De
2007 2501 2201 2569 Spiritu
2231 2512 2414 2556 saneto
2437 2501 2489 2556 in
2513 2503 2794 2572 Evangelio
2816 2506 2974 2559 :Cum
3001 2508 3202 2560 venerit
3228 2521 3358 2561 con-

1813 2589 2196 2659 solatur‘quem
2227 2593 2429 2645 mittam
2461 2591 2609 2667 vobis
2637 2591 2890 2659 Spiritum
2917 2595 3177 2659 veritatis,
3213 2599 3299 2664 qui
3331 2612 3360 2652 a

1814 2680 1967 2735 Patre
1995 2697 2114 2736 meo
2133 2683 2389 2750 procedit,
2423 2683 2535 2751 ipse
2561 2698 2655 2740 vos
2680 2684 2888 2738 docebit
2919 2699 3128 2740 omnem
3169 2687 3361 2742 verita-

1813 2778 1940 2834 tem,
1970 2780 2024 2824 et
2047 2781 2266 2825 ventura
2295 2773 2630 2826 annuntiabit
2655 2773 2802 2826 vobis
2829 2772 3005 2843 (Joan.
3040 2791 3126 2842 xv,
3152 2774 3267 2844 26).

2365 2860 2586 2916 CAPUT
2614 2862 2804 2916 xm.
3021 2924 3030 2933 ,

1882 2998 1883 3001 η
2080 3020 2081 3023 η
2127 2948 2204 3004 De
2225 2952 2478 3004 communi
2503 2953 2762 3021 juvamine
2781 2952 3062 3008 Trinitatis.

1885 3036 2111 3108 Adjuvat
2149 3039 2322 3107 Pater,
2360 3027 2585 3108 'adjuvat
2639 3040 2818 3106 Filius,
2873 3042 3082 3110 adjuvat
3132 3041 3359 3111 Spiritus

1739 3125 1784 3187 C
1814 3140 2044 3185 sanctus.
2077 3131 2151 3185 De
2193 3131 2350 3186 Patre
2391 3135 2441 3184 in
2501 3134 2701 3200 psalmo
2730 3136 3130 3204 quadragesimo
3176 3137 3359 3207 quinto

1818 3219 1989 3291 (Vers.
2015 3221 2109 3290 6):
2142 3222 2277 3275 Deus
2304 3222 2355 3275 in
2408 3221 2717 3290 mediuejus
2765 3238 2866 3276 non
2920 3228 3356 3293 commovebitur,

1815 3310 2083 3378 adjuvabit
2097 3318 2212 3364 eam
2238 3310 2374 3364 Deus
2400 3312 2542 3364 vultu
2572 3325 2688 3364 suo.
2716 3311 2788 3365 De
2809 3311 2939 3365 Filio
2960 3310 3013 3366 in
3043 3313 3356 3383 Evsngelio:

1813 3397 1944 3478 Qum
1975 3400 2207 3453 venisset
2232 3398 2390 3476 ‘Jesus
2414 3399 2464 3453 in
2495 3410 2667 3467 partes
2692 3399 2818 3468 Tyri
2858 3409 2913 3454 et
2959 3400 3167 3467 Sidonis
3192 3442 3206 3466 ,
3237 3417 3360 3458 ecce

1816 3492 2006 3545 mulier
2029 3491 2328 3571 Chananaza
2377 3505 2405 3544 a
2441 3491 2632 3545 ﬁnibus
2689 3492 2790 3545 illis
2844 3507 3051 3560 egressa
3081 3494 3359 3559 clamabat,

1813 3581 2000 3636 dicens
2040 3599 2051 3635 :
2105 3581 2304 3651 Adjnva
2348 3597 2455 3647 me,
2503 3583 2723 3637 Dum'ne
2762 3582 2972 3653 (Matth.
3018 3601 3105 3650 xv,
3133 3584 3246 3656 ‘25).
3286 3586 3360 3641 De

1814 3672 2013 3740 Spiritu
2042 3682 2227 3727 sancto
2258 3674 2309 3728 in
2338 3671 2595 3742 Apostolo
2626 3685 2656 3728 :‘
2672 3673 2799 3725 Nam
2827 3673 2951 3742 quid
2993 3688 3203 3728 oremus
3227 3674 3361 3729 sicut

1811 3771 2021 3831 oportet
2042 3763 2330 3828 nescimus,
2371 3761 2464 3817 sed
2508 3761 2622 3830 ipse
2650 3761 2878 3828 Spiritus
2903 3760 3110 3828 adjuvat
3139 3753 3360 3819 inlirmi-

1814 3861 1972 3908 tatem
2006 3862 2240 3908 nostram
2270 3851 2446 3919 (Rom.
2476 3867 2591 3916 vni,
2615 3850 2734 3918 26).

2385 3958 2611 4014 CAPUT
2641 3957 2800 4011 XXX.

2165 4049 2239 4104 De
2262 4049 2515 4103 communi
2541 4049 2704 4118 gloria
2734 4046 3013 4100 Trinitatis.

1878 4143 2041 4213 560
2080 4141 2221 4197 Deus
2241 4141 2424 4210 glorias
2457 4140 2632 4205 Pater,
2673 4140 2772 4193 hoc
2804 4139 2986 4200 Filius,
3011 4130 3108 4192 liae
3130 4137 3356 4206 Spiritus

1810 4241 2042 4287 sanctus.
2074 4231 2146 4285 De
2178 4231 2332 4285 Patre
2360 4231 2413 4283 in
2443 4230 2692 4286 Actibus:
2744 4228 2879 4281 Deus
2907 4227 3086 4293 gloriae
3114 4227 3353 4294 apparuit

1811 4323 1950 4376 Patri
2001 4331 2183 4376 nostro
2236 4320 2520 4386 Abraham,
2575 4333 2692 4370 cum
2727 4327 2868 4370 esset
2908 4317 2957 4367 in
2982 4316 3354 4381 Mesopotamia

1817 4413 1948 4482 (Act.
1980 4428 2072 4478 vn,
2099 4411 2175 4481 Ξ).
2212 4410 2283 4464 De
2314 4409 2446 4462 Filio
2474 4408 2526 4461 in
2558 4405 2811 4474 Apostolo
2849 4421 2862 4456 :
2895 4404 2948 4458 Si
2996 4405 3135 4458 enim
3164 4419 3358 4472 cogno~

1819 4505 2054 4565 vissent,
2109 4516 2372 4569 nunquam
2428 4498 2699 4552 Dominum
2750 4494 2929 4563 gloria:
2977 4492 3358 4546 cruciﬁxissent

1813 4593 1871 4663 (Ι
1897 4595 2012 4648 Cor.
2043 4609 2097 4657 tl,
2139 4592 2215 4662 8).
2247 4592 2319 4646 De
2361 4589 2556 4657 Spiritu
2587 4594 2767 4640 sancto
2812 4584 2873 4637 ad
2905 4582 3236 4642 Corinthios:
3276 4583 3356 4634 An

1817 4686 2028 4738 nescitis
2082 4685 2200 4752 quia
2255 4676 2475 4747 corpora
2532 4687 2702 4730 vestra
2742 4674 2988 4740 templum
3015 4672 3170 4726 estin
3210 4673 3357 4726 vobis

1816 4775 2043 4842 Spiritus
2063 4773 2252 4834 sancti,
2290 4785 2443 4839 quem
2483 4768 2683 4820 habetis
2709 4780 2738 4816 a
2772 4764 2878 4818 Deo
2899 4762 2946 4830 (Ι
2979 4761 3095 4815 Cor.
3129 4776 3199 4826 vr,
3229 4761 3358 4829 l9)?

1818 4865 1880 4918 Et
1907 4863 2066 4916 infra:
2101 4861 2401 4914 Glul'ilicate
2431 4867 2484 4910 ct
2514 4865 2720 4924 portate
2753 4853 3029 4905 Dominum
3057 4853 3108 4904 in
3134 4863 3356 4918 corpore

1816 4965 1991 5008 venio
2017 4951 2201 5022 (lbid.,
2230 4950 2339 5017 20).

2362 5054 2582 5109 CAPUT
2613 5054 2797 5106 XXXI.

2266 5145 2340 5199 De
2375 5146 2623 5198 communi
2655 5145 2900 5194 doctrina.

1883 5241 2124 5296 Doctrini
2153 5240 2342 5299 Patris,
2375 5237 2612 5290 doctrina
2658 5234 2796 5296 Filii,
2843 5232 3074 5284 durtr‘na
3119 5228 3349 5294 Spiritus

1813 5333 1997 5386 sant-ti.
2037 5332 2108 5383 De
2139 5330 2290 5382 Patre
2338 5331 2388 5379 in
2419 5325 2634 5379 Actibus
2668 5341 2680 5376 :
2715 5323 2856 5375 Tunc
2896 5319 3022 5371 vidit
3071 5318 3348 5384 proconsul

1813 5423 1946 5481 quml
1997 5422 2184 5473 laetum
2215 5430 2314 5480 est,
2367 5425 2421 5469 et
2449 5417 2590 5468 \cred
2615 5415 2691 5466 dit
2726 5412 2986 5464 admirans
3025 5411 3074 5461 in
3109 5408 3348 5463 doctrina

1816 5515 1902 5566 Dei
1927 5513 2061 5576 (Act.
2099 5525 2147 5562 χι
2171 5525 2208 5570 1,
2237 5509 2346 5574 Ii).
2371 5509 2442 5560 De
2471 5505 2602 5558 Filio
2622 5504 2684 5555 ad
2713 5503 2917 5554 Titum:
2948 5499 3097 5553 Servi
3116 5497 3348 5551 dominis
3407 5498 3415 5505 ’

1809 5604 1917 5653 suis
1954 5598 2259 5657 obedientes
2303 5601 2409 5648 sint
2439 5596 2489 5647 in
2520 5593 2762 5644 tmuiiluts
2808 5588 2933 5653 (Tit.
2965 5603 3023 5652 tt,
3053 5586 3133 5656 9).
3168 5587 3230 5641 Et
3261 5590 3344 5640 in-
3392 5594 3396 5598 ’

1810 5689 1914 5740 ﬂ'a:
1949 5686 2011 5740 lit
2036 5685 2279 5740 doctrina
2299 5684 2588 5740 Salvatoris
2615 5679 2777 5733 nostri
2810 5678 2937 5733 .Iesu
2964 5677 3158 5731 Christi
3186 5692 3343 5731 orne-
