3862 6222
184 242 278 297 ηε

1271 232 1537 287 CONTRA
1578 230 1975 288 VARIMADUM
2020 233 2142 287 LIB.
2186 232 2271 285 111.

3265 234 3369 289 4⁸22

185 350 380 419 palmo
419 343 848 413 quinquagesimo
900 341 1073 410 (Verr.
1116 343 1206 410 12)
1244 362 1257 395 :
1308 342 1412 397 Cor
1466 340 1716 395 mundum
1746 351 1792 407 Α
1823 344 2111 397 viviﬁcatus
2139 353 2312 398 autem
2361 343 2544 412 spiritu
2586 343 2781 412 (I~Pel.
2818 360 2893 407 Ill,
2922 344 3031 408 l8).
3072 345 3133 398 Et
3180 344 3370 403 Paulus

184 440 476 500 crcainme,
501 437 660 499 Deus,
683 444 737 489 et
759 429 1009 504 Spiritum
1036 444 1237 489 rectum
1261 449 1455 490 renova
1477 434 1528 488 in
1552 433 1717 488 visce-

188 536 323 588 ribus
345 530 487 585 meis.
748 591 971 647 CAPUT
1008 591 1139 646 xu.

423 683 515 738 Ubi
553 681 833 737 benedictio
872 681 1131 736 Trinitatis
1160 682 1468 753 appellatur.

257 794 561 850 Benedictus
618 792 792 855 Pater,
839 791 1143 847 benedictus
1181 793 1369 858 Filius,
1414 792 1723 848 benedictus

191 884 407 951 S,.iritus
435 890 666 935 sanctus.
693 880 767 935 De
795 880 950 936 Patre
978 882 1028 935 in
1056 883 1374 951 Evangelia:
1405 882 1723 936 Benedictus

194 974 430 1028 Dominus
454 969 613 1040 484
640 970 780 1025 Deus
809 970 989 1034 Israel,
1018 972 1137 1040 quia
1170 973 1396 1026 visitavit
1415 980 1466 1025 et
1492 971 1618 1025 fecit
1642 985 1727 1025 re—

192 1061 531 1127 deruptionem
582 1058 747 1127 plebis
801 1075 909 1115 sua
964 1059 1113 1127 (Luc.
1157 1075 1194 1127 ι,
1226 1062 1340 1122 78).
1393 1062 1466 1116 De
1496 1061 1632 1117 Filio
1659 1061 1725 1114 ad

193 1152 444 1204 ltuiuanos
483 1166 497 1202 :
542 1150 618 1203 Ex
649 1150 837 1220 quibus
884 1150 1128 1207 Christus
1158 1151 1449 1206 secundum
1486 1167 1723 1216 carnem,

192 1244 273 1311 qui
298 1254 376 1296 est
402 1256 557 1309 super
573 1243 753 1295 omnia
768 1241 899 1296 Deus
921 1241 1228 1297 benedictus
1251 1242 1302 1295 in
1332 1243 1526 1295 saecula
1548 1241 1726 1311 (Itoni.

192 1350 267 1395 ιι,
289 1334 363 1401 5).
397 1333 469 1388 De
497 1333 697 1401 Spiritu
733 1342 917 1387 sancto
946 1333 998 1387 in
1045 1331 1334 1389 Salomone
1362 1350 1378 1387 :
1410 1333 1729 1387 Benedictus

189 1424 398 1490 spiritus
420 1424 678 1491 iustorum
705 1438 737 1476 a
759 1423 1001 1487 Domino,
1024 1431 1077 1477 et
1103 1424 1154 1477 in
1176 1430 1424 1491 reSpectu
1454 1422 1594 1477 illius
1618 1422 1733 1489 εἰο-

188 1514 452 1569 riabuutur
482 1511 669 1582 (Eccli.
699 1528 877 1577 xxxiv,
906 1511 1016 1580 14).

736 1598 955 1654 CAPUT
999 1598 1156 1654 XLII.

572 1688 652 1742 De
686 1690 936 1744 comnmni
966 1692 1352 1761 confortatione.

262 1790 523 1843 Coniortat
552 1790 724 1855 Pater,
761 1790 839 1845 sic
866 1788 1049 1853 Filius,
1104 1792 1174 1842 ita
1218 1787 1445 1856 Spiritus
1490 1796 1730 1843 sanctus.

191 1880 274 1935 De
320 1881 467 1935 Patre
510 1881 561 1935 in
606 1879 796 1933 Esther
840 1896 852 1931 :
892 1878 1142 1933 Conlorta
1192 1895 1298 1945 me,
1328 1878 1437 1933 Rex
1485 1880 1731 1941 deorum,

190 1985 398 2024 omnem
446 1970 795 2039 principatum
848 1980 1033 2022 tenens
1080 1970 1288 2040 (Esther
1322 1985 1440 2033 xtv,
1495 1968 1604 2038 12).
1658 1969 1734 2023 De

194 2057 330 2110 Filio
358 2058 638 2125 Apostolus
669 2076 681 2112 :
708 2056 913 2115 Gratias
934 2072 1033 2127 ago
1064 2059 1170 2114 Deo
1204 2067 1387 2114 nostro
1427 2059 1553 2113 Jesu
1582 2059 1733 2111 Chri-
1776 2060 1784 2067 ‘

192 2158 297 2212 sto,
331 2151 413 2218 qui
442 2148 755 2203 contortavit
794 2164 877 2203 me
899 2191 914 2217 ,
954 2158 1006 2205 et
1036 2150 1245 2205 ﬁdelem
1292 2151 1588 2215 aestimavit,
1642 2165 1737 2217 pu—

197 2252 331 2291 neus
362 2239 410 2290 in
442 2238 733 2291 ministerio
758 2236 817 2304 (1
840 2238 968 2291 Tim.
994 2254 1031 2305 ι,
1064 2240 1175 2307 li).
1208 2239 1284 2293 De
1310 2240 1509 2307 Spititu
1552 2248 1734 2291 sancto

196 2328 251 2380 in
280 2326 588 2396 Evangelia:
623 2327 757 2381 Puer
788 2338 965 2382 autem
990 2330 1280 2398 crescebat,
1310 2340 1364 2386 et
1406 2331 1738 2386 contortulis-

198 2427 283 2469 tur
310 2416 358 2470 in
391 2416 581 2485 spiritu
630 2416 779 2487 (Luc.
802 2431 842 2483 ι,
874 2417 988 2487 80).

744 2526 968 2583 CAPUT
1008 2529 1183 2583 XLIII.

571 2617 647 2670 De
682 2621 933 2673 comumni
960 2622 1331 2675 resurrectione.

275 2717 561 2772 ltesuscitat
584 2718 756 2788 Pater,
787 2722 1064 2775 resuscitat
1085 2721 1274 2787 Filius,
1314 2724 1593 2778 resuscitat
1617 2723 1738 2790 Spi-

202 2806 335 2860 ritus
360 2819 588 2860 sanctus.
616 2807 689 2862 De
712 2808 865 2863 Patre
890 2811 943 2863 in
970 2810 1187 2866 Actibus
1210 2829 1221 2863 :
1250 2814 1384 2867 Deus
1413 2824 1617 2881 patrum
1647 2828 1743 2865 no-

198 2906 423 2951 strorum
456 2897 726 2950 suscitavit
754 2899 959 2967 Jcsutn,
1010 2910 1064 2955 et
1121 2916 1217 2955 nos
1266 2904 1606 2959 resuscitabit
1647 2918 1740 2971 per

202 2988 483 3055 potentiam
514 3003 662 3041 suam
693 2989 826 3058 (Act.
858 3005 910 3055 ιι,
938 2988 1047 3057 32).
1071 2990 1143 3045 De
1171 2992 1303 3045 Filio
1328 2992 1380 3044 in
1406 2985 1689 3061 Evangetio
1721 3010 1733 3043 :

202 3075 343 3128 Multi
373 3085 547 3130 autem
604 3075 907 3131 Judteorum
959 3090 1217 3135 venerunt
1264 3079 1355 3144 ibi,
1416 3096 1516 3134 non
1566 3082 1736 3135 solum

205 3174 414 3234 propter
441 3165 639 3229 Jesum,
666 3166 757 3221 sed
788 3176 842 3220 ut
884 3167 1136 3224 Lazarum
1170 3160 1429 3233 viderent,
1458 3186 1613 3238 quem
1664 3185 1742 3225 re-

203 3257 549 3308 suscitaverat
570 3269 598 3307 a
628 3257 847 3309 mortuis
868 3256 1042 3326 (Joan.
1075 3273 1168 3320 xu,
1198 3259 1273 3327 9).
1304 3260 1375 3312 De
1400 3261 1598 3327 Spiritu
1623 3277 1744 3315 san-

204 3352 286 3394 cto
315 3343 362 3394 in
393 3344 644 3409 Apostolo
678 3362 688 3395 :
724 3345 780 3398 Si
811 3358 987 3401 autem
1026 3347 1251 3415 Spiritus
1270 3350 1408 3418 ejus,
1447 3351 1537 3420 qui
1579 3356 1742 3405 susci-

204 3434 328 3484 tavit
351 3433 527 3485 Jesuut
544 3448 578 3487 a
603 3435 845 3502 mortuis,
896 3434 1099 3491 habitat
1122 3440 1171 3491 in
1198 3440 1366 3505 vobis,
1391 3441 1668 3495 vivilieabit
1697 3451 1750 3495 et

207 3521 443 3575 mortalia
469 3537 694 3592 corpora
721 3532 919 3591 vestra,
952 3540 1044 3595 per
1073 3527 1457 3586 inhabitantem
1494 3533 1747 3601 Spiritum

204 3626 439 3668 sanctum
464 3612 520 3669 in
546 3614 695 3670 vobis
716 3614 894 3684 (Rom.
924 3632 1039 3684 vni,
1072 3619 1181 3690 11).

748 3718 972 3785 CAPUT
1013 3728 1189 3783 XLIV.

602 3813 675 3869 Dc
693 3818 945 3871 conmtuui
973 3819 1328 3876 invisibilitate.

272 3914 557 3970 Invisibilis
585 3906 761 3982 Pater,
820 3919 1099 3975 invisibilis
1154 3922 1335 3985 Filius,
1372 3923 1470 3977 hoc
1522 3925 1750 3993 Spiritus

206 4017 435 4061 sanctus.
466 4008 537 4061 De
555 4007 709 4062 Patre
729 4009 794 4061 ad
818 4007 1157 4065 Celesseuses
1180 4029 1194 4064 :
1228 4014 1324 4078 Qui
1355 4024 1437 4068 est
1468 4015 1637 4083 imago
1657 4015 1748 4069 Dei

209 4095 476 4148 invisibilis
505 4094 640 4162 (Col.
676 4111 711 4159 ι,
744 4096 847 4165 15).
882 4097 955 4151 De
976 4098 1107 4152 Filio
1138 4104 1188 4154 in
1215 4103 1347 4155 libro
1368 4103 1497 4157 Job:
1530 4105 1750 4173 Sapien-

210 4185 325 4237 tiam
375 4186 469 4240 Dei
523 4186 660 4240 unde
714 4186 986 4242 invenies?
1017 4188 1169 4243 Latet
1218 4192 1357 4245 enim
1398 4209 1427 4245 ιι
1461 4206 1749 4261 conspectu

212 4274 355 4346 5.85
386 4277 645 4343 omnium,
676 4288 730 4331 et
774 4279 1073 4334 volucribus
1096 4285 1214 4334 creti
1241 4283 1505 4336 absconsa
1527 4293 1607 4337 est
1631 4283 1749 4351 (Job

212 4381 385 4431 xxvtu,
419 4368 532 4436 2i).
567 4370 639 4422 De
669 4367 871 4437 Spiritu
894 4380 1077 4424 sancto
1104 4372 1188 4424 ubi
1217 4388 1372 4442 supra
1402 4394 1413 4425 :
1441 4376 1502 4427 lit

214 4459 433 4513 occurrit
471 4459 523 4512 in
554 4459 687 4513 [acie
716 4474 850 4523 mea,
882 4470 935 4513 et
967 4448 1284 4515 horruerunt
1331 4466 1505 4531 capilli
1537 4466 1662 4527 mei,
1694 4474 1748 4519 et

215 4563 388 4603 rarues
427 4560 482 4603 et
530 4544 728 4603 vultum
779 4558 833 4605 et
874 4552 1106 4618 speciem
1151 4569 1255 4605 non
1288 4554 1412 4619 vidi,
1444 4554 1537 4609 sed
1566 4569 1745 4611 vocent

216 4648 404 4694 tantum
427 4640 705 4695 audiebam
733 4640 849 4711 (Job
876 4658 947 4708 Iv,
978 4643 1085 4713 15).

772 4751 996 4809 CAPUT
1041 4754 1196 4813 XLV.

606 4838 684 4893 De
715 4844 968 4896 communi
994 4846 1343 4913 civiﬁcatione.

283 4916 514 5005 Vivilicat
543 4937 718 5003 Pater,
740 4940 964 4996 vivilicnl
990 4943 1174 5011 Filius,
1220 4947 1317 5000 hoc
1371 4947 1599 5015 Spiritus
1631 4962 1755 5006 ssn-

222 5036 343 5079 ctus.
376 5028 450 5081 De
475 5027 625 5080 Putre
648 5028 713 5081 ad
741 5028 1037 5091 Romanos:
1070 5034 1199 5102 Quia
1230 5045 1431 5104 patrem
1468 5022 1751 5099 multatum

222 5129 277 5181 ge
302 5120 438 5171 .tium
467 5117 614 5186 posui
642 5128 692 5173 te
722 5128 840 5173 ante
868 5122 1053 5187 Deum,
1082 5127 1165 5178 cui
1190 5128 1479 5193 credidisti,
1507 5132 1594 5200 qui
1620 5112 1754 5186 vivi-

226 5204 330 5258 licet
373 5209 549 5275 (llam.
584 5224 654 5275 tv,
684 5211 790 5281 17).
848 5206 1093 5268 Μλείιὶο
1138 5216 1193 5269 in
1220 5219 1417 5287 [legum
1448 5240 1460 5273 :
1502 5222 1755 5278 Dominus

227 5298 488 5352 munificat
516 5310 569 5352 et
613 5301 840 5355 viviﬁcat
862 5300 911 5369 (Ι
943 5302 1066 5373 Reg.
1099 5322 1155 5370 ll,
1177 5307 1251 5377 6).
1272 5309 1337 5361 Et
1358 5311 1408 5363 in
1434 5310 1751 5382 Evangelio:

227 5384 356 5440 Sicut
385 5388 541 5441 Pater
570 5392 789 5444 suscitat
818 5402 1054 5451 mortuos
1076 5405 1131 5467 et
1157 5396 1406 5463 vivilicat,
1433 5402 1568 5455 sicut
1590 5412 1642 5456 et
1675 5404 1759 5457 Fi-

230 5473 314 5526 lius
334 5493 461 5545 quos
492 5479 601 5531 vult
630 5482 857 5535 vivilicat
886 5480 1059 5551 (Joau.
1090 5499 1141 5551 v,
1171 5484 1284 5557 21).
1305 5488 1377 5541 De
1405 5490 1606 5558 Spiritu
1634 5508 1757 5549 sau-

229 5574 302 5617 t‘to
330 5566 377 5620 in
416 5567 647 5637 Epistola
686 5570 828 5627 Petri
880 5575 1146 5643 apostoli:
1184 5577 1535 5639 Mortiﬁcatus—
1572 5598 1755 5653 carne,

1822 434 2123 499 apostolus:
2160 420 2352 487 Littera
2398 434 2611 498 occidit,
2665 433 2883 503 Spiritus
2924 444 3099 487 autem
3145 418 3373 497 viviﬁcat

1822 520 1905 587 (II
1940 520 2057 578 Cor.
2092 538 2167 586 Ill,
2197 522 2273 591 6).

2376 611 2595 665 CAPUT
2634 611 2811 666 XLVI.

2111 698 2207 755 Ubi
2238 702 2405 771 gratia
2434 702 2526 754 Dei
2549 701 2766 756 Trinitas
2789 704 3094 770 appellatur.

1898 790 2077 843 Gratia
2111 792 2202 844 Dei
2219 792 2412 851 Patris.
2447 793 2610 859 gratia
2646 793 2785 855 Filii,
2812 794 2972 861 gratia
3004 795 3230 863 Spiritus
3255 811 3376 866 san-

1823 884 1910 934 cti.
1945 882 2013 933 De
2045 882 2196 934 Patre
2221 880 2285 933 ad
2320 880 2583 937 Romanos
2624 897 2636 931 :
2684 881 2848 935 Multo
2878 884 3041 952 magis
3068 885 3228 957 gratia
3262 886 3374 948 Dei,

1824 982 1879 1022 et
1920 971 2111 1022 doumn
2142 972 2193 1023 in
2244 971 2409 1038 gratia
2456 970 2610 1029 unius
2653 968 2879 1024 hominis
2932 970 3055 1025 Jcsu
3086 974 3278 1025 CIII‘ISII
3324 976 3375 1025 in

1827 1064 2000 1129 plures
2029 1062 2310 1113 abunthvil
2349 1061 2523 1128 (Rom.
2554 1075 2605 1123 ν,
2640 1060 2749 1127 15).
2797 1059 2923 1114 Item
2965 1062 3035 1115 ibi
3084 1080 3093 1113 :
3135 1064 3262 1129 Quis
3294 1081 3384 1118 me

1831 1149 2073 1202 liberabit
2115 1148 2181 1203 de
2223 1163 2448 1216 corpore
2506 1148 2694 1201 mortis
2749 1148 2941 1216 hujus?
2976 1152 3136 1217 gratia
3171 1152 3259 1203 Dei
3288 1167 3383 1219 per

1828 1238 2009 1293 Jesum
2029 1239 2292 1292 Christum
2316 1238 2490 1306 (Rom.
2520 1255 2612 1301 vn,
2644 1239 2762 1301 ξι).
2806 1240 2880 1294 De
2916 1239 3048 1294 Filio
3088 1242 3152 1294 ad
3190 1242 3381 1295 Corin-

1832 1330 2005 1385 thios:
2037 1329 2214 1384 Nestis
2241 1329 2381 1384 enim
2408 1330 2630 1398 gratiam
2666 1328 2871 1385 Domini
2903 1331 3067 1386 nostri
3084 1331 3209 1387 Iesu
3233 1332 3379 1386 Citri-

1831 1423 1920 1483 sti,
1950 1422 2070 1488 quia
2124 1430 2337 1489 propter
2376 1436 2467 1473 vos
2520 1436 2716 1488 pauper
2771 1421 2937 1475 factus
2965 1432 3047 1476 est
3085 1439 3204 1477 cum
3230 1425 3381 1477 dives

1832 1520 1972 1561 esset
1998 1507 2078 1578 (Il
2097 1509 2213 1562 Cor.
2241 1525 2351 1572 vnl,
2380 1510 2458 1577 9).
2494 1510 2566 1562 De
2594 1510 2791 1576 Spiritu
2823 1512 2873 1564 in
2902 1513 3156 1578 Actibus:
3183 1513 3381 1567 Cecidit

1837 1603 2063 1663 Spit-itus
2086 1614 2197 1651 sant
2216 1609 2298 1651 tus
2319 1614 2480 1665 super
2511 1615 2694 1652 omnes
2715 1601 2801 1667 qui
2832 1601 3114 1655 audiebant
3142 1604 3381 1665 verbum,

1764 1690 1811 1748 B
1836 1700 1888 1742 et
1927 1689 2307 1756 obstupuerunt
2338 1703 2424 1753 qut
2456 1699 2609 1745 erant
2646 1702 2709 1740 ex
2746 1688 3147 1745 circumcisione
3178 1693 3386 1753 ﬁdeles.

1835 1778 1923 1845 qui
1950 1778 2104 1830 simul
2128 1792 2247 1830 cum
2272 1776 2428 1832 Petro
2461 1789 2743 1840 venerant,
2770 1779 3013 1846 quoniam
3061 1790 3113 1831 et
3141 1781 3385 1849 gentibus

1835 1870 1996 1936 gratia
2027 1868 2251 1935 Spiritus
2280 1870 2445 1922 sancti
2473 1868 2660 1921 diffusa
2704 1877 2786 1922 est
2812 1870 2947 1937 (Act.
2982 1885 3032 1933 x,
3066 1870 3177 1939 41).

2377 1957 2597 2011 CAPU'I‘
2629 1956 2838 2011 XLVII.

2256 2045 2329 2099 De
2352 2048 2605 2099 communi
2632 2049 2965 2102 renovatione.

1904 2134 2142 2189 Renovat
2157 2134 2328 2201 Pater,
2344 2144 2557 2189 renovat
2580 2136 2763 2201 Filius,
2782 2139 2881 2193 hoc
2902 2139 3131 2207 Spiritus
3147 2150 3399 2195 sanctus-

1841 2226 1913 2279 De
1941 2228 2093 2280 Patre
2120 2226 2170 2279 in
2198 2224 2422 2280 Jeremia
2456 2245 2465 2277 :
2492 2228 2752 2283 Converte
2776 2245 2892 2293 nos,
2916 2231 3067 2293 Deus,
3096 2241 3147 2284 et
3172 2246 3383 2287 com-er-

1814 2314 2013 2367 ‘tevnttr
2034 2314 2196 2385 466
2218 2314 2282 2367 ad
2308 2324 2356 2370 te
2395 2333 2407 2367 :
2443 2331 2635 2371 reuuva
2662 2318 2772 2371 dies
2803 2328 3008 2373 nostros
3036 2322 3172 2373 sicut
3200 2322 3265 2375 ab
3299 2323 3365 2375 ini

1844 2403 1914 2457 tio
1953 2401 2164 2469 (Thrcu.
2194 2419 2247 2466 v,
2282 2401 2393 2467 21).
2429 2404 2499 2455 De
2548 2404 2679 2465 Filio
2709 2406 2764 2457 in
2805 2406 3087 2461 Salomone
3124 2426 3136 2461 :
3168 2411 3385 2478 Attingil

1842 2503 2019 2545 autent
2043 2508 2204 2560 usque
2228 2495 2291 2545 ad
2317 2493 2471 2546 linem
2502 2486 2731 2559 Ioriiter,
2756 2504 2806 2548 et
2830 2497 3056 2565 diSptmil
3081 2502 3251 2554 omnia
3272 2517 3387 2555 sum

1841 2582 1973 2635 vi'er
1998 2584 2147 2651 (δίῳ.
2180 2599 2287 2645 vm,
2319 2584 2394 2649 1),
2426 2594 2475 2635 et
2496 2625 2509 2647 ,
2542 2583 2671 2638 Cum
2702 2588 2768 2641 sit
2799 2602 2919 2651 una,
2956 2592 3128 2641 omnia
3180 2592 3391 2647 innovat

1843 2671 1994 2740 (Sap.
2026 2660 2257 2742 vu,it7).
2286 2673 2359 2726 De
2385 2673 2581 2741 Spiritu
2612 2688 2794 2730 sancto
2823 2679 2885 2730 ad
2919 2679 3216 2734 ltotnanos:
3248 2682 3394 2738 Nunc

1842 2774 1972 2815 vero
2002 2764 2235 2813 evacuati
2266 2776 2448 2815 sumus
2476 2780 2501 2815 a
2538 2766 2649 2831 lege
2680 2769 2862 2820 mortis
2907 2769 2957 2820 iu
2999 2784 3099 2836 qua
3122 2769 3394 2825 detineba-

1844 2866 1979 2913 mur,
2006 2851 2073 2927 i‘ta
2104 2860 2156 2902 ut
2185 2855 2473 2906 serviamus
2502 2844 2801 2909 in-uovitate
2840 2858 3079 2923 Spiritus,
3119 2868 3169 2913 et
3194 2874 3296 2913 non
3335 2861 3388 2917 in

1842 2949 2103 2994 vetus:ate
2134 2940 2318 2995 littera:
2341 2942 2515 3010 (lium.
2546 2958 2634 3007 vn,
2668 2946 2741 3012 6).

2361 3033 2583 3090 CAPUT
2620 3036 2848 3091 XLVIII.

2145 3123 2218 3177 De
2247 3127 2498 3195 communi
2526 3127 2784 3195 signaculo
2817 3127 3093 3184 Trinitatis.

1912 3216 2091 3283 Signat
2120 3216 2289 3276 Pater,
2312 3218 2477 3282 signat
2496 3214 2680 3280 Filius,
2707 3219 2876 3287 signat
2905 3220 3130 3287 Spiritus
3155 3234 3389 3279 saueius.

1848 3306 1919 3357 De
1954 3306 2106 3357 Putre
2148 3305 2209 3355 ad
2242 3305 2541 3358 Corinthios
2586 3324 2597 3357 :
2632 3306 2729 3371 Qui
2781 3320 2952 3361 autem
2994 3313 3270 3366 contirmat
3301 3330 3393 3367 nos

1848 3395 2110 3446 vobisoum
2140 3394 2189 3445 in
2217 3393 2447 3459 Christo,
2482 3406 2533 3447 et
2554 3394 2819 3449 Christum
2845 3398 2894 3449 in
2918 3400 3085 3462 vobis,
3109 3410 3160 3453 et
3181 3404 3266 3468 qui
3303 3420 3395 3457 un-

1848 3484 1920 3535 xit
1943 3498 2039 3535 nos
2072 3484 2229 3548 Deus,
2258 3494 2309 3535 et
2337 3484 2565 3551 signavit
2585 3499 2679 3537 nos
2705 3485 2785 3554 (ll
2806 3486 2924 3538 Cor.
2950 3503 2988 3551 ι,
3016 3488 3127 3557 21).
3164 3491 3235 3545 De
3263 3492 3399 3545 Filio

1848 3573 1911 3625 ad
1963 3572 2258 3640 Ephesios:
2308 3574 2597 3627 Audientes
2635 3576 2849 3628 verbum
2890 3577 3163 3640 Evangelii
3214 3581 3396 3641 salutis

1853 3672 2059 3728 vestrae,
2086 3663 2137 3716 in
2164 3676 2266 3730 quo
2296 3664 2575 3718 credentes
2606 3664 2791 3733 signati
2823 3666 2948 3718 estis
2980 3667 3192 3735 (Enim.
3227 3685 3262 3733 ι,
3290 3671 3396 3737 15).

1852 3752 1924 3806 De
1952 3750 2149 3819 Spiritu
2175 3761 2360 3805 sancto
2390 3752 2479 3805 ubi
2507 3767 2663 3821 supra
2695 3772 2707 3807 :
2744 3752 2917 3809 Nolite
2944 3760 3255 3810 contristare
3285 3758 3399 3826 Spi-

1796 3854 1801 3859 ‘
1853 3842 2006 3893 ritum
2036 3850 2277 3893 sanetum
2310 3840 2401 3894 Dei
2433 3842 2483 3893 in
2514 3857 2617 3905 quo
2643 3842 2831 3911 signati
2872 3846 2997 3899 estis
3038 3846 3089 3898 in
3129 3846 3264 3899 diem
3316 3862 3399 3903 re~

1851 3929 2166 3997 tietnptionis
2184 3928 2395 3997 (Ep/tes.
2430 3945 2501 3995 tv,
2519 3930 2629 3997 50).

2397 4041 2619 4096 CAPUT
2647 4042 2829 4097 XLIX.

2304 4130 2377 4183 De
2408 4134 2655 4183 communi
2696 4137 2945 4185 unctione.

1923 4221 2074 4289 Ungi!
2106 4219 2280 4286 Pater,
2308 4222 2453 4288 ungit
2485 4220 2665 4286 Filius,
2698 4223 2843 4290 ungit
2895 4222 3121 4289 Spiritus
3158 4236 3391 4279 sanctus.

1855 4312 1925 4364 De
1952 4312 2106 4364 Patro
2133 4310 2181 4363 in
2213 4312 2413 4376 psalmo
2444 4309 2846 4377 quadragesimo
2870 4323 3069 4381 quarto.
3093 4314 3269 4383 (Vera.
3302 4314 3357 4384 8)
3382 4335 3395 4371 :

1534 4376 1748 4468 δρῖιξίῑυδ
1784 4378 1826 4434 D
1861 4402 2141 4468 i‘r0pterea
2169 4401 2320 4453 unxit
2359 4410 2407 4453 te
2439 4399 2595 4461 Deus,
2624 4376 2762 4453 Deus
2795 4376 2912 4455 tuus
2940 4390 3067 4454 oleo'
3095 4376 3305 4455 laetitia.
3338 4376 3402 4459 Iit

1858 4492 1908 4545 in
1938 4491 2262 4558 octogesimo
2284 4498 2475 4543 octavo
2518 4489 2692 4557 (Vera.
2726 4486 2848 4559 El):
2882 4491 3054 4551 Inveni
3090 4480 3255 4546 David
3292 4509 3399 4549 ser-

1861 4596 1977 4633 vum
2012 4594 2205 4644 meum,
2238 4579 2357 4632 oleo
2390 4588 2570 4629 sancto
2597 4578 2716 4630 unxi
2742 4593 2879 4631 eum.
2908 4580 2979 4632 De
3009 4578 3083 4633 Fit
3106 4597 3137 4633 ο
3176 4580 3227 4634 in
3276 4582 3400 4649 Epi-

1858 4670 1999 4723 stola'
2020 4670 2270 4724 Joannis:
2299 4667 2361 4721 Et
2394 4681 2486 4719 nos
2517 4667 2815 4722 unctionem
2844 4684 2998 4736 quam
3046 4673 3343 4739 accepimus
3373 4689 3402 4725 a

1862 4768 2063 4824 sancto,
2094 4768 2269 4811 manet
2301 4756 2351 4810 in
2386 4756 2562 4819 nobis,
2591 4766 2643 4812 et
2693 4771 2797 4810 non
2832 4773 3061 4814 .neeese
3117 4760 3319 4813 habetis
3350 4769 3405 4811 ut

1860 4848 2049 4913 aliquis
2079 4847 2264 4898 doceat
2297 4861 2390 4898 vos
2422 4844 2470 4913 (Ι
2497 4844 2652 4899 Joan.
2686 4862 2740 4911 ιι,
2765 4846 2876 4915 27).
2910 4848 2978 4901 De
3004 4850 3197 4915 Spiritu
3221 4860 3402 4901 sancto

1856 4942 1908 4993 in
1962 4939 2130 4993 Isaia:
2162 4938 2389 5005 Spiritus
2420 4936 2623 4991 Domini
2655 4954 2816 5005 super
2842 4955 2945 4999 me.
2995 4947 3212 5016 propter
3256 4941 3394 5003 quod

1856 5031 2001 5085 unxit
2030 5044 2135 5098 me,
2163 5030 2529 5099 evangelizarc
2558 5032 2878 5099 pntperibus
2907 5032 3056 5097 (Isai.
3081 5047 3185 5094 ut,
3220 5034 3293 5097 1).

2464 5140 2690 5196 CAPUT
2723 5142 2783 5196 L.

2237 5228 2315 5282 De
2345 5234 2601 5284 communi
2639 5234 3005 5299 redarguimus.

1928 5318 2107 5386 Arguit
2135 5319 2312 5384 Pater,
2335 5322 2705 5387 arguitFilius,
2730 5325 2897 5396 arguit
2916 5321 3141 5388 Spiritus
3164 5333 3397 5377 sanctus.

1860 5410 1932 5461 De
1954 5409 2107 5461 Patre
2126 5410 2180 5462 .iu
2207 5412 2490 5465 Salomone
2524 5431 2535 5464 :
2563 5412 2637 5465 Ne
2665 5412 2903 5464 dixeritis
2932 5426 2947 5467 :
2999 5412 3301 5465 Misericou
3324 5424 3406 5467 est

1864 5502 1995 5554 Deus
2016 5512 2201 5555 noster
2220 5544 2235 5562 .
2262 5518 2366 5555 non
2392 5504 2571 5555 reddet
2617 5503 2768 5555 nobLs
2794 5512 3007 5570 peccata
3045 5509 3259 5568 nostra;
3290 5507 3405 5571 ipse

1861 5591 1997 5641 enim
2024 5591 2307 5643 secundum
2338 5590 2493 5658 567
2539 5580 2837 5656 patientiam
2873 5594 2923 5645 in
2958 5595 3059 5649 line
3114 5595 3399 5664 redarguo;
