3812 6224
470 327 579 390 ’423

478 534 604 589 Sion
632 537 772 590 enim
804 534 1005 602 prodi-1.
1048 534 1157 596 lex,
1186 541 1242 586 et
1271 532 1488 585 verbum
1517 531 1719 583 Domini
1759 531 1823 582 de
1871 529 2028 583 Ieru-

476 627 662 688 salem,
692 634 746 679 et
774 626 1045 693 judicabit'
1078 625 1128 675 in
1160 622 1334 677 medio
1363 605 1618 691 geut‘iutn,
1649 631 1701 674 et
1737 622 2025 690 redarguct

477 713 720 785 populum
750 713 970 767 multum
1023 709 1176 778 (Isai.
1210 725 1266 778 tt,
1294 712 1347 774 ὅ,
1376 712 1454 775 Δ).
1487 711 1559 765 De
1593 710 1787 778 Spiritu
1839 721 2026 765 sancto

475 807 526 858 in
573 800 1050 871 Evangelio:Cum
1099 803 1307 856 venerit
1360 799 1587 870 Spiritus
1637 799 1726 853 ille
1774 812 2024 864 sanctus,

470 907 623 962 quem
651 900 822 945 mittet
850 891 1004 946 Pater
1029 891 1078 943 iu
1108 889 1321 945 nomine
1349 906 1484 956 meo,
1520 891 1630 959 ipse
1665 899 1851 959 arguet
1872 906 2027 968 mun-

471 985 594 1039 dum
621 985 688 1038 de
706 995 920 1052 peccato
945 983 1121 1060 (Joan.
1155 997 1261 1045 avt,
1286 981 1362 1050 8).

1065 1092 1290 1147 CAPUT
1340 1092 1419 1145 LI.

837 1206 913 1260 De
944 1208 1198 1260 cont-sani
1241 1204 1644 1273 congregatione.

536 1319 833 1390 Congrcgat
860 1319 1034 1380 Pater.
1063 1323 1346 1385 congregat
1376 1315 1558 1382 Filius,
1589 1324 1874 1384 congregat
1903 1315 2027 1385 Spi-

469 1412 601 1466 ritus
628 1421 858 1463 sanctus.
900 1408 976 1460 De
1007 1407 1160 1460 Patre
1191 1407 1241 1458 in
1269 1407 1472 1472 psalmo
1498 1404 1797 1458 centesimo.
1835 1408 2022 1474 quinto

471 1496 640 1565 (Vera.
672 1495 798 1563 L1):
826 1495 980 1548 Salva
1006 1507 1124 1557 nos,
1160 1493 1302 1544 Deus
1331 1501 1529 1556 noster,
1561 1500 1615 1545 et
1641 1498 1898 1562 congrega
1928 1509 2024 1549 uos

452 1582 534 1640 de
559 1585 822 1652 gentibus,
853 1583 927 1636 De
954 1582 1086 1635 Filio
1116 1582 1167 1634 in
1200 1581 1330 1635 Isaia
1358 1595 1371 1632 :
1407 1579 1472 1634 Et
1502 1581 1848 1635 ambulabunt
1877 1584 1931 1636 in
1959 1597 2022 1637 ea

462 1676 719 1746 redempti
750 1675 1053 1743 congregati
1097 1687 1192 1742 per
1235 1673 1512 1726 Dominum
1563 1671 1715 1742 (Isai.
1749 1688 1912 1738 xxxv,
1940 1673 2019 1742 9).

698 385 708 396 ,
772 393 777 398 ε
1099 340 1104 345 ’
1771 325 1988 383 \‘IClLII
2032 327 2394 386 TAPSENSIS

466 414 779 512 peccata-res
833 442 1015 512 (Eccli.
1058 457 1108 506 ν,
1156 441 1312 506 6,7).
1359 440 1434 492 De
1484 439 1616 492 Filio
1665 439 1715 490 in
1747 438 1914 490 Isaia:
1949 439 2022 492 Ex
2057 448 2101 503 Α

2723 440 2946 495 CAPUT
2987 439 3091 495 LV.

2239 525 2334 587 Ubi
2364 527 2588 580 advocati
2627 543 2804 580 nomen
2827 528 3091 610 ".Eiliusct
3122 527 3344 595 Spiritus
3367 538 3572 583 sanctus

2731 607 2896 650 sortiti
2923 609 3059 653 sunt.

2197 685 2499 740 Advocatus
2529 685 2717 752 Filius,
2749 686 3032 740 advocatus
3058 688 3285 756 Spiritus
3327 697 3564 742 sanctus.
3597 689 3663 742 Ds

2128 775 2265 832 Filio
2289 776 2592 846 inEpistola
2618 777 2836 830 Ioannis
2856 782 3110 844 apostoli:
3136 769 3329 848 Filioli,
3363 782 3528 837 nolite
3558 797 3670 850 pet--

2125 881 2267 920 care.
2314 866 2462 932 Quod
2494 868 2539 920 si
2589 870 3013 936 peccaverimus,
3056 873 3368 927 advocatutn
3424 875 3662 928 habemus
3772 859 3773 892 ἶ

2124 954 2261 1023 apud
2294 954 2502 1030 Pati-ent
2532 954 2713 1010 Jesum
2736 955 3000 1010 Christum
3028 958 3225 1026 justum
3252 959 3302 1023 (I
3331 960 3484 1015 Joan.
3519 977 3573 1025 ιι,
3594 963 3662 1030 1).

2127 1043 2199 1095 De
2225 1041 2423 1109 Spiritu
2447 1027 2632 1096 sancto
2652 1043 2702 1095 in
2733 1042 3022 1113 Evangelia
3046 1063 3058 1097 ε
3084 1047 3191 1116 Ego
3219 1049 3416 1116 rogabo
3443 1027 3659 1113 Patrem,
3772 1031 3773 1036 ‘

2123 1141 2176 1185 et
2201 1133 2360 1185 alium
2389 1121 2719 1187 Paracletum
2761 1135 3070 1189 advocatum
3099 1137 3248 1190 dabit
3294 1140 3465 1206 vobis,
3497 1139 3658 1209 Spiri-

2127 1231 2233 1277 tum
2262 1223 2498 1277 veritatis
2525 1221 2706 1292 (Joan.
2738 1238 2844 1286 xtv,
2878 1223 2989 1292 I6).

2308 1368 2311 1370 .
2703 1313 2928 1368 CAPUT
2966 1315 3097 1370 LVI.

2161 1400 2257 1456 Ubi
2286 1401 2452 1457 Filius
2480 1412 2526 1457 et
2562 1401 2787 1472 Spiritus
2817 1414 3020 1459 sanctus
3045 1422 3136 1474 pro
3176 1406 3409 1473 ﬁdelibus
3459 1408 3637 1474 pariter

2741 1493 3046 1562 interpellat.

2192 1579 2493 1647 lntcrpellat
2521 1579 2709 1642 Filius,
2743 1579 3044 1650 interpellat
3077 1581 3302 1650 Spiritus
3329 1591 3560 1643 sanctus.
3597 1581 3660 1635 De
3772 1645 3773 1656 χ

2124 1667 2256 1722 Filio
2293 1669 2357 1722 ad
2390 1669 2691 1724 Romanos:
2723 1669 2854 1734 Quis
2895 1672 3156 1725 accusavit
3189 1672 3444 1728 adversus
3473 1673 3658 1726 electos

465 1767 541 1824 De
569 1767 771 1837 Spiritu
800 1775 984 1820 sancto
1027 1767 1078 1818 in
1101 1761 1235 1854 Isaia
1258 1780 1272 1817 :
1297 1763 1556 1829 Quoniam
1590 1764 1840 1860 Dominus
1868 1780 2014 1860 inan-
2050 1800 2095 1860 Β
2290 1757 2425 1860 Deus
2454 1760 2540 1827 qui
2591 1759 2771 1859 justilli
2792 1769 2864 1813 at.
2907 1758 3150 1860 QuisAeAst
3187 1761 3275 1829 qui
3313 1761 3656 1860 condemnet?

466 1857 611 1913 davit
657 1858 793 1918 illis,
821 1865 872 1909 et
917 1855 1145 1925 Spiritus
1195 1842 1310 1921 eius
1354 1852 1692 1922 congregavit
1731 1867 1824 1908 eos
1862 1851 2014 1924 (Issi.
2050 1842 2095 1860 ⁸
2120 1848 2551 1916 Christuslesus,
2581 1850 2669 1917 qui
2701 1859 2937 1903 mortuus
2965 1848 3125 1919 569
3150 1859 3250 1915 est,
3299 1850 3464 1919 magis
3493 1859 3652 1904 autem

465 1964 652 2016 m'"
688 1949 775 2019 16)
782 1987 796 2001 ’
1050 2014 1271 2069 CAPUT
1311 2013 1416 2067 LII.

708 2127 854 2191 Quod
881 2126 1041 2179 omnis
1077 2124 1298 2178 Trinitas
1322 2124 1502 2193 ubique.
1524 2123 1783 2176 consistat.

533 2239 740 2308 Ubique
771 2238 944 2303 Pater,
977 2237 1172 2306 ubique
1203 2237 1386 2300 Filius,
1418 2235 1611 2304 ubique
1634 2237 1864 2305 Spiritus
1890 2250 2017 2291 san-

461 2337 596 2385 ctus.
627 2329 701 2383 De
728 2327 883 2382 Patre
927 2328 978 2380 in
1005 2325 1231 2381 Jeremia
1257 2341 1281 2380 ε.
1307 2327 1428 2380 "rec
1457 2326 1588 2379 dicit
1629 2325 1883 2380 Dominus
1912 2327 2016 2380 vir-

462 2428 630 2475 tutum
653 2459 667 2485 ,
698 2419 837 2473 Deus
887 2418 1047 2472 Israel
1077 2435 1088 2469 :
1116 2418 1318 2472 Caelum
1349 2425 1403 2471 et
1447 2427 1638 2471 terram
1685 2405 2018 2492 ego'impleo

461 2508 594 2580 (Jer.
619 2523 767 2575 util,
793 2507 907 2576 ει).
934 2507 1060 2562 Item
1083 2506 1134 2560 in
1165 2506 1296 2558 Isaia
1323 2522 1334 2556 :
1365 2505 1568 2558 Caelum
1591 2505 1716 2558 milii
1739 2504 1890 2559 sedes
1912 2514 2016 2570 est,

460 2610 601 2656 terra
625 2608 798 2653 autem
823 2597 1110 2651 scabelfum
1136 2595 1323 2662 pedum
1343 2609 1578 2647 meorum
1606 2592 1754 2661 (Isai.
1775 2609 1916 2655 Lavi,
1938 2596 2012 2661 1).

463 2696 535 2747 De
566 2691 699 2746 Filio
721 2691 772 2743 itt
802 2689 1121 2747 Salomone;
1153 2686 1472 2753 Sapientiam
1505 2693 1679 2739 autem
1709 2699 1810 2737 non
1839 2686 2020 2745 vincet

463 2782 660 2836 malitia
692 2779 845 2851 (Sap.
892 2793 983 2838 vn,
1032 2775 1143 2844 50).
1179 2775 1402 2844 Attingit
1429 2783 1605 2827 autem
1647 2786 1676 2825 a
1710 2774 1812 2828 line
1845 2789 2013 2842 usque

463 2873 526 2926 ad
558 2871 715 2924 linem
748 2867 951 2922 fortiter
976 2866 1132 2934 (Sap.
1164 2880 1274 2930 vm,
1309 2865 1383 2932 I).
1416 2865 1479 2919 Et
1509 2865 1559 2918 in
1591 2865 1793 2934 psalmo
1833 2877 2012 2921 cente-

461 2960 593 3014 simo
615 2956 847 3012 secundo
869 2954 1046 3025 (Vera.
1075 2941 1203 3023 22).:
1237 2954 1291 3007 In
1323 2953 1464 3006 omni
1499 2953 1616 3008 loco
1636 2953 2011 3009 dominationis
2093 2976 2107 2984 ο

460 3049 591 3118 ejus.
623 3047 695 3102 De
723 3046 920 3114 Spiritu
951 3054 1135 3098 sancto
1158 3045 1207 3097 in
1241 3044 1444 3111 psalmo
1470 3062 1481 3096 :
1511 3037 1733 3110 Quo'ibo
1760 3059 1789 3097 a
1811 3045 2008 3113 Spiritu

459 3148 581 3201 tuo,
608 3145 662 3190 et
693 3151 718 3186 a
753 3135 884 3188 facie
932 3141 1017 3188 tua
1053 3149 1159 3202 quo
1205 3132 1440 3202 fugiam?
1483 3132 1538 3187 Si
1583 3132 1908 3203 descendcro
1951 3133 2003 3198 in
2032 3133 2079 3197 ο

454 3226 722 3296 abyssum,
751 3222 878 3278 ades
907 3221 1077 3294 (Psal.
1109 3236 1369 3286 csxsvtu,
1402 3222 1480 3293 7),
1514 3231 1618 3277 etc.

1034 3329 1256 3402 CAPUT
1295 3330 1424 3384 LIII.

784 3438 798 3457 "
894 3436 1241 3500 Deocoatrnttni
1269 3439 1582 3493 liberatione.
1615 3502 1624 3509 ἢ

529 3555 734 3610 Liberat
770 3553 946 3616 Pater,
971 3553 1163 3606 liberat
1186 3552 1371 3616 Filius,
1401 3552 1592 3607 liberat
1615 3552 1848 3621 Spiritus
1885 3565 2008 3607 san-

458 3658 590 3701 ctus.
611 3645 685 3699 De
707 3645 864 3697 Patre
886 3643 936 3695 iu
962 3642 1165 3710 psalmo
1187 3626 1573 3710 septuagesimo
1594 3639 2006 3710 septimo(Vers.

457 3734 576 3802 55):
613 3734 674 3785 Et
719 3731 1052 3784 rcmetnorati
1083 3729 1412 3799 568.th
1449 3731 1569 3799 quia
1613 3729 1753 3784 Deus
1801 3729 2011 3797 adjutor

461 3840 642 3880 eormn
672 3833 773 3892 est,
805 3831 858 3877 et
885 3824 1020 3877 Deus
1049 3824 1290 3877 excelsus
1318 3822 1570 3876 liberator
1597 3837 1778 3876 eorum
1815 3830 1915 3876 est.
1950 3821 2013 3875 Et

457 3914 512 3969 in
535 3912 735 3984 psalmo
760 3911 1199 3981 quinquagesimo
1218 3925 1368 3966 sexto
1389 3909 1565 3981 (Vera.
1596 3912 1651 3975 3,
1681 3912 1768 3976 4):
1801 3912 2009 3965 Clama-

461 4006 528 4057 bo
565 4003 630 4073 ad
661 4002 824 4059 Deum
856 4000 1194 4064 altissimum,
1225 4000 1292 4056 ad
1326 3999 1605 4055 Dominum
1634 4001 1723 4071 qui
1751 3999 2011 4055 benelecit

461 4092 606 4157 mihi,
639 4091 781 4146 misit
805 4090 875 4145 de
899 4091 1035 4146 ctelo
1064 4099 1119 4144 et
1149 4090 1396 4148 liberavit
1425 4106 1530 4154 me,
1558 4100 1662 4145 etc.
1698 4089 1773 4151 De
1799 4089 1930 4143 Filio
1957 4091 2008 4143 in

461 4182 745 4252 Evangelia
766 4197 781 4235 :
805 4179 862 4236 Si
889 4196 984 4234 vos
1015 4181 1183 4235 Filius
1209 4182 1531 4246 liberaverit,
1571 4195 1696 4236 vere
1722 4180 1875 4234 liberi
1902 4181 2010 4235 eri-

467 4273 553 4335 tis,
584 4281 639 4326 et
655 4275 985 4338 cognoscetis
1024 4271 1321 4337 veritatem,
1350 4278 1406 4324 et
1430 4271 1624 4324 veritas
1650 4269 1892 4324 liberabit
1917 4283 2011 4323 vos

467 4360 640 4431 (Joan.
672 4375 788 4426 vut,
812 4359 903 4423 '56,
946 4359 1057 4428 '52).
1091 4359 1166 4414 De
1196 4359 1397 4429 Spiritu
1437 4370 1617 4415 sancto
1646 4361 1699 4414 in
1725 4360 2009 4429 Apostolo:

2118 1949 2172 1993 et
2201 1942 2518 2003 resurrexit,
2553 1938 2638 2006 qui
2669 1945 2750 1990 est
2791 1938 2841 1990 in
2870 1937 3084 1992 dextera
3118 1938 3231 2002 Dei,
3279 1940 3364 2006 qui
3395 1940 3554 1992 etiam
3582 1938 3654 1991 in-
3772 1953 3773 1986 :

2119 2027 2358 2094 terpellat
2390 2040 2482 2093 pro
2512 2025 2664 2078 nobis
2691 2025 2865 2093 (Rom.
2901 2040 3021 2092 viti,
3048 2025 3159 2094 53).
3192 2025 3266 2080 De
3307 2025 3508 2093 Spiritu
3545 2039 3654 2078 sau-
3772 2031 3773 2046 ‘

2117 2124 2203 2169 cto
2225 2115 2312 2167 ubi
2339 2128 2531 2183 supra:
2557 2113 2611 2168 Si
2629 2123 2803 2167 autem
2828 2113 2969 2182 quod
2992 2128 3094 2168 non
3116 2114 3356 2169 videmus
3377 2129 3651 2183 speramus,

2116 2214 2170 2259 et
2207 2219 2300 2271 per
2341 2203 2645 2272 pat'entiam
2675 2211 3062 2270 exspectamus.
3095 2202 3353 2257 Similiter
3396 2211 3565 2255 autem
3608 2211 3652 2253 et

2115 2291 2345 2358 Spiritus
2405 2290 2766 2344 inﬁrmitatem
2829 2299 3063 2344 nostram
3121 2289 3422 2360 interpellat
3481 2287 3650 2358 (Vera.

2113 2381 2206 2448 25,
2233 2380 2346 2451 ac).
3055 2432 3058 2436 ,
3207 2459 3218 2464 _

2685 2465 2907 2522 CAPUT
2947 2466 3103 2520 LVII.

2519 2554 2594 2608 De
2620 2555 2874 2607 communi
2899 2555 3251 2621 a'diﬁcatione.

2183 2642 2436 2697 Edillcat
2490 2642 2668 2709 Pater,
2699 2642 2928 2696 a-diticat
2963 2637 3142 2705 Filius,
3185 2644 3412 2697 :edilicat
3442 2644 3649 2712 Spiritus

2112 2741 2350 2784 sanctus.
2391 2730 2467 2785 De
2492 2730 2647 2784 Patre
2675 2730 2740 2783 ad
2788 2728 3134 2786 Corinthios:
3168 2732 3262 2786 Dei
3293 2748 3475 2787 sumus
3516 2734 3649 2800 adju-

2113 2826 2274 2885 tores,
2309 2819 2403 2872 Dei
2433 2816 2713 2872 tcdillcatio
2739 2818 2870 2873 estis
2903 2817 2956 2890 (I
2986 2819 3102 2874 Cor.
3131 2836 3210 2889 ιιι,
3237 2822 3314 2891 9).
3351 2823 3409 2876 Ει
3432 2825 3607 2876 iterum
3633 2841 3645 2878 τ

2111 2908 2168 2964 Si
2193 2906 2391 2978 aliquid
2440 2907 2797 2961 abundantius
2832 2908 3089 2976 gloriatus
3135 2910 3283 2963 luero
3312 2911 3378 2964 de
3408 2922 3647 2977 potestate

2111 3007 2318 3062 nostra,
2347 3010 2502 3063 quam
2529 2995 2676 3050 dedit
2718 2995 2872 3050 nobis
2906 2997 3046 3052 Deus
3076 3000 3129 3054 in
3158 2998 3555 3054 aediﬁcationem
3593 3004 3646 3053 li-

2107 3086 2302 3141 delium
2333 3082 2418 3154 (II
2447 3082 2567 3137 Cor.
2599 3098 2650 3149 ι,
2683 3082 2760 3153 8)‘.
2795 3083 2868 3138 De
2894 3083 3028 3137 Filio
3055 3087 3104 3138 in
3133 3086 3337 3155 psalmo
3367 3091 3644 3143 centesimo

2108 3173 2516 3248 quadragesimo
2546 3182 2698 3226 sexto
2729 3171 2904 3240 (Vera.
2933 3171 3020 3242 2):
3049 3172 3342 3229 IEtlilicaus
3370 3175 3640 3230 Jerusalem

2113 3266 2389 3332 Dominus,
2414 3272 2466 3318 et
2494 3261 2769 3329 dispersos
2795 3260 2952 3314 Israel
2982 3275 3330 3331 congregans.
3367 3264 3436 3318 De
3463 3265 3641 3330 Spiritu

2108 3362 2292 3409 sancto
2320 3351 2372 3407 in
2401 3349 2580 3404 Iudith
2605 3363 2620 3403 :
2652 3347 2869 3416 Magnus
2888 3363 2945 3402 es
2971 3359 3024 3401 tu
3047 3358 3100 3403 et
3125 3350 3323 3414 clarus,
3355 3361 3407 3404 et
3433 3351 3642 3403 admira-

2109 3445 2233 3499 bilis
2261 3443 2313 3497 in
2344 3444 2544 3496 virtute
2575 3438 2797 3510 (Juditlt.
2826 3455 2942 3503 ινι,
2983 3438 3094 3509 lli).
3121 3440 3185 3495 Et
3207 3440 3374 3496 infra:
3401 3440 3516 3495 Tibi
3545 3455 3644 3493 ser-

2111 3537 2217 3590 viat
2244 3534 2418 3588 omnis
2444 3542 2684 3586 creatura
2708 3574 2722 3598 ,
2768 3531 2890 3599 quia
2923 3540 2976 3584 tu
3006 3531 3187 3585 dixisti
3238 3540 3294 3586 et
3340 3533 3470 3586 facta
3499 3540 3640 3592 sunt,

2111 3622 2301 3679 misisti
2330 3621 2588 3690 Spiritum
2631 3629 2778 3673 tuum
2807 3626 2862 3672 et
2891 3617 3149 3673 aediﬁcata
3174 3629 3301 3674 sunt
3344 3619 3514 3691 (Vera.
3537 3618 3636 3685 17).

2670 3728 2894 3800 CAPUT
2933 3730 3107 3786 LVIII.

2436 3822 2534 3877 Ubi
2566 3819 2790 3874 Trinitas
2815 3823 3095 3875 castitatem
3125 3824 3326 3879 tribuat.

2120 3898 2123 3902 ’
2183 3914 2495 3970 Castitatem
2526 3912 2616 3966 dat
2645 3909 2822 3978 Pater,
2845 3913 2932 3966 dat
2955 3911 3140 3980 Filius,
3170 3913 3264 3970 dat
3290 3917 3508 3985 Spiritus
3535 3930 3642 3968 san-

2111 4013 2250 4060 ctus.
2284 4005 2356 4059 De
2378 4004 2536 4058 Patre
2559 4003 2610 4056 in
2644 4001 2810 4057 Esdra
2831 4019 2844 4057 :
2869 4002 2947 4058 Tu
2982 4003 3118 4058 Deus
3147 4003 3314 4070 fortis,
3349 4021 3574 4077 magnus.
3594 4014 3638 4059 et

2111 4095 2324 4157 valens,
2353 4101 2407 4147 et
2449 4092 2785 4157 metuendus,
2833 4092 2920 4159 qui
2948 4093 3180 4146 custodis
3211 4103 3569 4149 testamentum
3593 4108 3637 4147 s-

2112 4182 2533 4237 misericordiam
2581 4181 2762 4250 (Esdr.
2794 4197 2860 4254 ιι,
2891 4181 2968 4250 5).
3019 4182 3092 4236 De
3123 4182 3258 4237 Filio
3287 4185 3337 4238 in
3368 4185 3604 4253 Apostolo
3630 4224 3637 4235 .

2112 4272 2299 4325 Timeo
2336 4279 2511 4342 autem
2545 4283 2611 4323 ne
2632 4308 2649 4335 ,
2677 4269 2814 4322 sicut
2852 4283 3070 4337 serpens
3098 4272 3291 4325 astutia
3331 4288 3422 4327 sua
3452 4271 3638 4326 seduxit

2117 4361 2276 4415 Evam
2301 4401 2315 4421 ,
2348 4361 2418 4412 ita
2462 4366 2870 4424 corrumpantur
2897 4373 3082 4413 sensus
3130 4361 3293 4413 nostri
3324 4377 3350 4412 a
3378 4363 3633 4419 castitate,

461 4450 691 4520 Spiritus
719 4449 841 4502 vitae
869 4448 1155 4538 iniCbristo
1180 4447 1302 4538 Iesu
1333 4449 1574 4503 liberavit
1598 4463 1680 4504 me
1703 4463 1730 4501 a
1755 4449 1866 4518 lege
1893 4463 2013 4516 pec-
2040 4479 2090 4538 Β
2119 4465 2235 4518 qum
2262 4456 2355 4538 est
2376 4448 2428 4501 in
2447 4446 2668 4538 Christo
2715 4445 2954 4538 [ΕΒΗ-(ΙΙ
2985 4447 3120 4538 Cor.
3150 4463 3219 4510 ιι,
3253 4451 3328 4538 ξ).
3363 4450 3434 4503 De
3461 4449 3634 4514 Spiritu

455 4540 562 4597 cati
587 4549 641 4594 et
666 4539 852 4592 mortis
879 4537 1053 4606 (Rom.
1085 4552 1198 4599 viti,
1224 4537 1303 4598 Ξ).
1334 4539 1396 4591 Et
1421 4555 1434 4590 :
1469 4538 1567 4594 Ubi
1595 4538 1811 4608 Spiritus
1835 4538 2016 4595 Domi-

461 4633 533 4694 ni,
565 4631 634 4686 ibi
660 4630 713 4684 et
742 4629 965 4682 libertas
989 4627 1071 4697 (Il
1098 4628 1220 4680 Cor.
1245 4643 1320 4690 ιιι,
1358 4629 1466 4694 I'l).

526 4738 529 4741 ”
1041 4736 1264 4793 CAPUT
1306 4738 1435 4792 LIV.

869 4850 942 4902 De
966 4851 1213 4902 communi
1240 4851 1600 4916 increpatione.

535 4963 774 5030 Increpat
797 4961 979 5026 Pater,
1021 4961 1258 5028 increpat
1287 4961 1475 5024 Filius,
1517 4962 1752 5029 increpat
1790 4962 2013 5031 Spiritus

465 5064 700 5108 sanctus.
734 5051 809 5108 De
839 5053 995 5107 Patre
1024 5053 1075 5106 in
1098 5053 1300 5120 psalmo
1330 5051 1620 5106 caiitesimo
1633 5054 1815 5121 quinto
1837 5052 2009 5120 (Vera.

2120 4547 2304 4591 sancto
2346 4537 2398 4589 iu
2444 4536 2674 4604 Epistula
2725 4533 2863 4587 Petri
2902 4536 3123 4599 apostoli
3157 4551 3171 4587 :
3202 4537 3412 4589 Animas
3457 4544 3636 4589 vestras

2121 4639 2214 4692 per
2241 4624 2495 4690 Spiritum
2527 4623 2771 4676 castitate
2798 4622 2864 4674 ad
2891 4621 3246 4678 obedientiam
3278 4623 3392 4680 lidei
3423 4622 3483 4693 (1
3510 4621 3630 4677 Petr.

2116 4727 2163 4776 ¹’
2199 4711 2313 4779 ω’
2691 4777 2915 4833 CAPUT
2954 4777 3085 4832 th.

2541 4867 2616 4922 De
2642 4869 2890 4924 communi
2928 4868 3253 4924 habitatione.

2188 4959 2402 5015 Habitat
2427 4959 2579 5013 Pater
2614 4961 2663 5012 in
2693 4959 3053 5025 credentibus,
3086 4959 3285 5013 habitat
3313 4960 3634 5027 Filius,.habi-

2116 5057 2191 5103 tat
2213 5042 2466 5112 'Spiritus
2509 5058 2744 5124 sanctus.
2778 5049 2851 5101 De
2895 5048 3050 5102 Patre
3099 5050 3152 5102 in
3183 5049 3347 5104 Isaia:
3376 5051 3490 5104 Ha‘c
3525 5051 3634 5102 dicit

463 5148 529 5213 8,
557 5146 641 5213 9):
671 5145 743 5200 Ut
771 5152 946 5198 notam
975 5143 1136 5197 faciat
1187 5143 1469 5210 poti-mium
1499 5157 1669 5206 suam,
1723 5145 2014 5212 increpavit
2117 5139 2369 5193 Dominus
2411 5139 2550 5206 Dens
2575 5137 2734 5207 570
2761 5139 3096 5205 omnipotens
3131 5155 3144 5191 :
3187 5137 3468 5194 Ohservate
3511 5139 3629 5191 diem

469 5239 642 5292 llubro
663 5236 824 5300 mari,
853 5245 906 5290 et
930 5238 1180 5289 siccatum
1211 5245 1310 5288 est.
1350 5235 1422 5286 De
1440 5233 1578 5288 Filio
1607 5234 1657 5287 in
1689 5233 1969 5304 Evangelio
1996 5251 2009 5290 :

468 5328 527 5382 Et
550 5341 768 5397 surgens
793 5326 1088 5392 increpavit
1111 5335 1264 5380 vento
1285 5335 1336 5378 et
1362 5324 1516 5389 mari,
1546 5333 1598 5378 et
1618 5323 1751 5379 facta
1774 5335 1851 5380 est
1875 5336 2010 5380 tran-

462 5417 690 5484 quillitas
716 5430 900 5484 magna
926 5413 1081 5486 (Lac.
1125 5429 1236 5477 vttt,
1269 5415 1380 5482 ΞΑ).
1413 5413 1487 5468 De
1516 5411 1714 5483 Spiritu
1743 5425 1926 5469 sancto
1958 5418 2009 5470 in

465 5512 665 5560 cantico
689 5494 852 5560 Exodi
881 5523 892 5556 :
920 5504 983 5557 Et
1007 5518 1102 5572 per
1128 5502 1372 5571 spiritum
1405 5501 1689 5556 iracundia:
1709 5511 1810 5557 tua:
1839 5502 2010 5558 divisa

466 5603 545 5647 est
570 5609 701 5662 aqua
725 5634 739 5660 ,
770 5592 1076 5665 gelaverunt
1104 5591 1292 5647 ﬂuctus
1323 5590 1377 5643 in
1408 5589 1582 5647 medio
1620 5592 1751 5648 mari
1808 5581 2004 5663 (Exod.

470 5695 553 5746 ιν,
583 5682 658 5752 8)ρ

2113 5231 2348 5298 sabbati,
2381 5240 2435 5286 et
2477 5231 2806 5284 sanctillCate
2854 5247 2972 5284 eum
2999 5271 3016 5298 ,
3046 5241 3102 5285 ut
3130 5232 3357 5286 habitem
3398 5232 3449 5285 in
3479 5223 3632 5284 medio

2112 5320 2275 5375 vestri
2307 5319 2461 5391 (Isai.
2509 5337 2612 5386 t.vt,
2642 5320 2720 5390 4).
2754 5321 2828 5376 De
2870 5321 3005 5377 Filio
3051 5323 3104 5376 in
3134 5323 3443 5393 Apocalypsi
3472 5340 3484 5376 :
3515 5319 3630 5375 Ecce

2114 5404 2510 5464 tabernaculum
2543 5410 2636 5464 Dei
2681 5425 2802 5465 cum
2836 5412 3139 5465 hominibus
3168 5423 3220 5465 et
3249 5410 3490 5466 habitabit
3525 5421 3628 5463 call

2113 5502 2192 5556 eis
2221 5504 2273 5556 in
2302 5505 2457 5557 terris
2487 5503 2667 5574 (Apoc.
2699 5519 2810 5571 ut,
2837 5505 2913 5573 ὅ).
2939 5504 3003 5559 Et
3036 5505 3225 5560 iterum
3248 5504 3341 5562 :Et
3362 5501 3631 5561 inhabitaho

2118 5592 2171 5645 in
2203 5590 2330 5658 Illis,
2351 5600 2407 5645 et
2430 5591 2564 5646 inter
2584 5608 2676 5647 eos
2696 5593 2995 5658 atnbulabp,
3019 5594 3147 5648 dicit
3166 5593 3410 5649 Dominus
3427 5591 3505 5664 (ΙΙ
3529 5589 3627 5645 Cat-

2118 5698 2188 5749 τι,
2221 5681 2322 5752 l6).
2357 5683 2425 5740 De
2442 5682 2638 5754 Spiritu
2667 5695 2852 5740 sancto
2871 5685 2935 5740 ad
2955 5665 3257 5742 Corinthios
3274 5705 3286 5740 ε
3301 5684 3510 5742 Nescitis
3528 5677 3629 5750 quia

3593 330 3682 387 iet
3772 330 3773 410 ι
