3862 6222
137 230 216 250 ﬂ!"

133 247 220 282 Σὲ)

87 433 152 503 (1
197 433 346 488 Cor.
380 450 466 500 ιιι,
501 433 628 503 16)7

740 499 978 586 CAPUT‘
1002 500 1111 555 LX.

591 614 666 668 De
693 614 943 669 communi
972 617 1271 686 cognitione.

189 724 572 794 Cognoscitur
595 723 748 778 Pater
765 764 779 788 ,
804 727 1137 793 cognoscitur
1163 725 1342 791 Filius,
1375 726 1708 794 cognoscitur

97 817 374 885 Spiritus
425 824 658 870 sanctus.
692 815 764 870 De
792 815 953 870 Patre
980 816 1043 870 ad
1070 815 1318 870 Galatas:
1351 815 1495 870 Nunc
1532 825 1707 868 autem

100 918 530 975 cognoscentes
561 907 747 971 Deum,
773 907 880 960 imo
906 906 1097 976 cogniti
1127 922 1153 959 a
1187 907 1294 960 Deo
1341 907 1478 978 (Gal.
1525 924 1596 972 tv,
1627 908 1707 975 9).

105 995 188 1048 Et
220 997 285 1049 in
324 996 572 1063 Epistula
613 996 831 1049 Joannis
860 1013 873 1048 :
908 995 1090 1050 Scribe
1119 997 1301 1061 vobis,
1333 997 1544 1060 Patres,
1590 998 1712 1065 quia

105 1087 472 1155 cognovistis
499 1099 618 1138 eum
652 1085 740 1152 qui
770 1085 835 1138 ab
863 1085 1012 1139 initio
1041 1093 1120 1139 est
1148 1084 1199 1155 (1
1225 1086 1382 1138 Joan.
1415 1101 1469 1148 ιι,
1500 1083 1607 1153 15).
1641 1085 1713 1137 De

109 1179 272 1234 Filio
305 1188 363 1232 e'.
392 1178 548 1231 Patre
582 1177 632 1231 in
661 1177 945 1246 Evangelio
975 1195 987 1229 :
1021 1176 1088 1233 Ut
1118 1187 1436 1246 cognoscant
1461 1186 1510 1231 te
1542 1176 1711 1229 solum

110 1285 326 1323 verum
354 1269 549 1335 Deum,
576 1275 631 1322 et
656 1282 810 1337 quem
841 1268 1031 1322 misisti
1048 1268 1229 1323 Jesum
1252 1269 1518 1322 Christum
1536 1266 1709 1337 (Joan.

111 1377 264 1426 xvu,
305 1361 388 1428 ὅ).
419 1359 493 1413 De
524 1359 721 1426 Spiritu
753 1367 937 1413 sancto
969 1359 1019 1412 in
1048 1357 1330 1426 Evamelio
1351 1375 1362 1408 ε
1385 1358 1491 1425 Ego
1519 1357 1714 1425 rogabo

115 1450 396 1515 Patrem,
431 1459 484 1502 et
519 1450 678 1501 alium
723 1447 1048 1502 Paracletum
1094 1449 1238 1500 dabit
1276 1446 1423 1500 vobis
1463 1446 1713 1514 Spiritum

115 1541 391 1595 veritatis
421 1538 601 1610 (Joan.
633 1555 742 1606 xw,
771 1538 879 1606 I6).
907 1539 971 1592 Et
999 1539 1129 1591 infra
1158 1555 1169 1589 :
1203 1537 1307 1590 Vos
1327 1547 1499 1591 autem
1524 1551 1716 1604 cogno-

117 1633 297 1687 vistis
330 1647 479 1697 eum,
510 1632 630 1701 quia
663 1630 934 1683 vobiscum
965 1638 1046 1683 est
1077 1630 1261 1700 (Ibid.,
1296 1632 1403 1697 17).

737 1739 960 1794 CAPUT
1001 1739 1132 1793 LXI.

616 1850 692 1905 De
720 1852 974 1903 communi
1000 1850 1258 1904 electione.

207 1961 391 2031 Eligit
421 1958 598 2027 Pater,
630 1960 778 2028 eligit
810 1961 994 2024 Filius,
1027 1960 1174 2029 eligit
1211 1959 1436 2026 Spiritus
1482 1967 1712 2012 sanctus.

130 2054 216 2107 De
246 2053 415 2128 Patre
445 2053 496 2106 in
526 2053 810 2120 Apostolo:
837 2051 1148 2106 Benedictus
1174 2052 1309 2105 Deus
1361 2060 1412 2104 et
1440 2049 1592 2103 Pater
1616 2050 1718 2102 Βο-

135 2143 284 2197 mini
316 2141 486 2196 nostri
522 2142 647 2195 .Iesu
674 2142 888 2206 Christi,
921 2142 1010 2211 qui
1051 2141 1209 2208 elegit
1241 2156 1336 2194 nos
1367 2151 1489 2193 ante
1515 2141 1715 2193 consti-

135 2234 418 2287 tutionem
451 2231 629 2285 mundi
658 2231 867 2300 (Ephes.
890 2248 928 2297 ι,
958 2233 1010 2295 5,
1036 2231 1110 2301 4).
1141 2232 1214 2285 De
1241 2232 1372 2284 Filio
1395 2233 1443 2284 in
1477 2231 1714 2299 Evange-

138 2325 253 2377 lio:
280 2322 400 2377 Non
425 2337 518 2376 vos
541 2336 624 2376 me
645 2315 898 2391 elegisti's,
921 2322 1013 2376 sed
1035 2337 1132 2390 ego
1151 2336 1242 2375 vos
1267 2321 1395 2390 elegi
1427 2321 1491 2375 de
1523 2321 1718 2375 mundo

145 2413 339 2484 (Joan.
369 2429 457 2476 xv,
499 2413 609 2482 I6).
644 2413 717 2468 De
757 2396 952 2481 Spiriiu
984 2423 1168 2467 saneto
1199 2413 1250 2466 in
1295 2412 1514 2466 Actibus
1543 2430 1552 2462 :
1587 2412 1715 2465 Cum

141 2520 286 2573 ergo
309 2505 642 2574 jejunassent
669 2513 723 2559 et
749 2513 1012 2568 orassent,
1043 2505 1178 2557 dixit
1227 2504 1304 2558 eis
1335 2503 1560 2571 Spiritus
1591 2517 1718 2557 san-

145 2606 277 2652 ctus
307 2614 319 2648 :
349 2596 635 2665 Segregate
666 2596 792 2648 mihi
823 2595 1111 2650 Barnabam
1151 2605 1204 2649 et
1233 2595 1448 2649 Paulum
1483 2594 1534 2647 in
1560 2608 1720 2662 opere

147 2701 266 2756 quo
294 2686 432 2756 elegi
461 2700 555 2740 eos
588 2685 722 2754 (Act.
757 2700 877 2749 xm,
907 2683 988 2752 ‘2).

725 2795 951 2852 CAPUT
999 2795 1156 2850 LXII.

671 2895 748 2950 De
774 2895 1025 2948 communi
1049 2911 1223 2966 regno.

232 3011 439 3081 Regnat
467 3008 655 3074 Pater,
691 3016 876 3078 regnat
909 3008 1100 3073 Filius,
1133 3018 1317 3078 regnat
1342 3009 1570 3077 Spiritus
1600 3022 1722 3063 san-

158 3112 301 3158 ctus.
348 3100 424 3156 De
464 3099 620 3154 Patre
661 3099 714 3153 in
756 3099 1075 3168 Evangelio:
1109 3098 1164 3154 Si
1194 3099 1312 3168 quis
1354 3114 1476 3154 non.
1506 3108 1722 3154 renatus

111 3250 138 3260 __
168 3193 415 3247 Iueritex
445 3205 577 3260 aqua
599 3199 652 3244 et
674 3189 832 3262 ωι
864 3188 1063 3258 Spiritu
1089 3175 1293 3257 sancto,
1316 3205 1421 3250 non
1449 3174 1620 3258 potest
1649 3189 1724 3242 vi-

163 3285 295 3338 dere
321 3296 539 3350 regnum
572 3281 664 3335 Dei
694 3278 870 3350 (Joan.
906 3293 999 3348 ιιι,
1032 3278 1113 3349 5).
1140 3280 1216 3334 De
1262 3278 1396 3333 Filio
1435 3279 1488 3333 in
1520 3279 1724 3347 psalmo

168 3373 511 3442 nonagesimo
537 3371 727 3440 quinto
756 3369 935 3435 (Verr.
983 3369 1100 3439 10):
1139 3369 1306 3424 Dicite
1348 3369 1399 3422 in
1447 3369 1721 3438 gentibus,

170 3463 426 3518 Dominus
453 3458 692 3529 regnavit
731 3473 761 3513 a
791 3457 955 3526 ligno.
1005 3458 1079 3511 De
1105 3457 1306 3526 Spiritu
1335 3466 1516 3512 sancto
1546 3457 1599 3511 in
1628 3455 1724 3510 Sa-

170 3553 381 3606 l'omone
407 3567 421 3604 :
450 3551 493 3604 A
523 3549 716 3619 spiritu
756 3548 967 3603 Domini
1008 3547 1130 3603 data
1159 3558 1251 3618 est
1297 3557 1523 3617 potestas
1575 3548 1726 3602 vobis

169 3643 426 3713 (Sap.’vr,
456 3642 538 3712 Δ).
559 3639 630 3712 Bt
660 3639 793 3694 intra
823 3657 836 3691 :
861 3639 1070 3694 Etcum
1099 3639 1288 3694 essetis
1312 3639 1540 3694 ministri
1579 3640 1726 3708 regni

172 3735 335 3802 illius,
368 3749 472 3789 non
501 3742 644 3788 recte
667 3731 944 3802 iudicastis
975 3730 1164 3803 (Ibid.,
1193 3731 1269 3800 5).

725 3844 946 3901 CAPUT
986 3844 1162 3899 LXIII.

544 3945 618 3998 De
642 3946 895 3999 communi
925 3944 1337 4012 perscrutatione.

246 4060 518 4143 Scrutatur
543 4057 697 4112 Pater
716 4098 730 4122 ,
761 4065 1024 4112 scrutatur
1047 4056 1208 4111 Filius
1225 4097 1239 4120 ,
1270 4063 1533 4110 scrutatur
1558 4054 1726 4122 Spiri-

180 4163 263 4206 tus
290 4161 519 4204 sanctus.
553 4150 631 4220 De
644 4149 803 4203 Patre
825 4145 877 4202 in
899 4148 1106 4217 psalmo
1135 4147 1426 4202 centesimo
1457 4146 1725 4214 trigesimo

179 4253 360 4298 octavo
404 4241 578 4312 (Verr.
629 4239 732 4308 25)
761 4256 774 4292 :
808 4239 974 4293 Proba
1017 4253 1132 4299 me.
1161 4238 1416 4301 Domine;
1450 4237 1583 4290 scito
1631 4250 1724 4290 cor

183 4347 349 4388 meum
369 4374 384 4400 ,
409 4341 648 4385 scrutare
681 4345 800 4391 me,
827 4337 880 4383 et
908 4342 1167 4396 cognosce
1191 4327 1412 4381 semitas
1443 4341 1604 4380 meas.
1650 4326 1724 4379 De

1215 225 1479 281 CONTRA
1518 223 1917 280 VARIMADUM
1956 224 2079 280 LIB.
2124 225 2206 279 III.

88 343 399 411 templum
433 342 524 397 Dei
553 341 714 406 esus,
748 347 799 395 et
827 337 1051 408 Spiritus
1077 337 1168 393 Dei
1215 339 1413 393 habitat
1456 337 1506 392 in
1550 337 1702 392 vobis
1732 349 1782 408 Α

2378 335 2598 392 CAPUT
2637 338 2794 391 LXV.

2205 445 2280 500 De
2309 449 2562 500 communi
2589 449 2953 515 testiﬁcatione.

1877 561 2207 614 Testilicatur
2251 562 2435 626 Pater,
2471 563 2778 616 testificatur
2827 563 3020 630 Filius,
3052 565 3359 617 testificatur

1809 651 2035 718 Spiritus
2079 663 2314 705 sanetus.
2347 652 2421 706 De
2450 653 2605 706 Patre
2636 653 2686 705 in
2722 653 2924 719 psalmo
2945 663 3131 708 octavo
3154 653 3360 706 decimo

1810 741 1981 810 (Verr.
2013 740 2066 811 8)
2100 762 2109 793 :
2139 739 2517 795 Testimonium
2549 742 2639 796 Dei
2682 741 2861 806 ﬁdele,
2886 743 3198 810 sapientiam
3227 756 3362 809 pra:-

1811 839 1957 882 stans
1989 830 2241 896 parvulis.
2264 830 2336 883 De
2360 829 2493 882 Filio
2516 831 2579 883 ad
2597 830 2964 884 Timotheum:
2993 830 3246 898 Prmeipio
3271 832 3361 882 tibi

1811 935 1988 973 coram
2023 921 2160 986 Deo,
2196 921 2285 988 qui
2316 921 2594 974 confirmat
2633 924 2840 986 omnia,
2871 930 2926 974 et
2971 918 3181 974 Christo
3210 919 3357 981 Iesu,

1812 1012 1900 1079 qui
1935 1012 2290 1065 testimonium
2336 1011 2567 1064 reddidit
2609 1011 2704 1063 sub
2733 1011 2921 1063 Pontio
2952 1011 3118 1063 Pilato
3147 1009 3196 1079 (1
3231 1009 3360 1060 Tim.

1812 1118 1898 1167 vt,
1929 1103 2037 1170 15).
2067 1102 2226 1171 472
2256 1103 2327 1156 De
2355 1103 2553 1168 Spiritu
2599 1111 2783 1155 sancto
2828 1104 2876 1154 iu
2907 1104 3158 1170 Apostolo
3189 1119 3201 1155 :
3237 1102 3361 1154 Nam

1813 1193 1925 1259 ipse
1990 1191 2217 1259 Spiritus
2271 1191 2635 1245 testimonium
2696 1189 2869 1243 reddit
2925 1191 3129 1258 spiritui
3186 1198 3366 1244 nostro

1813 1284 1987 1353 (liam.
2016 1297 2125 1347 vttt,
2163 1280 2275 1348 I6).
2369 1349 2593 1404 CAPUT
2636 1347 2792 1402 LX“

2265 1438 2340 1492 De
2368 1439 2620 1490 communi
2651 1438 2914 1490 creatione.

1885 1551 2106 1605 Creator
2135 1550 2325 1603 dicitur
2353 1549 2530 1612 Pater,
2563 1547 2663 1602 hoc
2703 1556 2754 1601 et
2784 1547 2965 1610 Filius,
3001 1547 3100 1601 hoc
3145 1547 3370 1615 Spiritus

1818 1653 2047 1697 sanctus.
2086 1643 2157 1696 De
2205 1641 2359 1694 Patre
2388 1641 2450 1693 ad
2485 1639 2741 1709 Ephesios
2771 1657 2782 1690 :
2817 1638 3117 1692 llluminare
3146 1653 3324 1692 omne<
3353 1680 3366 1698 ,

1745 1702 1790 1759 Β
1819 1748 1934 1802 qua:
1965 1734 2034 1787 sit
2074 1729 2737 1800 dispensatiosacramenti
2782 1727 3072 1782 absconditi
3098 1743 3126 1781 a
3165 1728 3371 1781 smculis

1818 1827 1868 1879 in
1902 1827 2032 1891 Deo,
2066 1828 2148 1895 qui
2182 1827 2355 1879 omnia
2384 1825 2583 1879 creavit
2613 1823 2826 1893 (Ep/tes.
2854 1839 2929 1886 ιιι,
2954 1823 3029 1892 9).
3059 1824 3132 1878 De
3152 1824 3282 1876 Filio
3307 1826 3369 1878 ad

1817 1917 2085 1970 Romanos
2114 1933 2126 1971 :
2161 1918 2469 1979 Coluerunt,
2508 1925 2560 1969 et
2588 1915 2890 1970 servierunt
2914 1928 3172 1969 creatura:
3200 1917 3371 1984 potius

1817 2022 1972 2075 quam
2001 2006 2262 2069 Creatori,
2289 2008 2377 2074 qui
2399 2013 2480 2060 est
2508 2013 2667 2074 super
2691 2007 2865 2060 omnia
2895 2003 3030 2059 Deus
3066 2006 3373 2059 benedictus

1819 2097 1870 2149 in
1894 2097 2085 2150 saecula
2114 2098 2286 2165 (Rom.
2313 2113 2346 2159 ι,
2371 2097 2488 2166 ‘25).
2519 2097 2592 2150 De
2621 2096 2818 2164 Spiritu
2841 2106 3024 2149 sancto
3055 2097 3105 2148 in
3134 2096 3374 2150 Salomo-

1819 2201 1924 2240 ne:
1959 2188 2022 2239 Et
2047 2187 2175 2240 vidit
2201 2229 2214 2251 ,
2247 2196 2300 2241 et
2329 2187 2704 2252 dinumeravit,
2733 2194 2789 2240 et
2816 2201 3027 2239 mensus
3057 2196 3138 2240 est
3164 2189 3371 2253 omnia;

1819 2275 1930 2344 ipse
1951 2275 2147 2329 creavit
2176 2290 2235 2329 ea
2267 2290 2361 2344 per
2382 2276 2635 2342 Spiritum
2669 2286 2908 2330 sanctum
2939 2274 3120 2345 (Eccli.
3153 2293 3189 2337 ι,
3226 2277 3302 2343 9).

2362 2386 2583 2440 CAPUT
2624 2385 2829 2439 LXVII.

2301 2476 2376 2529 De
2405 2477 2654 2530 communi
2691 2476 2919 2528 ducatu.

1891 2587 2004 2640 Dux
2035 2588 2228 2641 dicitur
2274 2587 2459 2651 Pater,
2494 2588 2591 2641 hoc
2623 2587 2784 2640 Filius
2805 2628 2820 2653 ,
2869 2589 2966 2641 hoc
2996 2588 3222 2656 Spiritus
3254 2605 3376 2643 san-

1821 2685 1957 2732 ctus.
1989 2678 2062 2732 De
2093 2678 2246 2731 Patre
2277 2678 2326 2731 in
2355 2678 2799 2732 Deuteronomio:
2833 2678 2900 2732 Et
2921 2678 3052 2732 dixit
3080 2679 3288 2750 Moyses
3313 2683 3374 2734 ad

1821 2784 2032 2824 omnen
2065 2769 2401 2840 Synagogam
2424 2769 2654 2822 ﬁliorum
2686 2769 2845 2823 Israel
2873 2788 2883 2819 :
2915 2769 3113 2825 Scitote
3137 2779 3190 2825 et
3223 2772 3377 2826 intel-

1821 2858 1999 2929 ligite,
2047 2860 2294 2929 quoniam
2345 2861 2396 2913 in
2429 2875 2588 2919 manu
2637 2860 2756 2914 forti
2797 2869 2852 2914 et
2899 2861 3116 2916 brachio
3162 2864 3375 2918 ειςθιειι

1822 2952 2002 3006 eduxit
2029 2966 2121 3005 vos
2151 2952 2288 3009 Deus
2315 2958 2489 3006 vester
2507 2951 2574 3005 de
2600 2951 2775 3005 medio
2805 2950 3171 3021 Egyptiorum
3197 2953 3374 3024 (Deut.

1749 3059 1795 3122 ρ
1824 3059 1980 3110 xxvi,
2009 3041 2087 3112 8).
2129 3044 2201 3098 De
2224 3043 2359 3097 Filio
2390 3044 2442 3097 in
2469 3043 2685 3098 Genesi.
2713 3043 2827 3097 Non
2873 3043 3085 3099 deﬁciet
3131 3045 3375 3114 princeps

1824 3135 1891 3190 de
1917 3135 2192 3211 Juda,.nec
2222 3135 2326 3190 dux
2348 3134 2414 3189 de
2438 3134 2724 3189 femoribus
2746 3135 2881 3204 ejus,
2910 3135 3079 3190 donec
3100 3137 3275 3191 veniat
3295 3140 3377 3197 eui

1755 3257 1760 3264 -
1824 3228 2114 3296 repositum
2146 3235 2243 3292 est,
2277 3235 2330 3281 et
2375 3227 2428 3280 in
2475 3227 2688 3281 nomine
2718 3227 2832 3295 ejus
2860 3237 3044 3294 gentes
3090 3229 3376 3296 sperabunt

1823 3317 1976 3388 (Gen.
1998 3334 2140 3384 χιιι,
2158 3317 2360 3386 10).1)ε
2380 3316 2581 3387 Spiritu
2595 3324 2778 3371 sancto
2792 3317 2842 3370 in
2861 3301 3132 3371 Ezechiele
3150 3336 3162 3374 :
3183 3318 3375 3372 Eduxit

1825 3423 1913 3464 me
1943 3397 2173 3478 Spiritus
2204 3407 2431 3472 Domini,
2464 3417 2519 3462 et
2542 3407 2713 3475 posuit
2743 3422 2826 3462 me
2856 3409 2908 3460 in
2950 3407 3124 3462 medio
3168 3422 3376 3477 t‘ampn,

1826 3508 1879 3553 et
1902 3507 2014 3554 erat
2043 3498 2229 3568 plenus
2248 3497 2455 3552 ossibus
2479 3505 2802 3552 ruortuorum
2829 3497 3037 3566 (Ezeclt.
3071 3509 3266 3563 xxxvii,
3300 3501 3375 3569 5).

2353 3606 2578 3662 CAPUT
2617 3607 2844 3662 LXVIII.

2275 3695 2352 3751 De
2377 3698 2632 3750 communi
2655 3699 2930 3751 vocatione.

1900 3808 2064 3863 Vocat
2093 3807 2269 3876 Pater,
2303 3817 2458 3862 vocat
2488 3809 2684 3872 Filius,
2717 3817 2868 3862 vocat
2893 3808 3120 3878 Spiritus
3146 3824 3377 3869 sanctus.

1827 3900 1900 3953 De
1920 3900 2075 3954 Patre
2098 3900 2162 3954 ad
2189 3899 2527 3954 Corinthios:
2555 3899 2993 3969 Unumquemque
3014 3902 3150 3956 sicut
3178 3909 3379 3958 vocavit

1828 3987 1968 4043 Deus
2010 3990 2078 4042 ita
2114 3990 2364 4054 ambulet,
2396 3990 2532 4043 sicut
2574 3990 2733 4044 etiam
2781 3990 2830 4043 in
2863 3990 3111 4044 Ecclesiis
3137 3993 3380 4048 omnibus

1826 4080 1993 4135 doceo
2017 4079 2067 4150 (1
2097 4079 2213 4134 Cor.
2246 4095 2334 4146 vn,
2361 4080 2472 4148 17).
2501 4080 2573 4135 De
2603 4079 2736 4134 Filio
2764 4082 2814 4134 in
2840 4081 3124 4149 Evangelio
3149 4098 3161 4134 :
3187 4084 3381 4139 Trans-

1793 4203 1798 4208 η
1826 4181 1981 4226 eunte
2006 4169 2129 4225 Jesu
2155 4169 2284 4223 vidit
2305 4170 2572 4223 hominem
2597 4169 2874 4237 quemdam
2906 4171 3178 4225 sedentem
3201 4174 3265 4226 ad
3302 4185 3378 4228 te-

1828 4261 2046 4325 I0nium,
2079 4260 2380 4313 Matthazum
2413 4259 2644 4323 nomine,
2676 4272 2725 4313 et
2751 4261 2957 4313 vocavit
2981 4275 3119 4319 eum.
3146 4274 3198 4316 et
3224 4263 3380 4334 473

1829 4351 1962 4404 dixit
1989 4353 2035 4404 ei
2063 4368 2074 4403 :
2107 4351 2341 4418 Sequere
2371 4349 2692 4418 me‘(Mott/a.
2719 4367 2795 4414 ιχ,
2827 4352 2904 4420 9).
2939 4352 3011 4405 De.
3036 4353 3233 4420 Spiritu
3266 4372 3379 4408 sau-

185 4425 312 4480 Filio
339 4423 388 4476 in
423 4420 774 4498 Apocalypsi:
810 4420 875 4472 Et
905 4419 1073 4472 scient
1100 4431 1284 4470 omnes
1308 4417 1553 4471 Ecclesia:
1604 4417 1719 4485 quia

1829 4451 1912 4495 cto
1946 4443 1994 4494 in
2026 4440 2281 4493 Actibus:
2315 4440 2522 4492 Etcum
2547 4440 2808 4492 servirent
2836 4411 2962 4503 Deo,
2996 4411 3127 4494 dixit
3155 4443 3230 4495 eis
3261 4443 3383 4511 Spi-

185 4528 278 4581 ego
299 4527 408 4566 sum
435 4520 695 4565 scrutator
717 4509 892 4564 cordis
925 4516 977 4562 et
1004 4523 1188 4563 renum
1210 4507 1392 4579 (Apoc.
1423 4522 1482 4567 ιι.
1501 4507 1612 4574 25).
1648 4507 1721 4560 De

187 4602 370 4671 Spiritu
409 4604 592 4655 sancto
637 4600 689 4653 in
736 4599 991 4666 Apostolo
1029 4598 1296 4664 :Spiritus
1350 4598 1489 4650 enim
1545 4596 1721 4650 omnia

187 4700 456 4754 scrutatur,
487 4691 643 4745 etiam
674 4688 932 4758 proiunda
967 4688 1058 4740 Dei
1092 4685 1142 4756 (1
1168 4685 1284 4739 Cor.
1321 4701 1376 4750 ll,
1411 4685 1518 4754 10).

722 4796 946 4851 CAPUT
987 4796 1164 4849 LXIV.

603 4886 679 4939 De
703 4886 955 4938 communi
981 4886 1288 4952 probatione.

256 5001 431 5054 Probat
454 4998 645 5066 Pater,
676 4999 865 5067 probat
891 4998 1085 5062 Filius,
1130 4998 1318 5066 probat
1351 4999 1575 5066 Spiritus
1603 5014 1724 5052 san-

191 5100 310 5142 ctus.
345 5090 412 5142 De
441 5089 594 5141 Patre
623 5089 693 5140 ad-
729 5087 1272 5141 Thessalonicenses:
1307 5087 1378 5140 Ita
1427 5088 1721 5155 loquimur,

193 5193 285 5230 non
312 5179 449 5245 quasi
479 5177 778 5230 hominibus
809 5177 1098 5245 placentes,
1133 5165 1224 5228 Sed
1261 5177 1386 5244 Deo,
1417 5177 1503 5244 qui
1537 5177 1724 5242 probat

195 5268 332 5320 corda
357 5277 531 5320 nostra
561 5264 614 5334 (I
647 5265 824 5319 Thess.
860 5281 915 5328 ιι,
947 5265 1024 5334 4).
1060 5265 1133 5317 De
1157 5264 1290 5318 Filio
1325 5265 1375 5318 in
1407 5266 1718 5319 Salomone:

197 5359 321 5412 Sicut
342 5373 522 5409 aurum
556 5357 606 5409 in
635 5355 848 5409 fornace
889 5355 1134 5422 probavit
1183 5370 1295 5420 eos,
1327 5365 1380 5408 et
1407 5357 1600 5409 invenit
1632 5372 1723 5410 eos

196 5449 356 5519 dignos
383 5462 440 5501 se
466 5445 622 5515 (Sap.
647 5460 723 5509 ιιι,
747 5445 824 5512 6).
861 5445 934 5498 De
958 5446 1154 5513 Spiritu
1183 5460 1276 5498 san
1313 5454 1366 5499 to
1395 5446 1444 5498 in
1478 5445 1721 5500 Salomo-

196 5555 251 5593 ne
275 5555 286 5590 :
314 5537 541 5604 Spiritus
571 5535 775 5587 Domini
811 5535 998 5602 probat
1027 5537 1183 5588 corda
1210 5533 1394 5601 (l’rov.
1441 5550 1547 5587 xvn
1570 5537 1679 5604 ,5)
1707 5552 1720 5588 :

194 5625 541 5684 exterminabit
567 5634 739 5678 autem
767 5625 957 5690 impios
985 5640 1013 5680 a
1041 5634 1182 5681 terra
1219 5624 1395 5695 (Prov.
1425 5641 1484 5693 ιι,
1512 5625 1625 5692 29.).

435 5717 710 5777 ΡΑτιιοι.
765 5716 954 5775 LXII.

1829 4534 1963 4585 ritus
1994 4541 2205 4586 sanctus
2235 4547 2247 4583 :
2283 4531 2535 4601 Separate
2579 4531 2706 4584 mihi
2752 4531 3041 4586 Barnabam
3079 4543 3132 4586 et
3160 4534 3379 4588 Paulum

1831 4622 1882 4675 in
1910 4637 2071 4690 opere
2101 4637 2202 4691 quo
2227 4621 2405 4674 vocavi
2429 4636 2522 4674 eos
2549 4621 2680 4688 (Act.
2714 4637 2826 4686 χιιι,
2855 4622 2933 4691 2).

2384 4732 2606 4786 CAPUT
2647 4732 2826 4785 LXIX.

2237 4821 2314 4875 De
2333 4823 2578 4874 communi
2611 4824 2970 4875 misericordia.

1901 4913 2199 4966 Misericors
2226 4911 2401 4974 Pater,
2430 4912 2530 4965 hoc
2558 4912 2739 4976 Filius,
2774 4913 2870 4965 hoc
2900 4914 3124 4980 Spiritus
3149 4925 3378 4969 sanctus.

1830 5000 2083 5053 DePati-e
2113 5001 2164 5052 in
2193 5000 2484 5066 Apostolo:
2521 4999 2658 5054 Deus
2686 5010 2883 5062 autem,
2921 5001 3011 5069 qui
3041 5003 3189 5055 dives
3217 5015 3296 5056 est
3332 5007 3380 5058 in

1829 5088 2189 5142 misericordia
2209 5132 2224 5155 ,
2259 5089 2308 5140 in
2337 5102 2522 5156 magna
2567 5090 2786 5142 caritate
2816 5091 3064 5144 misertus
3094 5101 3176 5144 est
3218 5097 3386 5146 nostri

1829 5178 1989 5247 (Eph.
2023 5195 2082 5244 ιι,
2127 5177 2201 5247 4).
2230 5179 2304 5231 De
2341 5179 2477 5232 Filio
2521 5178 2571 5232 iu
2604 5179 2890 5247 Evangelia
2919 5196 2931 5229 :
2966 5179 3216 5234 Misereor
3265 5184 3384 5235 huic

1830 5272 2017 5333 turbat,
2046 5268 2292 5336 quoniam
2323 5267 2552 5321 triduum
2583 5267 2797 5333 habent,
2828 5277 2879 5322 et
2901 5268 3161 5323 dimittere
3195 5273 3384 5337 eosje-

1825 5360 1980 5428 juuos
2012 5359 2133 5412 nolo
2162 5358 2372 5426 (Matth.
2408 5374 2494 5420 xv,
2518 5358 2630 5425 52).
2655 5359 2726 5411 De
2755 5359 2954 5427 Spiritu
2993 5371 3178 5414 sancto
3205 5363 3254 5415 in
3286 5363 3386 5416 Za-

1827 5450 2038 5502 charia:
2067 5447 2202 5502 Ecce
2231 5462 2330 5516 ego
2357 5447 2622 5500 eﬂ‘undam
2666 5462 2825 5514 super
2860 5447 3074 5503 domum
3110 5450 3294 5513 David,
3334 5464 3389 5504 et

1826 5551 1986 5607 super
2014 5551 2107 5591 eos
2130 5537 2218 5605 qui
2243 5535 2484 5589 habitant
2508 5537 2559 5588 iu
2593 5535 2887 5590 Jerusalem
2916 5536 3171 5607 Spiritum
3203 5542 3385 5608 gratia:

1826 5637 1879 5681 et
1906 5627 2257 5682 miserationis
2287 5625 2469 5696 (Zach.
2501 5642 2592 5694 xu,
2628 5624 2737 5695 10).

2809 5713 2881 5774 ιιι
